4104 6308
495 312 596 371 ωδ
1227 292 1284 349 S.
1325 283 1599 346 JOANNIS
1634 269 2109 336 CHRYSOSTOMI
2148 268 2464 328 ARClllEP.
2505 263 3039 323 CONSTANTINOP.
3666 257 3779 316 ἀοι

493 437 695 483 sumus.
716 422 800 480 At.
821 416 988 479 dices,
1003 422 1197 479 corpus
1212 401 1604 472 corrumpitur?
1621 398 1687 452 Et
1706 393 1826 450 ideo
1844 389 2075 483 maxime

495 513 833 585 gaudendum
855 548 870 573 ,
914 503 1056 576 quod
1085 513 1230 557 mors
1251 501 1661 585 corrumpatur,
1781 482 2076 583 mortalitas

499 571 717 677 pereat,
762 571 867 655 non
902 571 1085 652 autem
1107 585 1400 645 substantia
1432 579 1695 677 corporis:
1721 575 1905 677 lisque
1934 571 2073 677 enim

503 659 557 751 Ei
569 659 788 750 conflari
820 690 1028 744 videres
1053 691 1298 740 statuam,
1329 673 1616 746 perniciem
1646 668 1696 724 id
1727 667 1955 728 diceres,
1986 659 2076 716 sed

503 787 778 841 meliorem
810 777 1044 835 materias
1084 786 1258 828 usum.
1290 768 1398 824 .Sic
1435 774 1490 820 et
1516 762 1585 819 de
1611 773 1840 830 corpore
1867 755 2036 824 cogita
2062 791 2075 816 ,

500 889 652 938 etne
681 869 1005 944 lacrymeris.
1049 864 1310 920 Flendum
1354 871 1482 914 sane
1523 861 1699 918 esset,
1747 851 1790 905 si
1831 850 1886 903 in
1924 859 2077 944 poena

499 939 807 1023 mansisset.
831 959 938 1016 Sed
966 955 1311 1027 oportuisset.
1342 946 1568 1017 inquies,
1598 945 1712 999 sine
1739 939 2081 1027 corruptione

499 1069 783 1124 corporum
829 1050 882 1104 id
928 1026 1076 1112 fieri,
1110 1054 1178 1100 .et
1209 1044 1322 1112 ipsa
1364 1041 1569 1107 integra
1594 1047 1830 1089 manere.
1864 1029 1932 1124 Et
1957 1026 2082 1124 quid

501 1119 628 1199 inde
673 1142 913 1198 utilitatis
953 1145 1045 1193 aut
1089 1135 1226 1188 vivis
1269 1140 1364 1186 aut
1404 1126 1665 1185 defunctis
1712 1119 2095 1194 provenisset!

503 1235 791 1302 Quousque
815 1239 1078 1284 amatores
1108 1237 1390 1292 corporum
1415 1217 1597 1275 eritis?
1624 1227 1900 1286 quousque
1929 1221 2085 1266 terra:

503 1324 702 1381 addicti
725 1323 791 1376 ad
822 1325 1038 1375 umbras
1060 1313 1315 1372 inhiatis?
1338 1310 1475 1378 Quid
1503 1308 1626 1363 inde
1658 1306 1895 1361 utilitatis
1919 1302 2090 1356 obve-

506 1413 679 1470 uiret?
709 1414 818 1466 imo
861 1409 988 1472 quid
1025 1422 1153 1464 non.
1180 1402 1486 1466 nocumeoti
1529 1396 1844 1452 accederet?
1880 1392 2008 1446 Nam
2039 1391 2086 1443 si

506 1518 728 1575 corpora
760 1515 866 1556 non
891 1501 1357 1562 corrumpq-entur
1375 1530 1390 1556 ,
1419 1489 1615 1543 malum
1642 1485 1880 1540 omnium
1907 1482 2085 1536 deter-

508 1595 704 1650 rimum
729 1633 745 1658 ,
791 1589 1035 1660 superbia
1066 1589 1119 1640 in
1161 1584 1344 1639 multis
1369 1579 1591 1649 vigeret.
1622 1576 1827 1630 Etenim
1856 1589 1976 1627 cum
2004 1588 2088 1627 res

511 1688 583 1741 ita
615 1700 675 1740 se
713 1683 903 1738 habeat
926 1721 940 1745 ,
985 1689 1314 1747 corporeque
1353 1670 1621 1727 vermibus
1651 1674 1906 1728 scatente,
1938 1665 2086 1718 multi

513 1785 690 1832 tamen
720 1786 779 1826 se
805 1769 935 1826 deos
962 1765 1259 1823 existimari
1283 1761 1623 1826 studuerunt,
1654 1757 1780 1827 quid
1809 1773 1913 1811 non
1944 1756 2091 1809 futu-

511 1878 630 1920 rum
658 1870 807 1926 erat,
838 1861 882 1914 si
912 1871 1108 1927 corpus
1135 1851 1456 1910 mansisset?
1485 1848 1749 1909 Secundo,
1782 1863 1886 1901 non
1914 1845 2089 1898 credi-

512 1955 718 2010 dissent
743 1965 967 2021 corpora
997 1965 1063 2004 ex
1091 1958 1233 2002 terra
1259 1955 1436 2001 ortum
1479 1942 1677 1996 habere
1704 1960 1716 1993 :
1747 1955 1867 1994 nam
1905 1941 1946 1993 si
1977 1940 2092 2007 ejus

515 2043 622 2099 fine
644 2044 695 2097 id
727 2042 1041 2096 testiﬁcante
1071 2039 1246 2099 adhuc
1285 2035 1500 2108 quidam
1539 2033 1802 2096 dubitant,
1832 2031 1956 2100 quid
1988 2047 2092 2085 non

514 2133 952 2202 suspicarentur,
999 2128 1100 2182 nisi
1147 2127 1252 2180 hoc
1296 2124 1578 2179 viderent?
1621 2122 1822 2186 Tertio,
1870 2136 2094 2189 corpora

514 2223 685 2292 magis
703 2221 1067 2291 diligereotur,
1091 2215 1408 2288 plurimique
1431 2213 1600 2283 magis
1618 2213 1858 2268 carnales
1877 2222 1932 2267 et
1945 2225 2096 2266 eras-

515 2315 686 2369 siores
711 2310 834 2366 facti
860 2321 1038 2366 essent
1062 2327 1075 2362 :
1101 2322 1222 2365 nam
1263 2307 1308 2361 si
1354 2315 1493 2361 nunc
1519 2304 1732 2374 quidam
1762 2303 2019 2372 sepulcris
2043 2310 2098 2357 et

516 2404 666 2470 urnis
689 2400 916 2466 larem,
939 2401 1098 2454 etiam
1123 2397 1438 2467 corporibus
1453 2395 1806 2464 consumptis,
1833 2393 1961 2464 quid
1990 2408 2098 2448 non

518 2496 774 2560 facerent,
818 2495 862 2547 si
894 2494 1062 2561 ipsam
1099 2491 1377 2561 imaginem
1424 2487 1717 2559 haberent?
1746 2487 1966 2554 Quarto,
1994 2485 2099 2556 ho-

521 2585 695 2640 mines
722 2587 893 2638 futura
917 2599 1021 2637 non
1045 2582 1453 2638 desiderassent.
1477 2581 1691 2647 Quinto,
1717 2579 1794 2632 illi
1809 2580 1900 2648 qui
1920 2579 2102 2633 dicunt

519 2669 778 2731 mundum
799 2689 918 2729 esse
938 2673 1309 2736 immortalem,
1336 2673 1460 2726 hinc
1479 2672 1532 2725 in
1554 2671 1804 2741 opinione
1825 2670 2102 2725 ﬁrmaren-

522 2777 626 2832 tur,
654 2773 713 2820 ut
740 2774 1042 2820 assererem
1087 2765 1252 2820 Deum
1285 2779 1390 2819 non
1417 2778 1535 2818 esse
1565 2771 1883 2818 creatorem.
1913 2764 2098 2828 Sexto,

524 2871 630 2912 non
659 2865 1073 2925 cognosceretur
1098 2857 1290 2910 animae
1329 2855 1497 2908 virtus
1515 2897 1529 2920 ,
1559 2869 1658 2909 nec
1684 2856 1938 2924 quantum
1966 2868 2105 2923 pra:-

521 2959 646 3001 sens
684 2944 925 3008 conferat
947 2944 1384 3012 animazcorpori.
1412 2944 1651 3013 Septimo
1670 2978 1686 3010 ,
1731 2944 1882 2998 multi
1906 2959 1976 2998 ex
2004 2943 2103 2998 de-

522 3033 821 3090 functorum
839 3029 1053 3090 suorum
1071 3047 1272 3100 amore,
1294 3034 1514 3088 urbibus
1536 3033 1755 3099 relictis,
1775 3033 1826 3086 in
1849 3033 2105 3103 sepulcris

530 3125 817 3180 habitaturi
855 3132 1007 3178 erant
1027 3165 1042 3189 ,
1089 3125 1490 3179 et'insanorum
1524 3123 1690 3177 instar
1716 3132 1955 3177 mortuos
1978 3137 2105 3178 suos

525 3215 831 3287 frequenter
850 3215 1170 3285 ailoquuturi
1194 3230 1354 3300 apam
1375 3216 1418 3270 si
1440 3229 1581 3270 nunc
1609 3214 1821 3284 quidam
1852 3215 2108 3285 imagines

525 3307 838 3377 effingentes
860 3348 876 3372 ,
919 3307 1042 3376 quia
1078 3305 1300 3376 corpora
1341 3306 1572 3360 retinere
1600 3321 1704 3359 non
1738 3315 1984 3374 possunt,
2012 3306 2107 3360 sed

527 3399 706 3452 invitis
733 3399 861 3466 ipsis
891 3397 977 3451 illa
1003 3396 1264 3461 deﬂuunt,
1294 3397 1478 3465 ligneis
1505 3395 1698 3450 tabulis
1728 3398 1950 3460 luerent,
1981 3395 2106 3465 quid

530 3502 635 3541 non
672 3485 891 3541 absurdi
935 3494 1062 3541 tunc
1107 3486 1539 3555 excogitasseut?
1584 3486 1718 3539 Puto
1745 3500 1892 3541 certe
1917 3487 2110 3540 multos

530 3576 897 3647 hujuscemodi
917 3576 1231 3646 corporibus
1257 3576 1455 3644 templa
1479 3575 1835 3630 mdiflcaturos
1854 3617 1868 3641 ,
1903 3585 1956 3631 et
1986 3591 2111 3642 per-

531 3682 784 3725 suasurus
807 3667 970 3723 fuisse
996 3667 1267 3722 dazmonas
1292 3669 1350 3733 ιι
1373 3667 1477 3720 nilis
1503 3666 1667 3735 loqui,
1699 3666 1743 3720 si
1773 3667 1860 3736 qui
1883 3666 1938 3719 in
1966 3665 2112 3721 hisce

531 3759 822 3830 praestigiis,
858 3758 1083 3814 solertes
1126 3758 1371 3819 fuissem
1418 3755 1846 3826 quandoquidem
1891 3756 1989 3824 illi,
2021 3757 2112 3825 qui

533 3849 945 3905 necromantiam
976 3847 1177 3901 audent
1203 3860 1474 3920 exercere,
1503 3846 1664 3898 multa
1695 3845 1776 3898 his
1805 3845 2115 3899 absurdiora

535 3948 774 4005 tentant,
825 3939 891 3993 ad
938 3937 1052 3992 hac
1094 3937 1469 4006 pulvereuriet
1519 3939 1727 3991 cineres
1777 3937 2114 3993 adhibentes.

535 4032 742 4098 Quanta
772 4029 894 4082 hinc
920 4027 1233 4082 idololatriae
1257 4035 1450 4096 genera
1482 4041 1585 4079 non
1614 4026 1992 4081 emersissent?
2024 4027 2116 4081 His

540 4122 700 4192 igitur
725 4118 974 4174 omnibus
999 4118 1220 4172 sublatis
1245 4117 1403 4180 Deus,
1435 4126 1615 4184 utpote
1645 4117 1909 4184 absurdis,
1941 4128 1996 4172 ut
2020 4134 2119 4173 nos

539 4213 779 4266 instituat
825 4209 890 4263 ad
936 4218 1147 4263 terrena
1191 4209 1365 4260 omnia
1396 4207 1725 4276 abjicieuda,
1775 4217 1896 4261 ante
1938 4208 2122 4262 oculos

542 4310 756 4355 nostros
780 4313 978 4368 corpus
1003 4297 1249 4351 destruit.
1279 4295 1409 4350 Nam
1449 4311 1733 4364 corporum
1761 4309 1967 4351 amator
1987 4339 2000 4362 ,
2032 4299 2122 4366 qui

545 4390 833 4444 formosam
867 4387 1090 4455 puellam
1117 4386 1341 4456 deperit,
1369 4387 1411 4441 si
1441 4386 1572 4440 nolit
1601 4386 1988 4445 deforitiitatem
2012 4405 2125 4442 ma-

546 4480 694 4533 terim
740 4478 950 4533 ratione
992 4478 1219 4544 discere,
1268 4491 1385 4531 eam
1430 4478 1558 4544 ipsis
1604 4478 1772 4532 oculis
1816 4480 2119 4548 perspiciet.

553 4573 762 4628 Etenim
790 4570 969 4624 multa:
997 4580 1118 4623 sunt
1150 4569 1290 4638 paris
1317 4570 1486 4623 aetatis
1517 4570 1725 4638 puellm,
1754 4585 1816 4623 ac
1845 4587 1986 4640 smpe
2015 4571 2126 4626 for-

549 4666 807 4718 mosiores
827 4702 840 4727 ,
887 4677 1006 4732 quae
1032 4659 1293 4715 defunctae
1321 4670 1452 4731 post»
1480 4676 1637 4714 unam
1668 4663 1956 4716 alterumve
1981 4662 2126 4717 diem

553 4759 792 4811 fictorem
846 4755 1168 4817 emiserunt,
1216 4752 1440 4818 saniem,
1492 4753 1844 4822 putredinem,
1894 4769 2126 4809 vermes.

551 4846 734 4918 Cogita
763 4844 972 4914 qualem
997 4858 1144 4898 ames
1166 4843 1626 4912 pulchritudinem,
1652 4855 1704 4898 ct
1723 4861 1878 4914 quam
1907 4845 2130 4899 formam

554 4939 828 5007 depereas.
859 4936 914 4990 Si
943 4951 1066 4991 vero
1092 4949 1315 5005 corpora
1341 4952 1446 4989 non
1474 4945 1857 5004 putrescerent,
1888 4937 2000 4991 haec
2024 4952 2132 4992 non

554 5031 724 5103 probe
753 5029 989 5099 dignosci
1039 5037 1256 5097 possent
1280 5046 1294 5081 :
1318 5026 1410 5082 sed
1458 5030 1595 5082 sicut
1621 5027 1893 5082 darmones
1920 5044 2014 5097 per
2042 5045 2133 5082 se-

558 5120 742 5190 pulcra
783 5127 1033 5183 currunt,
1085 5117 1162 5172 sic
1204 5119 1352 5172 multi
1397 5134 1462 5172 ex
1508 5118 1834 5172 amatoribus
1876 5120 2136 5187 sepulcris

558 5211 882 5275 assidentes,
926 5209 1196 5264 daemonas
1245 5210 1294 5262 in
1341 5209 1515 5268 anima
1565 5209 1896 5276 reciperent,
1947 5219 2003 5264 et
2039 5211 2137 5265 hac

564 5301 706 5358 ducti
738 5301 943 5358 insania
968 5316 1110 5372 sa-pe
1135 5311 1487 5357 morerentur.
1534 5300 1681 5356 Nunc
1710 5316 1870 5372 porro
1899 5310 2007 5357 tum
2033 5303 2136 5358 alia

2182 386 2364 450 multa,
2394 395 2503 439 tum
2526 382 2627 437 hoc
2642 382 2803 436 etiam
2827 381 3060 434 animum
3083 377 3408 442 consolatur,
3428 378 3570 447 quod
3597 377 3779 447 imago

2192 478 2296 533 illa,
2315 492 2420 531 non
2449 482 2718 544 appareat,
2751 473 2933 542 sicque
2957 471 3111 526 dolor
3139 470 3409 526 oblivione
3433 468 3658 523 diffluat.

2253 569 2307 624 5.
2333 568 2527 619 Anime
2555 563 2877 633 pulchritudo
2907 571 2958 616 et
2986 561 3308 632 prcstontia.
3336 589 3404 601 —
3429 558 3583 626 Quod
3613 560 3656 614 si
3683 576 3782 616 res

2183 672 2288 713 non
2309 659 2379 711 ita
2400 671 2458 710 se
2479 655 2720 720 haberet,
2742 652 2985 721 sepulcra
3013 653 3154 706 nulla
3176 660 3384 716 essent;
3412 651 3506 706 sed
3528 651 3785 706 civitates

2184 750 2394 804 videres
2412 762 2530 817 quas
2549 755 2788 802 mortuos
2810 759 2906 814 pro
2927 745 3115 798 statuis
3139 744 3412 804 baberent,
3431 758 3552 799 cum
3577 745 3784 813 singuli

2184 840 2384 895 vellent
2423 853 2549 893 suos
2592 838 2792 892 videre.
2838 835 2974 890 Hinc
3011 837 3200 905 ingens
3226 836 3471 891 confusio
3500 838 3740 890 oriretur
3765 876 3783 900 ,

2185 947 2342 988 nemo
2362 932 2552 986 animae
2573 946 2754 984 curam
2779 929 3016 995 haberet,
3036 942 3136 982 nec
3157 928 3224 982 de
3241 931 3362 996 ejus
3376 930 3791 984 immortalitate

2185 1026 2441 1095 cogitaret
2467 1041 2481 1076 :
2503 1024 2776 1092 multaque
2799 1023 2900 1076 alia
2921 1022 3235 1077 absurdiora
3269 1021 3392 1076 inde
3416 1034 3788 1092 emergerem,

2188 1134 2304 1188 qua:
2332 1132 2400 1173 ne
2424 1116 2602 1171 dicere
2632 1115 2846 1185 quidem
2891 1113 2970 1168 fas
3015 1123 3118 1169 est.
3151 1113 3438 1184 Propterea
3468 1114 3648 1168 subito
3683 1129 3788 1182 pu-

2190 1210 2392 1273 trescit,
2415 1219 2473 1263 ut
2492 1209 2690 1263 nudam
2718 1209 2908 1262 anima:
2936 1205 3385 1278 pulchritudinem
3415 1207 3614 1260 videas.
3646 1205 3784 1260 Nam

2187 1301 2231 1354 si
2255 1301 2412 1355 uilem
2435 1300 2659 1354 formam
2682 1308 2738 1355 et
2754 1298 2911 1352 talem
2931 1298 3095 1351 vitam
3119 1298 3295 1353 anima
3315 1299 3527 1366 corpori
3555 1299 3785 1369 prabet,

2189 1390 2390 1460 quanto
2427 1390 2644 1459 majoris
2683 1390 2794 1458 ipsa
2823 1386 3234 1457 pulchritudinis
3277 1386 3421 1441 erit?
3457 1388 3502 1442 si
3552 1404 3667 1444 rem
3710 1389 3788 1444 ita

2190 1486 2480 1541 deformem
2501 1492 2785 1547 sustentat,
2807 1492 3006 1553 quanto
3025 1483 3193 1552 magis
3214 1482 3478 1550 seipsam?
3497 1482 3616 1536 Non
3638 1483 3789 1537 enim

2192 1592 2385 1647 corpus
2413 1578 2583 1643 ipsum
2628 1575 2904 1644 pulchrum
2935 1582 3052 1639 est,
3097 1572 3192 1628 sed
3223 1577 3336 1641 ipsa
3366 1573 3664 1627 efformatio
3683 1615 3698 1637 ,
3729 1582 3790 1628 et

2193 1667 2292 1721 flos
2337 1667 2428 1721 ille
2467 1667 2553 1734 qui
2578 1680 2673 1735 per
2695 1665 2924 1718 animam
2953 1664 3004 1718 in
3029 1663 3249 1718 materia
3281 1662 3602 1732 depingitur.
3636 1663 3789 1716 Illam

2195 1757 2352 1826 igitur
2376 1770 2516 1818 ama,
2545 1770 2663 1823 quae
2685 1754 2899 1822 corpori
2932 1753 3093 1808 talem
3119 1755 3351 1822 speciem
3380 1753 3646 1807 conciliat.
3681 1753 3792 1807 Ec-

2195 1847 2318 1917 quid
2359 1847 2428 1902 de
2467 1854 2640 1900 morte
2685 1845 2909 1916 loquor?
2954 1845 3168 1900 Etenim
3211 1846 3264 1899 in
3311 1845 3409 1900 hac
3437 1859 3652 1914 quoque
3681 1845 3793 1900 vita

2197 1940 2475 1994 ostendam
2511 1939 2601 1993 tibi
2629 1977 2645 2004 ,
2695 1937 2964 2008 quomodo
2990 1937 3211 2007 pulchra
3239 1937 3416 1992 omnia
3444 1936 3512 1991 ab
3538 1937 3630 1991 illa
3659 1951 3795 2006 pro-

2199 2031 2525 2084 ficiscantur.
2552 2029 2684 2083 Nam
2716 2029 2759 2084 si
2792 2029 2882 2083 illa
2911 2030 3152 2094 laetetur,
3180 2042 3338 2082 roseo
3363 2042 3525 2098 genas
3552 2028 3797 2098 depingit

2200 2121 2414 2184 colore;
2463 2119 2544 2173 sin
2580 2127 2772 2174 moesta
2797 2120 2903 2184 sit,
2951 2117 3052 2172 hac
3080 2116 3318 2172 detracta
3360 2117 3793 2187 pulchritudine,

2198 2221 2318 2265 atro
2343 2211 2522 2265 colore
2549 2210 2726 2266 omnia
2756 2211 2931 2264 vestit.
2979 2210 3033 2262 Si
3077 2209 3291 2265 assidue
3334 2211 3565 2278 laetetur,
3595 2225 3798 2280 corpus

2198 2302 2340 2370 viget
2387 2301 2701 2372 aegritudine
2733 2315 2993 2367 vacuum;
3045 2301 3090 2354 si
3118 2308 3364 2370 angatur,
3404 2315 3602 2357 aranea
3625 2302 3798 2356 maci—

2201 2391 2396 2446 lentius
2423 2400 2477 2445 et
2503 2390 2821 2445 i‘mbecillius
2865 2390 3071 2463 evadit;
3109 2392 3154 2444 si
3185 2392 3480 2458 irascatur,
3529 2393 3799 2463 ingratum

2204 2481 2334 2535 illud
2364 2491 2417 2536 et
2445 2490 2600 2549 turpe
2629 2481 2835 2544 reddit;
2867 2462 2913 2534 si
2938 2495 3188 2536 serenum
3219 2481 3431 2536 oculum
3464 2462 3798 2546 ostenderit,

2205 2588 2450 2643 magnam
2490 2572 2700 2627 emittit-
2731 2572 3211 2640 pulchritudinem;
3260 2575 3308 2627 si
3345 2574 3599 2637 invideat,
3633 2574 3803 2644 pallo-

2204 2680 2316 2720 rem
2360 2665 2588 2718 multum
2631 2675 2686 2720 et
2731 2665 2908 2720 tabem
2957 2665 3213 2731 effundit;
3254 2666 3300 2720 si
3325 2675 3489 2732 amet,
3521 2668 3803 2737 pulchram

2205 2755 2341 2809 indit
2389 2754 2635 2809 formam.
2691 2754 2765 2808 fta
2809 2755 2953 2809 enim
2995 2755 3197 2820 multm,
3247 2771 3366 2825 qua:
3406 2755 3658 2812 formosa:
3693 2773 3803 2812 non

2208 2856 2382 2911 erant,
2437 2847 2657 2901 multam
2699 2846 2768 2901 ab
2810 2847 2988 2901 anima
3034 2849 3258 2918 gratiam
3293 2863 3583 2918 accepere;
3615 2859 3804 2904 contra

2207 2953 2337 2992 vero
2364 2936 2484 2991 aliae
2508 2936 2791 2992 admodum
2819 2936 3091 3005 formosae,
3119 2941 3242 3010 quia
3265 2940 3526 3010 ingratam
3551 2942 3803 3010 injucun-

2207 3030 2438 3100 damque
2468 3029 2700 3084 animam
2727 3028 3003 3096 habuere,
3049 3029 3275 3086 formam
3315 3045 3464 3087 suam
3510 3033 3802 3088 labefacta-

2209 3133 2356 3180 runt.
2399 3122 2583 3192 Cogita
2627 3121 2896 3191 quomodo
2941 3123 3165 3178 candida
3213 3124 3371 3178 facies
3409 3126 3720 3192 erubescat,
3751 3133 3808 3180 et

2212 3213 2409 3268 coloris
2451 3213 2705 3267 varietate
2737 3227 2843 3267 non
2893 3227 3109 3281 parvam
3158 3214 3487 3282 voluptatem
3519 3219 3728 3285 pariat,
3759 3218 3807 3272 si

2211 3303 2425 3372 quidem
2456 3301 2594 3356 adsit
2625 3301 2832 3371 pudor:
2858 3316 2980 3356 nam
3029 3303 3074 3356 si
3121 3302 3401 3370 impudens
3432 3304 3519 3358 illa
3550 3306 3653 3370 sit,
3696 3306 3805 3360 fera

2213 3393 2357 3446 omni
2407 3391 2742 3460 injucundior
2768 3392 2868 3445 erit
2906 3401 2962 3445 et
3002 3392 3285 3460 ingratior;
3331 3404 3514 3448 contra
3565 3398 3609 3450 si
3652 3396 3806 3465 pudi-

2216 3483 2393 3536 bunda
2437 3483 2526 3545 sit,
2597 3483 2742 3538 mitis
2785 3492 2840 3538 et
2886 3482 3119 3538 formosa
3164 3485 3576 3540 evaditzanima
3614 3491 3809 3559 quippe

2216 3575 2436 3645 pulchra
2468 3575 2597 3644 nihil
2628 3573 2934 3638 formosius,
2961 3575 3090 3630 nihil
3119 3576 3347 3632 dulcius.
3377 3577 3510 3633 Nam
3542 3581 3596 3633 in
3620 3595 3809 3650 corpo-

2217 3667 2363 3720 ribus
2389 3680 2540 3721 amor
2563 3666 2750 3722 dolore
2783 3681 2887 3720 non
2934 3675 3106 3731 vacat,
3154 3668 3208 3722 in
3252 3669 3448 3723 animis
3475 3685 3604 3739 pura
3633 3682 3686 3725 et
3713 3674 3807 3725 im—

2218 3758 2521 3826 perturbata
2541 3757 2806 3824 voluptas.
2825 3757 2936 3811 Cur
2949 3772 3077 3825 ergo
3096 3772 3220 3828 rege
3241 3759 3484 3824 dimisso,
3507 3776 3809 3830 praeconem

2220 3849 2465 3903 miraris?
2492 3863 2588 3902 cur
2614 3847 2934 3918 philosopho
2960 3849 3150 3905 relicto
3172 3889 3187 3914 ,
3234 3849 3302 3904 ad
3352 3851 3695 3922 interpretem
3729 3856 3809 3906 in-

2221 3938 2371 3993 hias?
2399 3939 2585 3992 Vidisti
2617 3939 2899 4007 pulchrum
2929 3939 3139 3994 oculum
3159 3981 3174 4006 ,
3210 3929 3518 3997 interiorem
3551 3942 3809 4009 observa;

2221 4042 2274 4088 et
2297 4036 2341 4087 si
2374 4033 2459 4086 hic
2486 4031 2709 4101 pulcher
2735 4047 2839 4086 non
2873 4033 2961 4096 sit,
2995 4033 3208 4102 despice
3253 4033 3423 4087 illum.
3455 4033 3643 4102 Neque
3673 4035 3811 4090 enim

2222 4124 2267 4178 si
2309 4122 2492 4175 videas
2533 4119 2828 4175 deformem
2876 4123 3154 4177 mulierem
3204 4124 3445 4192 speciosa
3476 4123 3628 4178 larva
3659 4125 3811 4179 obte-

2226 4222 2363 4266 ctam
2390 4253 2401 4274 ,
2451 4211 2626 4280 aliquo
2653 4227 2778 4281 erga
2821 4212 2966 4266 illam
2996 4212 3188 4268 aﬂectu
3217 4215 3481 4268 movearis
3501 4255 3516 4281 ,
3547 4224 3602 4269 ut
3632 4228 3813 4271 contra

2229 4304 2374 4357 larva
2396 4303 2648 4357 occultari
2675 4302 2963 4358 formosam
2989 4319 3092 4358 non
3114 4305 3278 4368 sinas,
3303 4305 3418 4370 sed,
3443 4315 3626 4361 amota
3649 4306 3812 4371 larva,

2229 4394 2422 4447 nudam
2483 4393 2670 4448 faciem
2717 4393 2898 4447 videre
2945 4409 3187 4463 cuperes.
3243 4394 3356 4448 Hoc
3407 4409 3531 4464 erga
3583 4396 3813 4450 animam

2231 4499 2442 4554 quoque
2470 4486 2650 4551 facito,
2682 4485 2826 4538 illam
2875 4499 3103 4554 agnosce
3133 4486 3402 4554 priorem;
3435 4485 3596 4538 larva:
3625 4490 3816 4555 quippe

2232 4576 2350 4629 loco
2380 4576 2519 4630 illam
2549 4589 2746 4644 corpus
2770 4576 2967 4640 ambit,
2996 4573 3136 4644 quod
3169 4582 3224 4627 ut
3253 4575 3608 4642 compositum
3641 4585 3721 4628 est
3749 4577 3814 4629 ita

2234 4679 2448 4736 semper
2467 4677 2643 4722 manet
2666 4685 2679 4720 :
2703 4667 2878 4719 anima
2900 4680 3029 4720 vero
3053 4666 3096 4720 si
3120 4663 3375 4720 deformis
3401 4666 3489 4731 sit,
3517 4668 3626 4720 cito
3648 4675 3817 4736 potest

2236 4757 2467 4813 formosa
2492 4757 2652 4814 effici.
2681 4758 2742 4813 Si
2769 4758 2984 4813 oculum
3011 4757 3204 4813 habeat
3226 4756 3548 4824 deformem,
3575 4766 3812 4822 torvum,

2238 4859 2465 4921 turpem,
2495 4860 2668 4922 potest
2695 4850 2782 4905 ille
2810 4850 2920 4904 fleri
2949 4849 3200 4919 pulcher,
3229 4850 3428 4918 suavis,
3457 4850 3703 4913 serenus,
3729 4850 3813 4917 ju-

2238 4947 2460 5001 cundus.
2512 4945 2659 4999 lianc
2700 4957 2830 5013 ergo
2857 4943 3080 4997 formam
3109 4935 3431 5012 quaaramus,
3465 4941 3605 4995 hanc
3633 4940 3812 4994 faciem

2239 5048 2478 5094 ornatam
2505 5078 2519 5103 ,
2567 5045 2624 5090 ut
2674 5036 2813 5090 Dcus
2857 5044 3094 5089 nostram
3137 5035 3521 5102 concupiscens
3553 5031 3811 5095 formam,

2242 5139 2440 5184 aeterna
2473 5129 2626 5182 nobis
2659 5128 2800 5200 bona
2843 5126 3096 5196 largiatur
3119 5165 3133 5189 ,
3177 5127 3346 5194 gratia
3376 5134 3428 5180 et
3459 5120 3811 5178 misericordia

2243 5223 2450 5277 Domini
2481 5222 2648 5276 nostri
2689 5220 2815 5274 Jesu
2844 5218 3040 5272 Christi
3065 5256 3080 5281 ,
3124 5217 3208 5272 cui
3237 5217 3405 5289 gloria
3430 5224 3487 5272 et
3514 5213 3808 5281 imperium,

2247 5317 2296 5370 in
2326 5315 2518 5370 smcula
2553 5312 2892 5368 saeculorum.
2922 5310 3116 5376 Amen.
3613 5315 3620 5324 ί
