4104 6308
294 459 400 516 603

1215 467 1281 522 ΙΝ
1316 465 1728 528 ιίΑτῚῚΙιΕυΜ
1770 470 1999 530 ιιωίηι.
2043 469 2261 533 XXXV.
2301 476 2371 536 al.
2416 474 2659 543 XXXVI.

3481 500 3595 561 suo

1351 677 1700 742 HOMILIA
1743 680 2016 742 XXXV.
2063 684 2150 748 al.
2197 685 2502 752 XXXVI.

287 807 416 864 lin.
441 808 528 865 10.
563 825 614 864 v.
646 812 736 867 δι.
767 811 944 869 Nolite
969 824 1148 884 putare
1169 819 1289 886 quia
1316 825 1532 874 uenerim
1558 839 1732 891 pacem
1757 826 1876 878 mit-

362 912 470 956 tere
495 903 549 956 in
576 913 760 958 terram
778 923 796 960 :
812 923 914 960 non
937 908 1052 962 ueni
1071 925 1244 980 pacem
1269 912 1485 978 mittere,
1513 913 1604 968 sed
1626 914 1875 986 gladium.

355 992 447 1046 35.
485 991 614 1048 Veni
648 997 783 1063 enim
815 1014 1053 1068 separare
1081 1000 1338 1055 hominem
1374 1020 1407 1055 a
1444 1013 1588 1074 patre
1609 1022 1721 1071 suo,
1745 1017 1792 1059 et
1814 1009 1876 1074 [i-

359 1081 484 1134 lium
523 1098 556 1134 a
590 1096 751 1138 matre
774 1102 890 1150 sua,
918 1099 964 1141 et
993 1105 1178 1143 nurum
1205 1107 1239 1144 a
1263 1107 1411 1146 socru
1437 1110 1531 1147 sua
1548 1109 1567 1148 :
1585 1093 1673 1150 56.
1703 1106 1749 1150 et
1776 1097 1877 1151 ini-

354 1172 476 1225 mici
503 1172 741 1241 hominis,
773 1176 1036 1232 domestici
1063 1183 1194 1250 ejus.

355 1261 410 1316 Ι.
443 1262 673 1318 Rursum
700 1265 1006 1323 onerosiora
1052 1271 1258 1339 profert
1279 1313 1296 1338 ,
1345 1272 1506 1344 idque
1529 1290 1650 1331 cum
1683 1292 1872 1347 magna

279 1352 638 1409 auctoritate:
662 1357 910 1428 quodque
936 1360 1027 1414 alii
1056 1361 1318 1430 objecturi
1346 1374 1520 1431 erant,
1547 1367 1638 1421 ille
1668 1370 1871 1439 praedi-

277 1443 375 1498 cit.
403 1442 536 1498 Nam
577 1459 646 1500 ne
693 1445 758 1501 iis
805 1447 1002 1504 auditis
1032 1450 1312 1507 dicerent:
1342 1453 1536 1512 ldeone
1561 1459 1786 1527 venisti,
1815 1469 1873 1516 ut

282 1545 385 1584 nos
420 1533 708 1591 interlicias
735 1549 855 1591 cum
885 1537 950 1591 iis
992 1540 1081 1609 qui
1129 1541 1284 1597 nobis
1312 1542 1594 1614 obsequuti
1632 1559 1785 1614 sunt.
1816 1560 1872 1605 et

277 1619 434 1675 bellis
459 1629 654 1678 terram
683 1627 929 1710 replens?
965 1629 1078 1698 ipse
1118 1633 1265 1700 prior
1288 1633 1418 1688 dicit
1443 1653 1457 1690 :
1483 1633 1603 1691 Non
1633 1641 1743 1693 veni
1771 1657 1867 1710 pa-

275 1726 385 1762 cem
408 1713 604 1792 mittere
641 1714 695 1768 in
719 1707 943 1770 terram.
981 1720 1089 1774 Cur
1130 1736 1260 1791 ergo
1305 1727 1557 1794 praecepit
1587 1728 1638 1782 in
1678 1707 1868 1787 domos

273 1802 512 1871 singulas
543 1805 811 1875 ingressos
849 1823 1034 1878 pacem
1076 1811 1295 1869 dicere?
1318 1830 1415 1873 cur
1437 1826 1492 1872 et
1516 1819 1689 1890 angeli
1716 1821 1865 1878 dice-

273 1892 424 1955 bant,
453 1893 629 1950 Gloria
653 1898 706 1951 in
735 1899 944 1954 excelsis
985 1899 1090 1956 Deo
1110 1943 1126 1969 ,
1172 1913 1219 1957 et
1244 1905 1298 1959 in
1327 1915 1462 1960 terra
1501 1925 1605 1978 pas:
1629 1910 1782 1980 (Luc.
1806 1913 1860 1966 2.

273 1983 407 2053 ll)?
448 1999 545 2039 cur
585 1988 860 2055 pmpbetat
903 2006 1092 2047 omnes
1135 1994 1363 2065 idipsum
1408 2001 1865 2068 prmuuntiarunt?

269 2073 408 2140 Quia
441 2075 569 2130 illud
612 2083 846 2136 maxime
877 2097 978 2150 pax
1007 2093 1122 2148 est,
1155 2099 1279 2141 cum
1308 2089 1360 2142 id
1381 2129 1396 2154 ,
1427 2092 1571 2160 quod
1600 2104 1860 2163 aegrotat,

268 2163 620 2228 abscinditur,
647 2171 861 2238 quando
890 2171 963 2231 id.
992 2174 1134 2242 quod
1164 2175 1422 2245 dissidet,
1450 2193 1748 2249 separatur.
1774 2185 1863 2241 Sic

267 2255 416 2309 cnim
447 2265 624 2324 potest
655 2260 846 2314 caelum
889 2279 1009 2317 cum
1042 2274 1180 2320 terra
1215 2266 1386 2338 jungi.
1417 2270 1860 2344 Quandoquidem

266 2349 510 2406 medicus
547 2353 625 2406 sic
671 2354 933 2424 reliquum
978 2372 1174 2428 corpus
1217 2371 1419 2431 servat,
1467 2379 1589 2420 cum
1635 2367 1687 2422 id
1717 2371 1859 2438 quod

265 2438 563 2495 insanabile
590 2450 693 2508 est,
728 2454 968 2510 resecat;
1003 2458 1056 2502 et
1084 2449 1213 2514 dux,
1244 2466 1368 2506 cum
1397 2469 1490 2509 eos
1516 2456 1604 2524 qui
1635 2473 1860 2514 concor-

263 2527 412 2582 diam
445 2532 799 2599 perniciosam
827 2535 1094 2604 inierant,
1126 2540 1191 2592 ad
1216 2540 1605 2600 dissensionem
1634 2546 1856 2604 inducit.

259 2617 354 2672 Sic
379 2626 434 2674 et
463 2619 514 2673 in
539 2620 625 2675 illa
650 2623 782 2678 turri
804 2622 1000 2679 factum
1024 2637 1103 2682 est
1123 2627 1272 2700 (Gen.
1289 2630 1382 2701 ll)
1407 2650 1419 2686 :
1445 2634 1637 2688 malam
1662 2637 1858 2708 quippe

258 2710 608 2766 concordiam
635 2713 774 2769 bona
798 2714 1062 2772 discordia
1087 2719 1281 2786 solvit,
1304 2730 1360 2776 et
1393 2737 1578 2793 pacem
1601 2729 1857 2784 concilia-

258 2799 355 2853 vit.
408 2800 500 2856 Sic
537 2810 592 2856 et
631 2803 825 2860 Paulus
851 2821 944 2860 eos
973 2810 1058 2878 qui
1088 2809 1370 2864 adversum
1412 2828 1472 2867 se
1511 2817 1854 2873 concordiam

259 2887 512 2954 inierant,
539 2891 720 2947 divisit
749 2895 882 2966 (Act.
910 2897 1003 2950 23.
1029 2899 1081 2952 6.
1110 2900 1188 2968 7).
1218 2900 1275 2954 In
1303 2901 1547 2959 Nabutbe
1571 2921 1700 2969 vero
1728 2923 1856 2964 con-

256 2981 441 3033 cordia
477 2983 560 3036 illa
586 2983 843 3040 l'uitomni
867 2987 1007 3041 bello
1027 2988 1266 3045 deterior
1283 2992 1359 3061 (ὅ.
1384 2993 1513 3066 Reg.
1536 2996 1652 3066 21).
1672 2997 1854 3068 Neque

254 3072 401 3125 enim
433 3076 716 3130 concordia
765 3091 978 3148 semper
1020 3081 1289 3137 laudanda
1317 3102 1329 3138 :
1356 3100 1478 3139 nam
1521 3096 1578 3142 et
1620 3089 1852 3147 latrones

255 3163 402 3215 inter
427 3177 486 3216 se
512 3164 808 3220 concordes
834 3178 978 3222 sunt.
1005 3168 1120 3224 Non
1149 3171 1309 3240 igitur
1332 3189 1397 3227 ex
1427 3175 1624 3230 Christi
1656 3195 1850 3247 propo-

254 3250 380 3314 sito,
413 3251 508 3306 sed
533 3268 599 3308 ex
626 3254 837 3309 illorum
863 3258 1139 3314 voluntate
1163 3261 1359 3316 bellum
1382 3264 1713 3321 movebatur.
1735 3268 1852 3339 Ipse

253 3342 452 3411 quippe
478 3344 690 3399 volebat
709 3359 899 3402 omnes
923 3350 974 3403 in
998 3351 1080 3419 pia
1103 3353 1360 3422 religione
1381 3359 1674 3412 concordes
1694 3377 1846 3416 esse:

251 3429 350 3485 sed
376 3433 498 3500 quia
526 3433 598 3487 illi
625 3434 972 3504 dissidebant,
1022 3439 1146 3495 hinc
1190 3443 1390 3500 bellum
1417 3449 1708 3505 oriebatur.
1742 3453 1847 3508 Sed

251 3535 362 3574 non
393 3521 471 3587 sic
497 3522 591 3577 ille
618 3523 872 3594 loquutus
894 3537 978 3584 est
1001 3548 1014 3583 :
1037 3532 1165 3600 quid
1209 3549 1339 3589 vero
1368 3537 1538 3592 dicit?
1588 3540 1710 3595 Non
1738 3546 1848 3597 veni

251 3625 429 3677 pacem
457 3612 651 3666 mittere
669 3653 686 3680 ,
732 3624 790 3669 ut
819 3616 941 3672 illos
969 3620 1360 3678 consolaretur.
1389 3625 1469 3681 Ne
1495 3632 1688 3696 putetis
1712 3673 1728 3697 ,
1762 3634 1846 3687 in-

250 3699 387 3767 quit,
420 3700 630 3754 illorum
656 3718 753 3758 vos
776 3719 990 3760 causam
1016 3723 1158 3775 esse,
1182 3726 1283 3781 ego
1311 3714 1426 3769 hasc
1447 3715 1695 3786 dispono,
1724 3723 1845 3790 quia

252 3791 328 3844 illi
372 3793 451 3846 sic
489 3793 664 3849 allecti
711 3807 857 3852 sunt.
896 3799 974 3854 Ne
1006 3801 1291 3860 turbemini
1338 3807 1520 3880 igitur,
1565 3814 1716 3881 quasi
1757 3831 1847 3873 res

251 3890 449 3949 praster
471 3888 924 3953 exspectationem
954 3893 1222 3947 eveniant.
1252 3895 1378 3951 ldeo
1399 3902 1538 3963 veni,
1567 3912 1623 3955 ut
1649 3904 1843 3960 bellum

251 3987 498 4026 moveam
524 3990 536 4026 :
564 3973 676 4028 lucc
702 3977 900 4046 quippe
920 3994 1036 4032 mea
1061 3992 1142 4034 est
1163 3983 1431 4040 voluntas.
1454 3986 1532 4043 Ne
1555 3991 1843 4048 turbetnini

251 4063 417 4130 igitur
468 4077 587 4118 cum
647 4073 787 4120 terra
842 4070 992 4138 quasi
1046 4071 1251 4128 insidiis
1299 4080 1542 4147 appetita
1592 4081 1645 4136 in
1703 4085 1843 4140 bella

249 4161 516 4222 erumpet.
545 4152 678 4209 Cum
707 4157 851 4211 enim
897 4159 948 4213 id
992 4161 1134 4229 quod
1163 4164 1403 4221 deterius
1427 4178 1510 4221 est
1537 4181 1841 4240 separatum

246 4243 426 4307 fuerit,
455 4251 580 4299 tunc
607 4245 822 4302 demum
851 4251 1058 4305 meliori
1087 4255 1224 4320 parti
1250 4256 1602 4328 conjungetur
1628 4263 1839 4317 caelum.

249 4335 377 4388 llaec
401 4343 585 4390 autem
605 4336 754 4399 dicit.
783 4349 842 4392 ut
863 4352 1048 4395 contra
1072 4345 1263 4398 malam
1288 4347 1577 4402 multorum
1598 4352 1612 4382 ⁸
1634 4353 1843 4421 Opinio-

247 4441 372 4481 nem
418 4425 540 4481 illos
583 4429 807 4483 muniat.
858 4429 1041 4502 Neque
1086 4434 1246 4501 dixit,
1291 4436 1520 4504 Bellum,
1565 4441 1658 4495 sed
1699 4445 1840 4511 quod

245 4515 421 4570 multo
440 4514 678 4572 deterius
706 4527 822 4585 est,
862 4519 1126 4575 Gladium.
1156 4524 1210 4577 Si
1243 4540 1370 4581 vero
1396 4527 1539 4582 dicta
1570 4529 1684 4587 [nec
1712 4549 1844 4589 one-

245 4620 370 4660 rosa
397 4605 506 4660 sint
525 4617 581 4660 et
599 4607 746 4663 dictu
772 4609 1000 4680 ingrata,
1021 4627 1086 4668 no
1108 4616 1339 4670 mireris.
1357 4618 1492 4674 Cum
1516 4623 1660 4676 enim
1684 4624 1844 4678 vellet

243 4710 341 4750 eos
368 4694 471 4750 hac
497 4696 785 4751 verborum
814 4703 1101 4770 asperitate
1145 4720 1434 4771 exercere,
1483 4726 1550 4765 ne
1581 4712 1631 4764 iu
1662 4727 1839 4770 rerum

243 4787 616 4846 diﬂicultatem
649 4791 871 4863 ingressi
901 4797 1172 4855 resilircnt
1192 4839 1207 4863 ,
1239 4802 1319 4858 sic
1348 4804 1507 4857 verba
1541 4806 1835 4876 disposuit:

241 4891 306 4930 ac
335 4893 403 4931 ue
428 4879 550 4949 quis
575 4881 800 4950 diceret,
831 4901 954 4940 eum
985 4902 1053 4940 ex
1081 4888 1368 4956 lenocinio,
1400 4902 1456 4946 et
1481 4895 1716 4950 dil‘lieilia
1743 4912 1839 4953 oc-

241 4969 518 5034 cultando,
563 4987 684 5040 qua:
727 4977 941 5031 volebat
983 4981 1240 5043 suasisse,
1294 4983 1420 5038 ideo
1463 4984 1553 5041 illa
1583 5003 1702 5057 quae
1731 4991 1839 5045 alio

243 5060 408 5115 modo
455 5062 679 5120 dicenda
725 5067 1062 5131 videbantur,
1112 5073 1375 5130 acerbiori
1423 5085 1478 5130 ct
1531 5081 1836 5137 terribiliori

246 5150 406 5204 modo
429 5153 734 5218 explicavit.
765 5155 952 5212 Melius
975 5162 1115 5214 enim
1149 5174 1230 5219 est
1255 5181 1433 5219 rerum
1459 5182 1618 5236 quam
1648 5174 1839 5228 verbo-

240 5253 360 5292 rum
389 5238 664 5296 lenitatem
694 5244 895 5302 videre.
922 5247 1151 5320 Ideoque
1181 5268 1355 5321 neque
1385 5256 1500 5311 haec
1529 5258 1726 5315 dixisse
1753 5278 1838 5316 sa-

241 5331 313 5383 tis
345 5329 550 5393 laabuit,
581 5333 675 5386 sed
705 5334 828 5389 belli
856 5340 1090 5405 speciem
1117 5343 1409 5410 explicans,
1441 5348 1675 5403 ostendit
1707 5352 1835 5406 illud

237 5420 384 5473 civili
418 5421 557 5474 bello
583 5424 752 5476 multo
780 5430 994 5493 gravius
1025 5445 1165 5492 esse,
1194 5433 1377 5502 aitque
1403 5453 1412 5485 :
1449 5434 1574 5491 Veni
1601 5455 1838 5508 separare

238 5509 496 5566 hominem
516 5529 548 5564 a
573 5523 717 5580 patre
742 5531 852 5578 suo,
884 5527 928 5569 et
951 5520 1115 5581 ﬁliam
1145 5537 1175 5576 (ι
1206 5534 1366 5575 matre
1385 5541 1500 5589 sua,
1528 5538 1574 5580 et
1596 5545 1779 5583 nurum
1805 5549 1836 5584 a

237 5615 390 5654 socru
415 5615 526 5652 sua.
559 5601 672 5655 Non
701 5606 842 5658 enim
873 5608 1028 5661 amici
1061 5621 1113 5663 et
1137 5612 1384 5666 concives
1415 5615 1610 5680 solum,
1643 5618 1831 5688 inquit,

235 5689 333 5742 sed
384 5698 441 5744 et
484 5693 697 5760 cognati
744 5695 880 5749 alter
928 5709 1114 5753 eontra
1159 5701 1385 5756 alterum
1419 5703 1730 5775 insurgent,
1779 5719 1834 5764 ct

305 5863 320 5894 '
356 5863 574 5926 Quidam,
597 5864 822 5921 laborum.

1995 820 2329 903 natura‘ipsa
2358 836 2688 897 discindetur
2717 844 2879 901 bello.
2923 841 3048 905 Veni
3073 854 3232 922 enim,
3271 857 3464 928 inquit,
3493 870 3582 918 η-

1989 934 2171 991 parare
2197 922 2451 995 Igousiuem
2478 945 2511 982 a
2556 941 2698 1007 patre
2722 951 2843 1002 suo,
2875 949 2923 1009 et
2951 953 3160 997 matrem
3187 963 3220 999 a
3246 922 3362 1014 ﬁlia
3387 922 3508 1014 sua.
3540 966 3588 1010 et

1984 1025 2167 1066 nurum
2189 1030 2221 1068 a
2241 1033 2389 1072 socru
2410 1036 2525 1076 sua.
2552 1023 2735 1096 Neque
2750 1030 2900 1085 enim
2930 1032 3069 1089 inter
3091 1037 3423 1098 domesticos
3452 1046 3551 1100 sim
3567 1079 3584 1090 ο

1983 1102 2196 1171 pliciter
2220 1106 2419 1164 bellum
2461 1114 2585 1179 erit.
2634 1117 2729 1173 sed
2759 1121 2922 1178 etiam
2971 1123 3113 1182 inter
3140 1132 3501 1190 amicissimos
3527 1148 3582 1193 et

1982 1193 2172 1293 majori
2220 1201 2618 1261 necessitudine
2642 1207 2880 1278 junctus.
2923 1214 2978 1269 ιιι
3022 1217 3164 1288 quod
3209 1225 3442 1282 minime
3464 1227 3586 1296 ejus
3620 1255 3623 1257 >

1983 1281 2232 1339 virtutem
2255 1291 2514 1356 ostendit.
2539 1297 2682 1365 quod
2707 1300 2781 1354 illi
2804 1303 2929 1357 talia
2951 1281 3232 1366 audientes
3253 1281 3582 1385 exciperent,

1981 1371 2208 1442 aliisque
2237 1379 2546 1441 suaderent.
2575 1385 2910 1460 Quamquam
2952 1401 3059 1451 nun
3089 1398 3202 1469 ipse
3233 1401 3346 1458 haec

1981 1461 2088 1530 bat,
2119 1466 2212 1521 sed
2241 1467 2515 1528 hominum
2537 1480 2808 1548 nequitia;
2840 1491 3076 1543 attamen
3107 1461 3222 1561 ipse
3248 1509 3311 1549 se
3337 1496 3462 1551 dicit
3492 1461 3581 1554 illa

1979 1551 2174 1609 facere.
2219 1556 2317 1613 Hic
2365 1563 2562 1636 quippe
2598 1584 2716 1623 mos
2763 1582 2847 1628 est
2889 1551 3180 1646 Scriptura:
3220 1597 3408 1640 sacrae.

1977 1647 2119 1701 enim
2147 1647 2277 1703 dicit
2306 1670 2318 1705 :
2350 1653 2500 1709 Dedit
2532 1659 2636 1713 illis
2669 1662 2808 1718 Deus
2839 1671 3044 1736 oculos,
3075 1682 3132 1728 ut
3182 1687 3288 1730 non
3331 1680 3577 1740 n'dcrent

1977 1733 2130 1839 (ne.
2166 1738 2219 1793 6.
2251 1741 2522 1808 9;Ezeclt.
2572 1746 2660 1808 ta.
2704 1752 2964 1822 2;.Ioan.
3011 1733 3097 1815 is.
3131 1765 3214 1819 ιι.
3247 1768 3339 1839 ιο)
3371 1733 3576 1828 {ac};

1975 1826 2028 1880 in
2078 1827 2180 1884 hoc
2233 1832 2350 1887 loco
2393 1835 2567 1892 dicit:
2601 1851 2659 1895 ut
2707 1846 2866 1900 verba
2909 1850 3115 1918 istbmc,
3157 1857 3298 1926 quod
3320 1826 3577 1929 [superius

1973 1914 2114 1983 dixi,
2155 1933 2338 1977 secum
2367 1937 2698 1998 reputantes,
2727 1949 2794 1990 ne
2826 1914 3188 2010 turbarentur;
3217 1957 3339 2001 cum
3370 1914 3577 2023 oppro-

1973 2008 2102 2063 briis
2143 2022 2198 2066 et
2240 2019 2581 2074 contumeliis
2620 2024 3026 2093 impeterentur.
3057 2008 3208 2101 Quod
3243 2039 3292 2091 si
3330 2008 3421 2108 qui
3442 2008 3580 2098 'hmc

1970 2099 2149 2166 gravia
2173 2103 2500 2174 existimant,
2524 2110 2576 2163 in
2604 2123 2840 2172 mentem
2869 2099 3121 2176 revocent
3141 2099 3381 2183 Veterem
3406 2129 3575 2186 histo-

1972 2187 2125 2242 riam.
2154 2190 2351 2248 Priscis
2375 2198 2518 2253 enim
2550 2205 2877 2272 temporibus
2916 2208 3018 2264 hoc
3045 2212 3216 2282 ipsum
3247 2221 3491 2290 contigit,
3520 2223 3573 2278 id

1968 2280 2110 2346 quod
2137 2285 2370 2342 maxime
2393 2291 2628 2347 ostendit
2653 2297 2853 2354 veteris
2887 2299 3017 2370 legis
3055 2280 3178 2359 eum
3225 2324 3358 2363 nova
3391 2280 3572 2367 Eum-

1973 2378 2157 2444 tatem.
2184 2377 2542 2451 eumdemque
2569 2399 2691 2440 esse
2716 2390 2806 2457 qui
2843 2391 2957 2447 haec
2981 2394 3135 2461 dixit.
3164 2409 3218 2453 et
3244 2397 3331 2455 illa
3362 2419 3567 2472 praece-

1969 2462 2066 2529 pit.
2109 2463 2242 2519 Nam
2284 2477 2342 2561 et
2383 2472 2523 2540 apud
2570 2475 2786 2535 Iudaeos
2831 2500 2951 2538 cum
2993 2488 3218 2558 quisque
3263 2462 3568 2561 proximum

1966 2558 2340 2655 suum-occidit
2358 2601 2371 2623 ,
2401 2570 2525 2618 tunc
2548 2565 2636 2621 ille
2661 2570 2898 2636 placatus
2921 2585 3005 2630 est
3028 2577 3222 2647 (Exod.
3249 2558 3338 2638 ἐξ.
3360 2582 3455 2655 27)
3478 2605 3492 2642 :
3514 2598 3570 2644 et

1965 2643 2181 2709 quando
2211 2646 2433 2702 vitulum
2476 2654 2808 2726 conarunt,
2862 2673 2918 2717 et
2959 2643 3175 2735 quando
3214 2643 3567 2746 Beelpliegori

1965 2730 2306 2834 initiati-sunt
2335 2737 2520 2805 (Num.
2554 2743 2645 2834 25.
2672 2747 2750 2818 5).
2785 2749 2884 2806 Ubi
2915 2730 3039 2809 sunt
3063 2772 3191 2827 ergo
3220 2763 3310 2830 qui
3339 2730 3564 2834 δεδυνηιῖ

1965 2817 2114 2873 illum
2139 2821 2308 2878 Deum
2337 2829 2558 2895 malum,
2587 2817 2729 2890 hunc
2757 2838 2954 2896 bonum
2978 2817 3306 2907 esselvEc'ce
3333 2817 3568 2926 namque

1965 2925 2315 3006 cognatorum
2344 2927 2604 2996 sanguine
2633 2930 2819 2994 orbem
2849 2937 3098 3006 replevit.
3129 2942 3383 3002 Attamen
3412 2949 3569 3004 beni-

1963 3005 2183 3072 gnitatis
2210 3011 2392 3066 multa:
2419 3014 2521 3071 hoc
2557 3033 2693 3088 opus
2731 3039 2853 3079 esse
2891 3005 3136 3088 dicimus.
3183 3035 3476 3105 Propterea
3506 3048 3568 3096 ut

1961 3095 2210 3151 ostendat
2236 3113 2296 3154 se
2323 3101 2409 3156 illa
2439 3106 2602 3161 etiam
2630 3113 2951 3181 approbare,
2982 3095 3322 3191 prophetiam
3355 3095 3560 3183 mentm

1962 3190 2066 3248 rat,
2093 3199 2212 3253 quae
2233 3202 2340 3243 non
2370 3194 2566 3248 factum
2593 3199 2723 3253 illud
2752 3206 2990 3271 respicit.
3011 3190 3107 3264 sed
3134 3212 3360 3283 idipsum
3379 3224 3560 3274 tamen

1959 3270 2217 3362 declarat.
2247 3278 2508 3345 Qumnam
2537 3285 2634 3339 illa
2662 3291 2788 3343 est?
2815 3270 3023 3349 Inimici
3055 3270 3275 3357 hominis
3299 3270 3565 3362 domestici

1959 3362 2091 3466 ἔξω.
2119 3361 2250 3466 Nam
2290 3376 2345 3422 et
2382 3371 2521 3440 apud
2548 3372 2770 3433 Iudaeos
2793 3381 3069 3453 quidpiam
3112 3389 3290 3447 simile
3315 3395 3562 3466 contigit.

1960 3448 2130 3558 Erant
2153 3455 2601 3558 enimIprophetm
2627 3477 2682 3522 et
2711 3448 3219 3548 pseudoprophetaa,
3244 3498 3308 3538 ac
3333 3448 3565 3558 popilius

1957 3538 2254 3632 dissidebat
2279 3546 2580 3623 domusque
2605 3538 2981 3616 dividebantur
3001 3538 3037 3630 ;-
3059 3577 3115 3622 et
3142 3538 3230 3624 alii
3261 3538 3563 3632 bidente—de:

1957 3628 2088 3684 baut
2109 3670 2124 3695 ,
2168 3633 2259 3689 alii
2305 3639 2446 3695 aliis.
2477 3641 2605 3697 Ideo
2633 3658 2818 3712 monet
2851 3628 3110 3721 propheta
3138 3659 3324 3716 dicens
3348 3628 3563 3722 {Nolite

1955 3723 2159 3779 credere
2175 3728 2372 3791 amicis,
2400 3749 2490 3786 nec
2519 3752 2724 3805 sperare
2749 3741 2802 3794 in
2831 3744 3042 3800 ducibus
3067 3752 3194 3803 :sed
3218 3763 3263 3806 et
3291 3773 3323 3808 a
3344 3758 3565 3828 conjuge

1957 3821 2045 3865 tua
2070 3829 2208 3881 cave,
2233 3834 2392 3889 neque
2415 3822 2495 3876 illi
2512 3830 2828 3898 mentiaris,
2852 3836 2971 3905 quia
2991 3837 3182 3892 inimici
3205 3843 3425 3900 hominis
3443 3860 3565 3904 sunt

1955 3901 2055 3968 ipsi
2079 3906 2174 3957 uiri
2200 3908 2254 3960 in
2280 3911 2392 3977 eius
2423 3913 2704 3973 habitantes
2739 3901 2890 3977 domo
2923 3926 3108 3995 (uicit.
3147 3927 3209 3990 7.
3235 3934 3290 3988 5.
3322 3934 3403 4005 6).
3436 3901 3562 3996 llaec

1956 4000 2137 4049 autem
2162 3995 2412 4065 dicebat.
2456 4012 2515 4057 ut
2554 4021 2677 4061 eum
2715 4011 2804 4078 qui
2845 4013 2948 4068 hoc
2975 4018 3197 4074 verbum
3226 3995 3562 4095 excepturus

1952 4089 2132 4149 esset,
2177 4087 2429 4144 omnibus
2477 4097 2813 4163 superiorem
2869 4104 3140 4162 redderet.
3188 4087 3386 4181 Neque
3413 4118 3560 4172 enim

1952 4449 2053 4494 ret.
2097 4442 2234 4508 Quia
2266 4444 2420 4502 enim
2468 4453 2538 4504 ita
2585 4471 2683 4509 nos
2732 4459 3082 4520 vehementer
3122 4442 3358 4534 amavit:
3407 4477 3485 4530 sic
3525 4494 3555 4533 a

1951 4533 2106 4590 nobis
2147 4538 2258 4592 vult
2296 4544 2485 4597 amari.
2516 4544 2643 4602 llaec
2673 4565 2836 4620 porro
2869 4558 3027 4611 verba
3067 4565 3344 4630 apostolos
3381 4570 3555 4640 erige-

1951 4621 2100 4685 bant,
2134 4629 2584 4704 sublimioresque
2609 4638 2925 4699 reddebant.
2961 4621 3163 4706 Nam-si
3192 4654 3288 4721 illi,
3314 4621 3550 4722 aiebaitt.

1948 4806 2134 4870 quales
2162 4820 2409 4877 oporteat
2435 4830 2535 4869 nos
2563 4833 2704 4883 esse.
2734 4825 2822 4892 qui
2852 4827 3102 4886 doctores
3129 4849 3337 4894 sumus.
3366 4838 3552 4910 Neque

1945 4895 2090 4948 enim
2120 4895 2252 4950 dura
2285 4909 2341 4955 et
2365 4901 2604 4960 difﬁcilia
2636 4909 2724 4965 illa
2760 4913 2812 4968 in
2846 4919 2997 4973 vobis
3039 4923 3197 4976 linem
3239 4895 3548 4996 habebunt,

1946 4984 2039 5036 sed
2065 4994 2120 5038 et
2143 4986 2211 5040 ad
2239 4989 2373 5044 alios
2397 4997 2721 5055 transibunt.
2751 5002 2884 5058 Nam
2911 5009 3030 5075 quia
3062 5027 3250 5082 magna
3285 5015 3422 5071 bona
3445 4984 3554 5073 huc

1946 5076 2121 5141 attuli,
2149 5093 2394 5148 magnam
2421 5087 2576 5156 exigo
2601 5101 2654 5145 et
2683 5093 3044 5155 obedientiam
3075 5116 3132 5157 et
3153 5076 3426 5162 allectum.
3459 5112 3549 5166 '57.

1921 5164 2050 5229 'Qui
2077 5179 2216 5221 amat
2247 5182 2442 5238 patrem
2468 5187 2516 5229 et
2543 5192 2753 5236 matrem
2785 5186 2899 5255 plus
2924 5207 3077 5261 quam
3111 5211 3209 5258 me,
3251 5213 3352 5252 non
3374 5211 3446 5254 est
3474 5219 3553 5255 me

1946 5256 2129 5322 dignus
2149 5270 2232 5312 :et
2260 5264 2349 5331 qui
2369 5277 2507 5319 amat
2527 5270 2692 5335 ﬁlium
2716 5287 2802 5328 aut
2824 5256 2983 5344 ﬁliam
3010 5282 3123 5349 plus
3147 5256 3298 5348 quam
3322 5305 3421 5354 me,
3449 5308 3550 5346 nou

1944 5356 2015 5397 est
2045 5363 2124 5399 me
2152 5349 2354 5419 dignus.
2389 5356 2478 5410 58.
2529 5357 2598 5412 Et
2635 5366 2722 5431 qui
2765 5383 2867 5420 non
2913 5371 3045 5423 tollit
3071 5390 3269 5429 crucem
3295 5394 3476 5447 suam,
3501 5391 3549 5436 et

1945 5437 2169 5503 sequitur
2209 5457 2307 5504 me,
2347 5461 2446 5498 non
2486 5460 2556 5503 est
2595 5467 2673 5506 me
2711 5454 2913 5526 dignus.
2943 5459 3132 5516 Vidisti
3175 5471 3547 5526 anetoritatcm

1944 5525 2217 5582 doctoris?
2253 5534 2430 5589 vidisti
2471 5545 2744 5608 quomodo
2791 5553 3040 5605 ostendat
3091 5556 3330 5626 seipsum
3359 5565 3547 5630 genui-

1943 5629 2070 5667 num
2103 5616 2276 5673 Patris
2306 5621 2525 5692 Filium,
2561 5635 2739 5688 omnia
2765 5638 2957 5706 Jubens
2991 5643 3125 5712 infra
3157 5649 3461 5721 relinquere
3488 5663 3545 5708 et

1941 5705 2218 5760 Caritatem
2246 5713 2362 5778 ejus
2389 5718 2691 5776 anteferre?
2720 5722 2784 5778 Et
2805 5729 2930 5796 quid
2957 5709 3096 5800 dico,
3128 5705 3542 5808 inquit,-amicos

1943 5804 1998 5844 et
2040 5804 2328 5866 cognatos?
2355 5805 2409 5860 Si
2439 5812 2670 5866 animam
2703 5826 2845 5872 tuam
2872 5822 3143 5881 dilectioni
3177 5847 3307 5884 mem
3349 5835 3541 5903 prmio-

1945 5895 2053 5952 ras,
2087 5895 2269 5958 procul
2301 5910 2360 5948 es
2389 5911 2418 5950 a
2452 5902 2582 5956 meis
2628 5903 2919 5977 discipulis.
2958 5913 3092 5981 Quid
3129 5917 3324 5988 igitur?
3349 5895 3536 5982 annon
