4104 6308
591 400 698 453 4'07

592 511 706 566 lucc
732 508 996 563 contraria
1026 508 1191 561 reteri
1236 505 1334 575 logi
1363 505 1518 558 sunt?
1559 505 1743 569 Absit;
1776 505 1881 558 imo
1908 502 1981 556 illi
2014 500 2168 557 valde

588 610 902 655 consonant.
936 598 1065 654 Nam
1108 599 1215 653 illic
1258 596 1562 650 idololatras
1589 611 1695 650 non
1724 594 1881 649 modo
1905 594 2048 656 odit,
2076 592 2168 645 sed

589 693 751 744 etiam
798 690 1019 759 lapidari
1064 690 1235 760 jubet.
1269 686 1333 741 Et
1374 688 1426 741 in
1474 686 1885 741 Deuteronomio
1934 682 2171 743 ueritatis

591 781 824 835 cultores
850 780 1119 835 admirans
1142 780 1249 831 ait:
1283 777 1381 844 Qui
1422 777 1543 829 dicit
1585 776 1715 845 patri
1744 776 1818 827 vel
1848 773 2015 834 matri,
2049 772 2169 829 Non

590 873 694 925 ridi
724 884 789 936 te,
820 881 867 927 et
896 875 1077 942 fratres
1102 885 1219 923 suos
1245 885 1343 921 non
1374 868 1620 938 cognovit,
1652 876 1696 918 et
1728 866 1862 933 ﬁlios
1891 864 2164 933 ignoravit,

590 962 855 1015 custodiuit
896 961 1091 1028 eloquia
1134 969 1217 1011 tua
1244 958 1422 1027 (Deut.
1467 958 1552 1011 '55.
1598 956 1676 1023 9).
1705 954 1854 1021 Quod
1895 954 1937 1007 si
1978 952 2170 1007 Paulus

594 1052 757 1104 multa
795 1050 935 1102 circa
986 1030 1237 1117 parentes
1265 1047 1566 1116 praecipiat,
1605 1056 1657 1099 et
1699 1046 1800 1097 illis
1832 1045 1883 1096 in
1924 1042 2169 1096 omnibus

591 1139 813 1207 obsequi
851 1139 1055 1205 jubeat,
1100 1153 1165 1191 ne
1203 1137 1453 1191 mireris:
1482 1150 1601 1189 nam
1635 1135 1686 1186 in
1719 1134 1819 1187 illis
1848 1134 2015 1187 solum
2044 1133 2172 1187 obe-

589 1234 707 1285 dire
748 1231 1015 1301 prmeipit,
1067 1245 1183 1299 qua:
1229 1228 1409 1296 pietati
1459 1242 1565 1280 non
1620 1226 1857 1281 officiunt
1886 1243 1896 1277 :
1927 1232 2166 1277 sanctum

589 1322 787 1390 quippe
815 1325 899 1374 es‘t
944 1322 994 1374 in
1039 1318 1249 1372 czeteris
1278 1317 1527 1371 omnibus
1565 1317 1767 1371 honore
1795 1317 1911 1368 illos
1936 1314 2166 1369 afﬁcere.

591 1415 722 1467 Cum
763 1422 939 1465 autem
971 1411 1088 1479 plus
1117 1425 1277 1479 quam
1312 1424 1407 1478 par
1444 1410 1512 1463 sit
1559 1408 1795 1477 exigunt,
1829 1422 1933 1460 non
1962 1414 2171 1475 oportet

590 1504 695 1557 illis
720 1503 1110 1571 obtemperare.
1146 1500 1347 1555 Idcirco
1374 1500 1500 1554 dicit
1548 1498 1714 1551 Lucas
1746 1516 1760 1551 :
1789 1498 1847 1551 Si
1895 1498 2006 1567 quis
2040 1500 2170 1549 venit

590 1593 781 1657 adme,
814 1603 860 1645 et
892 1610 990 1645 non
1016 1593 1120 1645 odit
1147 1600 1335 1661 patrem
1364 1606 1514 1643 suum
1540 1598 1585 1643 et
1611 1598 1839 1653 matrem,
1868 1598 1914 1641 et
1941 1604 2166 1652 uxorem,

589 1693 635 1735 et
664 1682 797 1750 ﬁlios
823 1692 867 1735 et
894 1685 1104 1751 fratres,
1145 1680 1313 1732 adhuc
1339 1687 1577 1732 autemet
1604 1679 1823 1730 animam
1848 1693 2028 1739 suam,
2069 1693 2169 1730 non

589 1783 750 1842 potest
775 1789 912 1826 meus
936 1789 1042 1826 esse
1068 1770 1346 1842 discipulus
1375 1769 1525 1839 (Luc.
1556 1769 1643 1824 Η.
1673 1769 1767 1835 9-6)
1794 1786 1808 1822 :
1835 1783 1941 1822 non
1969 1768 2169 1836 simpli-

589 1866 723 1919 citer
745 1863 867 1919 odio
895 1864 1093 1918 habere
1116 1863 1329 1931 jubens,
1362 1860 1412 1915 id
1444 1861 1584 1913 enim
1616 1859 1900 1913 admodum
1932 1858 2166 1927 iniquum

587 1962 770 2016 esset;
817 1953 909 2007 sed
950 1953 993 2006 si
1034 1953 1158 2005 velit
1191 1961 1247 2005 ut
1270 1966 1418 2003 ames
1445 1951 1590 2003 illum
1631 1950 1751 2017 plus
1778 1964 1934 2017 quam
1964 1964 2069 2011 mc,
2103 1962 2165 2002 ea

589 2042 655 2097 de
680 2056 834 2095 causa
857 2041 979 2094 odio
1004 2040 1138 2094 habe
1166 2040 1333 2093 illum.
1351 2037 1404 2093 ld
1426 2041 1567 2094 enim
1590 2049 1644 2093 ct
1665 2047 1896 2090 amatum
1920 2046 1972 2090 et
1988 2051 2165 2089 aman-

586 2143 696 2189 tem
725 2132 991 2200 perderet.

656 2223 712 2277 2.
745 2222 853 2277 Hoc
885 2234 1042 2288 porro
1066 2219 1274 2275 dicebat
1296 2259 1310 2283 ,
1340 2227 1396 2271 ut
1424 2227 1478 2272 et
1507 2218 1644 2271 filios
1674 2216 1919 2270 fortiores
1941 2256 1954 2278 ,
1983 2225 2037 2270 et
2069 2230 2163 2283 pa-

588 2322 718 2377 tres,
742 2311 831 2381 qui
860 2304 1237 2377 impedimento
1258 2322 1375 2362 esse
1401 2308 1614 2370 vellent,
1639 2306 2022 2361 mansuetiores
2050 2305 2167 2358 red-

588 2406 759 2457 deret.
796 2401 1001 2455 Etenim
1044 2406 1221 2468 patres
1258 2397 1497 2452 videntes
1536 2396 1706 2465 ipsum
1750 2405 1946 2449 tantam
1978 2395 2083 2448 vim
2114 2402 2169 2448 et

584 2500 902 2561 potestatem
935 2490 1129 2544 habere
1153 2529 1168 2553 ,
1197 2498 1254 2541 ut
1286 2496 1461 2557 posset
1492 2485 1628 2539 illius
1660 2486 1726 2539 ab
1762 2486 1889 2553 ipsis
1916 2486 2165 2548 avellere,

588 2599 655 2637 ne
674 2598 737 2637 ea
761 2589 1025 2636 tentarent
1045 2596 1162 2649 qum
1185 2578 1298 2633 fieri
1322 2593 1424 2631 non
1449 2585 1711 2647 poterant,
1730 2576 1969 2629 destituri
1996 2584 2168 2630 erant.

592 2673 712 2727 Ideo
744 2672 879 2725 filios
906 2670 1076 2738 solum
1111 2669 1414 2738 alloquitur,
1446 2667 1619 2719 missis
1651 2668 1910 2735 patribus,
1942 2681 2075 2734 quos
2103 2666 2171 2719 ab

586 2762 757 2816 inutili
788 2770 977 2814 conatu
1004 2768 1235 2813 revocat.
1269 2756 1465 2812 Deinde
1494 2771 1559 2811 ne
1586 2757 1658 2810 illi
1692 2756 2090 2826 indignarentur
2116 2763 2171 2809 et

589 2865 729 2919 :rgre
756 2850 988 2911 ferrent,
1019 2848 1140 2902 vide
1168 2862 1273 2917 quo
1317 2861 1614 2901 sermonem
1651 2846 1894 2900 deducat.
1923 2846 2053 2899 Cum
2084 2845 2167 2900 di-

587 2944 756 2993 xisset
778 2940 941 2999 enim,
976 2937 1076 3001 Qui
1102 2953 1201 2989 non
1232 2938 1338 2991 odit
1368 2947 1558 3005 patrem
1583 2947 1630 2989 et
1655 2946 1884 2999 matrem,
1910 2936 2073 2999 addit,
2107 2935 2169 2988 Et

587 3031 811 3082 animant
853 3045 1012 3082 suam.
1051 3027 1184 3095 Quid
1226 3026 1355 3080 mihi
1385 3028 1612 3094 allegas,
1653 3026 1855 3094 inquit,
1890 3036 2167 3091 parentes,

588 3118 801 3183 fratres,
835 3132 1065 3183 sorores,
1104 3117 1357 3171 uxorem?
1386 3115 1523 3169 Nihil
1562 3116 1807 3184 cuiquam
1837 3115 2172 3184 conjunctius

587 3218 671 3263 est
700 3210 872 3262 anima
894 3248 908 3271 ,
940 3217 993 3262 et
1021 3216 1199 3260 tamen
1234 3205 1333 3259 nisi
1372 3220 1489 3259 eam
1524 3205 1647 3258 odio
1676 3204 1922 3259 habueris
1942 3245 1957 3268 ,
1989 3213 2171 3259 contra

589 3313 747 3367 quam
788 3298 913 3351 velit
951 3311 1135 3351 amans
1171 3295 1347 3349 omnia
1390 3295 1597 3348 cedent.
1640 3294 1820 3362 Neque
1862 3295 2173 3363 simpliciter

591 3391 734 3444 illam
761 3390 884 3444 odio
911 3388 1107 3442 habere
1131 3386 1310 3455 jussit,
1341 3385 1434 3440 sed
1464 3386 1533 3439 ita
1565 3393 1623 3438 ut
1650 3384 1715 3439 ad
1747 3385 1879 3439 bella
1913 3385 2170 3449 tradatur,

592 3483 658 3535 ad
699 3494 897 3549 pugnas
917 3519 929 3542 ,
957 3478 1131 3533 caedes
1154 3518 1168 3543 ,
1205 3478 1532 3544 sanguinem.
1576 3474 1712 3528 Nam
1740 3477 1824 3544 qui
1854 3492 1953 3529 non
1980 3476 2172 3546 bajulat

592 3584 789 3623 marem
828 3583 972 3621 suam
994 3607 1008 3632 ,
1038 3576 1083 3619 et
1112 3566 1244 3619 venit
1282 3574 1393 3633 post
1424 3581 1499 3616 me
1523 3606 1537 3629 ,
1568 3580 1667 3617 non
1710 3574 1866 3633 potest
1905 3581 2042 3617 meus
2071 3580 2176 3617 esse

594 3656 891 3724 discipulus.
926 3654 1039 3709 Non
1072 3654 1199 3708 dicit
1230 3655 1420 3716 solum,
1444 3653 1509 3706 ad
1543 3664 1765 3707 mortem
1796 3662 2035 3722 paratum
2057 3667 2176 3707 esse

594 3754 831 3815 oportet;
870 3744 964 3799 sed
1007 3745 1072 3798 ad
1121 3752 1345 3798 mortem
1386 3744 1708 3807 violentam;
1751 3757 1851 3798 nec
1889 3744 2173 3797 violentam

598 3834 789 3899 modo,
823 3836 915 3889 sed
945 3844 1001 3889 ct
1030 3835 1453 3904 ignominiosam.
1482 3834 1728 3904 Nihilque
1756 3835 1927 3888 adhuc
1955 3835 2021 3888 de
2051 3849 2174 3903 pas-

599 3928 749 3980 sione
774 3939 866 3979 sua
896 3916 1155 3993 loquitur,
1188 3933 1244 3977 ut
1273 3926 1324 3977 in
1355 3924 1437 3977 his
1468 3926 1675 3978 interim
1713 3926 1936 3979 instituti
1973 3926 2175 3983 facilius

595 4028 659 4069 ac
688 4014 858 4067 lenius
886 4013 953 4066 de
982 4013 1069 4065 illa
1105 4014 1407 4081 loquentem
1437 4013 1698 4066 audirent.
1732 4015 1921 4068 Annon
1960 4026 2177 4083 stupen-

598 4105 721 4156 dum
743 4113 824 4157 est
847 4103 1052 4156 illormn
1080 4103 1191 4157 haec
1212 4102 1537 4156 audientium
1560 4104 1789 4157 animam
1814 4118 1917 4157 nou
1940 4107 2177 4159 arctasse

600 4210 629 4245 a
656 4208 877 4262 corpore
899 4234 911 4257 ,
939 4208 1058 4245 cum
1096 4193 1165 4245 de
1208 4192 1441 4244 tristibus
1472 4192 1643 4243 solum
1672 4202 1885 4261 agatur,
1920 4194 2176 4248 bonorum

602 4298 732 4338 vero
758 4299 880 4351 spes
906 4294 1105 4337 tantum
1139 4282 1426 4335 offeratur?
1452 4282 1729 4346 Quomodo
1755 4296 1881 4349 ergo
1917 4298 2020 4335 non
2058 4299 2182 4337 avo-

605 4374 771 4425 lavit?
800 4373 958 4425 Multa
991 4380 1103 4424 erat
1133 4371 1356 4423 dicentis
1384 4372 1566 4434 virtus,
1599 4378 1651 4424 et
1678 4369 2003 4425 audientium
2034 4388 2183 4428 amor

608 4465 819 4518 mullus.
860 4463 1080 4529 Ideoque
1109 4463 1262 4530 longe
1293 4464 1501 4515 duriora
1533 4470 1585 4516 et
1621 4462 1930 4515 onerosiora
1960 4464 2181 4517 audien-

605 4565 702 4615 tes,
734 4571 888 4623 quam
918 4553 1087 4621 magni
1118 4554 1187 4604 illi
1222 4553 1315 4605 viri
1346 4552 1552 4622 Moyses
1580 4563 1631 4606 et
1664 4552 1942 4615 Jcretnias,
1978 4554 2185 4609 obtem—

609 4654 873 4713 perantes,
904 4658 999 4697 nec
1030 4655 1381 4712 repugnantes
1412 4644 1713 4696 manebant.
1751 4645 1835 4698 59.
1870 4644 1968 4708 Qui
2000 4646 2182 4700 invenit

607 4737 827 4789 animant
871 4752 1047 4796 suum,
1083 4754 1109 4797 ιπ
1132 4735 1249 4786 ‘ra'ct
1280 4751 1385 4785 eam
1408 4773 1421 4796 ,
1460 4744 1503 4784 ct
1543 4736 1623 4798 qui
1660 4734 1928 4799 perdiderit
1965 4739 2181 4790 animum

605 4845 745 4881 suam
783 4837 980 4894 .-r0ptcr
1012 4844 1105 4885 me,
1142 4826 1349 4876 inveniet
1375 4842 1501 4876 eam.
1534 4824 1719 4876 Viden‘
1745 4835 1989 4892 quautam
2014 4827 2181 4894 jactu-

609 4934 721 4973 t'atn
756 4917 944 4968 faciant
975 4916 1063 4983 qui
1100 4917 1327 4967 animam
1359 4929 1504 4968 suam
1536 4915 1651 4981 plus
1678 4930 1837 4982 quam
1869 4926 2071 4983 oportet
2096 4919 2179 4971 di-

610 5018 769 5082 ligant
793 5014 813 5063 ’ἶ
837 5023 1190 5080 quantumque
1216 5012 1413 5064 lucrum
1441 5026 1622 5063 eorum
1650 5014 1738 5079 qui
1765 5011 2026 5063 oderunt?
2051 5014 2178 5079 Quia

610 5105 750 5157 enim
782 5112 1037 5169 percepta
1065 5115 1287 5155 onerosa
1317 5108 1500 5155 erant:
1533 5116 1654 5153 nam
1680 5111 1863 5154 contra
1899 5112 2141 5167 parentes
2164 5144 2179 5169 ,

611 5196 766 5256 filios,
801 5203 1061 5255 naturam,
1094 5190 1481 5260 cognationem,
1522 5192 1725 5253 orbem,
1768 5191 2037 5259 ipsamque
2066 5192 2180 5244 ani-

612 5302 750 5338 mam
792 5286 957 5337 aciem
1000 5285 1261 5336 instruere
1300 5282 1569 5349 oportebat
1603 5300 1613 5331 :
1650 5282 1925 5334 utilitatem
1968 5280 2179 5349 adjicit,

612 5392 729 5441 qua:
761 5377 987 5427 maxima
1012 5382 1156 5434 certe
1182 5382 1316 5428 erat.
1346 5373 1466 5427 Haec
1485 5414 1499 5438 ,
1530 5375 1729 5441 inquit,
1758 5387 1861 5426 non
1890 5372 2047 5427 modo
2078 5390 2181 5426 non

614 5467 905 5527 nocebunt,
939 5464 1033 5517 sed
1064 5474 1115 5519 et
1149 5466 1379 5518 maxime
1410 5464 1701 5532 juvabunt;
1736 5464 1816 5517 his
1844 5473 2019 5518 autem
2051 5479 2181 5517 con-

612 5558 769 5607 traria
800 5555 1078 5607 nocebunt.
1112 5554 1165 5607 Id
1198 5554 1387 5623 ubique
1414 5553 1532 5607 facit
1557 5595 1570 5618 ,
1600 5555 1665 5607 ab
1697 5556 1757 5607 iis
1783 5569 1899 5621 qum
1928 5552 2182 5622 concupi-

613 5654 786 5709 scunt,
819 5645 1169 5699 inductionem
1204 5657 1368 5715 parat.
1403 5645 1508 5699 Cur
1543 5662 1645 5699 non
1679 5646 1753 5699 vis
1780 5648 2007 5699 animam
2041 5656 2181 5698 tuam

614 5737 882 5806 despicere
898 5738 921 5776 ν
944 5736 1075 5804 Quia
1099 5750 1241 5791 amas
1265 5738 1403 5791 illam
1422 5738 1443 5791 ἲ
1465 5737 1541 5790 0b
1568 5737 1663 5789 hoc
1690 5736 1859 5806 ipsum
1887 5750 2011 5806 ergo
2040 5737 2176 5790 illam

1336 392 1388 447 S.
1419 390 1693 449 JOANNIS
1722 385 2191 447 CllBYSOSTOHi
2226 386 2543 444 ARCHIEP.
2571 389 3099 449 CONSTANTIXOP.

3765 384 3881 445 illi:

2277 500 2521 570 despice,
2554 513 2608 558 et
2651 512 2777 558 tunc
2824 506 2964 559 illam
3009 506 3237 559 maxime
3266 503 3510 575 juvabis,
3551 513 3707 575 teque
3744 522 3873 560 vere

2273 605 2540 647 amantem
2570 596 2971 648 monstraveris.
3004 594 3068 649 Et
3097 594 3221 649 vide
3252 594 3378 648 mihi
3410 596 3747 663 prudentiam
3780 596 3869 648 in-

2273 679 2560 737 eﬂ'abilem.
2616 683 2731 738 Non
2771 684 2910 738 enim
2953 685 3005 738 in
3047 684 3357 753 parentibus
3393 694 3449 740 et
3489 684 3615 738 ﬁliis
3657 694 3869 739 tantum

2275 784 2527 838 moratur,
2555 776 2647 829 sed
2675 778 2725 829 in
2751 777 2926 831 anima
2956 778 3193 831 omnium
3219 776 3518 843 carissima,
3546 785 3602 830 ut
3626 775 3768 846 quod
3794 776 3869 828 de

2274 862 2363 917 illa
2395 863 2554 929 dicit,
2588 864 2938 920 indubitatum
2966 874 3207 931 maneat,
3235 876 3291 920 et
3317 867 3475 920 simul
3502 866 3714 921 discant
3739 867 3869 919 illos

2274 954 2434 1007 etiam
2464 954 2683 1008 multum
2711 956 2840 1009 lucri
2872 965 2921 1009 et
2955 955 3196 1009 utilitatis
3225 954 3350 1010 hinc
3374 966 3689 1025 accepturos
3715 969 3861 1017 esse,

2274 1044 2700 1113 quandoquidem
2758 1047 2885 1100 illud
2933 1048 2985 1101 in
3039 1049 3277 1101 omnium
3332 1048 3719 1116 pretiosissima
3763 1045 3869 1099 sibi

2274 1136 2448 1189 anima
2474 1136 2715 1205 contigit.
3166 1122 3169 1125 I

2348 1226 2446 1291 Qui
2469 1228 2726 1295 apostolos
2745 1228 3038 1295 reciperent,
3061 1238 3251 1297 quanta
3271 1237 3689 1297 consequerentur
3708 1227 3865 1281 bona.

2272 1346 2342 1355 —
2369 1316 2492 1369 llaec
2523 1332 2649 1387 vero
2678 1326 2923 1385 pmeraut
2952 1318 3193 1372 homines
3228 1317 3480 1371 inducere
3510 1318 3575 1371 ad
3613 1317 3735 1372 illos
3778 1333 3869 1372 re—

2273 1404 2545 1474 cipieudos
2572 1408 2659 1475 qui
2690 1407 2790 1461 sibi
2819 1407 2975 1461 saluti
3003 1422 3122 1462 esse
3158 1406 3421 1461 valebant.
3453 1408 3584 1473 Quis
3614 1408 3761 1463 enim
3790 1409 3864 1461 ita

2273 1496 2438 1549 fortes
2465 1506 2815 1566 strenuosque
2841 1497 3003 1563 viros,
3026 1499 3115 1566 qui
3140 1499 3288 1566 quasi
3320 1499 3499 1553 leones
3524 1498 3714 1554 orbem
3736 1514 3866 1567 per-

2271 1585 2587 1649 currebant,
2620 1585 2707 1653 qui
2738 1595 2793 1638 ut
2825 1584 2959 1639 alios
3002 1593 3281 1639 servarent
3317 1602 3410 1638 sua
3454 1588 3630 1640 omnia
3670 1597 3866 1641 conte-

2273 1674 2562 1739 mnebant,
2609 1690 2714 1728 non
2760 1674 2941 1729 libenti
2985 1676 3164 1729 animo
3208 1676 3569 1746 suscepisset?
3610 1678 3867 1732 Attamen

2271 1763 2428 1818 aliam
2458 1765 2601 1833 ponit
2630 1764 2929 1819 mercedem
2955 1804 2970 1829 ,
3002 1764 3293 1819 ostendens
3319 1806 3334 1830 ,
3359 1780 3419 1818 se
3457 1764 3691 1834 h05pitio
3721 1767 3867 1820 reci-

2274 1855 2504 1922 pientem
2528 1895 2543 1920 ,
2572 1870 2727 1922 quam
2754 1863 3027 1922 receptum
3060 1854 3158 1908 hac
3184 1856 3237 1908 in
3264 1871 3323 1910 re
3353 1857 3521 1925 magis
3553 1870 3764 1910 curare.
3799 1857 3869 1910 Et

2272 1945 2501 2013 primum
2531 1947 2744 2015 quidem
2772 1945 2863 1999 dat
2902 1946 3177 2013 praemium
3202 1988 3215 2011 ,
3248 1946 3435 2000 dicens
3462 1963 3476 1999 :
3525 1947 3616 2001 40.
3649 1948 3751 2014 Qui
3776 1964 3861 2001 re-

2270 2036 2393 2103 cipit
2421 2052 2527 2099 vos,
2558 2053 2635 2089 me
2658 2037 2873 2105 recipit;
2901 2045 2947 2088 et
2972 2036 3059 2105 qui
3096 2052 3174 2088 me
3202 2038 3401 2103 recipit,
3428 2037 3605 2105 recipit
3636 2053 3753 2090 eum
3778 2038 3869 2106 qui

2274 2141 2351 2178 me
2377 2126 2527 2177 misit.
2558 2124 2655 2179 Cui
2698 2126 2773 2178 rei
2818 2124 2942 2193 quid
2990 2140 3085 2194 par
3122 2140 3371 2195 umquam
3418 2124 3607 2191 fuerit,
3649 2126 3867 2181 Patrem

2272 2231 2464 2286 nempe
2487 2216 2614 2271 etF
2620 2217 2762 2269 ilium
2805 2216 3086 2285 recipere?
3118 2217 3287 2270 Aliam
3326 2225 3445 2284 post
3481 2217 3619 2273 hanc
3649 2233 3861 2273 merce-

2272 2307 2391 2361 dem
2432 2308 2739 2375 pollicetur;
2776 2322 2895 2360 nain
2926 2307 3041 2359 ait:
3071 2306 3161 2361 ιι.
3208 2305 3309 2371 Qui
3344 2307 3521 2377 recipit
3565 2309 3867 2377 praphctam

2270 2400 2322 2450 in
2346 2398 2547 2451 nomine
2570 2399 2846 2465 prophetia,
2872 2399 3146 2451 mercedem
3172 2400 3435 2467 prophetae
3457 2401 3691 2469 accipiet,
3714 2411 3759 2453 et
3780 2404 3867 2470 qui

2271 2488 2448 2554 recipit
2469 2489 2664 2557 justum
2692 2488 2745 2539 in
2772 2488 2973 2541 nomine
3000 2488 3151 2556 justi,
3180 2490 3455 2543 mercedem
3475 2489 3604 2557 justi
3626 2491 3863 2557 accipiet.

2273 2577 2444 2648 Supra
2492 2593 2704 2648 prunam
2749 2579 3121 2633 interminatur
3156 2579 3220 2633 iis
3257 2580 3345 2647 qui
3387 2595 3491 2633 non
3523 2582 3864 2649 receperint;

2274 2666 2361 2721 hic
2383 2682 2508 2722 vero
2532 2668 2792 2721 bonorum
2815 2668 3141 2737 largitionem
3162 2668 3368 2723 definit.
3396 2669 3462 2726 Ut
3488 2677 3669 2725 autem
3689 2671 3867 2725 discas

2274 2755 2418 2810 illum
2449 2755 2545 2811 hos
2574 2757 2804 2813 maxime
2831 2772 3019 2811 curare
3040 2799 3055 2823 ,
3085 2774 3190 2813 non
3222 2758 3359 2812 dixit
3386 2769 3586 2814 tantum
3607 2800 3623 2824 ,
3660 2761 3761 2826 Qui
3788 2779 3870 2814 re-

2272 2848 2392 2916 cipit
2419 2847 2741 2916 proplietam,
2772 2848 2854 2902 vel
2876 2888 2889 2911 ,
2924 2847 3023 2912 Qui
3064 2850 3240 2919 recipit
3258 2851 3459 2916 justum
3480 2890 3495 2915 ,
3524 2850 3618 2905 sed
3646 2850 3862 2919 adjicit,

2273 2936 2340 2989 In
2371 2939 2571 2992 nomine
2606 2941 2895 3007 propheta.
2925 2946 3009 3003 et,
3043 2938 3107 2992 ln
3135 2940 3336 2993 nomine
3368 2942 3541 3012 justi;
3578 2940 3631 2995 id
3670 2951 3787 3009 est,
3817 2946 3863 2996 si

2276 3044 2381 3085 non
2429 3040 2644 3099 propter
2687 3030 2941 3085 smculare
2986 3032 3371 3100 patrocinium,
3412 3032 3497 3086 vel
3539 3033 3863 3087 caducarum

2277 3136 2455 3175 rerum
2480 3135 2659 3185 causa,
2692 3122 3017 3189 susceperit;
3049 3121 3140 3177 sed
3168 3122 3289 3191 quia
3318 3120 3597 3191 propheta,
3629 3122 3713 3177 vel
3743 3124 3865 3193 quia
3932 3118 3939 3125 '

2272 3211 2449 3279 justus
2477 3219 2580 3277 est,
2609 3212 2911 3267 mercedem
2942 3214 3212 3283 prophetae
3237 3214 3322 3267 vel
3349 3214 3478 3283 justi
3506 3216 3755 3285 accipiet,
3784 3216 3867 3271 vel

2276 3316 2432 3368 quam
2460 3316 2557 3372 par
2576 3312 2658 3356 est
2684 3304 2929 3371 accipere
2954 3319 3072 3358 eum
3099 3305 3185 3373 qui
3214 3304 3297 3359 vel
3332 3305 3644 3373 prophetam
3672 3308 3755 3361 vel
3778 3308 3867 3376 ju-

2276 3402 2414 3445 stum
2441 3393 2721 3461 receperit,
2748 3393 2832 3447 vel
2856 3394 3065 3460 qualem
3090 3394 3345 3461 propheta
3369 3395 3452 3447 vel
3474 3395 3656 3462 justus
3677 3410 3869 3450 conse-

2277 3484 2474 3552 quitur.
2499 3484 2650 3547 Quod
2682 3491 2736 3538 et
2762 3484 2955 3538 Paulus
2979 3483 3225 3539 dicebat:
3265 3483 3439 3539 Vestra
3464 3485 3778 3539 abundantia
3800 3487 3869 3538 ad

2279 3573 2482 3625 illorum
2507 3573 2765 3639 inopiam,
2795 3583 2851 3624 ut
2888 3572 3095 3625 illorum
3132 3575 3442 3627 abundantia
3466 3578 3529 3628 sit
3559 3577 3627 3627 ad
3652 3586 3866 3628 vestram

2279 3663 2502 3731 inopiam
2531 3662 2605 3733 (2.
2642 3660 2761 3717 Cor.
2791 3661 2845 3717 8.
2878 3664 2989 3730 M).
3022 3663 3221 3719 Deinde
3247 3679 3315 3719 ne
3342 3666 3462 3735 quis
3499 3674 3867 3735 paupertatem

2280 3753 2623 3816 obtenderet,
2653 3752 2727 3805 ait
2753 3769 2767 3803 :
2796 3751 2885 3806 42.
2918 3752 3229 3822 Quicumque
3260 3766 3435 3823 potum
3464 3756 3661 3812 dederit
3688 3759 3778 3810 uni
3805 3774 3868 3811 es

2280 3844 2497 3896 minimis
2536 3843 2645 3896 istis
2679 3843 2883 3895 calicem
2923 3860 3069 3911 aqua:
3106 3846 3308 3915 frigidm
3348 3856 3543 3899 tantum
3580 3848 3635 3899 in
3668 3850 3870 3902 nomine

2281 3933 2539 4001 discipuli,
2572 3945 2717 3986 amen
2746 3932 2858 3985 dico
2885 3932 3041 3997 vobis,
3074 3950 3174 3986 non
3202 3936 3372 4002 perdet
3398 3937 3675 3991 mercedem
3697 3938 3864 3993 sum.
3899 3982 3912 3995 .

2285 4022 2501 4076 Etiamsi
2525 4021 2603 4075 vel
2630 4030 2813 4090 potum
2840 4035 2989 4089 aquae
3016 4018 3221 4089 frigidae
3251 4021 3485 4089 dederis,
3514 4025 3566 4078 in
3593 4040 3701 4094 quo
3725 4025 3867 4080 nulla

2284 4112 2519 4179 impensa
2560 4120 2636 4165 est
2660 4150 2675 4175 ,
2717 4110 2816 4163 erit
2858 4110 2948 4163 tibi
2992 4110 3222 4179 reposita
3262 4127 3489 4168 merces.
3522 4113 3749 4185 Propter
3773 4130 3869 4170 vos

2284 4204 2447 4267 enim,
2471 4203 2561 4270 qui
2588 4202 2838 4270 recipitis,
2862 4204 3037 4256 omnia
3065 4200 3225 4258 facio.

2357 4294 2409 4346 3.
2458 4291 2697 4346 V’idistin‘
2744 4291 3057 4361 quibusnam
3102 4293 3169 4347 ad
3225 4292 3658 4362 persuadendum
3702 4310 3864 4359 usus,

2287 4381 2561 4435 universas
2610 4382 2713 4435 illis
2760 4382 2908 4435 orbis
2951 4381 3139 4436 domos
3186 4387 3495 4452 aperuerit?
3542 4386 3646 4441 Per
3691 4388 3867 4441 omnia

2286 4471 2479 4539 quippe
2508 4472 2737 4525 ostendit
2765 4486 2948 4526 omnes
2989 4472 3120 4541 ipsis
3156 4486 3276 4526 esse
3312 4473 3582 4529 debitores
3615 4492 3629 4527 :
3661 4476 3863 4545 primo,

2290 4576 2407 4614 cum
2436 4561 2565 4631 dixit
2594 4581 2607 4615 :
2641 4560 2836 4630 Dignus
2868 4571 2936 4615 est
2974 4565 3236 4631 operarius
3274 4565 3497 4616 mercede
3521 4580 3618 4617 sua
3645 4564 3863 4632 (Matth.

2295 4650 2375 4705 lO.
2407 4651 2513 4720 l0);
2546 4652 2777 4705 secundo
2797 4693 2812 4717 ,
2837 4651 2972 4720 quod
3003 4652 3129 4705 nihil
3154 4652 3411 4706 habentes
3441 4663 3493 4707 et
3520 4668 3719 4708 vacuos
3746 4658 3866 4708 mit-

2290 4752 2361 4795 tat
2388 4759 2401 4803 ;
2434 4744 2607 4807 tertio,
2632 4741 2770 4805 quod
2799 4742 2860 4793 ad
2885 4743 3015 4795 bella
3041 4752 3093 4796 et
3118 4758 3313 4811 pugnas
3339 4760 3433 4811 pro
3454 4744 3869 4811 suscipientibus

2288 4832 2490 4893 mittat;
2520 4841 2726 4899 quarto,
2756 4838 2895 4899 quod
2924 4832 3069 4899 signa
3100 4831 3353 4899 o,ier:,ndi
3385 4831 3473 4886 det
3510 4840 3864 4899 potestatem;

2288 4921 2501 4989 quinto,
2526 4921 2662 4989 quod
2694 4936 2906 4989 pacein,
2942 4923 3199 4974 bonorum
3232 4923 3464 4974 ominum
3494 4935 3743 4987 causam,
3777 4938 3866 4991 per

2288 5023 2348 5064 os
2384 5027 2571 5066 eorum
2618 5012 2668 5065 in
2712 5012 2901 5065 domos
2943 5011 3344 5080 suscipiendum
3390 5012 3643 5078 inducat;
3686 5024 3865 5081 sexto,

2288 5103 2428 5172 quod
2466 5106 2705 5172 graviora
2751 5103 3089 5157 Sodomiticis
3127 5086 3500 5158 interminetur
3541 5105 3605 5159 iis
3639 5104 3728 5173 qui
3766 5120 3865 5157 non

2291 5195 2431 5260 ipsos
2460 5193 2787 5261 susceperint
2812 5210 2825 5256 ;
2860 5195 3105 5260 septimo,
3138 5194 3277 5263 quod
3309 5195 3574 5255 ostendat.
3604 5196 3697 5264 qui
3727 5195 3869 5264 ipsos

2288 5284 2614 5351 suscipiunt,
2646 5293 2699 5337 et
2725 5299 2784 5337 se
2819 5292 2873 5335 et
2907 5283 3113 5337 Patrem
3143 5285 3446 5352 suscipere;
3477 5294 3699 5350 octavo,
3730 5285 3864 5353 quod

2289 5375 2559 5443 prophcue
2588 5384 2639 5429 et
2672 5374 2797 5443 justi
2836 5374 3132 5428 mercedem
3173 5376 3483 5444 promittat;
3514 5389 3659 5429 nono
3681 5416 3696 5439 ,
3727 5377 3865 5444 quod

2287 5465 2441 5522 calici
2466 5480 2613 5533 aqua:
2642 5464 2840 5533 frigidm
2871 5480 3115 5534 magnam
3144 5466 3379 5534 assignat
3410 5464 3735 5519 mercedem.
3765 5464 3864 5518 Ilo-

2292 5570 2406 5607 rum
2434 5553 2843 5621 unumquodque
2873 5562 3079 5620 poterat
3100 5554 3218 5607 illos
3241 5553 3525 5608 attrahere.
3554 5555 3683 5621 Quis
3705 5554 3857 5615 enim,

2291 5660 2472 5712 qumso
2492 5686 2505 5709 ,
2537 5645 2722 5698 ducem
2759 5645 2944 5698 videns
2982 5646 3127 5700 mille
3152 5645 3784 5699 vulneribusconfossum
3807 5652 3856 5698 et

2293 5742 2643 5799 cruentatum,
2673 5748 2734 5787 ac
2762 5745 2876 5803 post
2903 5734 3063 5789 multa
3092 5742 3287 5804 tropica
3310 5748 3373 5789 ex
3399 5733 3536 5791 bello
3560 5733 3858 5787 redeuutem
