4104 6308
253 309 358 370 ιω

247 425 426 496 januis
451 421 643 478 domus
669 418 917 476 omnibus
942 415 1142 487 apertis
1173 426 1277 468 non
1307 411 1609 480 receperit?
1638 409 1702 463 Et
1727 406 1846 476 quis

251 517 338 572 ille
371 515 534 571 talis!
567 512 795 584 inquies.
825 509 948 565 Ideo
973 506 1168 577 adjecit
1187 546 1202 570 ,
1232 505 1298 558 In
1320 505 1522 558 nomine
1547 503 1807 572 prop/tela!
1827 541 1842 562 ,

253 607 336 663 vel
363 606 627 675 discipuli,
658 603 742 658 vel
769 597 924 674 justi,
954 611 1012 655 ut
1038 600 1215 653 discas
1244 599 1417 667 ipsum
1451 609 1556 649 non
1584 610 1650 650 ex
1675 593 1849 661 digni-

252 707 362 752 tate
389 696 726 760 aecedentis,
757 693 853 750 sed
881 709 948 749 ex
974 691 1248 746 voluntate
1276 685 1620 756 suscipientis
1657 684 1842 752 hospi«

249 789 350 854 tio,
374 785 676 843 mercedem
705 793 960 840 statuere.
990 781 1123 837 Nam
1148 780 1233 834 hic
1257 778 1325 834 de
1354 775 1651 847 prophetis,
1681 773 1749 828 de
1775 772 1843 826 di-

245 879 470 948 scipulis
504 885 559 932 et
591 876 661 932 de
693 876 852 945 justis
876 875 1018 944 agit;
1048 871 1174 926 alibi
1201 884 1329 925 vero
1358 868 1520 922 etiam
1550 863 1839 919 admodum

245 968 490 1038 sbjeetos
528 968 804 1036 suscipere
838 963 1021 1034 jubet,
1053 974 1255 1030 eosque
1288 957 1378 1027 qui
1411 970 1518 1010 non
1547 952 1844 1022 suscipiunt

243 1057 470 1128 castigat
493 1074 508 1112 :
541 1070 665 1110 nam
691 1053 758 1109 In
777 1062 1022 1125 quantum
1047 1067 1149 1103 non
1173 1049 1363 1117 fecistis
1387 1047 1477 1100 uni
1501 1060 1566 1099 ea:
1589 1043 1670 1096 Itis
1694 1042 1844 1095 mini-

243 1147 367 1213 mis,
395 1162 550 1214 neque
573 1145 700 1200 mihi
723 1144 912 1212 fecistis
933 1141 1145 1213 (ﬂatur.
1172 1138 1265 1194 25.
1289 1137 1420 1207 b5);
1447 1144 1503 1190 et
1522 1150 1553 1191 e
1573 1133 1842 1189 contrario

243 1251 481 1291 rursum.
515 1234 738 1290 Etiamsi
765 1235 909 1288 enim
935 1232 1027 1286 ille
1055 1229 1187 1285 nihil
1214 1227 1417 1299 grande
1441 1225 1644 1288 fecerit,
1678 1225 1842 1279 homo

242 1339 427 1384 tamen
457 1337 540 1383 est
567 1337 620 1382 et
651 1325 907 1382 mundum
931 1321 1178 1379 eumdem
1204 1320 1426 1385 habitat,
1453 1318 1702 1374 eumdem
1750 1331 1839 1371 so-

241 1416 352 1474 lem
377 1417 614 1487 respicit,
636 1415 882 1471 eamdem
912 1414 1068 1468 habet
1097 1412 1354 1476 animam,
1378 1408 1628 1465 eumdem
1657 1406 1840 1461 Domi-

241 1525 396 1576 num,
426 1509 736 1565 eorumdcm
777 1516 950 1562 tecum
977 1504 1359 1575 mysteriorum
1391 1515 1613 1556 consors
1638 1507 1743 1562 est,
1769 1497 1837 1552 ad

240 1600 388 1656 idem
417 1600 604 1656 caelum
634 1607 880 1664 vocatur,
917 1597 1007 1666 jus
1041 1594 1244 1665 grande
1283 1591 1486 1646 habens
1506 1631 1521 1654 ,
1550 1597 1838 1659 pauperta-

240 1703 350 1748 tem
375 1733 392 1760 ,
421 1701 477 1748 et
501 1690 644 1760 quod
677 1687 982 1745 necessario
1009 1687 1131 1742 cibo
1154 1693 1330 1756 egeat.
1359 1683 1511 1738 Nunc
1536 1690 1714 1738 autem
1742 1680 1834 1750 qui

238 1790 293 1836 te
317 1795 440 1835 cum
469 1780 613 1834 tibiis
641 1787 698 1834 et
735 1778 926 1833 ﬁstulis
958 1777 1166 1848 hyemis
1204 1786 1448 1844 tempore
1481 1773 1754 1834 excitant,
1781 1778 1838 1824 et

236 1871 440 1926 frustra
473 1881 783 1939 temereque
821 1870 914 1924 tibi
953 1866 1253 1922 molestiam
1281 1871 1504 1927 creant,
1536 1862 1718 1918 multis
1755 1871 1836 1914 ta-

236 1977 364 2016 men
390 1976 421 2015 a
449 1970 501 2016 te
525 1961 700 2015 ornati
727 1959 1038 2015 muneribus
1073 1957 1368 2021 recedunt;
1394 1963 1451 2010 et
1474 1955 1564 2024 qui
1594 1951 1835 2006 hirundi-

235 2065 337 2105 nes
361 2051 776 2116 circumierunt,
807 2047 1029 2119 fuligine
1056 2047 1269 2102 obducti
1294 2087 1310 2113 ,
1338 2046 1428 2116 qui
1455 2051 1748 2100 scommata
1778 2051 1836 2097 et

168 2203 177 2211 ,
234 2140 520 2196 maledicta
559 2143 614 2195 lu
653 2153 842 2196 omnes
880 2138 1206 2208 conjiciunt,
1253 2145 1575 2208 portentosa:
1603 2148 1834 2191 consue-

234 2232 436 2288 tudinis
474 2231 778 2288 mercedem
819 2231 1104 2298 accipiunt.
1153 2229 1210 2285 Si
1253 2244 1381 2284 vero
1424 2242 1628 2298 pauper
1665 2241 1831 2297 egens

236 2338 375 2394 pane
399 2323 640 2388 accedat,
670 2322 816 2378 mille
845 2321 993 2376 illum
1024 2320 1342 2384 maledictis,
1375 2318 1699 2389 opprobriis,
1725 2319 1831 2372 cri-

232 2414 471 2468 minibus
508 2427 736 2478 oneras,
772 2413 1094 2467 otiositatem
1139 2412 1468 2482 exprobras,
1499 2424 1600 2464 nec
1627 2410 1830 2478 cogitas

233 2514 288 2559 te
312 2518 528 2574 quoque
556 2504 788 2558 otiosum
814 2517 955 2569 esse,
987 2511 1044 2558 et
1079 2513 1254 2557 tamen
1285 2503 1451 2557 Deum
1483 2502 1575 2556 tibi
1605 2515 1827 2555 munera

231 2603 290 2650 ct
325 2594 468 2650 dona
508 2594 770 2666 praebere.
811 2593 889 2649 Ne
925 2593 1059 2648 mihi
1096 2594 1239 2647 enim
1277 2594 1511 2658 dixeris,
1547 2602 1600 2648 te
1627 2593 1827 2661 aliquid

230 2686 481 2754 operari;
512 2685 606 2740 sed
636 2685 765 2739 mihi
791 2685 1119 2748 demonstra,
1153 2691 1205 2737 te
1236 2683 1432 2752 aliquid
1464 2685 1828 2737 necessarium

231 2775 413 2831 facere
439 2786 494 2831 et
519 2784 771 2831 tractare.
804 2774 899 2830 Sin
939 2773 1068 2829 mihi
1099 2774 1301 2829 dixeris
1333 2783 1383 2828 te
1413 2776 1628 2842 negotia
1662 2789 1826 2843 pecu-

229 2865 401 2920 niaria
427 2875 482 2921 et
508 2865 887 2935 caupouariam
912 2879 1186 2927 exercere,
1216 2878 1421 2917 necnon
1463 2863 1698 2917 studium
1729 2856 1826 2917 cu-

227 2957 416 3012 raedae
438 2967 492 3012 et
516 2957 772 3025 augendae
796 2957 872 3010 rei
903 2954 1199 3021 familiaris,
1231 2955 1566 3025 respondebo
1593 2956 1686 3010 tibi
1713 2956 1827 3011 hzec

228 3061 341 3102 non
369 3062 490 3102 esse
516 3061 679 3114 Opera
697 3087 712 3110 ,
740 3045 834 3100 sed
862 3060 987 3101 vere
1021 3040 1184 3115 opem
1222 3060 1342 3100 esse
1387 3045 1786 3118 eleemosynam
1809 3087 1824 3111 ,

225 3140 528 3194 orationem
553 3180 568 3205 ,
601 3138 849 3192 laesorum
881 3137 1233 3206 patrocinium
1260 3144 1315 3191 et
1343 3134 1534 3190 similia
1556 3177 1570 3200 ,
1600 3135 1651 3189 in
1679 3151 1829 3204 quo-

227 3247 352 3285 rum
390 3230 591 3284 incuria
621 3230 780 3283 vitam
825 3237 1085 3298 perpetuo
1119 3228 1346 3297 agimus.
1383 3227 1636 3281 Attamen
1669 3243 1828 3282 num-

226 3335 390 3388 quam
413 3319 548 3372 dixit
565 3318 728 3372 nobis
755 3319 912 3383 Deus,
936 3319 1068 3385 Quia
1097 3320 1150 3371 in
1173 3318 1282 3372 otio
1307 3317 1479 3387 degis,
1509 3331 1614 3371 non
1636 3331 1828 3372 accen-

225 3412 355 3464 dam
383 3409 474 3463 tibi
501 3409 701 3473 solem;
732 3408 858 3490 quia
887 3423 956 3464 ex
990 3407 1309 3462 necessariis
1334 3406 1466 3461 nihil
1493 3407 1822 3476 exsequeris,

226 3503 410 3556 limam
456 3501 550 3555 tibi
594 3501 963 3570 exstinguam,
991 3508 1149 3554 terrae
1186 3507 1397 3553 uterum
1435 3497 1670 3553 sterilem
1700 3498 1828 3554 red-

227 3593 376 3658 dam,
405 3591 650 3647 retinebo
677 3602 883 3662 stagna,
911 3591 1108 3656 fontes,
1137 3591 1375 3656 ﬂuuiina,
1404 3591 1596 3644 delebo
1621 3607 1821 3655 aerem,

229 3684 440 3754 pluvias
483 3696 686 3735 annuas
732 3681 985 3736 detinebo
1027 3698 1041 3733 :
1082 3696 1268 3733 verum
1313 3680 1492 3734 omnia
1537 3680 1626 3736 ille
1675 3681 1828 3735 nobis

228 3773 567 3827 abundanter
604 3772 926 3841 suppeditat.
959 3771 1288 3837 Quibusdam
1328 3783 1459 3824 vero
1501 3786 1606 3823 non
1654 3772 1826 3825 solum

230 3865 283 3917 iu
311 3864 425 3916 otio
447 3861 788 3931 degentibus,
816 3860 910 3915 sed
944 3861 1104 3914 etiam
1144 3859 1286 3915 male
1314 3859 1681 3929 operantibus,
1713 3859 1828 3916 haec

227 3954 431 4009 ail’atim
461 3953 706 4023 largitur.
742 3952 877 4008 Cum
922 3952 1082 4022 igitur
1124 3967 1412 4022 pauperem
1442 3953 1640 4008 videris
1674 3953 1827 4009 dixe-

228 4046 450 4114 risque,
485 4043 787 4108 Praefocor,
824 4058 946 4097 cum
987 4043 1144 4098 video
1184 4042 1326 4096 hunc
1358 4043 1611 4111 juvenem
1637 4082 1652 4108 ,
1693 4043 1829 4097 bene

227 4136 530 4201 valentem,
563 4133 693 4188 nihil
735 4133 1055 4200 habentem,
1083 4133 1221 4188 velle
1249 4133 1422 4187 otioso
1447 4133 1547 4188 sibi
1573 4133 1828 4188 alimenta

227 4225 558 4296 suppeditari
578 4241 593 4289 ;
621 4224 756 4278 forte
774 4237 964 4279 servus
985 4223 1235 4294 fugitivus
1253 4233 1335 4278 est
1353 4224 1440 4294 qui
1461 4223 1648 4278 herum
1673 4238 1826 4277 suum

229 4316 450 4385 reliquit
478 4333 490 4368 :
521 4316 635 4368 haec
666 4315 777 4383 ipsa
807 4314 898 4368 tibi
921 4315 1083 4368 dicito
1108 4355 1123 4380 ,
1148 4314 1257 4368 imo
1283 4313 1349 4367 da
1379 4314 1452 4368 illi
1479 4313 1594 4368 hzec
1618 4314 1713 4368 tibi
1743 4313 1828 4367 di-

227 4407 387 4461 cendi
415 4407 735 4470 libertatem,
753 4406 1056 4475 justiusque
1079 4407 1219 4459 dicet
1241 4406 1331 4460 tibi
1360 4405 1678 4468 :Prmfocor,
1705 4420 1827 4459 eum

228 4501 389 4556 \ideo
410 4509 482 4565 te,
505 4493 812 4555 sanus'eum
838 4499 933 4563 sis,
957 4499 1009 4552 in
1037 4499 1145 4551 otio
1169 4498 1385 4567 degere,
1415 4512 1513 4550 nec
1541 4497 1828 4567 quidquam

228 4608 419 4648 eorum
449 4607 569 4660 quae
597 4591 689 4646 tibi
724 4591 863 4644 Deus
894 4591 1145 4660 praecepit
1171 4589 1411 4657 exsequi,
1442 4589 1535 4644 sed
1561 4605 1590 4641 a
1622 4589 1828 4643 Domini

233 4683 518 4753 praeceptis
555 4682 830 4750 fugitivum
869 4681 1152 4735 circumire
1189 4681 1241 4733 in
1284 4680 1549 4749 nequitia,
1582 4681 1729 4748 quasi
1774 4680 1826 4734 in

232 4774 408 4827 aliena
437 4783 577 4827 terra
605 4774 765 4825 vitam
796 4781 1062 4840 agentem,
1090 4771 1385 4834 ebriosum,
1418 4771 1651 4840 crapula:
1677 4770 1830 4825 dedi-

233 4872 372 4925 tum,
405 4864 594 4923 furem.
626 4873 914 4932 raptorem,
946 4863 1146 4916 alienas
1183 4861 1583 4916 subvertentem
1615 4863 1824 4918 domos.

233 4953 315 5010 Tu
353 4968 442 5008 me
467 4954 536 5009 de
560 4954 670 5008 otio
697 4968 952 5018 accusas,
994 4968 1094 5024 rgo
1133 4964 1183 5008 te
1222 4952 1288 5008 de
1325 4954 1501 5022 pravis
1538 4954 1824 5023 operibus,

233 5043 450 5115 quando
473 5043 762 5109 iusidiaris,
781 5046 951 5113 juras,
975 5044 1236 5109 mentiris,
1256 5044 1418 5112 rapis,
1443 5045 1828 5115 iunumeraque

237 5136 605 5208 hujuscemodi
639 5139 900 5206 operaris.

307 5232 362 5283 ὅ.
403 5228 740 5296 Eleanosyna
772 5228 1053 5298 eroganda.
1094 5227 1252 5281 Vana:
1278 5229 1596 5282 causationes
1647 5230 1826 5283 redar-

237 5320 689 5393 φαίνεται-Παῖς
711 5336 889 5375 autem
910 5321 1032 5375 dico
1050 5335 1154 5374 non
1174 5321 1316 5390 quod
1335 5322 1535 5374 otiosos
1560 5322 1676 5390 lege
1700 5336 1830 5375 cou-

240 5418 450 5470 lirmem
478 5431 491 5467 :
518 5413 690 5477 absit;
721 5428 912 5468 omnes
942 5414 1138 5482 quippe
1168 5413 1380 5482 operari
1407 5415 1597 5482 cupio:
1626 5414 1829 5467 desidia

239 5507 389 5563 enim
429 5520 592 5559 omne
631 5504 814 5559 vitium
845 5505 1068 5568 edocet;
1103 5504 1196 5558 sed
1227 5520 1358 5574 rogo
1389 5520 1453 5558 ne
1485 5505 1604 5558 duri
1637 5505 1719 5558 vel
1751 5504 1834 5558 in-

237 5597 458 5652 humani
496 5598 633 5652 sitis.
665 5596 1102 5666 Quandoquidem
1151 5596 1346 5649 Paulus
1390 5596 1554 5649 multa
1600 5610 1834 5664 conque-

236 5699 387 5750 stus.
427 5703 549 5743 cum
609 5688 868 5756 dixisset,
919 5688 977 5744 Si
1017 5687 1126 5759 quis
1168 5705 1267 5742 non
1314 5688 1412 5741 vult
1457 5687 1695 5758 operari,
1739 5704 1827 5743 nec

1184 298 1249 354 IN
1287 291 1696 353 ΜΑΠΙΙΑΕΙΙΜ
1737 291 1968 348 ΗΟΜΙῐρ.
2013 289 2233 348 XXXV.
2277 295 2348 350 al.
2391 292 2635 351 XXXVI.

3461 301 3567 356 MO

1962 406 2234 461 rttanducet
2282 406 2358 479 (2.
2409 405 2592 462 Thess.
2634 407 2687 462 5.
2733 406 2988 474 i0):non
3032 407 3120 462 hic
3162 407 3320 466 linem
3349 409 3560 465 dicendi

1959 500 2117 564 fecit,
2168 499 2263 554 sed
2309 499 2543 567 adjecit:
2589 497 2687 552 Vos
2729 507 2900 551 autent
2937 515 3040 554 non
3081 499 3331 567 deﬁciatis
3372 500 3557 555 bonum

1957 589 2200 658 facientes
2231 587 2394 658 (Ibid.
2424 605 2473 642 υ.
2513 588 2627 659 15).
2678 589 2837 660 Atqui
2872 589 2988 643 haec
3014 590 3286 644 contraria
3312 601 3458 646 sunt.
3496 590 3556 646 Si

1954 679 2098 733 enim
2131 679 2432 748 praicepisti
2459 687 2525 733 ne
2552 681 2838 734 comedam
2860 679 3044 744 otiosi,
3071 694 3167 734 cur
3195 693 3296 735 nos
3324 681 3391 735 ad
3415 684 3554 737 dau-

1952 771 2080 826 dum
2126 770 2399 826 hortaris?
2439 771 2652 838 Etiam,
2685 772 2890 843 inquit,
2933 772 3071 841 jussi
3117 772 3239 828 illos
3278 753 3552 839 aversari,

1953 877 2054 918 nec
2080 878 2141 917 se
2168 864 2395 919 miseere
2434 878 2558 919 cum
2602 864 2733 928 illis,
2780 879 3103 933 rursumque
3131 865 3280 930 dixi,
3312 863 3396 918 Ne
3438 867 3554 920 illos

1949 955 2182 1009 inimicos
2201 956 2390 1025 putetis
2406 995 2423 1022 ,
2449 955 2538 1008 sed
2562 955 2826 1009 admonete
2856 953 2906 1024 (1
2912 955 3090 1009 bid..v.
3115 957 3203 1025 l5)
3239 973 3250 1008 :
3289 972 3397 1010 non
3423 971 3553 1012 con-

1951 1045 2114 1098 traria
2143 1045 2462 1115 praecipiens
2480 1085 2496 1111 ,
2522 1043 2618 1098 sed
2644 1042 2934 1098 admodum
2963 1058 3221 1098 consona.
3253 1044 3388 1100 Nam
3421 1045 3464 1099 si
3494 1053 3552 1099 tu

1950 1137 2017 1191 ad
2061 1137 2462 1208 eleemosynam
2509 1138 2836 1208 erogandam
2878 1138 2954 1191 sis
2983 1137 3240 1207 paratus,
3275 1139 3384 1192 cito
3414 1152 3548 1207 pau-

1948 1245 2046 1300 per
2074 1230 2164 1284 ille
2188 1229 2256 1284 ab
2281 1231 2393 1285 otio
2419 1229 2688 1295 discedet,
2723 1239 2778 1285 et
2814 1239 2869 1284 tu
2906 1230 2975 1284 ab
3018 1229 3429 1284 inhumanitate.
3477 1230 3552 1283 At

1946 1320 2224 1385 mentitur,
2248 1319 2478 1390 inquies,
2505 1330 2561 1375 et
2585 1320 2750 1374 multa
2772 1319 3050 1388 contingit.
3069 1318 3175 1373 Sed
3202 1318 3328 1374 hinc
3347 1319 3543 1390 dignus

1946 1408 2316 1464 misericordia
2358 1417 2471 1476 est,
2520 1408 2663 1478 quod
2689 1408 2755 1463 ad
2788 1416 2991 1462 tantam
3021 1409 3272 1462 redactus
3311 1408 3381 1463 sit
3419 1423 3547 1478 cge-

1943 1509 2169 1564 statem,
2199 1509 2255 1554 ut
2285 1500 2626 1569 impudenter
2663 1513 2823 1570 agere
2865 1506 3109 1568 cogatur.
3143 1496 3252 1552 Nos
3277 1513 3408 1552 vero
3435 1512 3544 1552 non

1941 1590 2106 1645 modo
2135 1605 2243 1645 non
2277 1591 2646 1645 misericordia
2679 1604 2979 1654 movemur,
3022 1589 3121 1645 sed
3156 1598 3212 1644 et
3253 1590 3546 1646 inhumana

1944 1683 2028 1736 illa
2055 1681 2218 1738 verba
2246 1683 2590 1752 proferimus,
2617 1682 2861 1738 dicentes
2886 1700 2900 1736 :
2933 1684 3129 1739 Annon
3175 1683 3344 1737 semel
3375 1692 3430 1738 et
3459 1683 3544 1737 bis

1939 1773 2235 1842 accepisti?
2277 1773 2414 1841 Quid
2442 1774 2635 1844 igitur?
2677 1789 2854 1829 annon
2896 1784 3020 1846 eget
3061 1775 3185 1830 cibo
3228 1775 3422 1830 iterum
3450 1776 3543 1846 qui

1939 1865 2108 1919 semel
2156 1865 2334 1920 cibum
2377 1865 2626 1936 accepit?
2673 1865 2785 1921 Cur
2829 1881 2952 1944 non.
2978 1867 3152 1922 ventri
3200 1881 3415 1936 quoque
3445 1875 3540 1920 tuo

1941 1955 2103 2011 hasce
2129 1957 2284 2025 ponis
2309 1958 2454 2028 leges
2475 1998 2490 2024 ,
2524 1972 2625 2013 nec
2653 1957 2788 2013 dicis
2811 1974 2826 2010 :
2853 1958 3112 2027 Repletus
3143 1957 3284 2012 fuisti
3327 1958 3439 2012 heri
3484 1966 3542 2014 et

1939 2051 2136 2106 nudius
2161 2051 2369 2116 tertius,
2403 2068 2472 2106 ne
2495 2066 2707 2122 qumras
2735 2051 3003 2122 amplius?
3044 2049 3156 2105 imo
3191 2051 3340 2105 illum
3374 2066 3538 2120 supra

1936 2155 2244 2195 mensuram
2295 2141 2555 2210 replendo
2602 2141 2896 2210 dirumpis,
2951 2142 3094 2196 hunc
3146 2156 3276 2196 vero
3325 2142 3536 2196 modica

1939 2241 2208 2301 petentem
2245 2234 2535 2300 aversaris,
2572 2248 2695 2288 cum
2727 2248 2824 2303 par
2851 2242 2996 2288 esset
3023 2233 3142 2302 ejus
3170 2233 3256 2287 vel
3285 2231 3389 2287 hoc
3419 2233 3538 2301 ipso

1935 2325 2214 2390 misereri,
2263 2324 2404 2393 quod
2431 2323 2670 2393 quotidie
2709 2333 2764 2379 te
2810 2332 3034 2394 cogatur
3085 2323 3256 2378 adire.
3311 2323 3537 2379 Etiamsi

1936 2432 2044 2470 uon
2080 2415 2297 2469 aliunde
2329 2413 2593 2478 nectaris,
2629 2414 2754 2468 ideo
2785 2413 2929 2468 illius
2955 2422 3008 2467 te
3038 2414 3282 2468 misereri
3312 2422 3535 2481 oporte-

1935 2515 2036 2562 ret.
2079 2505 2418 2575 Paupertatis
2460 2506 2604 2559 enim
2649 2503 2950 2558 necessitas
2989 2503 3044 2557 vi
3082 2501 3148 2557 ad
3178 2503 3295 2557 lucc
3324 2502 3533 2572 agenda

1935 2596 2179 2665 impellit.
2227 2594 2414 2664 Neque
2459 2594 2735 2648 miseraris
2782 2594 2957 2662 ipsum
3001 2593 3124 2664 quia
3156 2593 3279 2647 talia
3309 2593 3534 2647 audiens

1933 2699 2042 2738 non
2071 2684 2378 2747 erubescit;
2429 2685 2727 2738 necessitas
2766 2683 2912 2737 enim
2961 2683 3238 2751 prmvalet.
3288 2681 3370 2736 Tu
3404 2697 3535 2735 vero

1933 2787 2039 2826 non
2081 2771 2245 2828 modo
2278 2787 2386 2826 non
2423 2772 2729 2836 miseraris;
2758 2771 2854 2827 sed
2881 2772 3046 2827 etiam
3073 2771 3308 2826 traducis
3339 2771 3487 2824 illum
3517 2788 3530 2823 :

1933 2863 2153 2932 Deoque
2176 2861 2400 2932 iubente
2426 2861 2567 2916 clam
2597 2860 2824 2932 eroga're
2866 2863 3083 2934 (Matth.
3111 2863 3166 2918 6.
3195 2863 3272 2929 4),
3303 2872 3417 2916 stas
3443 2876 3534 2917 ac-

1931 2951 2215 3008 cedentem
2266 2952 2481 3022 probris
2528 2953 2744 3022 publice
2794 2954 3090 3023 impetens,
3130 2970 3254 3009 cum
3284 2954 3532 3008 miserari

1932 3043 2084 3098 illum
2114 3050 2409 3111 oporteret.
2436 3041 2570 3096 Nam
2598 3043 2642 3096 si
2670 3041 2801 3099 dare
2833 3058 2939 3098 non
2971 3045 3051 3098 vis
3070 3084 3086 3109 ,
3133 3058 3231 3099 cur
3257 3045 3536 3099 calamito-

1931 3151 2046 3189 sam
2090 3143 2146 3190 et
2184 3134 2440 3188 miseram
2482 3135 2718 3188 animam
2763 3149 2987 3189 accusas
3033 3145 3090 3190 et
3122 3136 3348 3190 atteris?
3381 3135 3538 3191 Venit

1931 3228 2085 3299 quasi
2114 3227 2181 3282 ad
2210 3236 2422 3298 portum
2455 3226 2523 3281 ad
2555 3241 2749 3282 manus
2778 3236 2928 3291 tuas;
2961 3242 3059 3282 cur
3087 3227 3283 3282 ﬂuetus
3304 3228 3534 3287 excitas.

1933 3331 1986 3376 et
2006 3320 2311 3391 graviorem
2343 3327 2718 3389 tempestatem
2747 3318 2958 3374 efficis?
2988 3333 3086 3373 cur
3113 3319 3533 3374 illiberalitatem

1930 3411 2191 3466 damnas?
2225 3409 2364 3465 Num
2394 3411 2630 3465 venisset
2669 3411 2714 3464 si
2755 3411 2879 3466 talia
2909 3424 2970 3464 se
2995 3410 3303 3465 auditurum
3334 3425 3532 3480 exspe-

1930 3502 2171 3558 ctasset?
2202 3501 2354 3569 Quod
2385 3500 2431 3554 si
2463 3497 2516 3554 id
2545 3499 2847 3570 praevidens
2875 3501 3136 3564 accessit,
3172 3500 3294 3554 ideo
3326 3515 3422 3568 par
3448 3508 3534 3556 est

1931 3602 1987 3647 et
2019 3591 2171 3646 illum
2211 3590 2492 3657 miserari,
2524 3599 2579 3646 et
2608 3599 2754 3645 tuam
2784 3590 3008 3645 horrere
3048 3590 3495 3644 inlmmauitatem
3517 3631 3534 3654 ,

1931 3684 2183 3754 quoniam
2216 3698 2284 3738 ne
2309 3682 2526 3752 quidem
2549 3722 2565 3745 ,
2596 3696 2718 3737 cum
2749 3690 3032 3752 urgentem
3063 3681 3212 3735 vides
3241 3681 3540 3737 necessita-

1934 3785 2076 3838 tem,
2109 3773 2442 3828 mansuetior
2469 3772 2676 3826 evadis.
2722 3771 2907 3840 Neque
2946 3773 3091 3825 enim
3133 3772 3383 3827 suflicere
3433 3771 3538 3841 ipsi

1931 3873 2124 3933 putas,
2172 3863 2240 3917 ad
2291 3863 2695 3917 excusationem
2744 3862 3122 3930 impudentiaa,
3175 3864 3332 3918 famis
3379 3864 3536 3917 timo.

1934 3971 2085 4021 rem,
2118 3954 2213 4009 sed
2241 3953 2633 4023 impudentiam
2669 3955 2887 4024 arguis,
2937 3956 3027 4024 qui
3072 3955 3208 4009 forte
3252 3970 3396 4024 εει-βε
3440 3955 3539 4008 im-

1934 4047 2226 4117 pudentius
2253 4047 2408 4116 egisti
2437 4047 2489 4099 in
2520 4045 2683 4100 rebus
2712 4047 3072 4115 gravioribus.
3106 4046 3238 4100 Nam
3269 4047 3356 4100 hic
3385 4056 3537 4102 certe

1934 4138 2264 4208 impudentia
2292 4138 2506 4192 veniam
2548 4135 2746 4192 affert:
2775 4151 2876 4191 nos
2914 4153 3043 4191 vero
3084 4152 3228 4207 stupe
3273 4137 3541 4206 supplicio

1880 4232 1884 4236 '
1933 4228 2090 4299 digna
2123 4227 2380 4284 facientes
2411 4224 2754 4296 impudenter
2778 4227 3017 4295 agimus;
3050 4235 3274 4291 etcum,
3307 4228 3420 4280 hare
3442 4240 3539 4280 cov

1933 4304 2187 4389 gitautes,
2235 4317 2467 4371 humiles
2505 4330 2628 4371 esse
2667 4325 2983 4385 oporteret,
3036 4317 3088 4370 in
3138 4318 3368 4370 miseros
3414 4316 3539 4372 illos

1935 4409 2291 4480 insurgimus,
2335 4423 2398 4462 ac
2436 4407 2674 4462 remedia
2719 4409 3028 4477 petentibus
3071 4408 3296 4462 vulnera
3342 4407 3537 4476 adjici-

1935 4518 2072 4557 mus.
2095 4501 2230 4557 Nam
2260 4501 2302 4556 si
2334 4501 2464 4556 dare
2494 4515 2600 4554 non
2631 4501 2712 4554 vis
2739 4543 2753 4562 .
2785 4516 2882 4554 cur
2909 4499 3114 4554 caedis?
3149 4501 3193 4552 si
3222 4500 3402 4569 largiri
3429 4515 3538 4556 non

1934 4594 2049 4658 vis,
2087 4607 2186 4646 cur
2231 4591 2430 4661 probro
2473 4590 2682 4644 aflicis?
2710 4590 2816 4645 Sed
2847 4591 2938 4644 ille
2965 4604 3072 4644 non
3097 4591 3216 4643 vult
3244 4590 3350 4643 alio
3376 4591 3539 4644 modo

1933 4682 2235 4740 discedere.
2265 4682 2354 4738 Sic
2375 4697 2504 4752 ergo
2528 4681 2610 4736 fac
2632 4691 2690 4735 ut
2708 4681 2800 4737 ille
2819 4682 3036 4752 sapiens
3053 4679 3242 4750 jussit:
3265 4681 3537 4749 Responde

1933 4777 2011 4830 illi
2060 4775 2271 4844 paciﬁce
2315 4789 2432 4828 cum
2477 4773 2868 4827 mansuetudine
2912 4772 3100 4844 (Eccli.
3134 4783 3188 4825 4.
3224 4771 3302 4843 8).
3352 4772 3540 4840 Neque

1933 4867 2076 4922 enim
2104 4866 2296 4920 lubens
2320 4867 2400 4920 sic
2433 4865 2777 4934 impudenter
2805 4865 2936 4934 agit.
2971 4863 3162 4919 Nullus
3191 4865 3389 4934 quippe
3416 4875 3533 4928 est,

1935 4959 2114 5013 nullus
2138 4968 2221 5012 est
2250 4956 2442 5023 homo,
2485 4957 2581 5025 qui
2605 4958 2723 5010 sine
2754 4971 2914 5011 causa
2943 4956 3071 5011 velit
3097 4958 3325 5026 turpiter
3351 4972 3532 5027 agere.

1937 5050 2156 5104 Etiamsi
2183 5051 2326 5104 enim
2350 5049 2568 5120 quidam
2594 5049 2792 5102 millies
2812 5048 3179 5103 eoutradicaut
3197 5089 3212 5114 ,
3244 5063 3534 5118 numquam

1933 5142 2172 5195 adducar
2197 5151 2254 5194 ut
2283 5141 2501 5195 credam
2534 5140 2808 5194 hominem
2853 5140 2906 5193 in
2947 5140 3102 5207 capia
3142 5155 3322 5194 rerum
3354 5141 3536 5193 viven-

1937 5243 2041 5286 tem
2073 5231 2437 5286 emeudicare.
2479 5230 2650 5284 Nemo
2691 5232 2872 5298 itaque
2914 5245 3014 5284 nos
3053 5229 3199 5284 falsis
3240 5231 3537 5285 rationibus

1935 5322 2188 5390 decipiat.
2221 5321 2326 5377 Sed
2354 5321 2564 5375 etiamsi
2593 5321 2737 5374 dicat
2778 5321 3014 5374 Paulus:
3047 5319 3109 5375 St
3153 5322 3265 5386 quis
3306 5320 3538 5374 laborare

1938 5429 2039 5465 non
2068 5412 2183 5465 velit
2203 5451 2218 5472 ,
2252 5428 2341 5464 nec
2370 5412 2638 5482 manducet
2664 5410 2739 5481 (2.
2776 5409 2957 5464 Thess.
2986 5411 3040 5464 5.
3074 5410 3200 5480 10);
3236 5411 3360 5465 illos
3388 5419 3536 5463 certe

1938 5503 2134 5558 Paulus
2175 5502 2480 5570 alloquitur,
2512 5517 2619 5555 non
2652 5517 2786 5564 nos;
2819 5503 2927 5554 imo
2959 5509 3146 5554 contra
3183 5521 3195 5555 :
3223 5501 3421 5554 Bonum
3447 5501 3532 5567 fa-

1936 5603 2119 5646 cientes
2157 5608 2259 5644 non
2286 5592 2575 5661 despicintis
2600 5590 2762 5663 (Ibid.
2799 5609 2848 5646 υ.
2887 5592 3000 5660 15).
3028 5590 3117 5645 Sic
3145 5589 3290 5644 domi
3315 5604 3416 5644 nos
3445 5589 3527 5645 fa-

1940 5687 2151 5741 cimus:
2180 5699 2301 5740 cum
2356 5683 2490 5740 duos
2528 5683 2775 5740 videmus
2817 5684 3121 5754 litigantes,
3159 5678 3382 5735 seorsim
3414 5678 3532 5734 sin-
