4104 6308
557 382 651 436 HI

558 495 706 563 gulos
733 487 1054 557 accipientes
1093 477 1358 536 contraria
1401 473 1761 529 cohortamur.
1792 463 1882 518 Sic
1909 467 1964 516 et
1988 459 2129 513 Deus

561 547 686 637 Fecit
710 589 763 634 et
789 547 1001 647 Moyses
1041 584 1291 640 quoque:
1323 580 1439 619 nam
1488 561 1596 614 Deo
1640 556 1885 611 dicebat:
1919 551 1980 604 Si
2020 547 2133 617 qui—

561 674 674 725 dem
700 643 907 722 dimittis
939 671 1195 734 peccatum
1216 656 1358 724 ipsis,
1381 652 1611 713 dimitte;
1639 648 1717 701 sin
1750 643 1936 704 minus,
1970 647 2018 691 et
2055 650 2136 688 me

562 755 892 825 detetExod.
922 732 1010 807 32.
1039 752 1125 805 3t.
1157 745 1246 813 52)
1271 761 1284 808 ;
1319 743 1426 796 illis
1452 753 1583 795 vero
1614 732 1862 806 praecepit
1886 770 1900 791 ,
1931 737 1988 782 ut
2015 739 2134 780 sese

570 818 759 904 mutuo
779 845 1118 903 occiderent,
1141 846 1298 906 atque
1325 841 1580 902 cognatos
1607 840 1812 883 omnes.
1859 822 2017 890 Atqui
2049 818 2135 871 illa

567 937 832 994 contraria
877 941 1062 993 erant,
1093 938 1146 982 et
1173 938 1346 980 tamen
1388 923 1453 977 ad
1495 919 1739 975 eumdem
1780 916 1937 968 tinem
1977 909 2136 963 ambo

572 1024 943 1096 respiciebant.
989 1021 1219 1074 Rursum
1259 1016 1399 1071 Deus
1423 1010 1622 1080 Moysi,
1653 1005 1850 1061 iudicis
1873 1001 2137 1055 audienti-

571 1092 678 1174 bus
688 1116 926 1176 dicebat:
952 1111 1161 1165 Dimitte
1181 1123 1276 1172 me,
1300 1114 1346 1158 et
1370 1112 1623 1156 conteram
1646 1097 1911 1166 pupulum.
1934 1092 2140 1146 Etiam-

571 1207 614 1260 si
645 1207 785 1260 enim
827 1218 934 1256 non
973 1199 1258 1260 adessent,
1304 1207 1426 1246 cum
1475 1191 1613 1242 Deus
1643 1178 1770 1239 haec
1816 1184 2050 1243 diceret,
2089 1186 2140 1231 at

575 1298 688 1350 haec
716 1304 895 1364 postea
934 1288 1161 1343 audituri
1192 1293 1341 1339 erant
1365 1300 1380 1347 ;
1423 1283 1644 1336 seorsim
1669 1290 1797 1330 vero
1822 1274 1904 1327 his
1927 1280 2140 1325 contra-

577 1385 653 1438 ria
692 1359 922 1436 mandat.
965 1379 1032 1432 Et
1071 1379 1184 1430 haec
1216 1374 1427 1443 Moyses,
1446 1378 1627 1440 postea
1658 1373 1873 1420 coactus
1899 1362 2035 1416 dixit
2062 1359 2143 1412 his

579 1475 754 1529 verbis
784 1491 796 1526 :
827 1469 1090 1537 Numquid
1112 1482 1200 1536 ego
1227 1465 1342 1517 illos
1361 1465 1413 1513 in
1443 1470 1581 1512 utero
1610 1455 1815 1526 concepi
1838 1495 1850 1516 ,
1879 1452 1997 1520 quia
2019 1449 2145 1502 dicis

581 1564 704 1618 mihi
724 1603 741 1628 ,
773 1561 924 1615 Gesta
965 1575 1046 1612 eos
1084 1558 1215 1610 sicut
1241 1561 1400 1622 gestat
1429 1549 1599 1603 nutrix
1640 1547 1903 1599 lactentem
1944 1543 1997 1592 in
2033 1539 2144 1591 sinu

581 1670 673 1708 suo
705 1626 886 1720 (Nam.
929 1644 1174 1712 11.12)?
1215 1642 1338 1695 Haec
1386 1640 1438 1693 in
1485 1635 1729 1691 domibus
1777 1637 1988 1701 qucque
2034 1626 2147 1680 fieri

584 1718 777 1798 solent.
823 1739 1030 1794 Etenim
1073 1748 1213 1801 saepe
1240 1744 1386 1800 pater
1417 1728 1758 1798 pardagogum
1786 1766 1800 1786 ,
1845 1723 1934 1790 qui
1982 1718 2146 1772 filium

582 1832 872 1897 corripuit,
901 1840 1140 1880 seorsum
1170 1824 1409 1890 increpat
1433 1820 1514 1871 his
1543 1816 1717 1870 verbis
1737 1855 1751 1880 ,
1781 1812 1856 1865 Ne
1886 1812 1957 1863 sis
1987 1809 2150 1862 durus

575 1934 636 1974 et
667 1934 850 1984 asper;
883 1930 1043 1983 puero
1066 1922 1240 1967 autem
1269 1909 1531 1966 contraria
1554 1906 1682 1958 dicit
1705 1921 1719 1957 :
1745 1902 1963 1956 Etiamsi
1991 1909 2040 1952 te
2065 1898 2148 1950 in—

583 2011 723 2076 juste
757 2008 1012 2074 corrigat,
1045 2003 1096 2055 id
1126 2001 1325 2064 tolera;
1355 2013 1418 2051 ex
1448 1995 1733 2049 contrariis
1760 1989 1922 2045 unum
1955 1997 2008 2041 et
2038 1987 2154 2055 qui-

593 2100 714 2152 dem
743 2096 872 2148 utile
905 2107 1115 2162 parans.
1171 2091 1245 2143 ita
1298 2101 1506 2158 quoque
1550 2085 1744 2138 Paulus
1787 2082 1924 2135 bene
1972 2079 2157 2130 valen-

587 2188 727 2240 tibus
778 2184 1035 2238 mendicis
1087 2181 1295 2234 dicebat
1343 2197 1355 2229 :
1405 2177 1466 2229 Si
1527 2176 1638 2243 quis
1691 2187 1790 2224 non
1850 2167 1951 2220 vult
2009 2167 2157 2220 tabo-

587 2293 737 2341 rare,
785 2291 874 2327 nec
919 2272 1183 2325 manducet
1233 2270 1309 2336 (2.
1352 2267 1530 2320 Thess.
1556 2262 1762 2341 3.10);
1814 2271 1870 2313 ut
1914 2257 1978 2311 ad
2024 2271 2157 2323 opus

593 2369 715 2421 illos
757 2368 1038 2427 excitaret;
1084 2361 1150 2417 iis
1195 2374 1323 2414 vero
1367 2358 1456 2427 qui
1502 2339 1890 2421 eleemOsynam
1937 2359 2158 2414 erogare

591 2465 846 2528 possent:
911 2454 1009 2507 Vos
1059 2465 1223 2505 autem
1269 2448 1630 2516 benefacientes
1678 2461 1739 2496 ne
1783 2441 2061 2508 deficiatis;
2105 2446 2162 2490 ut

594 2550 713 2603 illos
743 2547 807 2600 ad
835 2547 1228 2613 elecmosynam
1259 2538 1574 2607 impelleret.
1605 2533 1693 2586 Sic
1716 2547 1834 2586 cum
1866 2545 1956 2584 eos
1981 2529 2067 2596 qui
2096 2542 2160 2580 ex

593 2637 875 2706 gentilibus
905 2633 969 2687 ad
1001 2632 1156 2685 ﬁdem
1184 2634 1517 2683 accesserant
1538 2665 1551 2685 ,
1598 2625 1649 2676 in
1691 2621 1923 2688 Epistula
1956 2618 2020 2670 ad
2051 2617 2160 2668 Ro-

599 2741 781 2781 manos
809 2724 957 2792 (Cap.
983 2725 1068 2776 ll.
1095 2737 1142 2774 υ.
1169 2721 1257 2792 l7)
1280 2716 1612 2777 hortabatur,
1647 2727 1712 2765 ne
1737 2719 1919 2764 contra
1950 2708 2161 2762 Judaaos

595 2819 758 2871 altum
786 2823 1052 2882 saperent,
1085 2813 1369 2866 oleastrum
1416 2808 1468 2859 in
1517 2804 1748 2857 medium
1775 2800 2028 2862 adducit,
2061 2799 2161 2850 alia

599 2906 701 2969 his,
733 2904 832 2956 alia
871 2903 974 2955 iiiis
1003 2903 1181 2954 dicere
1209 2899 1434 2951 videtur.
1481 2893 1557 2948 Ne
1595 2893 1770 2959 itaque
1799 2893 1850 2943 in
1879 2887 2164 2941 crudelita-

597 3003 704 3047 tem
756 2993 1087 3054 incidamus;
1117 2988 1212 3042 sed
1258 2986 1534 3040 audiamus
1583 2982 1803 3036 Paulum
1861 2979 2163 3031 dicentem:

595 3081 793 3136 Bonum
819 3083 1057 3150 facientes
1093 3094 1154 3130 ne
1199 3074 1463 3142 deﬁciatis.
1510 3071 1800 3125 Audiamus
1827 3069 2164 3121 Servatorem

597 3175 861 3228 dicentem
890 3189 904 3225 :
935 3171 1085 3222 Omni
1133 3169 1317 3236 petenti
1370 3176 1417 3219 te
1459 3163 1526 3215 da
1570 3162 1781 3229 (Matth.
1815 3160 1866 3211 5.
1905 3157 1999 3224 42)
2029 3172 2042 3218 ;
2073 3163 2125 3207 ct
2148 3194 2165 3218 ,

599 3263 771 3316 Estote
813 3259 1190 3322 misericordes,
1237 3257 1366 3310 sicut
1412 3253 1564 3306 Pater
1593 3261 1748 3304 vester
1790 3247 1936 3319 (Luc.
1965 3245 2016 3299 6.
2051 3244 2164 3311 36).

600 3352 716 3406 Etsi
747 3351 906 3405 multa
935 3349 1161 3408 dixerit,
1194 3357 1453 3411 nusquam
1481 3351 1654 3394 tamen
1694 3339 1796 3391 hoc
1826 3336 2031 3403 posuit,
2067 3331 2166 3385 nisi

600 3457 721 3494 cum
766 3439 831 3494 de
881 3435 1314 3491 misericordibus
1353 3431 1570 3484 diceret.
1623 3428 1760 3482 Nihil
1799 3426 1942 3479 enim
1973 3425 2041 3476 ita
2071 3436 2167 3474 nos

601 3531 832 3598 aequales
864 3529 971 3580 Deo
1003 3526 1158 3591 facit,
1189 3532 1244 3577 ut
1274 3522 1318 3575 si
1350 3520 1605 3575 beneﬁcia
1635 3526 1964 3584 praestemus.

671 3619 722 3671 5.
758 3617 1015 3684 Pauperes
1037 3631 1067 3666 a
1087 3614 1293 3666 crimine
1317 3608 1642 3676 impudentia:
1662 3605 1998 3656 vindicantur.
2031 3599 2169 3666 Quo-

601 3708 749 3760 modo
775 3707 873 3758 sint
898 3701 1194 3770 excipiendi.
1209 3728 1282 3738 —
1302 3700 1370 3750 At
1390 3695 1518 3748 nihil
1543 3691 1917 3760 impudentius,
1942 3687 2164 3755 inquies,

603 3810 851 3865 paupere.
905 3792 1044 3846 Cur?
1088 3801 1400 3858 qumsozan
1450 3782 1572 3852 quia
1621 3792 1908 3834 accurrens
1937 3774 2168 3829 clamat?

605 3887 694 3937 Vis
721 3883 994 3935 ostendam
1025 3895 1121 3932 nos
1153 3879 1255 3930 illis
1284 3876 1449 3929 multo
1475 3872 1592 3926 esse
1625 3865 2079 3936 impudentiores?
2110 3865 2166 3917 In

604 3985 833 4029 mentem
889 3987 1109 4035 revoca,
1160 3967 1366 4036 quoties
1412 3962 1596 4033 jejunii
1650 3970 1888 4027 tempore
1918 3998 1932 4019 ,
1987 3970 2168 4008 mensa

603 4080 824 4132 vespere
853 4061 1091 4130 apposita
1111 4100 1124 4121 ,
1150 4066 1442 4122 vocatoque
1471 4051 1748 4112 ministro,
1791 4047 1835 4099 si
1865 4045 2063 4098 tardius
2093 4045 2169 4095 in-

602 4157 848 4215 cederet,
878 4150 1054 4204 omnia
1083 4146 1349 4208 evertisti,
1392 4142 1626 4212 calcibus
1652 4139 1965 4204 obstrepens
1985 4173 2001 4199 ,
2040 4149 2169 4186 con-

605 4248 736 4301 vicia
761 4255 815 4298 et
841 4242 1032 4311 probra
1057 4238 1281 4291 efferens
1311 4249 1409 4302 pro
1435 4246 1592 4298 parva
1619 4243 1761 4280 mora
1784 4244 1798 4289 ;
1831 4227 1928 4278 etsi
1953 4226 2099 4275 noris
2121 4235 2172 4275 te

605 4336 846 4405 quamvis
876 4349 982 4385 non
1013 4330 1192 4383 statim
1214 4369 1230 4390 ,
1261 4335 1380 4394 post
1409 4321 1670 4376 tantillum
1700 4327 1874 4369 tamen
1918 4316 2172 4380 temporis

602 4429 744 4496 large
771 4431 1126 4479 comesturum
1175 4431 1315 4472 esse.
1359 4413 1516 4480 Atqui
1567 4419 1617 4463 te
1656 4409 1850 4486 ipsum,
1881 4405 1968 4473 qui
1998 4417 2093 4471 pro
2114 4417 2172 4454 re

603 4516 818 4570 minima
866 4512 1059 4565 ferocis
1079 4549 1093 4571 ,
1124 4523 1228 4561 non
1261 4503 1620 4571 impudentem
1650 4512 1809 4550 vocas
1831 4537 1845 4558 ,
1884 4507 2170 4562 pauperem

606 4621 733 4658 vero
754 4645 768 4667 ,
797 4602 885 4670 qui
907 4601 974 4653 de
1007 4613 1065 4652 re
1097 4595 1284 4663 majori
1333 4592 1521 4645 metuit
1567 4598 1621 4642 et
1667 4585 1844 4639 tremit
1873 4584 1998 4652 (non
2025 4582 2168 4636 enim

607 4711 802 4754 moram
827 4737 842 4757 ,
890 4693 983 4746 sed
1015 4690 1206 4743 famem
1236 4685 1424 4753 timet),
1456 4695 1614 4734 vocas
1643 4677 1962 4746 petulantem
1991 4682 2044 4727 et
2073 4673 2171 4724 im-

602 4786 922 4856 pudentem,
970 4795 1034 4833 ac
1075 4775 1377 4845 turpissima
1421 4773 1471 4824 in
1512 4770 1657 4822 illum
1686 4765 1860 4819 omnia
1888 4761 2172 4831 congeris?

601 4855 792 4932 Annon
821 4873 872 4927 id
898 4882 1151 4925 extremae
1181 4875 1261 4920 est
1287 4859 1670 4931 impudentiae?
1700 4856 1894 4912 Verum
1920 4855 2032 4907 haec
2062 4867 2167 4906 non

601 4968 654 5021 in
684 4973 860 5018 mente
891 4973 1197 5021 versamus,
1229 4955 1455 5021 ideoque
1480 4950 1600 5004 illos
1627 4948 1880 5001 molestos
1905 4944 2127 4997 dicimus
2152 4959 2164 4997 :

601 5057 743 5126 quod
769 5055 811 5107 si
836 5068 953 5122 quas
974 5059 1154 5104 nostra
1181 5055 1303 5100 sunt
1323 5044 1723 5112 exploraremus
1742 5079 1755 5101 ,
1784 5034 2168 5089 conferremus-

601 5161 704 5217 que
732 5160 851 5198 cum
876 5142 1027 5195 factis
1051 5153 1233 5193 eorum
1259 5176 1272 5196 ,
1303 5150 1405 5188 non
1444 5133 1564 5185 illos
1593 5131 1850 5183 molestos
1889 5124 2168 5177 arbitrare-

602 5213 722 5291 mur
747 5249 884 5289 esse.
900 5231 1029 5285 Noli
1055 5229 1212 5297 igitur
1233 5240 1352 5278 esse
1370 5223 1526 5290 judex
1551 5220 1792 5274 acerbus.
1820 5215 1950 5269 Nam
1974 5213 2164 5264 etiam-

601 5328 646 5380 si
674 5325 919 5379 omnibus
941 5320 1172 5389 peccatis
1197 5329 1393 5369 vacuus
1422 5327 1566 5365 esses
1592 5352 1607 5376 ,
1640 5312 1723 5362 lex
1753 5317 1929 5360 tamen
1955 5304 2045 5357 Dei
2069 5319 2169 5355 non

606 5413 698 5466 tibi
739 5410 971 5478 permisit
1010 5409 1232 5461 aliorum
1267 5405 1400 5458 facta
1430 5403 1506 5454 sic
1535 5408 1779 5452 accurate
1811 5395 2008 5448 rimari.
2042 5392 2172 5445 Nam

611 5505 655 5555 si
701 5492 1003 5554 Pharisaaus
1047 5497 1134 5549 ille
1189 5495 1307 5548 ideo
1351 5487 1672 5562 pcriit(Luc.
1725 5485 1834 5552 18),
1867 5498 2023 5552 quam
2076 5495 2174 5533 nos

611 5588 1013 5644 excusationem
1074 5580 1421 5637 habebimus?
1469 5577 1526 5633 Si
1565 5577 1628 5631 iis
1679 5576 1768 5644 qui
1809 5573 1970 5642 probe
2012 5570 2172 5639 gestis

611 5687 865 5734 ornantur
891 5689 996 5731 non
1028 5673 1279 5745 permittit
1320 5672 1544 5729 aliorum
1588 5668 1722 5723 facta
1764 5664 1952 5719 acerbe
1979 5662 2166 5731 explo-

1296 364 1352 420 S.
1375 353 1651 418 JOANNIS
1689 338 2156 408 CIIRYSOSTOMI
2193 332 2508 392 ARCHIEP.
2539 323 3069 388 CONSTANTINOP.

3714 305 3834 363 ιη

2241 463 2393 512 rare,
2423 444 2590 499 multo
2622 443 2797 496 minus
2823 432 3214 509 peccatoribus.
3242 425 3321 484 Ne
3339 426 3521 494 itaque
3549 416 3838 477 inhumani

2239 541 2407 594 simus
2427 575 2441 599 ,
2472 549 2540 589 ne
2563 521 2951 590 inexorabiles,
3000 538 3068 578 ne
3111 520 3377 582 immites,
3423 529 3492 570 ne
3517 511 3648 568 feris
3675 511 3840 580 pejo—

2240 642 2345 681 res.
2375 598 2566 678 Stultos
2594 622 2787 691 quippe
2816 615 2939 669 novi
2971 614 3023 666 in
3058 619 3258 664 tantam
3289 603 3616 676 processisse
3642 598 3840 652 ferita—

2245 729 2386 782 tem,
2419 725 2476 769 ut
2505 729 2569 767 ex
2607 687 2810 766 desidia
2854 702 3129 758 famelicos
3156 704 3412 768 spernant
3440 735 3457 758 ,
3505 693 3618 746 haec
3651 687 3844 756 prole-

2245 781 2426 862 rentes
2458 802 2617 858 verba
2637 840 2650 862 ,
2681 798 2798 853 Non
2826 794 2980 848 adest
2999 804 3218 852 servus,
3255 785 3438 855 procul
3485 781 3694 836 edibus
3734 789 3844 829 su-

2245 913 2365 954 mus
2389 915 2400 950 :
2431 895 2607 949 nullus
2631 888 2883 958 trapezita
2907 883 3036 938 mihi
3059 890 3215 934 notus
3236 885 3335 931 est.
3356 875 3401 929 Ο
3425 863 3846 926 crudelitatem!

2245 986 2396 1054 Quod
2443 984 2615 1052 majus
2653 987 2769 1034 erat
2810 974 3070 1033 effecisti,
3118 980 3168 1022 et
3211 965 3353 1037 quod
3398 963 3574 1016 minus
3601 966 3690 1013 est
3725 967 3852 1008 non

2245 1040 2491 1149 perticis?
2518 1040 2583 1126 ne
2611 1080 2662 1122 tu
2692 1065 2990 1135 plusculum
3020 1059 3235 1114 incedas
3255 1095 3268 1118 ,
3301 1053 3391 1107 ille
3415 1050 3556 1104 fame
3586 1044 3767 1116 perit?
3799 1040 3854 1095 Ο

2245 1133 2655 1223 contumeliam!
2694 1133 2738 1212 -ο
2766 1151 3109 1222 superbiam!
3156 1146 3287 1200 Nam
3334 1144 3380 1197 si
3419 1140 3603 1195 decem
3647 1133 3854 1190 stadiis

2247 1257 2512 1319 eundum,
2562 1267 2626 1303 an
2664 1250 2871 1316 pigrum
2918 1256 3038 1298 esse
3077 1235 3345 1306 oportuit?
3376 1247 3478 1286 non
3507 1229 3713 1297 cogitas
3755 1225 3841 1277 ita

2251 1347 2504 1413 majorem
2534 1341 2626 1394 tibi
2659 1336 2959 1392 mercedem
3001 1327 3213 1397 parari?
3253 1325 3384 1378 Nam
3427 1335 3548 1375 cum
3588 1313 3813 1384 largiris
3839 1351 3859 1374 ,

2252 1438 2379 1491 doni
2410 1441 2612 1487 tantum
2644 1424 2944 1482 mercedem
2971 1420 3202 1486 accipis;
3234 1425 3287 1470 et
3314 1428 3434 1468 cum
3456 1413 3558 1463 iter
3585 1403 3859 1471 suscipis.

2253 1528 2409 1596 hujus
2436 1536 2649 1592 quoque
2677 1519 2750 1571 rei
2778 1512 3056 1584 prannium
3086 1507 3376 1576 repositum
3406 1511 3508 1556 est.
3551 1497 3684 1551 Nam
3717 1493 3864 1547 ideo

2253 1615 2604 1687 patriarcliam
2647 1611 2924 1670 miramur,
2967 1603 3087 1671 quia
3119 1614 3238 1652 cum
3271 1603 3535 1650 trecentos
3561 1589 3749 1644 decem
3780 1592 3852 1635 et.

2253 1676 2375 1760 octo
2407 1718 2595 1757 vernas
2624 1701 2876 1761 haberet,
2908 1693 3166 1756 adboves
3196 1682 3488 1746 comendit,
3521 1694 3583 1732 ac
3609 1676 3863 1730 vitulum

2253 1795 2485 1862 abripuit
2521 1791 2675 1859 (Gen.
2702 1789 2787 1840 t8.
2815 1783 2890 1854 7).
2921 1782 3071 1834 Nunc
3101 1793 3229 1831 vero
3269 1773 3486 1843 quidam
3532 1778 3680 1821 tanto
3719 1771 3874 1818 sunt

2258 1859 2393 1939 fastu
2416 1878 2639 1949 repleti,
2667 1885 2724 1929 ut
2754 1889 2859 1927 non
2885 1876 3171 1924 vereantur
3197 1865 3312 1918 haec
3335 1859 3650 1914 famulorum
3680 1865 3872 1920 opera

2259 1973 2453 2028 facere.
2478 1944 2566 2023 ian
2597 1979 2712 2020 mea
2747 1965 2858 2032 ipsa
2890 1974 3050 2029 opera
3080 1957 3133 2010 id
3165 1955 3338 2009 facere
3373 1950 3563 2019 jubes,
3595 1944 3826 2012 inquies
3851 1980 3873 2002 ,

2261 2079 2436 2118 annon
2464 2059 2686 2113 videbor
2708 2058 2917 2108 inanem
2943 2050 3164 2120 gloriam
3197 2041 3487 2110 aucupari?
3515 2038 3675 2105 Atqui
3705 2045 3875 2087 nunc

2264 2172 2357 2224 per
2387 2152 2530 2206 aliud
2560 2163 2709 2201 vana:
2736 2145 2917 2215 gloria:
2946 2155 3115 2210 genus
3142 2139 3193 2191 id
3223 2136 3352 2188 facis
3374 2174 3388 2198 ,
3435 2131 3554 2201 quia
3596 2140 3644 2182 te
3686 2127 3876 2195 pudet

2263 2215 2382 2297 cum
2417 2255 2646 2309 paupere
2679 2238 2982 2303 loquentem
3013 2229 3200 2281 videri.
3254 2225 3445 2278 Verum
3490 2219 3620 2274 nihil
3651 2218 3756 2270 hac
3787 2215 3877 2267 de

2263 2348 2321 2386 re
2347 2304 2651 2398 diligentius
2682 2322 3020 2392 perquiram;
3051 2317 3116 2370 da
3147 2314 3366 2373 saltem,
3403 2310 3481 2362 vel
3511 2323 3604 2376 per
3631 2316 3685 2359 te
3706 2345 3722 2369 ,
3763 2304 3876 2357 vel

2266 2437 2362 2491 per
2381 2423 2541 2474 alium
2564 2460 2577 2479 ,
2609 2433 2674 2468 ne
2701 2428 2921 2466 accuses
2950 2422 3236 2479 pauperem
3258 2446 3272 2466 ,
3301 2420 3368 2456 ne
3397 2401 3603 2464 aedas,
3631 2415 3700 2451 ne
3721 2411 3877 2450 con-

2267 2510 2512 2572 vicieris;
2540 2504 2790 2559 remediis
2816 2502 2982 2562 enim,
3014 2514 3117 2550 non
3146 2493 3487 2554 vulneribus,
3529 2503 3662 2555 Opus
3687 2487 3874 2539 habet

2268 2602 2313 2653 is
2345 2600 2433 2667 qui
2467 2595 2709 2655 accedit;
2752 2587 3153 2648 misericordia,
3200 2599 3305 2636 non
3355 2579 3550 2651 gladio.
3593 2577 3649 2631 Si
3691 2576 3829 2644 quis
3855 2615 3874 2634 ,

2265 2701 2467 2757 quaeso,
2497 2683 2666 2751 lapide
2689 2693 2972 2748 percussus
2995 2687 3050 2730 et
3069 2676 3120 2728 iu
3145 2673 3318 2741 capite
3343 2669 3671 2729 vulneratus,
3695 2672 3880 2717 caste-

2273 2782 2347 2833 ris
2374 2777 2576 2832 relictis
2605 2774 2672 2828 ad
2701 2783 2751 2826 te
2778 2777 3082 2824 occurreret
3118 2767 3374 2833 sanguine
3403 2761 3644 2829 perfusus
3666 2799 3682 2822 ,
3715 2771 3875 2811 num

2270 2869 2439 2920 altero
2467 2867 2611 2920 illum
2645 2862 2818 2929 lapide
2841 2862 3100 2928 impetens
3131 2855 3272 2908 aliud
3306 2855 3418 2923 ipse
3443 2851 3704 2918 adjiceres
3732 2849 3877 2900 vul-

2272 2958 2410 3012 nus?
2450 2956 2560 3008 Non
2582 2940 2761 3007 'credo
2805 2951 3020 3018 utique,
3065 2945 3158 3000 sed
3190 2954 3423 2998 tentares
3451 2942 3524 2994 illi
3554 2936 3879 2993 remedium

2271 3049 2485 3101 atfcrre.
2529 3044 2637 3097 Cur
2675 3056 2803 3110 ergo
2839 3040 2978 3096 circa
3022 3047 3284 3104 pauperes
3309 3030 3632 3086 contrarium
3677 3025 3827 3080 facis
3851 3026 3882 3078 ?

2271 3141 2351 3193 An
2383 3137 2556 3189 nescis
2581 3141 2838 3201 quantum
2870 3129 3036 3197 possit
3063 3126 3233 3179 oratio
3274 3124 3356 3175 vel
3397 3121 3572 3175 levare
3599 3118 3681 3171 vel
3715 3117 3882 3184 deji-

2272 3228 2427 3282 cere?
2476 3224 2661 3277 Meiior
2688 3223 2831 3275 enim
2864 3228 2967 3282 est,
3019 3216 3226 3285 inquit,
3271 3227 3436 3266 sermo
3475 3226 3624 3278 quant
3663 3210 3884 3264 donum

2276 3316 2463 3386 (Eccli.
2497 3315 2584 3368 l8.
2615 3313 2727 3379 i6).
2759 3310 2874 3364 Non
2916 3317 3089 3360 tecum
3126 3311 3373 3371 reputas,
3403 3311 3455 3353 te
3485 3299 3574 3353 tibi
3616 3297 3720 3365 ipsi
3749 3298 3890 3364 gla-

2272 3409 2416 3461 dium
2442 3406 2750 3468 admovere,
2781 3412 2936 3468 teque
2963 3396 3156 3450 vulnus
3183 3391 3552 3450 vehementius
3573 3388 3836 3457 accipere
3863 3429 3883 3448 ,

2273 3511 2394 3548 cum
2422 3495 2508 3548 ille
2537 3491 2779 3545 convicio
2810 3486 3030 3540 affectus
3058 3481 3340 3536 recesserit
3361 3519 3374 3542 ,
3404 3479 3530 3532 dum
3568 3476 3736 3529 silens
3773 3476 3844 3530 in
3863 3507 3883 3517 ο

2275 3583 2469 3650 gemit,
2520 3589 2573 3632 et
2616 3578 2838 3630 multum
2884 3569 3248 3642 lacrymatur?
3292 3567 3424 3620 Nam
3463 3580 3492 3618 a
3540 3564 3650 3618 Deo
3697 3564 3765 3616 ad
3818 3573 3886 3618 te

2275 3673 2521 3726 mittitur.
2547 3668 2729 3737 Cogita
2762 3678 2890 3732 ergo
2910 3702 2925 3726 ,
2970 3662 3096 3713 dum
3129 3660 3201 3712 illi
3229 3654 3566 3719 conviciaris,
3597 3653 3662 3706 ad
3694 3667 3882 3722 quem

2275 3761 2564 3817 transferas
2609 3756 2941 3816 convicium,
2992 3766 3114 3806 cum
3160 3748 3300 3803 De'us
3346 3747 3413 3800 ad
3460 3753 3514 3799 te
3555 3746 3766 3808 mittat,
3815 3756 3886 3797 es

2273 3867 2494 3921 erogare
2531 3849 2751 3918 jubeat,
2785 3857 2836 3898 tu
2865 3858 2990 3897 vero
3018 3857 3123 3894 non
3153 3837 3312 3892 modo
3355 3852 3461 3890 non
3499 3835 3615 3897 des,
3655 3831 3753 3887 sed
3811 3843 3885 3888 et

2275 3943 2614 3996 accedentem
2649 3935 2904 3991 conviciis
2936 3930 3198 3999 impetas?
3226 3927 3280 3983 Si
3320 3942 3479 3996 porro
3509 3923 3880 3978 absurditatis

2275 4029 2694 4100 magnitudinem
2743 4027 2956 4093 ignoras
2977 4061 2993 4084 ,
3040 4022 3092 4072 in
3121 4017 3426 4071 hominibus
3455 4014 3504 4067 id
3535 4011 3831 4066 considera
3855 4053 3874 4077 ,

2273 4133 2326 4177 et
2351 4133 2476 4176 tunc
2504 4120 2704 4187 peccati
2734 4116 3049 4184 gravitatem
3090 4123 3367 4179 agnosces.
3409 4106 3465 4162 Si
3489 4106 3632 4160 enim
3662 4119 3882 4158 servus

2276 4221 2399 4262 tuus
2427 4225 2455 4259 a
2487 4217 2536 4259 te
2566 4205 2630 4258 ad
2662 4205 2824 4256 alium
2863 4214 3075 4254 servum
3115 4195 3344 4260 missus,
3396 4193 3464 4248 de
3505 4209 3661 4246 manu
3711 4192 3879 4245 illius

2276 4307 2550 4367 argentum
2581 4305 2726 4348 tuum
2758 4300 3102 4358 accepturus,
3143 4303 3248 4340 non
3280 4286 3438 4340 modo
3463 4283 3643 4338 vacuis
3675 4282 3876 4336 inani-

2276 4389 2373 4441 bus
2400 4386 2624 4446 rcdiret,
2669 4383 2763 4436 sed
2801 4383 2958 4435 etiam
2994 4375 3202 4445 injuriis
3235 4375 3549 4435 lacessitus,
3583 4371 3711 4441 quid
3747 4385 3876 4426 non

2275 4488 2458 4534 contra
2489 4476 2867 4530 conviciantem
2900 4470 3132 4525 faceres?
3173 4481 3306 4534 quas
3335 4480 3441 4520 non
3469 4465 3712 4531 exigeres
3741 4479 3877 4531 pm-

2275 4585 2389 4628 nas.
2419 4581 2538 4621 cum
2569 4575 2618 4620 tu
2649 4568 2762 4634 ipse
2805 4559 3122 4615 contumelia
3163 4553 3388 4610 allectus
3429 4553 3617 4607 esses?
3660 4551 3757 4606 Sic
3786 4553 3878 4607 de

2277 4660 2385 4713 Deo
2405 4658 2574 4726 cogita
2600 4673 2612 4708 :
2639 4655 2750 4724 ipse
2777 4665 3004 4719 namque
3029 4657 3111 4704 est
3137 4647 3226 4715 qui
3256 4644 3325 4698 ad
3367 4639 3465 4698 nos
3509 4643 3672 4696 mittit
3718 4655 3873 4708 pau-

2275 4764 2463 4820 peres,
2491 4755 2545 4801 et
2568 4761 2680 4815 qure
2715 4744 2881 4813 ipsius
2910 4747 3034 4794 sunt
3068 4738 3343 4806 largimur,
3377 4733 3424 4788 si
3452 4731 3662 4787 damus.
3697 4731 3876 4797 Quod

2273 4840 2317 4894 si
2348 4846 2540 4906 negato
2560 4836 2698 4889 dono
2716 4835 2875 4889 etiam
2902 4827 3220 4884 contumelia
3248 4825 3466 4879 alfectos
3489 4823 3876 4886 remittamus,

2272 4932 2447 4997 cogita
2488 4921 3012 4996 quibusfulminibus
3037 4919 3254 4988 dignum
3291 4929 3425 4983 Opus
3453 4913 3686 4968 edimus.
3721 4910 3870 4966 Hec

2274 5021 2451 5088 itaque
2472 5017 2646 5070 omnia
2669 5015 2984 5082 cogitantes,
3015 5017 3069 5062 et
3095 5007 3325 5076 linguam
3358 5002 3650 5066 frenemus,
3682 5009 3741 5053 et
3769 5001 3874 5054 in-

2275 5110 2657 5164 humanitatem
2703 5106 2996 5174 pedamus,
3028 5106 3083 5152 et
3110 5109 3300 5150 manus
3337 5093 3407 5147 ad
3452 5093 3869 5158 eleemosynam

2274 5201 2624 5257 extendamus
2647 5215 2659 5249 :
2691 5210 2859 5264 neque
2887 5190 3123 5262 pecuniis
3143 5188 3338 5252 solum,
3363 5182 3457 5238 sed
3484 5182 3647 5238 etiam
3663 5179 3872 5235 verbis

2275 5308 2472 5362 egenos
2499 5289 2835 5344 consolemur
2857 5326 2872 5350 ,
2895 5295 2951 5336 ut
2981 5292 3033 5337 et
3061 5279 3507 5336 contumeliarum
3537 5285 3749 5341 pceuam
3778 5268 3872 5322 fu.

2277 5387 2513 5464 giamus,
2555 5390 2611 5435 et
2645 5395 2711 5433 cx
2755 5375 3125 5433 benedictione
3167 5380 3221 5426 et
3261 5371 3599 5436 cleemosyna
3626 5376 3868 5431 mnum

2277 5449 2633 5536 obtineamus,
2656 5469 2824 5537 gratia
2854 5476 2907 5522 ct
2927 5464 3252 5533 benignitate
3276 5456 3486 5513 Domini
3520 5453 3692 5510 nostri
3725 5449 3868 5508 Iesu

2276 5562 2498 5627 Christi,
2526 5561 2608 5616 cui
2637 5559 2805 5629 gloria
2835 5567 2889 5614 et
2911 5557 3190 5626 imperium
3211 5554 3262 5609 in
3293 5548 3486 5608 saecula
3508 5544 3868 5603 seculorum.

2281 5659 2470 5712 Amen.
