4104 6308
322 361 424 415 ιιι

330 472 570 544 ιὶςρσῖςικ
602 467 812 533 αὐτοῖς
852 463 969 532 τὴν
993 459 1307 532 ἁμαρτίαν,
1334 460 1487 529 ἄφες
1507 475 1522 490 ·
1560 460 1691 514 ἐπεὶ
1717 458 1870 527 κάμέ
1914 457 2042 523 ἐξ·-

322 560 582 627 ﬂavo:-
607 571 621 585 '
656 554 839 616 αὐτοῖς
868 551 923 604 δέ
947 547 1165 602 ἐκέλευε
1188 546 1593 614 κατασφάττειν
1625 545 1890 614 ἀλλήλους
1916 544 2010 598 καὶ

323 647 456 707 τοὺς
480 642 857 712 προσήκοντας
886 637 1154 695 ἃπαντας.
1176 633 1370 686 Καίτοι
1395 630 1567 684 ταῦτα
1586 631 1808 684 ἐναντία
1836 629 2007 694 ἐστὶν,

321 730 445 783 ἀλλ’
474 730 631 799 ὅμως
658 729 739 789 εις
768 724 825 776 ἐν
853 721 1141 792 ἀμφότερα
1180 719 1374 770 ἐϐλεπε
1413 717 1584 779 τέλος.
1621 716 1790 770 Πάλιν
1818 718 1847 768 6
1878 715 2009 778 OEL;

319 815 405 886 τῷ
441 815 539 886 μέν
592 813 838 875 Μωῦσεῖ,
889 807 1159 862 Ἰουδαίων
1205 805 1535 868 ἀκουόντων,
1567 803 1789 872 ἐλεγενο
1832 803 2010 871 Ἀςρες

315 917 418 971 με,
453 900 551 958 καὶ
579 898 841 965 ἐκτρίψω
872 894 981 947 τὸν
1017 894 1171 946 λαὸν
1222 893 1290 961 (εί
1321 889 1432 962 γάρ
1461 890 1554 943 καὶ
1599 890 1674 960 μὴ
1725 888 2006 958 παρῆσαν,

319 986 501 1040 ταῦτα
531 984 782 1052 λέγοντος
806 980 901 1034 τοῦ
924 979 1082 1040 Θεοῦ,
1117 978 1230 1031 ἀλλ’
1260 976 1484 1047 ἐμελλον
1511 977 1652 1029 αὐτά
1679 973 2009 1028 ἀκούσεσθαι

319 1072 594 1141 ὕστερον)’
631 1069 749 1122 κατ’
776 1067 911 1121 ἰδίαν
938 1066 994 1118 δέ
1026 1064 1286 1118 τάναντία
1312 1061 1518 1116 τούτων
1549 1061 2007 1140 αύτῷαπαραινεῖ.

316 1161 436 1214 Kal
479 1158 652 1212 ταῦτα
694 1155 936 1224 Μωῦσῆς
982 1153 1347 1222 ἀναγκασθεὶς
1396 1152 1622 1224 ὕστερον
1664 1150 2008 1218 ἐξελάλησεν,

314 1245 466 1300 οὕτω
488 1246 660 1312 λέγων
679 1259 694 1274 ο
739 1242 838 1309 Μὴ
865 1241 976 1310 γὰρ
1009 1239 1125 1308 ἐγὼ
1156 1239 1380 1305 αὐτοὺς
1414 1239 1484 1291 ἐν
1523 1238 1736 1308 γαστρὶ
1763 1236 2008 1301 ἔλαϐον,

317 1332 413 1384 ὅτι
437 1330 636 1397 λέγεις
661 1324 1025 1398 μοιδΑρον¹⁹
1045 1325 1290 1391 αὐτοὺς,
1310 1326 1390 1390 ὡς
1409 1323 1485 1377 ἂν
1507 1324 1622 1391 ἄρῃ
1644 1323 1883 1388 τιθηνὸς
1902 1323 2011 1374 τὸν

318 1415 657 1484 θηλάζοντα
704 1417 789 1481 εις
841 1413 950 1466 τὸν
975 1413 1210 1465 κόλπον
1239 1411 1463 1478 αὐτῆς;
1495 1407 1681 1461 Ταῦτα
1715 1408 1810 1460 καὶ
1847 1409 1906 1460 ἐν
1932 1409 2010 1460 οἰ-

317 1503 469 1565 κίαις
501 1502 744 1570 γίνεται·
780 1499 877 1554 καὶ
914 1499 1176 1561 πολλάκις
1213 1497 1394 1569 πατὴρ
1426 1496 1506 1566 τῷ
1543 1496 1642 1565 μέν
1675 1494 2008 1564 παιδαγωγῷ

313 1588 412 1642 τὸν
448 1587 615 1642 παῖδα
641 1587 925 1656 ὑϐρίσαντι
951 1586 1071 1638 κατ’
1103 1584 1238 1637 ἰδίαν
1269 1584 1499 1653 ἐπιτιμᾷ
1533 1582 1741 1648 λέγων’
1776 1582 1867 1650 Μὴ
1917 1580 2008 1634 ἔσο

312 1675 550 1743 τραχὺς,
579 1673 714 1742 μηδὲ
734 1671 967 1741 σκληρός
986 1688 1000 1702 ⁸
1031 1669 1109 1738 τῷ
1131 1670 1188 1722 δέ
1210 1669 1315 1738 νέῳ
1342 1670 1412 1720 τά
1438 1668 1654 1720 ἐναντία
1673 1666 1820 1732 λέγει
1841 1682 1855 1696 ⁸
1885 1667 2004 1718 Κάν

313 1761 520 1823 ἀδίκως
543 1759 758 1830 ὑϐρίζῃ,
785 1759 917 1827 φέρε
934 1773 946 1786 ·
970 1757 1080 1809 ἀπὸ
1104 1755 1212 1808 τῶν
1232 1755 1488 1808 ἐναντίων
1518 1754 1577 1807 ἐν
1600 1771 1651 1806 τι
1667 1754 1710 1785 ³⁸
1735 1754 2004 1823 χρήσιμον

314 1846 592 1912 συνάγων.
611 1843 766 1896 Οῦτω
781 1844 875 1896 καὶ⁵
894 1842 1124 1905 Παῦλος,
1138 1845 1248 1904 τοῖς
1274 1842 1371 1912 μέν
1393 1841 1698 1910 ὑγιαίνουσι
1721 1842 1811 1893 καὶ
1835 1855 2006 1909 προσ-

311 1927 561 1986 αιτοῦσιν
585 1931 768 1998 ἔλεγεν
785 1947 800 1961 ο
817 1930 891 1984 Εἴ
905 1946 994 1993 τις
1009 1931 1080 1982 οὐ
1098 1929 1257 1982 θέλει
1276 1926 1639 1996 ἐργάζεσθαι,
1649 1926 1805 1996 μηδὲ
1820 1926 2006 1979 ἐσθιέ-

314 2036 422 2082 τω,
452 2019 539 2071 ἴνα
568 2018 763 2079 αὐτοὺς
791 2017 871 2077 είς
894 2015 1054 2086 ἔργον
1075 2015 1286 2086 ἐμϐάλῃ
1307 2029 1323 2046 ·
1359 2017 1470 2076 τοῖς
1492 2014 1550 2066 δέ
1579 2015 1746 2065 ἐλεεῖν
1773 2012 2004 2081 δυναμέ-

311 2109 462 2171 νοιςξ’
479 2106 491 2122 '
505 2102 678 2172 Υμεῖς
699 2102 766 2154 δὲ
783 2103 850 2154 τὸ
875 2103 1076 2155 καλὸν
1087 2102 1404 2167 ποιοῦντες
1419 2101 1506 2170 μὴ
1529 2101 1918 2168 ἐκκακήσητε
1932 2100 1998 2165 ³⁸,

315 2191 412 2244 ἵνα
437 2190 633 2252 αὐτοὺς
663 2189 744 2251 εἰς
771 2187 1142 2259 ἐλεημοσύνην
1172 2188 1376 2259 ἀγάγῃ.
1401 2187 1558 2249 Οῦτω
1588 2186 1681 2240 καὶ
1705 2187 1866 2256 ήνίκα
1890 2189 2003 2251 τοῖς

311 2277 381 2341 ἐξ
404 2274 572 2328 ἐθνῶν
606 2275 836 2345 παρῄνει
871 2276 929 2327 ἐν
960 2277 1026 2344 τῇ
1061 2273 1198 2341 πρὸς
1248 2273 1554 2342 Ῥωμαίους
1588 2273 1877 2344 Ἐπιστολῇ
1925 2273 2001 2342 μή

311 2363 707 2434 ὑψηλοφρονεῖν
749 2361 891 2414 κατά
930 2361 1041 2414 τῶν
1085 2360 1378 2424 Ἰουδαίων,
1415 2361 1510 2412 καὶ
1556 2361 1654 2431 τὴν
1681 2361 2001 2432 ἀγριελαίαν

310 2451 642 2520 παρήγαγεν
684 2449 762 2511 εἰς
809 2446 997 2518 μέσον,
1044 2448 1140 2500 καὶ
1183 2447 1319 2500 ἀλλα
1369 2446 1469 2516 μὲν
1506 2447 1740 2512 τούτοις,
1773 2447 1909 2501 ἀλλα
1943 2449 2000 2501 δέ

309 2536 549 2599 ἐκείνοις
581 2536 827 2604 φαίνεται
853 2534 1046 2602 λέγων.
1083 2533 1175 2604 Μὴ
1223 2533 1402 2586 τοίνυν
1431 2536 1510 2596 εἰς
1547 2533 1808 2604 ὠμότητα
1834 2534 2000 2587 ἐκπέ-

313 2641 526 2694 σωμεν,
558 2619 688 2676 ’ἀλλ’
714 2620 1038 2690 ἀκούσωμεν
1084 2619 1298 2673 Παύλου
1353 2619 1630 2685 λέγοντος·
1683 2621 1751 2673 Τὸ
1806 2621 2000 2674 καλὸν

311 2710 634 2774 ποιοῦντες
653 2707 740 2777 μὴ
781 2707 1087 2761 ὲκκακεῐτε
1117 2707 1161 2737 ³¹
1184 2722 1198 2735 ·
1233 2705 1555 2775 ἀκούσωμεν
1582 2706 1676 2759 τοῦ
1723 2708 1995 2760 Δεσπότου

310 2797 597 2866 λέγοντος·
634 2796 821 2849 Παντὶ
852 2792 934 2859 τῷ
955 2793 1223 2846 αἰτοῦντί
1243 2808 1316 2845 σε
1338 2791 1542 2845 δίδουο
1587 2793 1701 2855 καὶ,
1737 2795 1997 2849 Γίνεσθε

312 2884 696 2949 οἰκτίρμονες
728 2881 808 2946 ὡς
836 2883 869 2932 ό
897 2878 1102 2946 Πατὴρ
1131 2877 1318 2946 ὑμῶν.
1363 2878 1554 2930 Καίτοι
1597 2877 1771 2930 πολλὰ
1799 2877 1992 2944 εἰπὼν,

310 2968 554 3038 οὐδαμοῦ
582 2969 741 3022 τοῦτο
767 2966 1028 3031 τέθεικεν,
1064 2963 1178 3018 ἀλλ’
1205 2966 1300 3016 ἐπὶ
1335 2963 1443 3016 τῶν
1473 2964 1774 3034 οἰκτιρμῶν
1812 2965 1992 3034 μόνον.

314 3053 483 3107 Οὐδὲν
511 3053 617 3123 γὰρ
645 3053 790 3122 ἡμᾶς
827 3053 976 3113 ῖσους
1005 3049 1126 3122 Θεῷ
1151 3052 1313 3115 ποιεῖ,
1340 3050 1417 3112 ὡς
1447 3049 1508 3102 τὸ
1536 3051 1867 3119 εὐεργετεῖν.

389 3140 453 3193 ε’.
495 3139 632 3191 Ἀλλ’
659 3139 811 3191 οὐδὲν
834 3138 1213 3207 ἀναιδέστερον
1231 3173 1245 3199 ,
1271 3136 1426 3206 φησὶ,
1447 3137 1698 3206 πένητος.
1732 3137 1884 3188 Διατί
1913 3137 1992 3201 ⁸⁹;

317 3223 624 3295 παρακαλῶ
649 3242 661 3254 ·
696 3223 776 3275 ὅτι
810 3222 1112 3290 ἐπιτρέχων
1138 3222 1412 3292 καταϐοᾷς
1465 3220 1657 3273 Βούλει
1688 3217 1780 3274 οὖν
1813 3222 1992 3286 δείξω,

313 3310 402 3363 ὃτι
447 3309 673 3363 ἐκείνων
712 3309 874 3377 ήμεῖς
919 3309 1084 3378 ἐσμεν
1113 3306 1609 3377 ἀναισχυντότεροι,
1654 3307 1748 3360 καὶ
1785 3308 1994 3377 σφόδρα

316 3395 590 3461 ἀναιδεῖς;
631 3392 1032 3464 ’Δναμνήσθητί
1058 3409 1150 3462 μοι
1177 3392 1274 3445 νῦν
1303 3395 1361 3443 ἐν
1383 3393 1560 3462 καιρῷ
1582 3393 1679 3462 τῆς
1709 3394 1988 3462 νηστείας,

317 3481 551 3543 ποσάκις
607 3479 887 3549 τραπέζης
938 3479 1353 3549 παρακειμένης
1406 3481 1464 3530 ἐν
1527 3480 1762 3550 ἑσπέρᾳ,
1817 3481 1908 3532 τὸν
1944 3482 1992 3517 ³⁸

318 3567 698 3638 ὑπηρετοῦντα
717 3565 937 3637 οἰκέτην
959 3566 1216 3629 καλέσας,
1245 3565 1332 3617 ἵνα
1365 3565 1742 3637 σχολαιότερον
1775 3566 1989 3640 βαδίσῃ,

319 3655 503 3709 πάντα
547 3654 872 3725 ἀνέτρεψας,
922 3641 1212 3716 λὲκτίζων,
1248 3652 1507 3720 ὑϐρίζων,
1566 3653 1992 3724 λοιδορούμενος,

319 3740 462 3810 ὑπὲρ
480 3740 744 3810 ἀναϐολῆς
766 3739 926 3809 μόνον
949 3740 1172 3808 μικρᾶςο
1197 3737 1349 3808 [405]
1374 3739 1547 3790 καίτοι
1580 3739 1785 3808 σφόδρα
1813 3739 1992 3804 είδὼς,

317 3827 405 3882 δτι
437 3827 542 3880 κάν
570 3826 645 3896 μή
677 3824 901 3887 εὐθέως,
928 3823 1062 3877 ἀλλά
1095 3823 1290 3892 μικρὸν
1321 3821 1548 3891 ὕστερον
1582 3823 1865 3894 ἀπολαύσῃ
1894 3825 1993 3894 τῆς

317 3910 542 3980 ἐδωδῆς.
582 3906 715 3961 Εἶτα
758 3909 952 3962 σαυτὸν
985 3910 1082 3978 μὲν
1111 3910 1252 3978 ὑπὲρ
1280 3909 1374 3963 τοῦ
1421 3908 1649 3978 μηδενὸς
1698 3909 1991 3980 ἐκθηριού-

322 4014 484 4068 μενον
504 3997 565 4049 ού
608 3997 794 4058 καλεῖς
830 3998 1204 4064 ἀναίσχυντον,
1233 3997 1324 4049 τὸν
1367 3996 1424 4048 δέ
1463 3995 1672 4066 πένητα
1704 3998 1796 4050 τὸν
1849 3997 1992 4069 ὺπέρ

315 4082 430 4137 τῶν
461 4081 722 4153 μειζόνων
765 4082 1040 4137 δεδοικότα
1079 4081 1171 4134 καὶ
1201 4082 1469 4153 τρέμοντα
1525 4081 1665 4151 (οὐδὲ
1713 4083 1822 4152 γὰρ
1864 4085 1991 4153 περὶ

322 4170 652 4240 μελλήσεως,
689 4169 827 4222 ἀλλά
847 4170 977 4238 περὶ
999 4167 1157 4238 λιμοῦ
1187 4171 1294 4230 πᾶς
1326 4171 1354 4222 6
1387 4168 1550 4238 φόϐος
1579 4168 1770 4239 αὐτῷ),
1799 4170 1988 4222 τοῦτον

317 4259 414 4312 καὶ
443 4258 655 4326 ἰταμὸν,
698 4259 792 4309 καὶ
833 4255 1048 4323 ἀναιδῆ.
1099 4257 1193 4308 καὶ
1229 4256 1606 4324 ἀναίσχυντον,
1659 4256 1756 4308 καὶ
1813 4259 1991 4309 πάντα

317 4347 608 4416 προσερεῖς
651 4344 720 4396 τά
757 4342 1040 4412 alapam;
1093 4343 1202 4394 Kal
1249 4342 1367 4405 πῶς
1416 4343 1516 4395 οῦκ
1561 4343 1796 4412 ἐσχάτης
1835 4343 1993 4396 τοῦτο

317 4435 732 4505 ἀναισχυντίαςς
799 4433 937 4485 Ἀλλ’
974 4434 1073 4485 οὐκ
1125 4431 1412 4503 ἐννοοῦμεν
1456 4431 1660 4484 ταῦτα’
1702 4431 1789 4485 διὰ
1836 4433 1992 4485 τοῦτο

316 4521 559 4584 ἐκείνους
581 4519 845 4589 ἐπαχθεῖς.
863 4516 1002 4573 εἶναι
1026 4518 1317 4588 νομίζομεν
1335 4536 1348 4548 ·
1381 4519 1457 4580 ὡς
1476 4518 1532 4569 εἴ
1561 4535 1624 4586 γε
1654 4516 1720 4570 τά
1753 4518 1993 4590 ήμέτερα

316 4607 654 4679 ἐξητάζομεν
694 4609 789 4661 καὶ
814 4606 1228 4678 παρεϐάλλομεν
1250 4609 1362 4668 τοῖς
1391 4605 1637 4671 ἐκείνων,
1661 4605 1762 4658 οὐκ
1790 4605 1856 4658 ἂν
1887 4608 1988 4659 αύ-

313 4695 443 4756 τοῦς
475 4694 803 4764 ἐνομίσαμεν
853 4689 993 4747 εἶναι
1039 4691 1348 4763 φορτικοὺς.
1386 4692 1477 4761 Μὴ
1519 4690 1586 4762 δὴ
1629 4691 1782 4758 γίνου
1821 4692 1867 4723 ³³
1894 4709 1988 4745 πι-

315 4779 449 4851 κρὸς
485 4779 762 4849 δικαστής.
803 4779 914 4834 Kal
940 4779 1049 4850 γὰρ
1087 4782 1135 4832 εί
1190 4779 1409 4831 πάντων
1453 4778 1868 4849 ἁμαρτημάτων
1917 4776 1986 4849 ἦς

313 4865 756 4933 ἀπηλλαγμένος,
810 4866 931 4920 οὐδὲ
974 4865 1116 4918 οὕτω
1166 4882 1249 4918 σοι
1296 4866 1598 4935 ἐπέτρεπεν
1641 4868 1669 4918 6
1697 4864 1792 4918 τοῦ
1848 4865 1983 4919 Θεοῦ

312 4953 478 5023 νόμος
515 4951 720 5022 ἀκριϐῆ
773 4953 1022 5020 γενέσθαι
1073 4951 1365 5022 ἐξεταστὴν
1414 4951 1523 5004 τῶν
1566 4951 1880 5022 ἀλλοτρίων.
1918 4955 1983 5006 Εἰ

311 5037 427 5106 γὰρ
463 5038 492 5089 6
531 5037 823 5106 Φαρισαῖος
856 5036 943 5090 διὰ
970 5035 1129 5089 τοῦτο
1170 5036 1438 5102 ἀπώλετο,
1484 5036 1641 5101 ποίας
1681 5037 1984 5107 τευξόμεθα

312 5121 611 5192 ἀπολογίας
641 5125 832 5192 ήμεῖς;
867 5124 931 5174 Εἰ
957 5126 1069 5188 τοῖς
1100 5123 1145 5155 ⁸⁸
1177 5123 1602 5193 κατωρθωκόσιν
1640 5124 1740 5176 ούκ
1759 5125 1983 5195 ἐπιτρέ-

309 5199 408 5261 πει
455 5209 666 5279 πικρῶς
701 5208 972 5273 ἐξετάζειν
1011 5211 1079 5262 τά
1115 5209 1340 5280 ἐτέρων,
1399 5209 1580 5279 πολλῷ
1635 5211 1835 5279 μᾶλλον
1873 5217 1985 5275 τοῖς

314 5294 744 5365 ἐπταικόσι.¹Μὴ
768 5296 946 5347 τοίνυν
973 5294 1134 5363 ὠμοὶ,
1171 5295 1307 5364 μηδέ
1330 5297 1580 5363 ἀπηνεῖς,
1611 5297 1686 5366 μὴ
1718 5298 1760 5327 ³⁷
1792 5297 1987 5367 ἀστορ-

202 5426 205 5427 ν
313 5397 426 5450 τοι,
454 5381 529 5452 μὴ
559 5382 834 5444 ἄσπονδοι,
855 5381 932 5452 μὴ
947 5381 1150 5452 θηρίων
1171 5381 1389 5450 χείρους
1405 5377 1576 5450 ῶμεν.
1609 5384 1841 5453 Καὶγάρ
1867 5385 1988 5435 πολ-

383 5551 432 5623 ¹Ϋ
454 5553 613 5621 ἀφεῖς
636 5524 794 5607 codd”.
815 5555 899 5623 ἀφ

1416 344 1484 400 IN
1519 341 1942 402 MATTHEUK
1976 341 2214 400 HOMIL.
2249 342 2470 400 XXXV.
2495 343 2569 400 al.
2610 341 2858 399 XXXVI.

3695 351 3805 410 ιη

2114 457 2240 521 λοῦς
2264 458 2348 522 εἰς
2372 457 2533 511 τοῦτο
2556 455 2673 514 οῖδα
2703 456 3001 531 θηριωδίας
3029 457 3288 522 ἐλθόντας
3305 497 3322 524 ,
3348 463 3424 526 ὦς
3451 460 3521 516 δι’
3558 459 3718 520 ὄκνον
3754 467 3803 500 ³⁸

2117 545 2318 616 μικρὸν
2351 545 2722 616 λιμώττοντας
2763 546 3048 616 περιορᾷν,
3104 546 3199 599 καὶ
3235 543 3410 601 ταῦτα
3442 549 3703 618 λέγοντας
3729 552 3801 607 τὰ

2114 632 2335 703 ῥήματα
2354 647 2370 664 ο
2405 634 2481 685 Ού
2515 633 2782 702 πάρεστιν
2811 633 3032 701 οἰκέτης
3059 630 3185 702 ἐμοὶ
3214 631 3331 696 νῦν,
3355 633 3564 704 λπόῤῥω
3588 637 3691 708 τῆς
3721 639 3802 692 οι-

2113 718 2239 780 κίας
2267 717 2456 787 ἐσμὲν,
2503 717 2842 788 τραπεζίτης
2876 717 3053 782 οὐδείς
3098 718 3215 771 ἐστί
3260 735 3351 786 μοι
3397 718 3694 792 γνώριμος.
3731 727 3797 779 Ὠ

2111 803 2212 872 τῆς
2237 803 2551 874 ὠμότητοςὶ
2579 803 2654 856 Τὸ
2677 803 2860 873 μεῖζον
2884 805 3126 874 ὑπέσχου
3150 805 3214 870 ³⁸,
3241 805 3338 858 καὶ
3359 805 3422 857 τὸ
3450 806 3672 862 ἔλαττον
3691 810 3792 864 οὐκ

2111 889 2335 954 ἀνύειςς
2366 891 2452 944 ῖνα
2489 892 2554 943 σὺ
2592 891 2667 961 μὴ
2710 889 2938 962 βαδίσῃς
2984 891 3204 961 μικρὸν,
3243 891 3454 957 ἐκεῖνος
3493 893 3640 966 λιμῷ
3675 896 3798 950 δια-

2113 976 2431 1046 φθείρεται;
2470 978 2534 1029 Ὢ
2574 978 2673 1047 τῆς
2698 977 2942 1049 ὕϐρεωςι
2977 976 3023 1031 ὣ
3054 977 3148 1031 τοῦ
3174 978 3384 1046 τύφουι
3418 980 3482 1033 El
3516 981 3628 1051 γὰρ
3663 981 3797 1036 δέκα

2113 1063 2310 1117 στάδια
2340 1062 2553 1133 βαδίσαι
2597 1063 2796 1134 ἐχρῆν,
2833 1065 3062 1134 ὀκνῆσαι
3114 1063 3261 1129 ἔδεις
3299 1065 3437 1121 Ούδέ
3465 1067 3672 1130 ἐννοεῖς
3713 1069 3796 1120 ὅτι

2115 1149 2316 1220 μείζων
2354 1151 2380 1202 6
2413 1149 2604 1219 μισθός
2641 1167 2722 1203 σοι
2747 1150 2891 1203 οὕτω
2913 1149 3159 1218 γίνεται;
3195 1151 3367 1221 Ὅταν
3394 1151 3492 1220 μὲν
3521 1152 3632 1221 γάρ
3664 1153 3794 1223 δῷς,

2112 1235 2253 1307 ὑπὲρ
2282 1236 2373 1288 τοῦ
2422 1236 2700 1306 διδομένου
2747 1236 3044 1306 λαμϐάνεις
3085 1237 3277 1308 μισθὸν
3325 1238 3525 1308 μόνον’
3565 1240 3693 1294 ὅταν
3736 1242 3796 1294 δέ

2111 1325 2205 1375 καὶ
2230 1323 2390 1384 αὐτὸς
2424 1323 2667 1394 βαδίσῃς,
2701 1324 2795 1376 καὶ
2824 1323 3016 1376 τούτου
3052 1341 3136 1377 σοι
3163 1328 3343 1377 κεῖται
3366 1324 3532 1378 πάλιν
3559 1327 3788 1398 ἀμοιϐή.

2124 1408 2278 1460 Ἐπεὶ
2324 1409 2420 1461 καί
2457 1409 2501 1440 ‘°
2550 1411 2641 1462 τὸν
2693 1409 3043 1481 πατριάρχην
3091 1411 3181 1464 διά
3211 1411 3373 1463 τοῦτο
3409 1410 3790 1481 θαυμάζομεν,

2109 1495 2192 1547 ὅτι
2233 1496 2395 1558 αὐτὸς
2433 1496 2526 1549 ἐπὶ
2559 1500 2658 1559 τὰς
2685 1495 2814 1565 βοῦς
2858 1497 3062 1567 έδραμε
3083 1535 3099 1560 ,
3132 1498 3224 1550 καὶ
3270 1497 3335 1550 τὸ
3365 1499 3662 1570 μοσχάριον
3691 1501 3794 1569 ῆρ-

2109 1599 2286 1646 πασε,
2322 1585 2415 1635 καὶ
2448 1583 2622 1636 ταῦτα
2668 1584 3016 1653 τριακοσίους
3058 1584 3192 1637 δέκα
3233 1582 3380 1637 ὀκτὼ
3415 1584 3458 1616 “
3493 1587 3792 1653 οἰκογενεῖς

2109 1668 2266 1737 ἔχων.
2299 1668 2413 1722 Νῦν
2441 1669 2499 1722 δὲ
2535 1670 2790 1722 τοσούτου
2822 1670 2966 1732 τινές
3000 1671 3107 1722 εἰσι
3139 1668 3310 1738 τύφου
3341 1670 3790 1742 πεπληρωμένοι,

2105 1756 2180 1819 ὡς
2206 1755 2293 1808 διά
2317 1757 2524 1809 παίδων
2554 1755 2728 1809 ταῦτα
2762 1759 2958 1822 ποιεῖν,
2993 1756 3090 1809 καὶ
3115 1757 3191 1826 μὴ
3221 1757 3594 1826 αἰσχύνεσθαι.
3630 1759 3790 1812 Ἀλλά

2103 1842 2170 1895 δι’
2206 1843 2446 1912 ἐμαυτοῦ
2493 1844 2540 1875 ⁴¹
2587 1842 2762 1896 ταῦτα
2792 1843 3037 1906 κελεύεις
3076 1843 3295 1910 ἀνύειν;
3334 1845 3506 1915 φησί’
3538 1846 3633 1898 καὶ
3668 1844 3790 1909 πῶς
3839 1873 3852 1880 -

2103 1931 2166 1981 οὑ
2195 1929 2332 1994 δόξω
2360 1929 2658 1994 κενοδοξεῖν
2688 1946 2702 1994 ;
2735 1930 2846 1982 Kal
2876 1930 2983 2000 μὴν
3018 1931 3112 1982 καὶ
3142 1929 3238 1983 νῦν
3258 1931 3326 1984 δι’
3349 1933 3543 2001 ἑτέραν
3567 1933 3788 1986 κενοδο-

2104 2016 2222 2082 ξίαν
2255 2015 2412 2068 τοῦτο
2457 2020 2633 2078 ποιεῖς
2656 2057 2671 2076 ,
2699 2017 3089 2086 αἰσχυνόμενος
3127 2017 3356 2087 ὀφθῆναι
3387 2019 3578 2087 πένητι
3606 2018 3788 2072 διαλε-

2102 2105 2351 2174 γόμενος.
2402 2105 2542 2159 Ἀλλ’
2576 2106 2727 2158 ούδέν
2758 2105 2901 2175 ὑπὲρ
2928 2106 3134 2158 τούτων
3159 2105 3661 2176 ἀκριϐολογοῦμαι·
3691 2109 3787 2176 μό·-

2090 2197 2190 2245 ’νον
2223 2192 2388 2257 δίδου,
2418 2193 2528 2244 είτε
2557 2193 2645 2246 διά
2682 2192 2906 2256 σαυτοῦ,
2937 2193 3048 2245 εἴτε
3089 2193 3156 2244 δι’
3187 2193 3378 2263 ἐτέρου
3401 2192 3445 2224 ⁸³
3478 2193 3640 2247 τοῦτο
3662 2193 3788 2264 βού-

2103 2279 2180 2332 λει
2212 2281 2420 2332 ποιεῖν·
2465 2281 2559 2332 καὶ
2605 2279 2682 2350 μὴ
2722 2268 2983 2347 ἐγκάλει,
3018 2279 3093 2348 μὴ
3124 2278 3364 2349 πλῆττε,
3412 2281 3487 2350 μὴ
3529 2281 3784 2350 λοιδόρει.

2099 2368 2412 2437 Φαρμάκων
2435 2369 2566 2437 γάρ,
2587 2368 2648 2420 οῦ
2669 2367 3023 2437 τραυμάτων,
3052 2367 3224 2420 δεῖται
3244 2368 3274 2420 6
3298 2367 3538 2443 προσιών
3566 2386 3580 2403 ο
3605 2369 3784 2436 ἐλέου,

2100 2453 2160 2505 ού
2198 2453 2398 2520 ξίφους.
2420 2452 2554 2504 Είπέ
2582 2452 2690 2521 γάρ
2724 2470 2834 2521 μοι,
2858 2453 2911 2504 εῐ
2937 2470 3021 2515 τις
3045 2453 3176 2527 λίθῳ
3207 2452 3426 2524 βληθεὶς
3448 2453 3542 2507 καὶ
3559 2453 3788 2525 τραῦμα

2099 2538 2278 2591 λαϐὼν
2306 2539 2447 2592 κατὰ
2474 2540 2574 2608 τῆς
2611 2540 2858 2609 κεφαλῆς
2882 2581 2897 2603 ,
2926 2541 3053 2603 τοὺς
3093 2538 3288 2602 ἄλλους
3316 2539 3567 2604 ἃπαντας
3597 2542 3784 2609 ἀφεὶς,

2101 2624 2448 2696 προσέδραμέ
2481 2641 2573 2678 σου
2610 2629 2722 2688 τοῖς
2762 2627 2954 2692 γόνασι
2988 2627 3428 2696 καταρῤεόμινος
3455 2625 3533 2696 τῷ
3563 2626 3783 2696 αἵματι,

2099 2708 2208 2782 ἄρα
2251 2714 2424 2782 ἐτέρῳ
2464 2713 2597 2782 λίθῳ
2645 2713 2893 2777 πατάξας
2939 2713 3287 2784 προσέθηκας
3321 2714 3386 2767 ἂν
3419 2715 3568 2784 αύτῷ
3596 2715 3787 2785 ἕτερον

2097 2798 2350 2867 τραῦμα;
2380 2799 2492 2851 Οὐκ
2522 2799 2697 2866 ἐγωγε
2739 2796 2926 2870 οἶμαι,
2964 2799 3101 2853 ἀλλά
3135 2802 3232 2852 καὶ
3263 2800 3395 2853 αὑτὸ
3416 2800 3787 2870 ἐπεχείρησας

2098 2878 2166 2932 ἀν
2195 2878 2508 2949 διορθῶσαι.
2550 2881 2616 2933 Τί
2645 2877 2738 2934 οῦν
2768 2883 2861 2934 ἐπὶ
2900 2881 3010 2954 τῶν
3042 2883 3292 2952 πενήτων
3320 2884 3494 2944 ποιεῖς
3522 2881 3593 2934 τά
3627 2884 3786 2935 ἐνανο

2097 2966 2217 3031 τία;
2254 2968 2368 3020 Οὐκ
2397 2963 2546 3030 οἶδας
2567 2969 2689 3021 ὅσον
2718 2968 2942 3021 δύναται
2965 2968 3060 3022 καὶ
3085 2969 3388 3038 ἀναστῆσαι
3410 2970 3505 3021 καὶ
3533 2969 3785 3023 καθελεῖν

2096 3045 2282 3115 λόγος;
2311 3049 2594 3116 Κρεῖττον
2613 3049 2745 3119 γὰρ,
2767 3050 2922 3118 φησι,
2945 3051 3132 3118 λόγος
3163 3050 3201 3117 ἣ
3233 3050 3427 3114 δόσις.
3462 3053 3537 3104 Ού
3567 3052 3781 3122 λογίζῃ,

2095 3127 2176 3180 ὅτι
2204 3129 2345 3181 κατά
2377 3129 2574 3182 σαυτοῦ
2600 3131 2662 3182 τὸ
2687 3131 2840 3197 ξίφος
2867 3130 3029 3193 ὠθεῖς
3046 3170 3061 3195 ,
3095 3131 3191 3183 καὶ
3219 3131 3604 3203 χαλεπώτερον
3628 3132 3782 3206 μου]

2094 3214 2312 3283 τραῦμα
2335 3214 2654 3282 λαμϐάνεις,
2681 3216 2810 3266 ὅταν
2836 3213 3171 3285 λοιδορηθεὶς
3197 3217 3405 3279 ἐκεῖνος
3439 3220 3779 3289 ἀναχωρήσῃ

2099 3303 2245 3370 σιγῇ,
2289 3302 2490 3353 στένων
2524 3301 2620 3352 καὶ
2653 3301 2826 3354 πολλά
2857 3302 3152 3371 δακρύων;
3201 3303 3314 3355 Kal
3350 3304 3461 3373 γὰρ
3500 3306 3652 3375 παρά
3684 3305 3781 3358 τοῦ

2094 3386 2229 3438 Θεοῦ
2260 3387 2538 3454 πέμπεται
2571 3386 2708 3456 πρὸς
2737 3388 2815 3439 σέ.
2862 3388 3147 3457 Ἐννόησον
3170 3383 3286 3451 οῦν,
3321 3388 3564 3460 ὑϐρίζων
3593 3390 3780 3454 αὑτὸν,

2095 3471 2198 3525 ποῦ
2239 3472 2576 3537 διαϐιϐάζεις
2603 3475 2704 3542 τὴν
2751 3472 2930 3542 ὕϐριν,
2977 3474 3106 3528 ὅταν
3154 3474 3359 3538 ἐκεῖνος
3401 3476 3502 3543 μὲν
3537 3477 3675 3545 πρὸς
3721 3477 3782 3530 σὲ

2095 3561 2291 3631 πέμπῃ
2315 3601 2330 3624 ,
2356 3554 2450 3613 καὶ
2482 3561 2566 3614 σοὶ
2593 3560 2778 3614 δοῦναι
2808 3559 3025 3631 κελεύῃ,
3053 3563 3116 3614 σὺ
3150 3561 3205 3612 δε
3242 3559 3317 3631 μή
3347 3561 3508 3631 μόνον
3545 3563 3621 3632 μὴ
3650 3562 3781 3632 δῷς,

2095 3647 2230 3700 ἀλλά
2261 3647 2353 3699 καὶ
2386 3647 2615 3718 ὑϐρίσῃς
2639 3647 2882 3700 ἐλθόντα.
2919 3647 2984 3699 El
3012 3645 3070 3700 δὲ
3100 3649 3317 3713 ἀγνοεῖς
3338 3647 3437 3718 τὴν
3467 3648 3781 3720 ὑπερϐολὴν

2093 3733 2196 3802 τῆς
2244 3732 2475 3795 ἀτοπίας
2499 3772 2535 3796 ,.
2563 3734 2649 3786 ἐπ’
2683 3731 2991 3803 ἀνθρώπων
3025 3733 3158 3785 αὑτὸ
3195 3734 3492 3801 σκόπησον,
3533 3736 3628 3787 καὶ
3655 3737 3780 3789 τότε

2094 3819 2216 3888 εἴσῃ
2249 3818 2428 3881 καλῶς
2467 3820 2526 3870 τὸ
2557 3809 2783 3888 μέγεθος
2817 3819 2915 3887 τῆς
2946 3819 3238 3894 ἁμαρτίας.
3274 3819 3336 3871 Εί
3365 3819 3475 3889 γὰρ
3506 3821 3598 3882 σὸς
3629 3822 3779 3874 οἰκέ-

2093 3922 2192 3975 της
2221 3905 2373 3975 παρὰ
2404 3905 2498 3957 σοῦ
2525 3905 2838 3966 κελευσθεὶς
2867 3904 3005 3974 πρὸς
3029 3905 3216 3975 ἕτερον
3247 3906 3504 3960 ἀπελθεῖν
3533 3907 3776 3978 οἰκέτην,

2093 3991 2357 4061 ἀργύριον
2387 3992 2578 4061 ἔχοντα
2606 3993 2698 4043 σὸν
2731 3991 2937 4054 λαϐεῖν,
2982 3993 3044 4044 ού
3091 3993 3250 4060 μόνον
3281 3996 3467 4056 κεναῖς
3501 3995 3776 4064 ἐπανῆλθε

2095 4078 2299 4147 χερσὶν,
2327 4077 2462 4128 ἀλλά
2495 4079 2586 4130 καὶ
2613 4076 2909 4147 ὑϐρισθεὶς,
2940 4076 2993 4128 τί
3017 4077 3116 4129 ούκ
3143 4077 3210 4130 ἂν
3233 4078 3478 4148 εἰργάσω
3507 4079 3599 4132 τὸν
3625 4081 3778 4151 ὑϐρι-

2095 4163 2260 4226 κότα;
2296 4164 2468 4232 πόσην
2499 4163 2600 4215 οὐκ
2630 4165 2693 4215 ἂν
2726 4162 2881 4232 δίκην
2909 4163 3229 4233 ἀπῄτησας,
3263 4163 3356 4216 άτε
3396 4164 3584 4219 λοιπὸν
3615 4166 3777 4232 αὐτὸς

2088 4246 2164 4299 ὢν
2193 4249 2222 4299 6
2261 4247 2586 4318 ὑϐρισμένος
2615 4266 2631 4312 ;
2665 4247 2836 4302 Τοῦτο
2863 4250 2957 4302 καὶ
2984 4249 3078 4300 ἐπὶ
3105 4248 3198 4301 τοῦ
3228 4249 3361 4302 Θεοῦ
3390 4249 3606 4318 λογίζου
3641 4267 3656 4281 ⁸
3681 4256 3776 4306 καὶ

2089 4334 2199 4406 γὰρ
2237 4335 2398 4405 αὐτὸς
2435 4337 2642 4404 πέμπει
2698 4336 2835 4404 πρὸς
2874 4337 3023 4405 ἡμᾶς
3069 4337 3196 4398 τοὺς
3244 4337 3485 4406 πένητας
3511 4375 3528 4401 ,
3584 4339 3678 4391 καὶ
3700 4336 3771 4391 τὰ.

2087 4421 2298 4475 ἐκείνου
2322 4422 2370 4452 ⁸⁸
2410 4421 2658 4492 δίδομεν,
2693 4421 2758 4474 ἂν
2789 4421 2898 4491 ἀρα
2920 4421 3230 4492 δῶμεν.“Λν
3280 4424 3337 4476 δέ
3377 4425 3515 4494 πρὸς
3563 4424 3642 4495 τῷ
3694 4425 3773 4500 μὴ

2088 4507 2269 4560 δοῦναι
2310 4507 2403 4560 καὶ
2452 4508 2808 4575 ὑϐρισθέντας
2859 4500 3253 4580 ἐκπέμψιυμεν,
3296 4511 3552 4580 ἐννόησον
3587 4512 3770 4568 πόσων

2094 4594 2390 4664 σκηπτῶν,
2444 4595 2626 4647 πόσων
2675 4595 2956 4663 κεραυνῶν
3005 4594 3152 4659 ἀξιον
3199 4598 3433 4667 πρᾶγμα
3485 4597 3768 4670 ποιοῦμεν.

2090 4682 2254 4735 Ταῦτ’
2285 4678 2379 4735 οῦν
2409 4681 2624 4736 ἅπαντα
2658 4671 2997 4752 λογιζόμὲνοι
3017 4722 3032 4747 ,
3067 4683 3162 4736 καὶ
3199 4685 3300 4752 τὴν
3338 4684 3586 4751 γλῶτταν
3615 4685 3769 4756 χαλι-

2088 4768 2373 4840 νῶσωμεν,
2407 4772 2503 4823 καὶ
2531 4771 2630 4840 τὴν
2665 4771 3068 4842 ἀπανθρωπίαν
3103 4772 3149 4803 ⁸⁸
3173 4772 3514 4843 ἐκϐάλωμεν,
3549 4776 3641 4826 καὶ
3667 4776 3772 4844 τὴν

2086 4861 2243 4928 χεῖρα
2295 4856 2431 4926 πρὸς
2471 4857 2842 4928 ἐλεημοσύνην
2868 4858 3224 4929 ἐκτείνωμεν,
3271 4860 3473 4931 καὶμὴ
3524 4862 3772 4930 χρήμασι

2091 4945 2274 5014 μόνον,
2307 4943 2443 4996 ἀλλά
2469 4944 2564 4996 xal
2597 4944 2805 5014 ῥήμασι
2828 4943 2874 4976 ⁸⁸
2907 4945 3366 5016 παραμυθώμεθα
3409 4947 3535 5008 τοὺς
3580 4946 3770 5017 δεομέ-

2088 5049 2241 5095 νουςο
2288 5033 2374 5085 ἵνα
2409 5034 2504 5086 καὶ
2544 5033 2645 5103 τὴν
2689 5034 2798 5086 ἀπὸ
2838 5033 2940 5103 τῆς
2998 5035 3266 5105 λοιδορίας
3313 5036 3533 5089 κόλασιν
3592 5035 3768 5106 ἐκφύ-

2088 5136 2274 5189 γωμεν
2291 5119 2357 5183 ",
2377 5123 2469 5173 καὶ
2487 5119 2586 5191 τὴν
2614 5121 2722 5174 ἀπὸ
2746 5121 2846 5190 τῆς
2869 5122 3118 5190 εὐλογίας
3147 5123 3241 5175 καὶ
3267 5123 3389 5192 ἐλεη
3400 5122 3635 5194 μοσύνης
3665 5124 3769 5193 βα-

2091 5211 2296 5264 σιλείαν
2323 5210 2846 5281 κληρονομήσωμεν,
2895 5212 3080 5281 χάριτι
3135 5211 3231 5263 καὶ
3260 5211 3642 5283 φιλανθρωπίᾳ
3671 5212 3769 5266 τοῦ

2087 5297 2293 5368 Κυρίου
2346 5297 2504 5368 ήμῶν
2541 5298 2717 5366 Ἰησοῦ
2741 5299 3000 5370 Χριστοῦ,
3032 5291 3075 5365 ᾧ
3105 5302 3136 5368 ἡ
3177 5298 3306 5365 δόξα
3343 5300 3437 5352 καὶ
3467 5299 3530 5351 τὸ
3567 5298 3770 5371 κράτος

2099 5387 2177 5448 εἰς
2210 5385 2335 5447 τοὺς
2367 5384 2567 5446 αἰῶνας
2599 5384 2708 5436 τῶν
2743 5383 2976 5438 αἰώνων.
2998 5386 3191 5455 Ἀμήν.

990 5551 1125 5640 Εξάἀ.
1199 5552 1349 5640 ξ’ότι
1382 5549 1512 5640 ἀρον
1695 5554 1826 5640 ἄρῃ]
1852 5556 1910 5640 εί.

2099 5558 2214 5640 ξτι]
2246 5558 2550 5640 διξιιητὸέ.
2673 5561 2944 5631 χρήσιμον
2973 5577 3083 5615 om.
3114 5561 3175 5640 ΡΞ
3254 5563 3296 5594 ³⁸
3321 5563 3597 5640 ἐκκακῆτε
3623 5561 3764 5640 βαιῇ.

383 5555 432 5584 ’⁸
454 5555 613 5634 ἀφεῖς
636 5555 794 5607 codd.
823 5555 967 5676 ἁφῆς
990 5555 1125 5606 Edd.
1204 5555 1248 5584 ²⁹
1269 5555 1349 5606 ὅτι
1382 5555 1512 5626 ἆρον
1535 5555 1669 5608 Edd.
1695 5555 1826 5626 ἀροῖ
1852 5556 1898 5607 εἰ
1932 5555 1993 5610 F.

313 5622 670 5702 ξξ-ἐκκακητε
705 5624 768 5675 Δ.
968 5623 1354 5702 ..ἐκκακήησῃτε
1389 5623 1452 5677 D.
1491 5571 1814 5702 Aza:£_?]
1840 5626 1985 5702 ⁵ιδιάάᾷ

2099 5560 2117 5590 ⁵
2137 5558 2214 5629 τι]
2246 5558 2368 5616 add.
2402 5559 2461 5610 τὸ
2487 5560 2550 5611 Α.
2579 5557 2641 5612 C.
2673 5561 2944 5631 χρήσιμον
2973 5577 3083 5615 om.
3114 5561 3175 5616 F.
3254 5563 3296 5594 "
3321 5563 3597 5633 ἐκκακῆτε
3625 5561 3764 5618 Edd.

2161 5629 2348 5702 poLA.
2473 5627 2543 5702 Ε.
2578 5627 3125 5702 μοιγιᾲεκριοεεοιξιιηι
3159 5631 3393 5702 Interpp.
3472 5633 3654 5702 "ixal
3675 5631 3769 5702 τόν

1255 5694 1352 5746 lor.
1404 5709 1455 5747 υ.
1491 5693 1616 5747 557.

312 5689 449 5765 ξξά-(ί.
485 5689 787 5765 καίοιτθει-
811 5693 880 5765 ᾗιι
908 5692 1071 5765 codd:
1115 5703 1166 5765 ει
1201 5689 1370 5765 _Fl6r._
1403 5709 1455 5765 ρ.
1491 5693 1616 5765 557.
1723 5695 1767 5726 ³⁸
1795 5689 1917 5765 γίνῃ

313 5695 449 5792 ΞΜ.
485 5695 577 5745 καί
618 5695 770 5746 deest
811 5695 866 5777 ἰιι
911 5695 1071 5747 codd.
1115 5703 1166 5747 et
1210 5695 1352 5746 Flor.
1397 5709 1455 5814 ἓ.
1491 5695 1616 5747 557.
1723 5695 1767 5726 ³⁸
1795 5695 1917 5765 γίνῃ
1952 5695 1993 5746 D

318 5826 350 5832 _
380 5758 704 5832 63v031add.
732 5760 789 5813 δέ
811 5763 961 5832 ΕΔΜ.
1010 5763 1081 5832 Β
1113 5760 1374 5832 ὑπέσχου]
1441 5779 1488 5816 ιο
1515 5764 1666 5832 A_rm.
1708 5774 1759 5817 et
1795 5767 1952 5817 codd.
1981 5767 1993 5815 1

2099 5699 2192 5767 ένῃ
2237 5698 2294 5750 F.
2392 5699 2436 5729 “
2461 5700 2572 5761 τοῖς

2099 5784 2184 5829 τας
2215 5765 2352 5820 Edd.
2388 5778 2439 5821 el
2474 5767 2572 5821 Ge.

313 5826 376 5913 Β.
401 5828 468 5913 [)ἒ
491 5826 672 5913 BIL"
700 5832 795 5883 καὶ
832 5831 975 5913 ὀκτώ
1010 5828 1144 5913 βίω,
1218 5826 1718 5913 ἓζὲέίαυτοῦὶδιίό.
1758 5834 1855 5913 μέν
1893 5834 1989 5913 μαι

2109 5826 2397 5913 διιτέρων
2437 5837 2572 5891 Edd.
2641 5840 2694 5913 ,ιι
2724 5839 2958 5913 ἐκείνου]
3003 5826 3332 5913 αὐτοῦἘ-ᾀιί.

315 5853 371 5884 υ.
402 5853 464 5881 υ.
491 5853 549 5885 τι.
583 5868 605 5888 ο
630 5853 672 5861 “
700 5853 795 5883 και
832 5853 975 5883 οκτω
1010 5853 1144 5884 nuu.
1222 5853 1267 5861 "
1297 5853 1561 5902 εμαυτου]
1592 5853 1718 5885 3110.
1758 5853 1855 5902 μεν
1897 5853 2031 5887 mm.
2109 5853 2156 5868 "
2193 5853 2279 5888 ετε
2321 5855 2328 5887 1

310 5912 412 5968 μεν
436 5897 498 5953 Δ.
578 5899 623 5934 ⁵⁸
661 5899 1182 5969 παραμυθησώμεθα
1217 5900 1350 5956 Edd.
1429 5902 1473 5933 ⁵⁷
1509 5901 1766 5972 φύγωμεν
1799 5901 1859 5957 D.
1888 5904 2236 5973 διαφύγωμεν

2392 5699 2436 5729 ⁸⁸
2461 5697 2595 5769 τοῖς]
2627 5700 2752 5753 add.
2794 5697 2973 5764 καλῶς
3001 5701 3136 5754 Edd.

3236 5702 3277 5733 ³⁷
3444 5701 3595 5786 μηδέ.
3614 5699 3675 5754 Ε.
3704 5701 3765 5758 [θ.

3267 5775 3360 5824 καὶ
3426 5791 3479 5825 ια
3505 5787 3665 5822 τουτο
3699 5773 3762 5825 Λ.

2651 5771 2696 5800 ⁸ο
2727 5770 2819 5823 καί
2849 5786 2961 5824 om.
2997 5771 3055 5824 E.
3091 5786 3142 5838 ῃ.

3178 5788 3229 5840 p.
3267 5769 3479 5825 καῖ’διά
3505 5769 3665 5822 τοῦτο
3699 5773 3762 5826 Λ.

3410 5842 3456 5874 ⁸⁸
3488 5840 3766 5896 exeam.»

2379 5923 2428 5973 ῃ.
2473 5922 2522 5974 p.
2571 5910 2663 5963 καὶ
2696 5909 2795 5974 τῆς
2833 5909 3202 5984 ἐλεημοσύνης
3235 5911 3370 5967 Ειίιί.
