4104 6308
228 259 327 317 ii‘S

235 400 269 416 Ὦ

225 609 352 665 Car.
382 609 471 665 ll.
506 622 561 662 τ.
589 607 643 663 1.
677 604 744 660 Et
767 605 959 675 factum
986 610 1078 667 est,
1108 617 1224 655 cum
1251 606 1621 654 consummasset
1646 595 1798 650 Iesus

183 697 186 706 “
297 699 593 770 prccipiats
620 695 885 750 duodecim
910 692 1176 761 discipulis
1201 691 1305 745 suis
1323 730 1340 757 ,
1365 689 1550 743 transiit
1570 687 1680 741 inde
1702 727 1717 752 ,
1739 694 1796 738 ut

295 791 494 843 doceret
514 797 565 841 et
590 786 886 857 praedicaret
914 785 967 837 in
990 782 1273 837 civitatibus
1298 797 1480 834 eor-it.

295 881 348 934 l.
389 878 525 942 Quia
554 877 697 932 enim
729 876 849 931 illos
876 874 1129 938 miserat,
1161 885 1281 926 sese
1310 869 1595 934 subtraxit,
1624 868 1797 922 locum

227 973 362 1024 dans
399 975 506 1023 illis
533 977 590 1024 et
631 953 841 1036 tempus
877 970 1106 1019 taclendl
1146 977 1278 1033 quae.
1313 970 1420 1032 Ipse
1457 968 1797 1031 praeceperat.

228 1059 411 1129 Neque
439 1058 582 1114 enim
615 1058 707 1112 illo
731 1066 997 1133 prtesente
1016 1063 1073 1110 et
1096 1067 1271 1124 aegros
1293 1061 1524 1114 cumte,
1553 1050 1801 1104 voluisset

227 1150 490 1220 quispiam
528 1147 596 1203 ad
640 1148 760 1204 illos
810 1145 1089 1201 accedere.
1130 1144 1185 1198 Ξ.
1231 1141 1357 1197 Cum
1393 1142 1605 1198 audisset
1640 1150 1802 1194 auteiu

227 1243 452 1298 Joannes
479 1243 534 1296 in
555 1255 758 1296 carcere
785 1255 940 1309 opera
966 1237 1174 1302 Christi,
1203 1237 1401 1290 mittens
1423 1237 1547 1290 duos
1573 1250 1637 1288 es;
1657 1232 1802 1286 disci—

227 1332 364 1400 pulis
392 1332 519 1400 suis,
543 1331 598 1386 ὅ.
627 1329 970 1400 interrogabat
993 1343 1108 1383 eum
1135 1327 1309 1382 dicens
1339 1341 1360 1382 :
1388 1320 1465 1381 Tu
1497 1342 1548 1381 es
1571 1325 1657 1395 qui
1684 1339 1801 1378 sen-

229 1433 372 1478 turus
391 1439 468 1488 es,
494 1439 562 1476 eu
589 1422 749 1482 alium
771 1418 1152 1490 exspectamus!
1176 1418 1346 1473 Lucas
1367 1418 1385 1487 (
1410 1415 1535 1488 Cap.
1562 1417 1617 1472 7.
1639 1430 1688 1468 υ.
1714 1413 1800 1468 18.

232 1515 333 1584 l9)
394 1530 522 1570 vero
563 1514 696 1570 dicit
735 1513 882 1582 ipsos
925 1510 1120 1566 Joanni
1163 1510 1311 1580 signa
1352 1509 1466 1578 ejus
1507 1507 1798 1568 nuntiasse,

230 1615 461 1674 tuncque
473 1604 734 1659 Joannem
758 1601 879 1657 illos
901 1601 1132 1656 misisse.
1162 1598 1354 1655 Verum
1379 1599 1429 1654 id
1452 1615 1518 1654 ne
1539 1597 1804 1652 minimam

233 1695 448 1766 quidem
479 1694 619 1765 parit
642 1690 1042 1758 difﬁcultatem,
1073 1689 1168 1745 sed
1214 1688 1315 1749 hoc
1351 1689 1522 1744 solum
1563 1685 1806 1742 coriside-

227 1786 452 1842 randum
482 1785 662 1847 tradit.
695 1798 890 1853 nempe
917 1784 1063 1853 ipsos
1095 1781 1290 1836 invidia
1319 1789 1506 1836 contra
1536 1779 1683 1833 illum
1710 1767 1806 1830 lla-

227 1893 430 1949 grasse.
451 1877 602 1943 Quod
623 1876 1050 1945 sequiturautem
1065 1889 1404 1942 summopere
1418 1870 1806 1943 inquirendum.

227 1965 490 2034 Quidnam
521 1965 652 2020 illud
677 1964 798 2020 est?
842 1963 955 2018 Hoc
995 1962 1217 2028 dictum,
1246 1960 1323 2016 Tu
1363 1978 1418 2016 es
1452 1962 1539 2031 qui
1577 1968 1810 2014 vetitunts

226 2073 391 2123 es,au
419 2057 580 2111 alium
615 2056 1006 2125 exspectamus?
1050 2053 1182 2109 Nam
1226 2055 1318 2125 qui
1361 2054 1445 2109 vel
1495 2062 1622 2108 ante
1664 2054 1809 2124 signa

227 2147 375 2202 illum
408 2155 657 2214 noverat.
701 2147 793 2217 qui
830 2159 862 2200 a
894 2145 1097 2216 Spiritu
1129 2144 1405 2209 didicerat,
1455 2146 1547 2215 qui
1585 2159 1616 2198 a
1659 2143 1812 2198 Patre

227 2238 491 2302 audierat,
543 2238 632 2306 qui
685 2251 869 2291 coram
916 2235 1164 2290 omnibus
1198 2236 1346 2298 illum.
1386 2235 1808 2306 prmdicaverat:

227 2343 369 2382 nunc
413 2327 577 2381 mittit
614 2325 682 2380 ad
714 2326 862 2380 illum
912 2335 967 2379 nt
993 2325 1163 2379 discat
1209 2326 1250 2379 si
1299 2325 1415 2395 ipse
1447 2324 1552 2388 sit,
1602 2325 1813 2379 necne?

227 2419 383 2488 Atqui
411 2418 460 2471 si
476 2418 621 2472 clare
664 2432 771 2471 non
800 2417 942 2470 nosti
991 2416 1238 2472 eumdem
1274 2417 1446 2486 ipsum
1489 2431 1612 2472 esse
1635 2457 1651 2481 ,
1682 2430 1817 2487 quo-

227 2509 392 2563 modo
420 2508 651 2577 teipsum
680 2508 786 2563 llde
826 2507 1046 2577 dignum
1076 2517 1233 2578 putas
1252 2549 1267 2574 ,
1296 2509 1385 2578 qui
1418 2507 1487 2564 de
1530 2510 1690 2562 rebus
1721 2508 1813 2562 tibi

227 2601 426 2670 ignotis
474 2600 584 2657 fers
609 2600 974 2656 sententiam?
1013 2598 1146 2655 Nam
1177 2601 1264 2670 qui
1307 2600 1426 2654 aliis
1475 2601 1810 2664 testillcatur,

228 2694 374 2762 prior
395 2693 512 2762 ipse
537 2692 703 2747 debet
735 2693 840 2746 ﬁde
864 2692 1056 2762 dignus
1084 2707 1226 2745 esse.
1265 2688 1452 2747 Nonne
1482 2702 1536 2745 tu
1563 2691 1814 2755 dicebas,

229 2780 352 2836 Non
392 2799 508 2836 sum
552 2783 736 2852 dignus
773 2782 966 2836 solvere
1013 2782 1282 2853 corrigiam
1333 2781 1659 2836 calceamenti
1708 2781 1820 2850 ejus

229 2873 248 2941 (
275 2871 404 2926 Luc.
439 2873 492 2928 3.
526 2873 591 2928 16
623 2874 680 2941 )?
707 2871 894 2926 Nonne
918 2871 1155 2938 dicebas,
1188 2871 1308 2926 Non
1347 2888 1584 2927 noueram
1627 2872 1818 2940 ipsum,

229 2963 315 3018 sed
339 2963 428 3032 qui
458 2963 594 3016 misit
649 2979 729 3016 me
771 2963 1026 3031 baptizare
1069 2962 1123 3014 in
1160 2978 1314 3030 aqua,
1354 2961 1443 3015 ille
1479 2962 1605 3014 mihi
1646 2962 1775 3014 dixit
1800 2975 1822 3016 :

229 3055 402 3124 Super
427 3071 577 3121 quem
605 3056 788 3108 videris
816 3053 1070 3123 Spiritum
1099 3053 1512 3118 descendentem,
1540 3063 1586 3106 et
1612 3069 1822 3106 manen-

230 3157 326 3200 tem
349 3161 510 3215 super
535 3161 670 3210 eum,
719 3144 808 3199 ille
832 3155 905 3198 est
939 3146 1027 3213 qui
1067 3143 1290 3214 baptisat
1327 3146 1381 3198 in
1423 3145 1623 3213 Spiritu
1649 3154 1826 3196 sancto

230 3234 442 3305 (Joau.
484 3235 538 3289 1.
569 3235 639 3290 35
667 3234 730 3305 )7
777 3240 971 3289 Annon
1012 3234 1190 3289 vidisti
1233 3233 1489 3302 Spiritum
1545 3233 1602 3288 in
1648 3235 1827 3304 specie

229 3323 538 3380 columme
557 3327 748 3378 Annon
776 3323 970 3380 audisti
1017 3324 1242 3379 vocem?
1269 3323 1458 3380 Nonne
1489 3334 1543 3378 tu
1571 3323 1827 3394 prohibe-

222 3418 328 3473 ιω
355 3418 510 3473 illum
535 3416 742 3481 dicens,
771 3415 882 3488 Ego
906 3433 1038 3487 opus
1064 3416 1222 3471 habeo
1247 3434 1280 3471 a
1319 3426 1366 3472 te
1390 3415 1640 3485 baptizari
1657 3458 1672 3480 ,
1702 3427 1748 3470 et
1775 3431 1828 3469 ιιι

233 3514 368 3568 senis
392 3512 464 3566 ad
487 3528 567 3566 me
599 3510 812 3582 (Matth.
831 3511 886 3565 5.
920 3511 1052 3582 i4)?
1078 3509 1268 3566 Nonne
1294 3509 1570 3580 discipulis
1589 3510 1828 3572 dicebas.

235 3604 396 3661 Illum
425 3613 626 3671 oportet
649 3618 890 3668 crescere,
918 3617 997 3656 me
1014 3611 1182 3655 autem
1211 3601 1372 3654 minui
1398 3599 1590 3672 (Joan.
1614 3601 1667 3654 5.
1698 3599 1830 3669 50)?

235 3696 426 3753 Nonne
447 3695 702 3766 populum
732 3708 945 3748 omnem
972 3692 1224 3759 docebas,
1255 3692 1428 3762 ipsum
1447 3691 1831 3760 baptizatnrum

237 3787 358 3843 illos
385 3800 511 3843 esse
551 3785 607 3839 in
650 3783 855 3854 Spiritu
905 3791 1094 3838 sancto
1127 3790 1182 3836 et
1226 3782 1350 3852 igne
1377 3779 1531 3850 (Luc.
1554 3782 1750 3851 3.16),
1780 3789 1832 3835 ει

239 3877 414 3948 ipsum
459 3891 583 3932 esse
629 3889 828 3945 agnum
871 3873 966 3929 Dei
1009 3873 1099 3944 qui
1141 3873 1281 3928 tollit
1327 3883 1602 3944 peceatum
1651 3873 1835 3928 mundi

242 3968 424 4039 (locu.
457 3966 664 4036 1.39)?
693 3965 881 4021 Nonne
916 3975 1041 4019 ante
1075 3963 1192 4019 haec
1215 3965 1396 4017 omnia
1419 3965 1569 4033 signa
1598 3973 1653 4018 et
1675 3965 1841 4017 mira-

241 4059 357 4112 eula
405 4057 559 4112 illum
610 4055 955 4127 praedicasti?
1004 4053 1284 4121 Quomodo
1329 4068 1460 4123 ergo
1499 4067 1672 4120 nunc,
1715 4068 1839 4107 cum

243 4159 402 4206 notus
444 4157 531 4206 est
578 4148 849 4210 omnibus.
879 4147 1104 4216 ejusque
1143 4146 1284 4200 fama
1338 4145 1574 4215 ur.dique
1616 4147 1838 4212 volavit,

243 4249 531 4311 postquam
562 4238 760 4294 mortui
788 4247 1171 4303 surrexerunt,
1199 4238 1474 4292 daemones
1495 4236 1656 4308 fugati
1678 4247 1838 4302 sunt,

243 4342 299 4388 et
329 4341 479 4403 tanta
506 4331 781 4401 signorum
809 4329 889 4385 vis
912 4330 1133 4397 effulsit,
1156 4331 1322 4385 mittis
1352 4339 1410 4384 ut
1439 4328 1489 4384 id
1518 4329 1588 4384 ab
1609 4329 1700 4384 illo
1726 4328 1844 4383 edi-

245 4423 405 4480 stas?
429 4421 579 4491 Quid
615 4436 776 4492 porro
803 4421 999 4476 factum
1024 4421 1149 4478 est?
1180 4437 1307 4476 num
1339 4420 1521 4475 omnia
1569 4420 1730 4474 verba
1756 4420 1845 4474 illa

248 4515 395 4572 iratis
424 4522 607 4580 erant,
631 4529 790 4570 scena
826 4523 882 4569 et
917 4513 1133 4567 fabula?
1157 4512 1226 4567 Et
1253 4513 1374 4582 quis
1403 4513 1598 4566 mentis
1625 4527 1848 4582 compos

251 4600 364 4663 hinc
396 4605 645 4662 diceret?
675 4620 782 4660 non
826 4604 947 4659 dico
970 4605 1039 4660 de
1085 4603 1325 4670 Joanne,
1365 4605 1456 4674 qui
1498 4605 1550 4658 in
1577 4614 1730 4658 utero
1754 4619 1850 4658 ex-

250 4699 465 4754 sultavit
489 4696 646 4768 (Luc.
665 4698 718 4752 1.
745 4696 858 4766 ιι),
893 4697 980 4765 qui
1009 4695 1363 4766 antepartum
1391 4697 1564 4766 ipsum
1595 4697 1852 4766 praedica-

252 4789 328 4845 vit
347 4830 362 4852 .
390 4788 596 4843 deserti
640 4788 836 4854 incola,
863 4787 954 4857 qui
998 4788 1295 4858 angelicam
1341 4788 1494 4843 duxit
1521 4789 1681 4844 vitam
1707 4806 1724 4855 ;
1755 4789 1852 4844 sed

252 4881 464 4938 etiamsi
486 4878 612 4949 quis
640 4889 871 4935 essetea
895 4879 1165 4936 vilissimis
1192 4883 1431 4936 omnium
1454 4922 1470 4946 ,
1512 4891 1633 4952 post
1673 4891 1750 4937 tot
1776 4893 1857 4937 te-

255 4973 535 5038 stimonia,
573 4979 631 5026 et
657 4985 752 5025 sua
780 4982 835 5027 et
878 4972 1106 5028 aliorum
1133 5015 1148 5040 ,
1193 4989 1526 5044 nequaquam
1566 4974 1850 5030 dubitaret.

261 5063 420 5122 [inde
436 5063 617 5134 palam
642 5071 725 5117 est
751 5077 872 5118 eum
906 5079 1012 5119 non
1038 5063 1374 5119 dubitantem
1404 5065 1653 5130 misisse,
1683 5081 1858 5135 neque

259 5159 601 5227 ignorantem
629 5156 1004 5225 interrogasse.
1037 5155 1221 5225 Neque
1243 5171 1373 5212 vero
1388 5157 1651 5228 quispiam
1677 5156 1860 5212 dicere

260 5247 468 5318 possit,
502 5246 679 5316 ipsum
711 5244 764 5299 id
793 5245 939 5300 clare
965 5246 1282 5316 cognovisse
1307 5285 1324 5311 ,
1370 5247 1464 5302 sed
1489 5248 1560 5303 ob
1583 5263 1859 5302 carcerem

263 5338 596 5396 timidiorem
621 5338 856 5394 evasisse
885 5354 900 5395 ;
936 5352 1107 5409 neque
1126 5337 1268 5392 enim
1291 5351 1350 5392 se
1372 5351 1439 5392 ex
1467 5353 1682 5395 carcere
1723 5340 1861 5395 libe-

263 5433 491 5491 randum
519 5431 886 5498 exspectabat,
917 5445 1091 5502 neque
1118 5431 1163 5487 si
1191 5439 1576 5501 exspectasset,
1600 5432 1862 5502 prodidis-

264 5533 346 5580 set
365 5523 680 5588 veritatem,
703 5523 792 5592 qui
822 5521 890 5577 ad
929 5530 1131 5578 mortes
1161 5522 1418 5592 plurimas
1468 5533 1686 5594 paratus
1724 5534 1860 5579 erat.

270 5614 380 5672 Nisi
415 5613 565 5670 enim
605 5610 672 5669 ad
725 5627 910 5669 necem
941 5620 1158 5683 paratus
1207 5610 1418 5679 fuisset,
1458 5623 1580 5670 ante
1611 5613 1862 5685 populum

1111 256 1179 314 ΙΝ
1217 254 1598 312 MATTli/Ellll
1639 251 1867 310 IIOIIL.
1899 247 2141 310 XXXVI.
2183 254 2253 310 al.
2297 253 2562 312 XXXVII.

3398 260 3501 318 ‘N

1239 459 1564 520 HOMILIA
1620 455 1923 520 XXXVI.
1971 460 2058 521 al.
2105 461 2443 530 XXXVII.-

1902 595 2072 664 certe,
2101 600 2191 668 qni
2241 597 2614 670 propheticum
2663 614 2883 670 semper
2921 599 3150 658 fundere
3185 603 3506 676 sanguinem

1901 689 2282 770 meditabatur,
2307 700 2510 746 tantam
2540 692 2705 746 animi
2746 694 2998 748 virtutem
3041 695 3510 760 demonstrasset;

1901 791 2009 831 non
2039 780 2313 834 crudelem
2337 781 2488 835 illum
2519 792 2806 852 tyrannum
2831 797 2955 837 cum
2995 791 3140 840 tanta
3171 788 3421 843 libertate
3453 789 3510 843 in

1901 866 2077 921 media
2106 868 2238 924 urbe
2259 878 2316 924 et
2364 868 2486 925 foro
2540 872 2937 940 redarguisset,
2981 860 3106 928 cum
3154 877 3500 933 audientibus

1901 962 2151 1015 omnibus
2195 961 2346 1016 illum
2393 963 2545 1033 quasi
2587 965 2869 1033 puerulum
2917 955 3262 1034 increparet.
3288 967 3344 1023 Si
3377 983 3510 1024 veno

1907 1051 2142 1107 timidior
2189 1052 2415 1109 eﬂ‘ectus
2453 1064 2612 1121 erat,
2643 1070 2741 1111 cur
2779 1057 3081 1126 discipulos
3121 1072 3252 1113 suos
3293 1063 3510 1117 mittere

1906 1157 2012 1197 non
2042 1143 2276 1210 erubuit,
2305 1145 2360 1200 in
2384 1161 2611 1216 quorum
2637 1142 2926 1217 parcentia
2958 1157 3036 1203 tot
3065 1155 3325 1219 tantaque
3353 1153 3510 1206 testi-

1906 1232 2098 1288 ﬁcatus
2121 1244 2264 1302 erat,
2315 1235 2410 1290 sed
2438 1251 2535 1306 per
2563 1237 2684 1292 illos
2733 1238 3032 1309 interrogat
3075 1255 3198 1295 cum
3253 1257 3348 1311 per
3374 1242 3511 1298 alios

1907 1335 2182 1394 oporteret
2203 1325 2226 1378 1
2251 1325 2588 1398 Quamquam
2635 1327 2783 1384 clare
2830 1339 3058 1384 noverat
3079 1371 3095 1398 ,
3128 1332 3276 1401 ipsos
3314 1333 3511 1391 invidia

1910 1416 1962 1470 in
1991 1415 2268 1471 Christum
2308 1433 2432 1474 esse
2481 1429 2774 1489 permotos,
2821 1427 2878 1475 et
2904 1420 3220 1477 occasiones
3269 1432 3510 1492 captare.

1907 1508 2193 1576 Quomodo
2220 1525 2328 1564 non
2354 1511 2426 1566 ob
2468 1510 2743 1566 Jndaicam
2785 1512 2999 1583 plebem
3044 1515 3249 1583 pudore
3287 1517 3514 1572 alit-ctus

1910 1598 2122 1667 fuisset,
2150 1603 2242 1672 qui
2284 1612 2430 1658 tanta
2476 1604 2902 1674 pnedicaverat?
2928 1603 3067 1674 Quid
3105 1622 3236 1664 vero
3260 1607 3386 1663 hinc
3413 1609 3537 1681 ipsi.

1909 1690 2222 1746 adminiculi
2267 1692 2504 1748 futurum
2542 1704 2662 1748 erat
2705 1703 2766 1748 ut
2801 1710 2834 1750 a
2880 1695 3108 1750 vinculis
3156 1697 3516 1752 liberaretur?

1911 1783 2098 1853 Neque
2124 1783 2268 1837 enim
2297 1793 2518 1853 propter
2541 1781 2815 1840 Christum
2858 1786 2950 1840 illo
2991 1787 3270 1856 conjectus
3298 1787 3467 1843 fuerat
3493 1828 3512 1854 ,

1914 1887 2090 1942 neque
2136 1873 2276 1942 quod
2302 1873 2420 1944 ejus
2443 1874 2692 1929 virtutem
2737 1875 3116 1946 prrcdicasset,
3148 1877 3242 1931 sed
3283 1877 3426 1946 quod
3447 1868 3518 1933 de

1913 1965 2098 2034 iniquo
2127 1965 2378 2036 conjugio
2411 1965 2794 2036 redarguisset.
2846 1969 3039 2022 Annon
3082 1968 3338 2022 insensati
3382 1982 3516 2036 pue-

1915 2056 2134 2118 ruli,vel
2167 2057 2398 2110 amentis
2424 2055 2720 2126 cnjuspiam
2755 2057 2988 2111 hominis
3028 2058 3128 2111 sibi
3158 2057 3353 2112 famam
3382 2073 3518 2113 con-

1914 2145 2190 2200 ciliasset?
2218 2145 2357 2212 Quid
2381 2161 2512 2216 ergo
2528 2146 2616 2201 hic
2636 2147 2850 2216 agitur?
2875 2145 3030 2214 Quod
3046 2147 3188 2202 enim
3209 2147 3518 2217 hujusmodi

1916 2236 2176 2290 dubitatio
2203 2251 2310 2290 non
2350 2237 2418 2290 sit
2457 2235 2715 2300 Joannis,
2753 2237 2863 2290 imo
2890 2251 2958 2290 ne
2996 2236 3233 2306 cujusvis
3284 2237 3521 2293 Iunninis

1916 2328 2077 2383 etiam
2097 2328 2288 2394 insani,
2315 2343 2385 2382 es
2417 2328 2575 2382 dictis
2594 2329 2705 2397 jam
2728 2327 2912 2397 liquet.
2935 2327 3054 2383 Jam
3087 2338 3255 2384 restat
3281 2338 3342 2383 ut
3368 2331 3520 2385 solu-

1920 2420 2120 2474 tionem
2146 2419 2453 2475 aiferamus.
2483 2419 2592 2475 Cur
2610 2435 2740 2490 ergo
2766 2421 3152 2491 interrogatum
3167 2422 3310 2476 misit
3336 2420 3361 2474 1
3388 2421 3520 2476 Jesu

1920 2509 2134 2564 Christo
2165 2509 2588 2564 adversabantur
2617 2509 2862 2578 discipuli
2879 2508 3123 2572 JOannis.
3153 2511 3312 2580 idque
3338 2509 3520 2564 omni-

1920 2599 2022 2655 bus
2053 2601 2267 2670 planum
2295 2611 2396 2667 est,
2423 2615 2488 2655 ac
2512 2609 2696 2655 contra
2728 2602 2874 2654 illum
2906 2600 3102 2654 invidia
3129 2615 3344 2669 semper
3368 2615 3524 2655 com-

1923 2692 2052 2744 moti
2081 2700 2256 2754 erant,
2291 2691 2434 2760 quod
2465 2691 2804 2745 manifestum
2826 2699 2912 2744 est
2937 2706 3002 2745 ex
3036 2692 3102 2744 iis
3120 2707 3240 2761 qum-
3263 2691 3523 2761 magistro

1924 2796 2023 2835 suo
2050 2780 2299 2835 dicebant
2327 2799 2341 2835 :
2372 2796 2586 2851 nempe.
2609 2783 2707 2846 Qui
2734 2791 2895 2846 tecum
2919 2791 3027 2834 erat
3050 2790 3192 2834 trans
3216 2780 3525 2848 Iordanem,

1925 2873 2008 2924 cui
2034 2882 2089 2924 tu
2111 2873 2407 2940 testiﬁcatus
2430 2889 2505 2937 es,
2535 2889 2649 2925 ecce
2671 2873 2754 2926 hic
2775 2873 3021 2941 captiaut,
3056 2884 3101 2926 et
3128 2890 3301 2927 omnes
3320 2873 3530 2928 veniunt

1925 2964 1993 3017 ad
2018 2963 2165 3017 illuni
2195 2963 2372 3033 (Joan.
2405 2965 2457 3018 5.
2486 2962 2598 3033 26).
2630 2966 2708 3016 Ac
2733 2979 2944 3016 rursum
2969 2966 3195 3033 quaastio
3223 2966 3359 3017 facta
3391 2973 3474 3018 est
3500 2981 3532 3019 ιι

1925 3051 2127 3106 «Ιιιᾶεεὶε
2147 3064 2202 3107 ει
2232 3067 2335 3106 una
2377 3068 2408 3105 a
2447 3052 2669 3106 Joannis
2693 3053 2974 3121 discipulis
3021 3054 3160 3106 circa
3205 3055 3534 3122 puriﬁcatio-

1929 3159 2075 3210 nem,
2106 3153 2266 3212 atque
2293 3145 2358 3196 ad
2383 3144 2529 3197 illum
2555 3157 2739 3197 rursus
2769 3143 3085 3198 accedentes
3105 3144 3356 3199 dicebant
3383 3164 3396 3199 :
3430 3145 3537 3200 Cur

1931 3251 2024 3287 nos
2052 3244 2099 3287 et
2125 3231 2380 3287 Pharisa'i
2402 3235 2703 3304 jejunamus
2749 3237 3067 3303 frequenter,
3095 3236 3339 3306 discipuli
3365 3248 3537 3292 autem

1933 3328 2006 3378 tui
2032 3341 2134 3378 non
2157 3326 2394 3396 jejuuant
2429 3323 2645 3395 (Matth.
2676 3324 2730 3379 9.
2759 3324 2889 3394 is)?

2005 3416 2058 3468 2.
2101 3415 2349 3470 Nondum
2381 3416 2524 3470 enim
2548 3414 2809 3480 sciebant,
2841 3415 2960 3485 quis
2985 3415 3414 3481 essetChristus,
3441 3417 3542 3473 sed

1934 3507 2118 3562 Jcsum
2145 3521 2350 3560 merum
2389 3506 2662 3560 hominem
2693 3505 3034 3574 suspicantes
3081 3519 3200 3560 esse
3223 3545 3240 3572 ,
3272 3507 3537 3562 Joannem

1938 3613 2065 3652 vero
2093 3598 2211 3666 plus
2232 3613 2392 3667 quam
2424 3597 2694 3650 hominem
2720 3636 2734 3661 ,
2781 3611 2926 3664 a‘gre
2972 3594 3218 3650 ferebant
3264 3597 3538 3651 celebrem

1940 3688 2090 3740 illum
2122 3685 2366 3740 videntes
2418 3700 2558 3750 esse,
2587 3685 2851 3739 Joannem
2883 3700 3010 3739 vero
3037 3686 3228 3751 minui,
3261 3688 3397 3741 sicut
3425 3689 3541 3757 ipse

1940 3774 2283 3844 prardixerat.
2312 3775 2380 3828 Et
2405 3775 2507 3828 hoc
2535 3774 2858 3841 impedit-bat
2880 3775 3169 3843 quominus
3196 3777 3542 3845 accederent,

1942 3867 2140 3922 invidia
2165 3866 2368 3921 aditum
2395 3866 2702 3920 dirimente.
2748 3865 2926 3919 Donec
2951 3875 3132 3920 autem
3158 3866 3394 3922 Joannes
3419 3883 3544 3924 cum

1945 3959 2048 4012 illis
2099 3966 2253 4022 erat,
2305 3955 2619 4010 hortabatur
2667 3953 2787 4008 illos
2831 3956 3138 4024 frequenter
3178 3968 3234 4011 et
3280 3958 3546 4028 docebat,

1946 4062 2121 4117 neque
2150 4048 2201 4101 id
2233 4046 2341 4100 illis
2364 4044 2688 4116 persuadere
2715 4053 2926 4114 poterat
2958 4063 2974 4100 :
3004 4060 3125 4100 cum
3160 4062 3288 4101 vero
3320 4052 3548 4108 moritu-

1950 4154 2043 4192 rus
2063 4146 2229 4201 esset,
2259 4138 2432 4206 majus
2488 4134 2558 4189 ad
2599 4135 2730 4189 illud
2758 4135 2980 4190 adhibet
3007 4137 3244 4191 studium
3278 4155 3292 4191 :
3325 4139 3554 4198 timebat

1949 4229 2095 4284 enim
2116 4229 2356 4301 ne‘pravi
2387 4226 2654 4295 dogmatis
2679 4230 3016 4282 occasionem
3057 4229 3419 4299 relinqueret,
3445 4231 3551 4288 illi-

1952 4335 2056 4389 que
2083 4327 2364 4375 manerent
2390 4332 2420 4370 a
2445 4316 2663 4373 Christo
2691 4317 2964 4385 disjuncti.
2995 4317 3050 4371 id
3095 4317 3181 4374 ille
3225 4321 3469 4388 curabat,
3500 4331 3557 4378 et

1953 4412 2105 4466 initio
2133 4412 2237 4479 ipsi
2257 4423 2386 4465 suos
2413 4424 2603 4463 omnes
2625 4408 2941 4464 adducebat.
2973 4408 3105 4465 Cum
3133 4420 3311 4466 autem
3341 4411 3421 4468 illi
3446 4427 3555 4467 non

1955 4504 2418 4569 obtemperarent,
2449 4501 2743 4554 moriturus
2764 4499 2983 4554 demum
3031 4504 3222 4569 majori
3266 4512 3347 4556 est
3373 4503 3554 4560 studio

1958 4592 2246 4648 usus.Nam
2275 4592 2321 4646 si
2343 4591 2587 4656 dixisset,
2613 4589 2765 4645 lllum
2791 4591 2958 4657 adite,
2977 4592 3069 4660 qui
3095 4592 3288 4646 melior
3313 4609 3399 4648 me
3429 4603 3514 4648 est
3538 4609 3554 4649 :

1959 4700 2064 4740 non
2096 4685 2600 4753 obtemperassent,
2651 4681 2793 4752 quod
2847 4684 2925 4736 sic
2974 4682 3049 4735 illi
3096 4693 3278 4738 essent
3315 4682 3558 4741 addicti:

1963 4786 2240 4848 putassent
2265 4775 2412 4830 enim
2463 4774 2612 4828 illum
2664 4788 2762 4843 per
2801 4772 3125 4828 modestiam
3164 4774 3235 4827 ita
3277 4773 3463 4844 loqui.
3507 4786 3564 4830 et

1964 4871 2133 4939 magis
2160 4868 2234 4922 illi
2257 4867 2544 4922 iussissent
2572 4882 2586 4918 :
2619 4864 2666 4918 si
2700 4879 2826 4919 vero
2855 4865 3130 4930 tacuisset,
3165 4881 3251 4920 res
3275 4865 3472 4942 eodem
3508 4867 3564 4928 in

1963 4972 2104 5018 statu
2124 4975 2374 5016 mansura
2405 4966 2540 5015 erat.
2561 4952 2698 5024 Quid
2728 4956 2885 5026 igitur
2899 4955 3056 5010 facit?
3077 4955 3366 5025 Exspectat
3390 4957 3566 5015 donec

1964 5055 2034 5109 ab
2063 5053 2166 5107 illis
2209 5051 2380 5105 audiat
2443 5051 2620 5118 ipsum
2675 5046 2930 5104 miracula
2978 5046 3172 5112 edere;
3224 5063 3399 5118 neque
3439 5060 3568 5106 tunc

1968 5145 2089 5200 illos
2118 5143 2389 5203 hortatur.
2422 5155 2602 5209 neque
2630 5152 2822 5193 omnes
2874 5137 3056 5201 mittit,
3100 5139 3194 5194 sed
3244 5137 3382 5195 duos
3429 5155 3570 5212 quos

1968 5237 2104 5292 forte
2124 5233 2378 5291 credebat
2403 5246 2524 5288 esse
2553 5230 2618 5285 ad
2644 5229 2970 5285 credendum
3000 5231 3378 5299 promptiores,
3402 5243 3456 5286 ut
3489 5233 3574 5287 in-

1971 5329 2262 5399 terrogatio
2304 5327 2433 5381 nulli
2487 5333 2632 5379 esset
2674 5321 2964 5393 suspicioni
3011 5321 3262 5389 obnoxia,
3303 5333 3465 5394 atque
3503 5339 3573 5380 ex

1973 5423 2102 5492 ipsis
2117 5421 2284 5476 rebus
2311 5419 2632 5481 ediscerent,
2666 5425 2922 5485 quantum
2943 5413 3226 5468 interesset
3243 5413 3570 5468 discriminis

1972 5515 2157 5570 Jesum
2200 5513 2337 5566 inter
2380 5519 2433 5565 et
2479 5507 2740 5562 Joannem
2772 5521 2786 5558 :
2814 5504 2995 5574 aitque
3034 5522 3047 5556 :
3089 5503 3246 5558 Abite
3285 5513 3340 5558 et
3372 5504 3569 5558 dicite:

1975 5612 2056 5668 Tu
2085 5629 2135 5666 es
2177 5608 2265 5677 qui
2301 5616 2540 5665 venturus
2571 5619 2657 5669 es,
2685 5618 2750 5657 an
2791 5601 2948 5656 alium
2994 5599 3391 5673 exspectamus?
3417 5595 3576 5654 Chri-

3684 3255 3706 3312 (ξ
3719 3249 3789 3313 ογ,ξὲ
