4104 6308
588 471 706 518 stus
732 471 861 513 vero
877 450 1096 511 Joannis
1117 451 1345 502 mentem
1368 436 1670 504 intelligens
1687 470 1704 497 ,
1732 441 1838 483 non
1863 423 2028 486 dixit,

591 506 712 605 :3
1053 537 1326 592 auditores
1369 524 1700 584 attendisset,
1737 524 2066 605 quamquam

591 597 983 704 emiserit—tenter
1009 627 1112 683 dici
1134 627 1338 694 poterat
1361 634 1376 682 ;
1403 614 1495 670 sed
1515 613 1566 667 id
1601 625 1665 665 ex
1693 607 1821 704 ipsis
1860 602 2020 704 rebus

769 687 913 779 diuit.
943 687 1298 773 Dicitur-enim
1327 706 1419 770 ibi,
1459 705 1629 772 ipsum
1649 692 2030 752 accedentibus
2055 687 2158 782 illis

822 817 1051 865 curasse.
1099 802 1167 856 At
1210 798 1353 854 enim
1392 807 1507 859 quae
1533 787 1721 841 fuisset
1760 777 2162 868 consequentia,

601 905 980 968 interrogatum
999 907 1124 948 num
1149 891 1262 958 ipse
1285 891 1443 946 esset,
1463 877 1591 934 nihil
1613 876 1680 930 ad
1696 875 1796 928 hoc
1821 867 2164 968 respondere,

598 957 900 1049 statim
925 996 1098 1053 aegros
1124 957 1340 1040 curare,
1378 969 1481 1027 nisi
1518 968 1619 1022 hoc
1657 965 1832 1018 facere
1876 957 2162 1020 voluisset,

596 1044 740 1151 quod
758 1075 906 1132 dixi?
925 1044 1002 1128 Εἰ
1028 1068 1187 1125 rebus
1213 1063 1364 1119 enim
1386 1058 1513 1128 ipsis
1546 1050 1903 1110 testimonium
1934 1044 2167 1102 credibi-

599 1139 726 1236 lius,
780 1169 1056 1232 minusque
1107 1153 1392 1225 suspicioni
1443 1145 1726 1203 obnoxium
1770 1139 1986 1211 putabat
2024 1150 2165 1199 esse,

599 1233 757 1330 quam
777 1257 956 1312 verba.
985 1249 1117 1306 Cum
1143 1249 1302 1302 sciret
1323 1256 1469 1312 ergo,
1500 1243 1680 1304 utpote
1695 1234 1853 1297 Deus,
1873 1245 1974 1330 qua
1991 1233 2170 1330 mente

601 1316 722 1405 illos
751 1345 984 1401 misisset
1007 1340 1258 1401 Joannes,
1286 1332 1466 1390 statim
1492 1327 1898 1387 sanavitca'cos,
1929 1316 2167 1380 claudos,

604 1440 845 1506 aliosque
876 1433 1087 1494 multos,
1135 1441 1240 1480 non
1287 1430 1344 1477 ut
1385 1420 1532 1474 illum
1571 1417 1817 1475 doceret,
1860 1409 1999 1481 (cur
2025 1405 2168 1506 enim

603 1493 875 1582 docuisset
901 1535 1044 1582 eum,
1071 1493 1160 1586 qui
1175 1513 1283 1582 jam
1309 1509 1559 1564 credebat
1599 1513 1653 1559 et
1693 1493 2166 1586 obtemperabat?)

604 1617 702 1672 sed
743 1623 800 1668 ut
843 1584 1128 1678 discipulos
1164 1603 1280 1672 ejus
1333 1599 1635 1653 dubitantes
1686 1592 1982 1646 institueret
2011 1603 2024 1639 :
2051 1584 2170 1678 ideo

605 1714 726 1776 post
767 1675 1046 1757 multorum
1075 1693 1399 1751 curationem
1439 1689 1512 1742 ait
1543 1686 1632 1740 τι.
1673 1681 1860 1736 Euntes
1894 1675 2174 1731 renuntiate

603 1764 792 1850 ξιοαηηί
831 1803 942 1858 qua
979 1787 1167 1839 auditis
1197 1792 1245 1836 et
1285 1778 1475 1834 videtis.
1517 1776 1571 1830 δ.
1607 1771 1735 1825 Caci
1771 1769 1954 1832 vident,
2003 1764 2173 1817 claudi

605 1854 884 1942 ambulant,
932 1876 1116 1943 leprosi
1154 1871 1478 1928 mandantur,
1519 1861 1657 1917 surdi
1707 1859 1936 1922 audiunt,
1989 1854 2174 1906 mortui

606 1972 909 2026 suscitantur
927 2007 943 2033 ,
974 1942 1216 2034 pauperes
1235 1958 1636 2028 eoangelisantur
1663 1967 1680 2005 :
1705 1959 1759 2006 et
1787 1948 1965 2016 adjicit
1993 1962 2007 1998 :
2030 1944 2082 1998 6.
2107 1942 2173 1996 Et

607 2066 782 2118 beatus
806 2060 891 2130 qui
913 2074 1012 2111 non
1032 2055 1182 2124 fuerit
1202 2049 1569 2105 scandalizatus
1592 2046 1645 2097 in
1675 2058 1753 2095 me
1774 2055 1793 2094 :
1811 2037 2098 2092 ostendens
2117 2048 2174 2087 se

608 2153 785 2208 cordis
812 2125 994 2204 eorum
1034 2149 1232 2199 secreta
1270 2151 1443 2194 nosse.
1480 2134 1535 2188 Si
1575 2133 1716 2188 enim
1760 2129 2017 2189 dixisset,
2065 2125 2175 2192 Ego

610 2255 745 2303 sum,
764 2238 814 2292 id
841 2237 979 2298 illos,
1011 2241 1070 2286 ut
1088 2230 1195 2299 jam
1211 2228 1339 2291 dixi,
1357 2221 1684 2283 offendisset,
1726 2217 2170 2285 cogitassentque,

608 2332 708 2387 etsi
734 2301 839 2385 non
869 2327 1156 2385 dixissent,
1188 2321 1236 2375 id
1264 2317 1404 2388 quod
1448 2313 1615 2368 Judzci
1663 2310 1734 2363 illi
1781 2309 2025 2361 dicebant
2054 2321 2067 2358 :
2098 2301 2173 2355 Tu

609 2424 674 2476 de
701 2432 746 2474 te
775 2421 885 2488 ipso
911 2413 1244 2470 testimonium
1279 2411 1368 2461 das
1397 2408 1414 2474 (
1440 2403 1595 2457 Joan.
1621 2401 1675 2454 8.
1706 2399 1775 2451 i3
1798 2396 1840 2466 ).
1874 2395 2095 2488 Ideoque
2123 2393 2173 2488 id

612 2511 701 2565 ille
731 2481 834 2562 non
863 2505 1027 2567 dicit,
1057 2500 1151 2556 sed
1196 2514 1263 2552 ex
1303 2493 1569 2549 miraculis
1604 2494 1752 2544 curat
1791 2494 1846 2537 ut
1890 2483 1964 2536 illi
1999 2481 2173 2536 omnia

611 2600 868 2661 ediscant,
896 2591 1210 2648 idoctrinam
1257 2583 1468 2639 tradens
1522 2589 1579 2635 et
1627 2577 1904 2631 clariorem
1942 2580 1998 2626 et
2047 2568 2173 2623 nulli

611 2687 900 2758 suspicioni
943 2680 1246 2739 obnoxiam.
1278 2676 1476 2730 Idcirco
1513 2671 1651 2725 clam
1691 2667 1811 2722 illos
1849 2665 2174 2731 redarguens

613 2754 742 2835 illud
791 2776 998 2845 adjecit.
1048 2772 1177 2838 Quia
1227 2771 1368 2822 enim
1407 2764 1460 2817 in
1503 2763 1620 2828 ipso
1661 2754 2171 2812 scandalizabantur,

613 2870 820 2926 illorum
847 2864 1086 2920 morbum
1116 2858 1335 2922 detexit,
1363 2861 1417 2910 et
1451 2850 1578 2905 illud
1604 2845 1938 2904 conscientiae
1973 2851 2175 2896 tantum

614 2963 849 3031 ipsorum
879 2955 1106 3024 reliquit,
1137 2948 1348 3006 nemine
1387 2945 1643 3000 advocato
1685 2936 1950 2994 maledicti
1973 2937 1988 2966 ¹
2018 2942 2172 2995 teste,

614 3025 848 3122 ipsisque
893 3047 1020 3102 solis
1062 3043 1114 3098 id
1153 3039 1483 3096 scientibus:
1519 3036 1703 3102 sicque
1747 3030 1933 3084 melius
1963 3025 2176 3080 attraxit

615 3115 775 3204 illos,
803 3137 1018 3191 dicens:
1051 3132 1237 3184 Beatus
1273 3129 1357 3193 qui
1395 3144 1491 3178 non
1532 3126 1678 3191 fuerit
1714 3117 2084 3174 scandalizatus
2124 3115 2177 3168 in

615 3247 708 3284 me.
740 3203 868 3282 Nam
890 3226 1003 3278 haec
1027 3221 1177 3283 dixit,
1206 3219 1323 3273 illos
1349 3217 1491 3284 ipsos
1515 3211 1869 3267 subindicans.
1894 3203 1972 3262 Ne
2002 3216 2174 3260 autem

617 3327 796 3374 nostra
829 3321 1026 3367 tantum
1051 3308 1363 3368 referamus,
1389 3302 1480 3357 sed
1508 3311 1566 3356 ut
1591 3302 1666 3356 rei
1692 3298 1962 3354 [irritandae
1987 3297 2052 3351 iis
2076 3294 2171 3348 ad-

617 3407 811 3469 ductis,
841 3417 958 3472 quae
983 3401 1050 3453 ab
1085 3397 1202 3450 aliis
1243 3395 1385 3449 dicta
1421 3402 1542 3446 sunt
1563 3432 1578 3456 ,
1603 3391 1882 3445 clariorem
1925 3387 2078 3442 vobis
2111 3400 2174 3440 ex

619 3497 878 3552 dictorum
931 3487 1326 3555 comparatione
1395 3483 1671 3535 veritatem
1732 3478 2036 3540 tradamus,
2091 3475 2176 3528 illa

621 3586 780 3639 etiam
811 3582 897 3634 hic
936 3576 1173 3647 proferre
1226 3585 1444 3628 necesse
1491 3579 1591 3623 est.
1642 3566 1777 3635 Quid
1828 3580 1953 3634 ergo
1999 3563 2180 3617 dicunt

621 3668 904 3728 nonnulli?
935 3669 1060 3721 Eam
1089 3676 1242 3732 quam
1271 3659 1566 3720 retulimus,
1585 3671 1690 3710 non
1718 3668 1895 3709 veram
1917 3667 2036 3708 esse
2054 3665 2179 3705 cau-

617 3777 730 3818 sam
763 3759 892 3814 :sed
916 3770 1038 3809 rere
1064 3756 1333 3821 ignorasse
1362 3747 1642 3810 Joannem,
1672 3757 1769 3800 nec
1805 3752 1970 3796 totum
2000 3750 2174 3794 tamen

617 3852 893 3919 ignorasse
924 3863 937 3896 :
965 3853 1018 3896 et
1044 3841 1190 3893 illum
1240 3835 1451 3905 quidem
1494 3847 1612 3887 esse
1649 3831 1916 3886 Christum
1943 3831 2175 3895 novisse,

615 3938 756 4010 quod
778 3945 965 3992 autem,
978 3946 1072 4001 pro
1102 3927 1400 3982 hominibus
1419 3924 1707 3985 moriturus
1725 3930 1865 3976 esset
1879 3921 2178 3989 ignorasse:

618 4009 816 4084 idcirco
841 4025 1059 4084 dixisse,
1087 4017 1166 4072 Tu
1193 4033 1244 4071 es
1270 4015 1352 4077 qui
1380 4023 1614 4066 uenturus
1652 4012 1743 4066 es?
1771 4012 1822 4066 id
1850 4020 1964 4075 est,
1995 4009 2094 4076 Qui
2124 4011 2178 4065 in

617 4118 878 4174 infernum
909 4127 967 4166 es
992 4111 1364 4164 descensurus.
1384 4102 1578 4156 Verum
1602 4101 1652 4154 id
1669 4116 1787 4155 cum
1808 4110 1952 4154 recta
1974 4101 2178 4153 ratione

623 4214 876 4278 pugnaret
909 4223 921 4257 :
949 4202 1180 4255 Joannes
1221 4191 1412 4263 quippe
1450 4207 1554 4246 non
1598 4191 1696 4244 hoc
1732 4190 2025 4259 ignorabat.
2071 4189 2180 4242 Hoc

618 4299 759 4352 enim
786 4306 907 4348 ante
934 4293 1037 4345 alia
1070 4284 1385 4356 prmdicabat
1409 4297 1530 4338 cum
1575 4282 1808 4346 diceret,
1840 4279 1974 4334 Ecce
2021 4295 2182 4350 agnus

620 4389 734 4450 Dei,
765 4386 848 4454 qui
877 4381 1007 4435 tollit
1048 4385 1248 4448 peccata
1284 4372 1459 4428 mundi
1496 4370 1694 4441 (Joan.
1726 4371 1778 4425 1.
1809 4370 1880 4424 29
1904 4370 1944 4439 ).
1978 4372 2182 4439 Agnum

620 4492 749 4532 vero
773 4473 1016 4532 vocavit,
1047 4481 1256 4522 crucem
1287 4465 1614 4535 praedicans;
1643 4477 1704 4515 ac
1730 4476 1851 4515 cum
1899 4463 2046 4526 dicit,
2081 4462 2179 4526 Qui

623 4568 752 4621 tollit
801 4569 1002 4632 peccata
1041 4557 1251 4619 mundi,
1285 4555 1511 4622 idipsum
1538 4553 1864 4621 signiﬁcavit.
1921 4551 2035 4605 Non
2077 4554 2182 4606 alio

621 4657 761 4711 enim
789 4666 944 4721 quam
971 4663 1063 4717 per
1088 4659 1297 4699 crucem
1337 4642 1496 4694 modo
1522 4640 1570 4693 id
1599 4650 1844 4708 operatus
1884 4650 1966 4694 est
1993 4655 2007 4692 :
2037 4639 2180 4709 quod

618 4749 779 4800 etiam
811 4739 1000 4794 Paulus
1027 4734 1269 4789 dicebat:
1301 4729 1367 4783 Et
1393 4729 1810 4798 chirographum,
1837 4731 1969 4798 quod
2007 4731 2185 4783 αάυεγ.

615 4853 729 4891 sum
757 4849 847 4886 nos
893 4836 1018 4892 erat,
1065 4828 1124 4880 de
1174 4823 1336 4878 medio
1379 4823 1597 4887 sustulit,
1628 4823 1826 4893 aﬂigens
1873 4824 1999 4876 illud
2046 4823 2185 4876 cruci

620 4924 833 4994 (Coloss.
861 4920 918 4974 2.
947 4919 1056 4986 14).
1078 4917 1208 4969 Cum
1235 4926 1409 4968 autem
1436 4913 1643 4967 dicebat
1667 4953 1681 4977 ,
1714 4912 1777 4966 In
1801 4913 1996 4982 Spiritu
2021 4914 2181 4984 bapti-

617 5013 750 5066 sabit
778 5026 861 5062 vos
889 5011 908 5041 ³
939 5007 1088 5077 (Luc.
1121 5008 1174 5061 ὖ.
1209 5005 1317 5072 16),
1349 5018 1408 5057 ea
1435 5018 1553 5071 quae
1586 5012 1704 5072 post
1743 5005 2179 5059 resurrectionem

627 5105 799 5155 futura
829 5107 982 5153 erant
1015 5095 1421 5166 praenuntiabat.
1463 5096 1529 5148 At
1558 5104 1820 5163 reponunt
1860 5094 1931 5148 illi
1961 5113 1973 5146 :
2007 5096 2178 5164 Ipsum

623 5197 1063 5250 resurrecturum,
1113 5195 1166 5239 et
1208 5184 1459 5252 Spiritum
1504 5196 1739 5238 sanctum
1778 5185 2024 5239 daturum
2065 5202 2183 5241 esse

618 5281 817 5334 sciebat
848 5295 862 5331 :
893 5277 1032 5348 quod
1059 5287 1231 5330 autem
1253 5277 1394 5329 cruci
1424 5276 1714 5344 affigendus
1739 5287 1874 5330 esset
1891 5279 2181 5346 ignorabat.

621 5370 724 5426 Sed
749 5369 1012 5438 quomodo
1038 5379 1433 5422 resurrecturus
1461 5377 1596 5432 erat,
1628 5367 1714 5434 qui
1746 5382 1842 5421 nec
1871 5383 2056 5438 passus
2087 5384 2184 5423 nec

685 5526 701 5592 ξ
738 5524 873 5572 5am.
896 5527 953 5592 et
969 5521 1066 5592 alii,
1101 5519 1411 5592 accusationis
1438 5532 1456 5568 :
1476 5526 1732 5592 utrumque
1752 5524 1966 5592 quadrat.

685 5587 704 5615 a
740 5593 865 5652 Qua},
894 5584 940 5630 in
963 5589 1296 5652 textu‘graeco,
1331 5581 1626 5652 respondent
1741 5581 1950 5652 vocibus,
1976 5584 2185 5648 baptiza-

620 5645 685 5696 btt
712 5658 801 5702 tos,
827 5644 959 5705 lapsu
980 5643 1221 5704 graphice,
1244 5642 1521 5692 exciderant
1543 5642 1665 5702 apud
1685 5644 1847 5693 Morel.

1360 329 1416 387 8.
1458 319 1737 384 JOA‘NNIS
1772 305 2241 371 CllRYSOSTOlll
2277 300 2586 361 ARCHIEP.
2617 293 3135 355 CONS‘I'ANTINOP.

3713 275 3816 335 ιη

2270 414 2552 469 crucifixus
2599 408 2810 466 fuisset?
2853 405 3130 475 Quomodo
3169 404 3292 459 Item
3355 403 3527 470 major
3548 395 3833 468 prephetis

2268 513 2403 570 erat,
2432 504 2520 573 qui
2546 516 2601 557 ea
2627 515 2738 571 qua
2765 498 3036 569 prophetae
3065 495 3308 549 sciebant
3333 487 3654 560 ignorabat?

2338 596 2391 652 3.
2410 593 2669 662 Pmpltette
2685 592 2917 655 sciebant,
2936 588 3190 641 Christum
3209 601 3314 639 esse
3332 581 3824 652 cruciﬁgendum.—

2268 683 2418 752 Quod
2439 685 2570 739 enim
2599 683 2708 751 plus
2727 693 2880 750 quam
2908 675 3162 746 propheta
3191 683 3366 741 esset,
3405 672 3647 724 Christus
3669 669 3826 725 testi-

2271 779 2453 830 ﬁcatus
2477 784 2552 828 est
2577 778 2592 837 (
2620 772 2735 825 Luc.
2758 772 2810 825 7.
2835 769 2977 839 28);
3008 766 3149 836 quod
3177 775 3352 820 autem
3385 765 3658 834 propheta:
3699 772 3825 828 pas-

2270 867 2471 919 sionem
2500 863 2685 919 Christi
2709 860 2986 924 noverint,
3018 855 3146 910 tmlli
3174 870 3280 911 non
3319 864 3502 908 notum
3533 861 3637 907 est.
3689 852 3826 906 Nam

2273 953 2432 1008 Isaias
2455 953 2574 1006 dicit
2601 967 2615 1005 :
2647 950 2782 1005 Sicut
2824 947 2929 1002 eois
2976 945 3043 998 ad
3071 945 3367 999 occisionem
3410 942 3592 994 ductus
3637 949 3710 992 est
3732 979 3747 1005 ,
3773 948 3824 996 es

2269 1043 2571 1113 sicutagnus
2592 1056 2751 1094 coram
2793 1037 3027 1091 tondente
3060 1051 3113 1090 se
3149 1034 3256 1088 sine
3280 1047 3398 1086 voce
3421 1028 3582 1101 (Isai.
3612 1030 3702 1085 53.
3734 1027 3824 1096 7).
3858 1057 3862 1061 -

2274 1134 2544 1203 Etiamque
2571 1141 2693 1188 ante
2715 1131 2812 1184 hoc
2843 1127 3200 1184 testimonium
3230 1123 3370 1179 dixit
3397 1139 3413 1176 ε
3455 1121 3522 1176 Et
3559 1123 3652 1175 erit
3675 1120 3830 1174 radis:

2271 1224 2443 1288 Jesse,
2491 1233 2533 1276 et
2570 1223 2655 1291 qui
2704 1228 2930 1288 exsurget
2994 1218 3244 1285 imperare
3305 1213 3567 1283 gentibus,
3614 1210 3672 1263 in
3713 1209 3829 1278 ipso

2271 1326 2434 1386 gentes
2458 1314 2718 1384 sperabunt
2755 1309 2916 1382 (lsai.
2947 1308 3032 1362 11.
3076 1305 3202 1375 1ο).
3232 1301 3434 1359 Deinde
3485 1303 3788 1372 passionem
3809 1339 3828 1365 ,

2272 1419 2326 1462 ct
2347 1424 2500 1478 quam
2525 1408 2640 1460 inde
2660 1403 2879 1478 gloriam
2907 1395 3363 1478 consequutuslsit
3391 1407 3694 1461 exponens,
3729 1390 3829 1445 ad-

2268 1472 2412 1566 jicii,
2442 1495 2509 1549 Et
2547 1497 2636 1549 erit
2664 1472 2852 1560 aqua
2897 1491 3005 1560 ejus
3043 1472 3401 1557 honor(ibid.
3424 1484 3463 1552 ).
3516 1482 3628 1537 Nec
3655 1481 3833 1536 solum

2273 1587 2408 1656 quod
2432 1587 2571 1640 cruci
2602 1583 2890 1653 afﬁgendus
2937 1589 3115 1641 esset,
3156 1576 3250 1632 sed
3291 1574 3602 1644 quibuscum
3639 1585 3832 1640 passu-

2274 1693 2364 1732 rus
2387 1684 2523 1731 esset
2549 1675 2678 1728 dixit
2710 1690 2724 1728 :
2752 1670 2819 1725 Et
2855 1685 2968 1723 cum
2994 1666 3246 1720 sceleratis
3269 1674 3529 1732 reputatae
3555 1671 3624 1716 est
3654 1661 3832 1729 (lsai.

2273 1768 2361 1823 53.
2379 1767 2443 1822 l2
2458 1766 2497 1836 ).
2520 1765 2699 1833 Neque
2725 1763 2823 1814 hoc
2846 1767 3065 1820 tantum,
3093 1755 3186 1809 sed
3213 1768 3318 1808 non
3341 1767 3461 1808 sese
3485 1751 3836 1806 defensurum

2274 1871 2388 1910 esse
2417 1855 2652 1924 praedixit
2686 1870 2699 1907 :
2733 1848 2829 1904 Hic
2875 1849 3003 1901 enim
3030 1860 3132 1898 non
3173 1843 3361 1912 aperiet
3399 1858 3454 1894 os
3481 1857 3630 1895 suum
3655 1839 3836 1908 (Ibid.

2273 1964 2324 2000 ν.
2355 1948 2419 2015 7)
2447 1963 2460 2013 ;
2516 1959 2737 2014 esseque
2783 1941 2972 2009 injuste
3013 1936 3368 1991 damnandum
3399 1952 3411 1985 :
3443 1932 3508 1987 In
3551 1932 3846 1987 humilitate

2269 2038 2512 2108 judicium
2557 2037 2667 2103 ejus
2709 2031 2958 2086 sublatum
2994 2035 3065 2080 est
3096 2024 3269 2095 (Ibid.
3297 2040 3349 2077 ν.
3372 2023 3461 2090 8).
3507 2023 3646 2074 Ante
3688 2021 3843 2075 illum

2275 2142 2479 2196 quoque
2507 2125 2734 2191 idipsum
2756 2121 2886 2176 dicit
2916 2116 3106 2180 David,
3138 2125 3194 2172 et
3231 2114 3491 2184 judicium
3531 2113 3792 2166 describit
3823 2125 3839 2164 :

2278 2218 2468 2282 Quare,
2505 2215 2701 2282 inquit,
2750 2216 3050 2281 frentuerunt
3091 2217 3257 2277 gentes
3279 2247 3294 2272 ,
3321 2215 3369 2260 et
3411 2206 3583 2276 populi
3612 2202 3846 2256 meditati

2274 2313 2387 2359 sunt
2415 2304 2627 2358 inania?
2650 2303 2953 2354 Adstiterttnt
2977 2314 3112 2368 reges
3142 2306 3306 2360 terrm,
3336 2304 3385 2348 et
3426 2294 3678 2364 principes
3722 2308 3846 2346 con-

2275 2405 2510 2449 venerunt
2559 2396 2611 2447 in
2670 2409 2823 2446 unum
2883 2391 3115 2443 adversus
3162 2387 3437 2442 Dominum
3495 2397 3545 2440 et
3601 2387 3848 2438 adversus

2275 2485 2526 2543 Christum
2565 2487 2672 2557 ejus
2721 2483 2902 2554 (Psal.
2929 2482 2983 2535 2.
3016 2482 3068 2535 1.
3107 2478 3198 2548 2).
3229 2477 3366 2533 Alibi
3411 2491 3620 2547 quoque
3669 2476 3849 2544 ipsum

2277 2578 2448 2631 crucis
2474 2575 2685 2628 modum
2712 2573 2844 2626 dixit
2873 2589 2884 2624 :
2914 2569 3175 2625 Foderunt
3225 2583 3404 2622 manus
3439 2582 3574 2620 meas
3598 2575 3644 2618 et
3692 2564 3852 2633 pedes

2276 2683 2409 2720 meos
2437 2665 2620 2736 (Psal.
2650 2664 2738 2718 2L
2771 2664 2868 2732 l7)
2897 2678 2911 2727 ;
2943 2670 2997 2716 et
3023 2669 3264 2715 accurate
3309 2659 3524 2712 omnino
3550 2671 3669 2726 qua:
3697 2655 3846 2709 mili-

2277 2767 2356 2810 tes
2399 2757 2511 2810 ausi
2558 2767 2679 2809 sunt
2705 2755 2881 2824 adjicit
2907 2771 2920 2807 :
2949 2751 3234 2808 Dioiserunt
3257 2751 3350 2804 sibi
3376 2749 3664 2802 uestimenta
3692 2761 3808 2799 mea
3829 2785 3847 2811 ,

2277 2859 2323 2900 et
2343 2865 2495 2916 super
2540 2858 2719 2902 vestem
2751 2863 2908 2900 meam
2936 2846 3175 2900 miserunt
3201 2853 3384 2897 sortem
3421 2838 3594 2911 (Ibid.
3627 2854 3681 2892 v.
3711 2838 3781 2893 19
3805 2839 3848 2907 ).

2279 2941 2416 2994 Alibi
2444 2951 2618 2994 autem
2655 2939 2885 2994 oblatum
2915 2945 3122 3004 acetum
3150 2935 3226 2988 sic
3243 2940 3504 2989 memorat
3537 2949 3548 2983 :
3581 2928 3858 2995 Dederuns

2277 3033 2330 3084 in
2368 3047 2532 3085 escam
2558 3045 2715 3082 meam
2739 3029 2838 3099 fel,
2867 3037 2912 3082 et
2940 3028 2993 3079 in
3023 3027 3106 3078 siti
3134 3041 3242 3078 inea
3270 3031 3566 3092 potauerunt
3603 3035 3684 3074 me
3706 3028 3852 3074 aceto

2281 3119 2466 3190 (Psal.
2489 3120 2583 3175 £8.
2615 3120 2742 3188 22).
2775 3115 3048 3187 Propheta:
3079 3116 3236 3184 igitur
3264 3123 3386 3168 ante
3413 3121 3489 3166 tot
3513 3125 3685 3165 annos
3707 3109 3856 3177 judi-

2277 3213 2415 3262 cium
2443 3252 2456 3273 ,
2489 3209 3018 3269 condemnationem,
3049 3206 3224 3260 crucis
3261 3205 3461 3265 socios,
3497 3201 3856 3257 vestimento-

2277 3317 2392 3355 rum
2425 3301 2771 3365 divisionem,
2805 3298 3020 3352 missam
3044 3305 3274 3358 sortem,
3307 3302 3362 3348 et
3381 3293 3535 3362 longe
3564 3292 3711 3361 plura
3745 3291 3854 3345 alia

2281 3402 2575 3447 memorant
2603 3409 2615 3443 :
2648 3404 2819 3458 neque
2865 3394 3006 3443 enim
3052 3400 3268 3440 necesse
3293 3393 3377 3437 est
3399 3383 3575 3436 omnia
3615 3379 3814 3436 eﬂ‘erre
3837 3422 3853 3441 .

2284 3498 2349 3536 ne
2376 3483 2582 3548 longius
2617 3487 2869 3534 excurrat
2913 3477 3122 3541 oratio;
3171 3477 3256 3529 bic
3306 3489 3432 3529 vero
3459 3474 3563 3528 illis
3604 3473 3857 3526 omnibus

2282 3573 2482 3640 major,
2529 3571 2640 3624 hare
2659 3569 2844 3624 omnia
2890 3567 3202 3638 ignorabat?
3250 3566 3363 3631 Qua
3395 3565 3598 3618 ratione
3625 3563 3677 3617 id
3704 3573 3856 3618 stare

2281 3661 2489 3729 possit?
2515 3660 2623 3714 Cur
2649 3673 2776 3713 vero
2797 3671 2902 3711 non
2928 3656 3096 3721 dixit,
3127 3655 3206 3709 Tu
3225 3669 3286 3710 es
3321 3655 3409 3724 qui
3436 3663 3690 3708 venturus
3709 3668 3773 3707 es
3801 3656 3854 3706 in

2281 3749 2586 3805 infernum?
2633 3747 2726 3802 sed
2779 3746 3130 3814 simpliciter,
3183 3743 3284 3810 Qui
3325 3755 3559 3798 venturus
3603 3745 3704 3796 es?
3743 3740 3854 3797 Sed

2280 3841 2420 3911 quod
2445 3840 2608 3908 magis
2630 3839 2740 3892 risu
2764 3837 2979 3907 dignum
3003 3846 3167 3900 esset,
3189 3835 3372 3890 dicunt
3391 3833 3491 3888 hoc
3515 3834 3632 3887 ideo
3653 3833 3854 3888 dixisse

2282 3930 2574 3995 Joannem,
2604 3937 2659 3981 ut
2706 3929 2757 3981 in
2801 3927 3001 3982 inferos
3030 3925 3245 3979 veniens
3291 3924 3618 3993 praedicaret.
3651 3923 3858 3990 Quibus

2281 4033 2574 4091 opportune
2602 4021 2807 4074 dicatur
2838 4036 2850 4071 :
2882 4018 3090 4070 Fratres
3108 4059 3124 4079 ,
3155 4019 3306 4072 nolite
3333 4018 3472 4087 pueri
3501 4017 3622 4086 eﬁici
3651 4026 3816 4068 mente
3836 4055 3854 4080 ,

2282 4115 2368 4165 sed
2396 4115 2588 4165 malitia
2614 4113 2810 4182 paruuli
2835 4112 3028 4181 estote(
3057 4114 3106 4166 1.
3135 4111 3251 4165 Cor.
3279 4112 3361 4165 14.
3389 4110 3458 4163 20
3474 4107 3519 4181 ).
3548 4109 3680 4164 Nam
3709 4124 3856 4178 pra}-

2285 4216 2407 4256 sens
2437 4205 2540 4256 vita
2570 4203 2701 4255 bene
2729 4203 2918 4271 agendi
2947 4212 3154 4270 tempus
3179 4213 3292 4264 est;
3325 4208 3446 4270 post
3467 4211 3693 4254 mortem
3724 4216 3860 4254 vero

2284 4295 2454 4348 aderit
2499 4293 2752 4362 judicium
2782 4302 2835 4347 et
2853 4294 3193 4363 supplicium.
3227 4290 3357 4345 Nam
3398 4291 3473 4344 ait
3521 4308 3533 4344 :
3567 4289 3631 4344 In
3655 4291 3861 4345 inferno

2284 4386 2392 4454 quis
2438 4385 2747 4452 conﬁtebitur
2795 4384 2880 4436 tibi
2922 4383 3106 4449 (Psal.
3140 4384 3194 4438 6.
3228 4381 3330 4450 6)?
3362 4381 3642 4448 Quomodo
3696 4382 3859 4450 igitur

2285 4476 2526 4527 contrita:
2564 4484 2688 4527 sunt
2719 4483 2883 4542 porta:
2914 4487 3088 4537 terere,
3120 4482 3172 4526 et
3201 4480 3378 4525 vectes
3408 4469 3568 4524 ferrei
3596 4471 3856 4524 contracti

2287 4565 2444 4618 sunt?
2473 4564 2569 4618 Per
2608 4577 2801 4632 corpus
2845 4562 2980 4630 ejus.
3013 4562 3161 4616 Tunc
3202 4561 3342 4615 enim
3391 4560 3564 4628 primo
3613 4563 3859 4628 apparuit

2286 4669 2477 4724 corpus
2510 4654 2824 4718 immortale,
2856 4651 2994 4720 quod
3022 4651 3208 4705 mortis
3238 4647 3568 4720 tyrannidem
3598 4649 3853 4704 solveret.

2288 4747 2534 4815 Alioquin
2567 4761 2691 4801 vero
2719 4747 2768 4800 id
2799 4743 3031 4798 ostendit
3059 4744 3244 4796 mortis
3269 4742 3372 4794 vim
3398 4755 3519 4796 esse
3553 4740 3817 4804 sublatam
3837 4781 3852 4804 ,

2287 4853 2392 4891 non
2422 4847 2592 4891 autem
2615 4851 2798 4891 eorum
2815 4835 2902 4904 qui
2928 4842 3052 4888 ante
3072 4832 3354 4887 adventum
3376 4833 3492 4900 ejus
3521 4833 3711 4886 mortui
3738 4830 3859 4885 fue-

2288 4939 2444 4992 rant,
2468 4927 2634 4981 soluta
2678 4936 2891 4995 peccata
2913 4927 2929 4957 ⁸
2975 4923 3160 4979 fuisse.
3190 4921 3341 4988 Quod
3367 4921 3410 4975 si
3441 4936 3531 4976 res
3559 4937 3664 4975 non
3695 4923 3765 4975 ita
3795 4936 3858 4978 se

2287 5020 2512 5085 habeat,
2543 5029 2595 5073 et
2644 5019 2688 5072 si
2733 5033 2916 5072 omnes
2939 5025 3092 5072 antea
3121 5025 3359 5070 mortuos
3386 5029 3416 5067 a
3443 5015 3686 5084 gehenna
3716 5012 3855 5069 libe-

2288 5113 2421 5165 ravit
2439 5151 2453 5175 ,
2482 5109 2744 5175 quomodo
2772 5108 2844 5160 ait
2874 5125 2886 5161 :
2915 5106 3246 5160 Tolerabilius
3293 5105 3384 5159 erit
3427 5115 3575 5158 terra
3603 5105 3859 5160 Sodomo-

2287 5209 2490 5253 rum-et
2521 5199 2810 5252 Gomorrlne
2865 5197 3030 5268 (Luc.
3086 5198 3169 5252 10.
3201 5195 3345 5267 l2)?
3387 5196 3519 5251 illud
3571 5197 3710 5250 enim
3759 5210 3858 5251 eos

2290 5293 2580 5360 puniendos
2611 5306 2725 5345 esse
2744 5291 2974 5344 declarat
2993 5331 3008 5355 ,
3038 5288 3306 5342 remissius
3337 5286 3578 5356 quidem,
3608 5287 3701 5340 sed
3750 5303 3856 5355 pu-

2291 5381 2509 5435 niendos
2540 5391 2734 5432 tamen.
2787 5379 3000 5432 Etiamsi
3045 5378 3130 5432 hic
3175 5387 3438 5431 extremas
3463 5374 3708 5430 dederint
3737 5391 3856 5442 pas-

2291 5486 2386 5527 nas
2414 5488 2426 5524 :
2456 5480 2686 5525 attamen
2710 5484 2813 5524 non
2842 5469 2941 5523 hoc
2980 5468 3097 5522 illos
3139 5466 3402 5522 liberabit.
3450 5466 3508 5522 Si
3531 5477 3712 5521 autem
3756 5469 3862 5525 lies.

2355 5651 2371 5682 ⁸
2409 5646 2591 5704 θυι-οι..
2612 5646 2762 5697 soluta
2783 5659 2997 5708 corpora.
