4104 6308
264 469 363 526 117

257 599 366 638 nou
397 589 568 645 eruet,
601 580 772 633 multo
799 577 974 630 minus
1003 589 1099 629 eos
1125 575 1216 644 qui
1247 574 1378 629 nihil
1421 574 1507 627 hic
1539 571 1680 633 passi
1710 579 1854 624 sunt.

255 674 397 741 Quid
441 685 606 741 ergo,
650 669 929 739 inquiunt,
987 667 1254 735 injustene
1297 665 1471 734 agitur
1519 678 1638 718 cum
1685 664 1748 715 iis
1772 661 1861 731 qui

263 777 387 820 ante
414 764 702 819 adventum
727 762 845 830 ejus
866 757 1157 813 vixerunt?
1186 757 1532 833 Nequaquam
1565 772 1578 808 :
1612 763 1882 823 poterant'

256 855 401 908 enim
436 869 536 908 nec
578 852 852 906 Christum
889 848 1122 916 confessi
1166 847 1394 902 salutem
1425 843 1705 913 consequi.
1745 840 1864 895 Non

255 947 402 1001 enim
435 946 537 999 hoc
561 944 629 996 ab
660 943 764 996 illis
804 940 1148 1010 exigebatur,
1178 937 1273 991 sed
1302 951 1370 992 ne
1395 935 1534 990 idola
1575 934 1860 997 colerent,

259 1047 314 1089 et
355 1047 414 1089 ut
445 1048 629 1087 verum
661 1034 828 1086 Deum
860 1038 1098 1084 nossent.
1152 1027 1399 1080 Dominus
1441 1025 1576 1078 enim
1605 1066 1620 1090 ,
1652 1023 1860 1092 inquit,

259 1124 402 1178 Deus
451 1133 565 1176 tuus
591 1163 605 1188 ,
639 1120 892 1175 Dominus
923 1135 1054 1172 unus
1080 1128 1150 1172 est
1183 1115 1375 1188 (Deut.
1419 1116 1470 1170 6.
1494 1116 1588 1184 4).
1633 1114 1864 1180 Ideoque

257 1214 542 1269 Maccabtei
585 1210 926 1266 admirationi
957 1210 1166 1262 luerunt
1187 1247 1204 1273 ,
1238 1208 1359 1276 quia
1393 1220 1490 1275 pro
1519 1203 1650 1274 legis
1677 1195 1865 1256 obser-

257 1307 477 1359 vatione
507 1305 647 1374 passi
687 1309 834 1366 sunt,
866 1316 929 1354 ac
959 1310 1066 1354 tres
1113 1299 1294 1368 pueri,
1326 1298 1583 1366 multique
1609 1295 1698 1349 alii
1724 1294 1864 1363 apud

263 1394 480 1452 )udteos
500 1435 514 1457 ,
543 1393 632 1462 qui
655 1395 819 1445 vitam
847 1390 1048 1458 optime
1074 1397 1379 1457 gesserunt,
1408 1397 1461 1440 et
1489 1387 1647 1454 hujus
1671 1386 1863 1453 cogni-

261 1488 426 1542 tionis
457 1485 674 1539 modum
704 1491 1019 1544 servarunt,
1051 1479 1184 1534 nihil
1233 1477 1379 1532 aliud
1421 1478 1715 1531 observare
1771 1476 1866 1528 de-

260 1577 516 1630 buerunt.
541 1573 693 1628 Tunc
731 1573 874 1627 enim
901 1571 968 1624 ad
1001 1571 1230 1623 salutem
1262 1566 1592 1631 sufficiebat,
1625 1574 1680 1618 ut
1706 1565 1820 1618 dixi
1847 1604 1863 1628 ,

259 1667 432 1722 Deum
460 1675 662 1720 tantum
693 1677 1058 1735 cognoscere;
1107 1675 1250 1715 nunc
1288 1674 1416 1714 vero
1466 1658 1513 1711 id
1569 1660 1699 1711 satis
1755 1674 1863 1710 non

260 1769 347 1813 est
374 1799 388 1820 .
415 1757 511 1813 sed
537 1757 808 1812 Christum
838 1769 997 1808 nosse
1027 1762 1258 1823 oportet.
1291 1752 1495 1806 ldcirco
1521 1751 1734 1804 dicebat
1761 1767 1772 1802 :
1805 1749 1866 1803 Si

260 1867 368 1903 non
420 1853 666 1902 venissem
715 1857 763 1899 et
813 1848 1049 1912 loquutus
1077 1846 1286 1914 fuissem
1335 1844 1404 1897 eis
1428 1883 1443 1905 ,
1473 1851 1736 1911 peccatum
1767 1857 1868 1893 nou

261 1941 545 2004 haberent;
595 1955 729 1991 nunc
783 1948 954 1991 autem
1003 1936 1377 1990 excusationem
1428 1951 1531 1987 non
1584 1932 1766 1986 habent
1806 1932 1870 1985 de

264 2041 474 2100 peccato
514 2046 605 2082 suo
632 2027 820 2097 (Joan.
851 2027 941 2082 15.
971 2025 1096 2096 22).
1143 2025 1232 2081 Sic
1278 2033 1334 2079 et
1375 2024 1443 2079 de
1472 2024 1594 2077 vita:
1625 2023 1869 2076 instituto

263 2121 584 2189 putandum.
623 2120 774 2173 Tunc
802 2119 977 2173 ca:ch
1030 2117 1353 2171 homicidam
1388 2117 1679 2186 perdebat,
1728 2130 1870 2170 nunc

264 2211 351 2265 vel
375 2211 528 2264 irasci
562 2209 783 2263 vetitum
833 2215 937 2262 est.
968 2206 1118 2260 Tunc
1163 2207 1420 2260 mtechari
1465 2216 1519 2259 et
1547 2221 1668 2261 cum
1693 2207 1868 2260 aliena

265 2300 491 2354 muliere
535 2297 872 2353 commisceri
916 2296 1234 2366 supplicium
1275 2295 1573 2360 afferebat;
1605 2312 1749 2350 nunc
1777 2313 1870 2349 au-

263 2400 374 2443 tem
405 2389 687 2456 impudicis
730 2387 899 2440 oculis
945 2388 1246 2454 respicere,
1302 2386 1441 2439 idem
1485 2385 1660 2440 affert.
1721 2386 1872 2439 Sicut

261 2481 536 2550 cognitio,
570 2480 649 2533 sic
678 2487 733 2532 et
759 2478 862 2531 vita
911 2493 1052 2531 nunc
1107 2477 1388 2530 sublimior
1427 2477 1738 2546 requiritur.
1769 2475 1872 2528 Ita-

261 2586 370 2640 que
397 2570 529 2623 nihil
561 2569 854 2623 Prodromo
878 2584 1013 2638 opus
1040 2577 1176 2621 erat.
1200 2568 1473 2635 Alioquin,
1501 2569 1544 2620 si
1572 2569 1604 2620 ii
1627 2568 1716 2636 qui
1751 2576 1870 2634 post

265 2671 496 2716 mortem
541 2660 795 2724 credent,
830 2660 1056 2713 salutem
1103 2659 1485 2726 consequuturi
1512 2668 1665 2722 sunt,
1695 2657 1873 2711 nullus

264 2768 519 2821 umquam
541 2751 756 2820 peribit.
773 2750 970 2805 Omnes
986 2751 1130 2804 enim
1152 2759 1276 2802 tunc
1296 2750 1664 2818 ptenitentiam
1689 2760 1871 2818 agent,

261 2853 316 2897 et
341 2843 615 2896 Christum
643 2841 964 2894 adorabunt.
989 2839 1144 2907 Quod
1174 2849 1350 2892 autem
1380 2840 1505 2892 illud
1533 2841 1602 2894 sit
1636 2857 1822 2893 verum
1853 2880 1870 2903 ,

264 2933 390 2986 audi
417 2933 640 2985 Paulum
670 2931 939 2984 dicentem
976 2948 987 2982 :
1024 2929 1204 2983 Omnis
1233 2931 1406 2998 lingua
1436 2930 1758 2994 conﬁtebitur
1777 2971 1791 2992 ,
1826 2942 1874 2982 et

263 3040 416 3077 omne
462 3040 593 3093 genu
621 3023 848 3092 ﬂectetur
879 3021 1154 3074 cwlestium
1174 3023 1534 3084 ,.terrestrinm
1561 3030 1608 3074 et
1647 3004 1874 3089 inferno—

261 3133 378 3169 rum
411 3117 429 3183 (
457 3115 688 3184 Philipp.
732 3115 787 3167 2.
821 3115 880 3166 H
910 3114 961 3180 );
1011 3121 1086 3174 et,
1124 3112 1316 3166 Ultima
1354 3114 1560 3164 inimica
1591 3117 1874 3166 destruetur

263 3224 402 3259 mors
432 3205 523 3276 (1.
557 3204 676 3258 Cor.
710 3206 798 3257 15.
822 3205 953 3272 26).
983 3202 1090 3256 Sed
1134 3203 1332 3255 nullam
1372 3203 1651 3256 utilitatem
1680 3219 1742 3256 ex
1777 3205 1876 3257 hac

263 3296 599 3365 snbjectione
626 3301 1049 3362 consequentur;
1103 3306 1207 3345 non
1261 3292 1405 3346 enim
1441 3305 1513 3346 ex
1547 3293 1685 3345 bona
1727 3293 1876 3344 volu-

266 3399 417 3457 ptate
448 3387 824 3457 proliciscitur,
862 3384 956 3439 sed
982 3401 1047 3439 ex
1096 3384 1206 3453 ipsa
1257 3399 1458 3448 rerum,
1490 3391 1547 3438 ut
1570 3385 1641 3440 ita
1681 3385 1875 3448 dicam,

267 3479 615 3554 necessitate.

339 3571 394 3622 4.
435 3569 512 3621 Ne
544 3569 652 3628 illa.
690 3581 904 3635 quaeso,
937 3565 1254 3619 inducamus
1295 3565 1453 3618 anilia
1483 3565 1732 3634 dogmata
1760 3607 1774 3629 ,
1823 3574 1877 3618 et

263 3659 516 3713 Judaicas
559 3658 785 3711 fabulas.
819 3656 955 3710 Audi
987 3657 1131 3709 enim
1158 3656 1286 3724 quid
1316 3657 1383 3710 de
1417 3657 1503 3708 his
1548 3657 1692 3710 dicat
1741 3657 1876 3708 Pau-

266 3750 396 3802 lus:
442 3747 755 3815 Quicumque
779 3747 912 3799 enim
953 3747 1061 3799 sine
1109 3747 1570 3816 lege'peccarunt,
1618 3749 1728 3799 sine
1770 3748 1878 3816 lege

267 3840 502 3911 peribunt
524 3858 539 3902 ;
565 3840 791 3911 loquens
813 3838 880 3892 de
904 3838 967 3890 iis
991 3837 1080 3907 qui
1112 3849 1236 3891 ante
1262 3838 1429 3906 legem
1448 3846 1601 3890 erant
1625 3855 1638 3898 ;
1674 3837 1735 3888 Et
1760 3839 1873 3905 qui-

265 3944 484 3996 cumque
507 3929 558 3980 in
581 3929 690 3996 lege
710 3937 1001 3994 peccarunt,
1024 3942 1113 3994 per
1130 3927 1288 3995 legem
1305 3926 1676 3994 judicabuntur
1693 3925 1872 3993 (Itoni.

267 4018 504 4087 2.12);
552 4017 620 4070 de
667 4017 731 4070 iis
783 4017 1032 4069 on'mibus
1087 4018 1310 4084 loquens
1357 4016 1447 4084 qui
1490 4027 1609 4084 post
1637 4016 1874 4084 Moysem

267 4114 515 4173 filerunt;
552 4120 626 4173 et,
660 4108 914 4176 Quoniam
940 4108 1189 4161 revelatur
1214 4109 1292 4159 ira
1323 4108 1417 4160 Dei
1455 4108 1518 4160 de
1542 4109 1665 4161 avla
1693 4110 1744 4159 in
1769 4127 1875 4161 oni-

267 4219 382 4256 item
408 4202 714 4272 impietatem
735 4210 782 4254 et
806 4201 1110 4269 injustitium
1137 4200 1397 4252 hominum
1419 4199 1437 4270 (
1463 4199 1612 4252 Rom.
1644 4200 1694 4253 1.
1731 4199 1792 4253 18
1815 4200 1832 4269 )
1858 4216 1872 4263 ;

266 4307 344 4360 et,
379 4295 572 4360 Furor,
600 4295 701 4358 ira,
732 4293 986 4346 tribulatio
1010 4331 1026 4357 ,
1066 4292 1302 4362 angustia
1341 4293 1394 4343 in
1425 4307 1625 4344 onmem
1652 4291 1877 4343 animam

269 4385 490 4438 hominis
542 4383 799 4453 aperantis
841 4382 1072 4444 malum,
1128 4381 1301 4434 Judwi
1349 4381 1568 4448 primunt
1621 4390 1666 4433 et
1710 4380 1878 4434 (ἐνωσὲ

268 4479 286 4540 (
310 4476 462 4530 item.
494 4474 548 4528 ‘2.
597 4475 654 4528 8.
684 4475 774 4546 9).
824 4475 885 4528 Et
916 4485 1062 4528 certe
1090 4475 1228 4527 mala
1258 4475 1538 4528 innumera
1566 4461 1706 4542 passi
1754 4483 1876 4528 sunt

267 4566 528 4637 gentiles;
579 4565 720 4633 quod
767 4573 824 4619 et
866 4574 1184 4620 exterorum
1243 4563 1481 4617 historia:
1528 4565 1829 4632 signiﬁcant
1857 4607 1871 4628 ,

269 4670 483 4711 necnon
529 4653 822 4723 Scriptura:
869 4663 1088 4708 nostrae.
1120 4655 1248 4720 Quis
1277 4654 1421 4707 enim
1461 4653 1872 4723 Babyloniorum

268 4760 324 4807 et
353 4748 730 4820 IEgyptiorum
765 4750 1053 4819 tragoedias
1092 4748 1422 4801 euarravcrit
1445 4746 1466 4797 Υ
1492 4746 1643 4813 Quod
1675 4750 1816 4801 enim
1841 4751 1874 4801 ii

268 4843 359 4912 qui
387 4840 664 4897 Christum
696 4857 805 4895 non
833 4850 1098 4895 noverunt
1126 4852 1250 4894 ante
1270 4841 1539 4893 carnalem
1562 4842 1872 4905 adventum,

267 4946 320 4987 et
365 4936 455 5003 qui
485 4935 555 4986 ab
604 4933 915 5003 idololatria.
937 4933 1240 4987 resilientes
1281 4932 1448 4986 Deum
1491 4947 1652 4984 unum
1685 4934 1876 4985 adora-

269 5038 417 5089 runt,
444 5037 500 5079 et
528 5027 750 5094 probam
796 5025 1002 5081 duxere
1029 5027 1232 5089 vitam,
1274 5025 1455 5077 omnia
1501 5025 1637 5077 bona
1685 5041 1876 5080 conse-

269 5116 490 5188 quuturi
542 5117 688 5179 sint,
739 5115 863 5171 audi
897 5115 1166 5184 quomodo
1219 5116 1360 5169 dicat
1454 5113 1632 5169 Gloria
1660 5127 1872 5180 autent,

269 5210 435 5262 honor
460 5215 507 5260 et
534 5221 638 5275 pax
663 5207 800 5259 omni
838 5206 1070 5274 aperanti
1117 5205 1300 5258 bonum
1324 5245 1339 5269 ,
1366 5203 1552 5257 Judteo
1583 5205 1801 5274 ριὺιικηι
1828 5217 1874 5258 et

268 5297 445 5371 gentili
476 5296 668 5366 (Rom.
695 5295 750 5348 2.
780 5295 903 5365 10).
940 5295 1130 5348 \‘iden'
1156 5295 1418 5348 bonorum
1461 5296 1677 5362 prauuia
1707 5295 1871 5347 multa

268 5388 379 5442 illis
404 5401 526 5441 esse
547 5427 562 5451 ,
595 5395 646 5439 et
676 5395 861 5439 contra
894 5384 1212 5438 facientibus
1261 5384 1519 5452 supplicia
1556 5393 1609 5438 et
1639 5399 1824 5452 [)(Blllls
1850 5385 1874 5433 τὶ

266 5479 374 5535 Ubi
401 5493 543 5531 nunc
575 5487 698 5530 sunt
731 5477 762 5530 ii
795 5477 884 5544 qui
907 5475 1208 5544 gehennam
1240 5491 1342 5526 non
1374 5474 1600 5527 credunt
1621 5477 1642 5526 ’ἐ
1670 5474 1799 5527 Nam
1828 5491 1873 5528 ει

261 5578 304 5625 ιι
337 5569 428 5638 qui
457 5578 581 5622 ante
613 5568 806 5622 Christi
837 5568 1124 5620 adventum
1177 5566 1395 5619 fuerunt
1419 5605 1434 5630 ,
1464 5567 1553 5635 qui
1583 5582 1649 5619 ne
1677 5582 1871 5621 nomen

268 5660 488 5731 quidem
536 5660 794 5729 gehenua:
843 5659 1162 5724 audierunt,
1193 5673 1366 5726 neque
1422 5658 1871 5735 resurrectioyis,

270 5765 554 5827 pos‘tquam
585 5752 670 5807 hic
696 5765 881 5823 pmnas
909 5750 1208 5816 dederunt,
1243 5751 1348 5804 illic
1377 5764 1589 5819 quoque
1645 5752 1870 5820 punicu-

1153 460 1218 516 IN
1260 459 1665 517 MATTlliEU-M
1709 455 1934 513 "01111..

1970 460 2212 518 XXXVI.
2255 463 2330 517 al.
2365 459 2634 517 XXXVII.
3451 467 3562 526 418

1981 577 2069 622 tur
2086 581 2290 638 quanto
2305 573 2478 641 magis
2494 589 2596 627 nos
2608 574 2701 639 qui
2717 574 2770 626 in
2796 583 2945 628 tanta
2961 575 3320 644 philosophia:
3337 580 3352 611 ¹
3370 583 3568 634 doctri-

1971 677 2038 716 na
2069 663 2278 718 educati
2309 666 2542 720 sumus?
2596 665 2663 719 Et
2689 679 2792 735 qua
2814 664 3028 720 ratione
3052 707 3068 729 ,
3090 666 3340 736 inquies,
3381 669 3457 725 illi
3483 671 3576 742 qui

1968 753 2102 807 nihil
2128 768 2386 823 umquam
2410 755 2478 810 de
2504 755 2750 825 gehenna
2791 756 3116 820 audierunt,
3171 757 3225 811 in
3271 759 3574 827 gehennam

1971 844 2249 899 incident?
2276 845 2462 900 Dicent
2489 847 2652 909 enim,
2681 846 2735 901 Si
2763 846 3064 916 gehennam
3094 850 3450 904 comminatus
3488 866 3578 907 es.

1974 943 2100 993 ses,
2132 945 2244 1000 pra:
2279 939 2426 985 metu
2455 940 2821 1001 temperanter
2849 933 3199 992 vixissemus.
3241 935 3409 992 Plane
3434 939 3565 1008 qui-

1975 1019 2097 1073 dem
2148 1021 2718 1091 (nonne?)visissent
2759 1032 2818 1076 ut
2847 1039 2949 1079 nos
3003 1027 3169 1080 vitam
3211 1031 3423 1095 agimus
3467 1028 3564 1098 qui

1971 1115 2210 1184 quotidie
2234 1132 2514 1170 sermones
2536 1117 2604 1170 de
2627 1115 2871 1186 gehenna
2897 1117 3166 1180 audimus,
3197 1134 3368 1184 neque
3399 1131 3577 1174 tamen

1973 1205 2038 1260 iis
2058 1208 2295 1259 animum
2327 1207 2667 1278 adhibemus.
2694 1207 2896 1262 Praeter
2921 1207 3036 1261 lucc
3064 1217 3242 1261 autem
3275 1208 3402 1261 illud
3441 1227 3580 1279 quo-

1970 1312 2076 1366 que
2108 1296 2397 1351 dicendum
2425 1309 2545 1362 est,
2587 1313 2713 1353 eum
2760 1299 2848 1368 qui
2907 1294 3261 1368 prmséntibus
3299 1302 3580 1370 suppliciis

1972 1405 2077 1443 non
2111 1393 2391 1452 retinetur,
2423 1391 2591 1443 multo
2615 1392 2793 1445 minus
2829 1391 2931 1444 illis
2969 1393 3323 1448 coercebitur.
3375 1394 3579 1449 Budio-

1973 1495 2060 1533 res
2085 1480 2228 1533 enim
2282 1480 2688 1549 crassioresque
2718 1481 2965 1536 homines
3011 1483 3365 1550 prmsentibus
3412 1486 3582 1553 magis

1972 1581 2024 1624 et
2049 1571 2375 1624 instantibus
2402 1573 2578 1625 solent
2600 1571 2666 1624 ad
2699 1570 3130 1639 resipiscentiam
3165 1574 3366 1636 vocari,
3418 1589 3579 1642 quam

1975 1663 2037 1715 iis
2068 1678 2190 1730 qua:
2223 1663 2391 1715 multo
2418 1674 2537 1732 post
2578 1672 2819 1730 tempore
2869 1671 2993 1715 sunt
3039 1673 3325 1718 eventura.
3361 1663 3581 1727 Verum,

1974 1754 2209 1822 inquies,
2240 1754 2396 1807 nobis
2445 1755 2619 1822 major
2670 1755 2915 1807 imminet
2963 1763 3159 1820 terror,
3191 1755 3416 1825 ideoque
3459 1770 3580 1809 cum

1972 1844 2079 1898 illis
2107 1861 2210 1897 non
2262 1844 2458 1912 injuste
2501 1855 2678 1898 actum
2717 1845 2846 1898 est?
2899 1844 3246 1912 Nequaquam
3290 1861 3348 1900 se.
3396 1859 3482 1900 res
3513 1847 3581 1899 ita

1977 1937 2156 1991 habet.
2188 1937 2370 1990 Primo
2423 1937 2567 1989 enim
2612 1951 2720 1988 non
2756 1935 2913 1989 iidem
2954 1936 3165 1990 labores
3203 1937 3360 1990 nobis
3387 1946 3440 1989 et
3480 1938 3580 1990 illis

1976 2029 2233 2097 propositi
2263 2035 2425 2088 sunt;
2457 2029 2550 2082 sed
2583 2029 2754 2080 multo
2783 2027 3021 2095 majores
3047 2028 3222 2081 nobis.
3256 2028 3379 2082 illos
3402 2040 3581 2082 autem

1976 2117 2064 2186 qui
2096 2118 2328 2185 majores
2359 2118 2660 2184 suscipiunt
2686 2117 2931 2179 labores,
2967 2119 3155 2182 majori
3195 2127 3407 2186 oportet
3428 2120 3580 2172 auxi-

1979 2210 2052 2261 lio
2095 2209 2216 2262 lrui.
2269 2209 2540 2262 Auxilium
2591 2217 2770 2262 autem
2823 2223 2929 2262 non
2981 2210 3251 2262 modicum
3305 2209 3435 2263 illud
3462 2221 3584 2277 est,

1976 2313 2097 2352 cum
2127 2299 2286 2352 timor
2311 2308 2554 2368 augetur.
2574 2299 2630 2354 Si
2661 2311 2840 2353 autem
2870 2300 2920 2352 id
2949 2301 3067 2367 plus
3092 2316 3255 2369 quam
3288 2301 3357 2353 illi
3390 2302 3587 2355 baltea.

1979 2404 2116 2451 mus,
2149 2389 2288 2458 quod
2315 2388 2488 2442 futura
2518 2403 2826 2454 noscamus,
2857 2390 2929 2442 illi
2959 2405 3173 2458 quoque
3204 2390 3253 2444 id
3279 2391 3397 2459 plus
3424 2407 3586 2460 quam

1979 2494 2078 2533 nos
2122 2479 2340 2543 habent,
2377 2480 2518 2548 quod
2548 2495 2722 2548 ptente
2768 2480 3012 2549 ingentes
3043 2480 3145 2533 illis
3181 2483 3462 2535 confestim
3498 2481 3584 2536 in-

1979 2570 2241 2624 ferantur.

2049 2661 2264 2714 Iustitia
2287 2659 2401 2724 Dei,
2425 2669 2473 2711 et
2501 2660 2748 2728 puniendi
2777 2661 3006 2712 ratio.—
3037 2660 3233 2714 Verum
3260 2661 3401 2716 aliud
3432 2663 3588 2732 quid-

1983 2756 2122 2824 piam
2154 2754 2341 2807 dicunt
2371 2753 2605 2821 plurimi.
2637 2752 2738 2806 Ubi
2761 2761 2876 2816 est,
2905 2753 3187 2821 inquiunt,
3215 2753 3418 2819 justitia
3454 2753 3586 2819 Dei,

1982 2843 2227 2910 quando,
2255 2844 2298 2896 si
2327 2843 2446 2911 quis
2478 2843 2564 2895 hic
2593 2853 2810 2910 peccet,
2840 2854 2893 2894 et
2924 2842 3008 2896 hic
3035 2853 3089 2896 et
3114 2843 3224 2897 illic
3246 2859 3433 2911 pcenas
3459 2845 3590 2900 det?

1983 2933 2158 2986 Vultis
2191 2934 2350 3002 igitur
2390 2941 2445 2984 ut
2473 2933 2612 2985 dicta
2648 2943 2826 2985 vestra
2858 2933 2908 2985 in
2942 2934 3261 2987 memoriam
3306 2934 3456 2989 vobis
3498 2951 3590 2990 re-

1982 3040 2189 3088 vocent,
2225 3040 2290 3078 ne
2323 3024 2458 3077 ultra
2493 3025 2729 3078 laborem
2762 3023 2914 3076 n'obis
2942 3024 3200 3088 all'eratis,
3228 3024 3322 3078 sed
3346 3039 3411 3079 ex
3436 3026 3591 3080 vobis

1983 3117 2112 3185 ipsis
2154 3117 2474 3170 solutionem
2525 3117 2704 3170 detis?
2731 3115 2924 3168 Multos
2955 3132 3018 3168 ex
3050 3115 3249 3170 nostris
3277 3117 3488 3181 audivi,
3519 3118 3592 3171 εἰς

1982 3207 2196 3276 quando
2223 3205 2530 3260 ediscerent
2556 3206 2879 3260 homicidam
2908 3207 3139 3273 aliquem
3174 3208 3226 3260 in
3247 3207 3450 3274 judicio
3473 3210 3591 3277 ple-

1983 3313 2111 3350 xum
2141 3299 2305 3349 fuisse
2325 3336 2340 3361 ,
2363 3312 2484 3348 cum
2518 3297 2882 3363 indignatione
2913 3295 3153 3348 dicentes
3187 3313 3199 3348 :
3234 3297 3470 3366 Triginta
3503 3301 3587 3352 vel

1985 3387 2226 3456 pluribus
2251 3386 2488 3438 caedibus
2512 3424 2526 3448 ,
2557 3387 2853 3438 sceleratus
2882 3384 2973 3438 ille
2992 3424 3007 3448 ,
3039 3387 3260 3452 patratis
3279 3426 3297 3452 ,
3329 3403 3431 3440 una
3471 3398 3592 3441 lan-

1985 3489 2095 3532 tum
2128 3479 2244 3532 vice
2277 3487 2504 3531 mortem
2533 3477 2696 3530 subit.
2731 3477 2796 3529 Et
2836 3476 3052 3530 ubinam
3088 3476 3295 3543 justitia
3328 3478 3456 3537 est!
3486 3478 3592 3533 Vos

1983 3589 2110 3641 ergo
2139 3571 2375 3624 fatemini
2406 3571 2634 3623 mortem
2665 3583 2825 3620 unam
2854 3583 2962 3620 non
2986 3568 3116 3622 satis
3138 3583 3354 3637 semper
3377 3586 3499 3625 esse
3525 3573 3593 3626 ad

1983 3663 2300 3730 Supplicium
2346 3660 2691 3729 condignum.
2723 3659 2831 3712 (Zur
2860 3673 2989 3726 ergo
3025 3674 3163 3712 nunc
3199 3660 3465 3713 contraria
3495 3661 3593 3715 de-

1983 3752 2245 3807 cernitis?
2273 3751 2406 3816 Quia
2438 3765 2546 3803 non
2578 3750 2645 3803 de
2687 3749 2841 3812 aliis,
2884 3747 2980 3801 sed
3005 3746 3073 3801 de
3101 3747 3251 3802 vobis
3279 3748 3412 3817 ipsis
3446 3748 3594 3816 judi-

1982 3847 2123 3896 cium
2153 3842 2323 3895 fertis.
2373 3841 2463 3894 Sic
2502 3840 2723 3909 proprio
2762 3851 2948 3891 amore
2976 3836 3298 3905 impedimur
3321 3877 3336 3901 ,
3370 3854 3438 3892 ne
3466 3838 3593 3906 quid

1979 3934 2182 4001 justum
2210 3932 2282 3983 sit
2309 3931 2605 3983 videamus.
2641 3927 2846 3981 Idcirco
2873 3942 2996 3979 cum
3027 3926 3095 3978 de
3121 3926 3240 3980 aliis
3267 3927 3592 3993 judicamus.

1983 4024 2385 4077 accuratissime
2437 4037 2552 4075 rem
2598 4019 2955 4086 indagamus;
3007 4031 3128 4070 cum
3167 4032 3299 4070 vero
3328 4017 3395 4071 de
3439 4020 3597 4072 nobis

1985 4114 2115 4182 ipsis
2142 4157 2154 4178 ,
2190 4111 2428 4168 tenebris
2457 4110 2780 4163 involvimur
2809 4126 2821 4160 :
2854 4108 2944 4176 qui
2975 4110 3019 4160 si
3058 4122 3275 4160 causam
3307 4117 3544 4162 nostram
3573 4149 3592 4173 ,

1985 4216 2041 4257 ut
2065 4207 2292 4257 alienam
2322 4204 2731 4269 exploraremus
2754 4240 2769 4262 ,
2801 4199 3012 4251 sincere
3053 4207 3108 4250 et
3145 4199 3260 4252 sine
3301 4199 3406 4251 ulla
3438 4214 3596 4253 acce-

1984 4295 2165 4362 ptione
2187 4292 2451 4346 calculum
2477 4290 2760 4342 ferremus.
2790 4287 3010 4341 Peccata
3040 4290 3236 4355 quippe
3269 4299 3449 4342 nostra
3486 4305 3595 4343 non

1982 4387 2188 4439 duabus
2214 4384 2295 4436 vel
2315 4383 2504 4442 tribus,
2528 4378 2622 4433 sed
2647 4377 2793 4431 mille
2816 4378 3079 4430 mortibus
3104 4377 3261 4446 digna
3282 4387 3424 4430 sunt.
3451 4378 3516 4430 Et
3538 4389 3597 4433 ut

1983 4479 2085 4532 alia
2115 4475 2380 4536 om‘ittam,
2413 4470 2762 4525 recordemur
2781 4478 2910 4535 quot
2941 4477 2993 4520 et
3020 4467 3204 4536 quanti
3230 4468 3482 4534 mysteria
3514 4469 3597 4520 in-

1983 4571 2142 4637 digne
2165 4566 2547 4635 participamus
2583 4576 2610 4626 ε,
2631 4560 2706 4614 illi
2740 4575 2869 4612 vero
2898 4559 2987 4627 qui
3018 4558 3095 4611 sic
3129 4559 3482 4626 participant,
3513 4559 3592 4614 rei

1985 4671 2110 4715 sunt
2138 4656 2382 4727 corporis
2413 4666 2466 4708 et
2488 4653 2767 4721 sanguinis
2788 4649 3011 4705 Christi.
3039 4650 3222 4717 itaque
3249 4663 3370 4703 eum
3398 4650 3465 4703 de
3495 4651 3591 4702 bo-

1982 4750 2175 4806 micida
2194 4747 2432 4817 loqueris
2453 4785 2466 4807 ,
2499 4743 2671 4812 cogita
2700 4743 2928 4810 teipsum
2962 4739 3286 4792 homicidam
3317 4753 3458 4792 esse.
3496 4740 3591 4793 Ille.

1985 4856 2214 4904 namque
2262 4841 2533 4891 hominem
2565 4835 2808 4898 occidit,
2865 4842 2921 4887 tu
2970 4846 3098 4886 vero
3145 4832 3333 4885 mortis
3379 4833 3591 4889 Domini

1983 4948 2105 4986 reus
2126 4946 2184 4984 es
2210 4948 2220 4982 :
2253 4930 2340 4983 ille
2369 4945 2472 4980 non
2506 4926 2888 4996 mysteriorum
2915 4923 3180 4991 particeps
3204 4922 3314 4984 iuit,
3341 4937 3439 4976 nos
3460 4938 3591 4978 γει-θ

1981 5038 2132 5078 sacra
2161 5034 2345 5074 mensa
2380 5018 2627 5072 fruimur.
2658 5015 2795 5080 Quid
2840 5013 2908 5068 de
2935 5013 3000 5066 iis
3035 5013 3208 5067 ducam
3230 5054 3244 5072 ,
3273 5015 3359 5082 qui
3396 5013 3592 5069 fratres

1982 5129 2109 5168 suos
2148 5111 2429 5170 mordent,
2462 5108 2758 5168 devorant,
2808 5104 3140 5171 multumque
3187 5103 3377 5155 veneni
3419 5103 3580 5157 diuo.

1948 5247 1950 5250 μ
1981 5205 2152 5259 dunt?
2179 5201 2306 5272 quid
2329 5200 2395 5253 de
2416 5199 2506 5251 illo
2534 5201 2624 5264 qui
2651 5197 2829 5248 cibum
2858 5193 3180 5262 pauperibus
3206 5191 3434 5260 abripit?
3459 5194 3589 5246 riam

1980 5299 2022 5351 si
2053 5298 2097 5349 is
2121 5336 2136 5359 ,
2171 5296 2260 5364 qui
2302 5294 2702 5361 eleemosyuam
2735 5303 2842 5342 non
2883 5297 3092 5356 erogat,
3140 5288 3188 5340 id
3222 5288 3342 5341 facit
3371 5329 3385 5351 ,
3417 5291 3587 5342 multo

1981 5388 2150 5456 magis
2183 5386 2272 5438 ille
2300 5384 2388 5453 qui
2421 5384 2593 5435 aliena
2621 5379 2834 5446 abripit.
2870 5379 3011 5443 Quot
3060 5376 3264 5430 intibus
3294 5377 3593 5431 deteriores

1981 5487 2105 5530 sunt
2133 5476 2320 5530 avari?
2353 5481 2482 5542 quot
2514 5469 2798 5525 homicidis
2828 5478 2882 5522 et
2911 5467 3282 5535 sepulcrorum
3317 5467 3592 5524 eﬂossori—

1982 5569 2083 5622 bus
2111 5567 2323 5636 pejores
2367 5577 2492 5619 sunt
2544 5563 2836 5631 raptores?
2883 5570 3013 5627 quot
3063 5560 3408 5629 reperiuntur
3455 5561 3590 5628 qui,

1981 5668 2262 5729 postquam
2291 5657 2607 5725 spoliarunt,
2628 5655 2695 5706 ad
2719 5653 3068 5722 spoliatorum
3092 5654 3251 5705 etiam
3275 5655 3588 5724 sanguinem

1985 5751 2238 5806 inhiant?
2265 5750 2444 5811 Absit,
2479 5747 2710 5817 inquies.
2741 5745 2893 5799 Nunc
2923 5744 3076 5806 dicis,
3112 5743 3264 5798 Absit
3293 5763 3307 5811 ;
3337 5758 3458 5798 eum
3488 5744 3591 5797 ini-

2050 5865 2066 5894 ⁸
2105 5859 2209 5920 Alii,
2254 5857 2517 5923 sapientin’.
