4104 6308
601 367 707 424 ιιθ

602 484 796 536 micum
818 474 1077 538 habebis,
1105 482 1216 527 tum
1235 469 1341 534 die,
1375 467 1560 528 Absit.
1602 481 1666 521 ac
1696 466 1957 520 dictorum
1988 474 2173 516 recor-

600 574 732 626 dare
754 610 770 634 ,
800 575 856 623 et
873 565 1035 620 vitam
1061 571 1202 618 tuam
1229 575 1349 615 cum
1389 557 1822 632 magna‘institne
1863 551 2134 620 diligentia
2155 591 2171 614 ,

597 676 667 717 ne
715 658 1069 715 Sodomorum
1113 653 1247 708 mala
1299 664 1395 704 nos
1435 649 1737 716 excipiant,
1767 659 1836 698 ne
1861 641 2174 697 ϐοιιιοττιιςιε

603 749 744 804 mala
771 749 1064 818 patiamur,
1094 758 1160 798 ne
1188 740 1470 812 Tyriorum
1507 747 1563 793 et
1602 734 1938 791 Sidoniorum
1989 745 2174 802 pinnas

598 839 788 894 demus
813 856 828 903 ;
878 834 982 892 imo
1023 835 1198 904 potius
1216 858 1221 863 -
1242 847 1310 886 ne
1332 830 1602 886 Christum
1624 825 1960 882 oll‘endamus
1985 865 1998 886 ,
2031 821 2169 889 quod

599 928 838 985 amulum
867 937 948 982 est
985 924 1354 992 gravissimum
1383 929 1436 974 et
1464 917 1935 986 terriliilissimum.
1965 911 2096 966 Nam
2126 911 2168 963 si

602 1018 784 1073 multis
802 1015 1040 1086 gehenna
1077 1013 1287 1066 videtur
1313 1008 1564 1063 terribilis
1587 1020 1736 1070 esse,
1781 1018 1887 1056 non
1922 1003 2080 1055 linem
2111 1001 2188 1050 la-

1338 354 1395 411 S.
1425 349 1705 410 JOANNIS
1735 341 2209 407 CHRYSOSTOMI
2263 343 2578 403 ARCHIEP.
2620 345 3162 404 CONSTANTINOP.

3755 340 3859 398 Lit)

2279 460 2418 517 ciam
2445 461 2708 516 clamandi
2738 460 2842 514 hoc
2875 473 2997 514 esse
3023 459 3265 530 gehenna
3307 459 3523 528 gravius
3555 473 3626 516 ac
3647 460 3863 517 terribi-

2277 553 2402 607 lius.
2433 553 2499 608 Et
2537 567 2631 606 vos
2673 555 2741 606 ita
2773 552 2991 606 allectos
3019 567 3141 606 esse
3165 566 3294 622 rogo
3319 569 3333 606 :
3361 551 3441 607 sic
3464 554 3609 607 enim
3637 564 3691 607 et
3715 551 3746 606 a
3771 569 3863 622 ge-

2278 647 2451 699 henna
2481 643 2824 698 liberabimur
2843 683 2858 708 ,
2893 653 2947 695 et
2969 641 3169 696 Christi
3196 642 3365 712 gloria
3392 643 3636 697 fruemur
3663 663 3677 696 :
3699 660 3861 714 quam

2277 749 2377 788 nos
2403 748 2592 788 omnes
2618 734 2827 800 assequi
2856 733 3162 802 contingat,
3193 735 3364 802 gratia
3410 744 3464 790 et
3493 736 3861 790 misericordia

2277 824 2487 880 Domini
2524 825 2690 877 nostri
2727 823 2851 878 Jesu
2879 821 3115 888 Christi,
3143 824 3229 878 cui
3260 825 3428 894 gloria
3459 834 3514 880 et
3540 826 3822 897 imperium
3842 867 3859 893 ,

2275 915 2328 968 in
2357 916 2550 969 szecula
2576 912 2910 968 saacnlorum.
2935 915 3125 967 Amen.

605 1123 2806 1160 ______________.._____——-————q————————“—_.‘—_

864 1190 880 1206 ‘
1582 1206 1929 1269 nemus
1995 1198 2326 1263 xxxvn.
2372 1198 2460 1259 al.
2508 1197 2865 1260 xxxvm.

595 1359 725 1415 Cn.
754 1358 841 1414 ll.
868 1374 922 1411 v.
949 1357 1005 1410 7.
1043 1353 1161 1408 Illis
1189 1364 1357 1407 autem
1384 1351 1706 1411 abeuntibus.
1737 1347 1884 1414 capit
1910 1345 2060 1399 Iesus
2088 1342 2144 1394 di
2154 1371 2172 1382 -

667 1464 777 1502 cere
816 1449 883 1500 ad
927 1448 1096 1500 turbas
1134 1445 1196 1498 de
1220 1442 1420 1496 Joanne
1441 1461 1458 1494 :
1491 1441 1628 1507 Quid
1656 1439 1824 1493 existis
1845 1438 1896 1489 in
1923 1437 2172 1488 desertum

665 1533 872 1590 uidere?
912 1533 1208 1587 arundine»:
1254 1547 1285 1581 a
1322 1539 1465 1583 uento
1503 1529 1742 1596 agitatam
1764 1528 1789 1579 ?
1832 1525 1883 1579 4.
1919 1523 2023 1578 Sed
2050 1521 2174 1585 quid

669 1627 841 1681 existis
888 1624 1095 1679 uidere?
1135 1622 1388 1674 hominem
1434 1620 1671 1672 mollibus
1710 1618 1938 1670 vestitum
1973 1617 1997 1668 .’
2045 1614 2174 1668 Ecca

666 1716 752 1781 qui
804 1715 1036 1767 ntellibus
1085 1713 1380 1773 vestiuntur,
1434 1711 1486 1763 in
1533 1709 1762 1763 dantibus
1810 1723 1981 1776 regum
2031 1714 2169 1759 sunt.

667 1805 724 1860 9.
753 1803 860 1858 Sed
878 1803 1000 1872 quid
1030 1803 1198 1856 existis
1227 1801 1436 1854 videre?
1465 1800 1759 1869 prophetam
1781 1799 1808 1851 .’
1831 1795 2026 1861 Etiam,
2059 1795 2172 1850 dico

666 1892 820 1956 vobis,
851 1902 898 1945 et
919 1893 1034 1959 plus
1061 1907 1211 1961 quam
1241 1890 1558 1959 prophetarit.
2143 1891 2146 1894 ’

667 1986 719 2038 ί.
741 1982 968 2037 Christus
984 1984 1233 2049 quomodo
1254 1981 1441 2050 {amant
1461 1979 1677 2034 Joannis
1705 1977 1947 2047 Baptista
1970 1976 2172 2029 adstru-

595 2074 725 2128 xerit
743 2083 789 2126 et
809 2072 1307 2144 defenderit.-—Qua2
1323 2071 1388 2123 ad
1405 2060 1695 2139 discipulos
1718 2069 1937 2124 Joannis
1966 2077 2176 2137 specta-

600 2164 728 2220 bant
752 2173 894 2219 recte
915 2164 1154 2218 ordinata
1175 2173 1297 2216 sunt
1320 2179 1335 2225 ;
1357 2163 1539 2229 illique
1557 2162 1932 2221 discesserunt,
1953 2173 1981 2211 a
2008 2158 2171 2226 signis

593 2270 712 2325 qua
736 2253 911 2309 statim
944 2254 1077 2308 facta
1109 2265 1234 2306 sunt
1271 2252 1565 2307 conﬁrmati
1602 2267 1616 2303 :
1647 2249 1880 2304 restabat
1908 2249 2124 2301 demum
2150 2286 2167 2313 ,

596 2353 656 2399 ut
684 2359 802 2414 quae
830 2344 894 2398 ad
926 2343 1102 2413 populi
1128 2344 1432 2412 opinionem
1465 2341 1798 2411 pertinebant
1825 2347 2163 2393 curarentur.

598 2435 677 2490 Illi
700 2436 892 2504 quippe
917 2436 984 2489 de
1013 2435 1266 2502 magistro
1296 2447 1393 2486 suo
1419 2432 1548 2485 nihil
1578 2446 1735 2496 supra
1775 2430 2035 2483 dictorum
2076 2443 2169 2481 su-

593 2523 969 2592 spicabantur;
1001 2522 1152 2576 turba
1179 2537 1302 2576 vero
1332 2521 1530 2590 populi,
1558 2533 1624 2573 ex
1656 2519 2066 2588 interrogatione
2093 2517 2173 2570 di-

601 2613 925 2682 scipulorum
970 2612 1224 2675 Joannis,
1254 2600 1497 2664 absurda
1531 2611 1692 2664 multa
1736 2610 2000 2678 suspicata
2052 2619 2168 2673 est,

591 2701 736 2773 quod
787 2703 1015 2756 nesciret
1062 2715 1163 2770 qua
1217 2707 1395 2754 mente
1441 2699 1530 2754 ille
1574 2697 1863 2765 discipulos
1895 2697 2166 2751 misisset:

594 2790 986 2859 verisimileqne
1014 2800 1095 2844 est
1135 2790 1256 2843 illos
1281 2789 1359 2842 sic
1385 2788 1522 2842 intra
1553 2803 1612 2846 se
1636 2787 1978 2841 ratiocinatos
2004 2799 2125 2840 esse
2152 2802 2166 2840 :

592 2883 696 2951 Qui
742 2892 820 2935 tot
869 2890 1115 2949 tanuique
1146 2879 1456 2933 testificatus
1480 2888 1614 2941 erat,
1642 2893 1784 2931 nunc
1812 2886 2042 2932 mutatus
2068 2878 2170 2930 du-

594 2972 746 3034 bitat,
773 2985 895 3024 num
929 2972 1032 3032 hic,
1066 2985 1190 3021 num
1217 2970 1350 3021 alius
1383 2977 1638 3022 venturus
1664 2968 1764 3018 sit?
1788 2966 1918 3019 Num
1947 2968 2033 3035 qui
2055 2965 2168 3019 hsce

591 3062 721 3116 dicit
748 3054 962 3113 dissidia
984 3073 1103 3113 cum
1140 3057 1262 3111 Jesu
1291 3056 1506 3111 movet?
1533 3073 1658 3111 num
1689 3057 1921 3110 timidior
1948 3073 2010 3110 es
2043 3072 2164 3109 car-

591 3165 714 3204 cere
745 3147 947 3201 factus?
979 3163 1104 3200 num
1133 3157 1330 3200 temere
1357 3147 1536 3214 priora
1565 3145 1811 3199 dixerat?
1842 3140 1975 3212 Quia
2005 3146 2165 3214 igitur

592 3239 885 3295 verisimile
907 3247 1016 3293 erat
1048 3239 1187 3306 ipsos
1210 3237 1330 3290 talia
1372 3237 1534 3290 multa
1563 3237 1817 3305 suspicari
1843 3277 1858 3301 ,
1887 3236 2005 3291 vide
2030 3253 2163 3304 quo-

592 3330 751 3383 modo
792 3329 1001 3382 illorum
1049 3327 1408 3380 inﬁrmitatem
1439 3329 1691 3395 corrigat,
1725 3335 1778 3379 et
1803 3325 1896 3378 has
1922 3334 2165 3380 amoveat

589 3417 943 3486 suspiciones.
992 3415 1233 3467 Euntibus
1280 3415 1410 3467 enim
1454 3414 1586 3476 illis,
1621 3415 1954 3484 cmpiulicere
1983 3413 2159 3468 turbis.

589 3505 696 3559 Cur
728 3504 974 3558 Euntibus
1002 3503 1101 3557 illis
1121 3504 1146 3556 Ρ
1171 3503 1248 3558 Ne
1272 3502 1546 3556 videretur
1579 3503 1780 3556 adulari
1805 3504 1998 3555 virum.
2029 3503 2162 3554 Dum

591 3602 766 3649 autem
797 3594 973 3662 populi
1005 3593 1309 3662 opinionem
1339 3590 1606 3656 emendat,
1635 3591 1777 3645 illius
1803 3591 2161 3660 suspicionem

587 3699 696 3738 non
719 3684 935 3737 adducit
967 3684 1018 3736 in
1047 3682 1300 3744 medium,
1323 3680 1416 3736 sed
1441 3682 1756 3735 solutionem
1783 3689 1982 3732 tantum
2011 3679 2162 3732 all'ert

586 3773 1006 3835 ratiociniorum,
1031 3787 1150 3840 qtae
1171 3771 1380 3824 illorum
1398 3779 1629 3825 mentem
1653 3769 1953 3834 turbabant,
1983 3779 2163 3824 osten-

587 3865 723 3917 dens
771 3877 828 3915 se
873 3861 1110 3915 omnium
1159 3870 1366 3914 secreta
1414 3875 1760 3926 cognoscere.
1808 3860 1989 3929 Neque
2018 3862 2159 3914 enim

583 3952 710 4005 dicit
729 3952 867 4004 sicut
885 3949 1084 4004 Judtcis
1098 3947 1307 4002 diccbat
1332 3964 1347 3999 :
1379 3947 1516 4013 Quid
1536 3949 1762 4016 cogitatis
1788 3949 1920 4001 mala
1945 3948 2156 4016 (Matth.

585 4038 639 4094 9.
670 4038 724 4107 ι)
749 4041 773 4090 ‘l
818 4038 1034 4091 Etiamsi
1071 4037 1212 4090 enim
1255 4036 1576 4105 cogitarent,
1608 4051 1712 4089 nou
1742 4052 1805 4090 ex
1833 4038 2158 4106 malignitate

583 4128 913 4197 cogitabant,
949 4127 1042 4180 sed
1073 4125 1212 4194 quod
1242 4140 1304 4179 ea
1334 4140 1453 4192 qua:
1493 4126 1803 4180 dicebantur
1831 4127 2155 4197 ignorarent.

587 4215 711 4271 ideo
731 4231 836 4270 non
868 4218 1062 4269 acriter
1086 4214 1373 4282 alloquitur
1399 4212 1539 4276 illos,
1569 4215 1662 4266 sed
1691 4215 1900 4268 illorum
1925 4225 2157 4270 mentem

584 4315 787 4362 tantum
829 4306 1084 4372 corrigit,
1133 4303 1503 4372 Joannomque
1545 4303 1819 4368 defendit,
1869 4307 2161 4376 probatque

583 4397 729 4450 illum
757 4411 862 4448 non
898 4409 926 4446 a
953 4395 1129 4460 priore
1153 4393 1412 4446 sententia
1441 4391 1745 4458 deﬂexisse,
1779 4410 1877 4449 nec
1903 4403 2157 4450 mutatum

582 4483 766 4538 fuisse.
802 4483 982 4550 Neque
1006 4481 1146 4534 enim
1173 4491 1274 4544 est,
1306 4481 1496 4550 inquit,
1526 4481 1684 4535 homo
1709 4483 1840 4537 levis
1884 4485 1965 4538 vel
2008 4486 2158 4539 volu-

586 4572 728 4629 bilis,
776 4573 866 4624 sed
909 4573 1107 4630 nimus,
1141 4582 1429 4634 consmus;
1462 4585 1558 4624 nec
1587 4574 1724 4634 talis,
1757 4575 1840 4641 qui
1875 4576 2062 4640 prodat
2096 4591 2157 4631 ea

581 4675 701 4728 qua!
728 4660 827 4712 sibi
858 4658 1162 4730 concredita
1196 4669 1338 4712 sunt.
1375 4660 1495 4713 llaec
1525 4673 1695 4714 autem
1728 4664 1796 4715 ita
1839 4667 2119 4718 ttom‘iannt
2141 4707 2156 4732 ,

584 4761 638 4803 ut
689 4765 792 4803 non
838 4753 1014 4801 statim
1065 4733 1129 4801 cf:
1181 4751 1390 4818 propria
1423 4755 1706 4815 sententia,
1737 4755 1826 4808 sed
1856 4773 1916 4810 ex
1947 4759 2155 4811 aliorum

582 4841 885 4892 testimonio
913 4838 1165 4906 procedat
1194 4856 1206 4890 :
1235 4853 1336 4892 non
1365 4854 1430 4893 ex
1461 4839 1617 4893 dictis
1645 4852 1843 4896 tantum
1883 4846 2114 4913 ipsorum
2139 4889 2154 4910 ,

581 4927 675 4982 sed
708 4937 756 4981 (δε
791 4942 852 4980 ει
887 4928 1139 4994 opemhos
1167 4927 1454 4981 ostendens
1483 4929 1624 4999 ipsis
1653 4933 1769 4997 ejus
1807 4941 2154 4992 COIRSidﬂiiatil

582 5019 897 5072 testiﬁcatus
915 5033 1050 5073 0836.
1082 5019 1368 5089 Propterea
1390 5020 1537 5086 dicit,
1567 5023 1701 5088 Quid
1724 5027 1895 5080 existis
1918 5029 1968 5082 in
1997 5032 2157 5083 deser-

584 5119 687 5158 tum
716 5108 923 5161 ridere?
951 5123 1012 5161 ac
1043 5108 1085 5161 si
1116 5108 1317 5162 diceret
1341 5150 1353 5171 ,
1385 5110 1492 5165 Cur
1518 5115 1717 5167 relictis
1746 5117 1993 5180 tnbtbus,
2027 5123 2155 5175 a‘di-

584 5198 808 5267 hosque,
839 5199 890 5252 iu
917 5198 1187 5252 desertum
1215 5201 1537 5256 convenistis
1562 5207 1788 5258 omnes?
1828 5217 1886 5260 ut
1907 5212 2156 5266 miserum

584 5290 865 5357 quemdam
894 5300 947 5344 et
973 5289 1140 5343 levem
1166 5289 1433 5344 hominem
1460 5295 1706 5350 videretis
1729 5299 1750 5349 ’ἶ
1770 5296 1873 5352 Sed
1898 5300 1947 5354 id
1974 5313 2156 5357 contra

584 5383 780 5432 rectam
816 5380 1071 5433 rationem
1115 5389 1277 5434 esset.
1327 5381 1505 5450 Neque
1536 5386 1673 5440 enim
1716 5387 1783 5439 ita
1824 5392 2058 5459 arguitur
2093 5409 2154 5448 ex

582 5470 672 5526 ilio
697 5479 841 5525 tanto
895 5469 1069 5521 Studia
1093 5511 1108 5534 ,
1153 5484 1256 5537 quo
1305 5470 1353 5522 in
1383 5471 1651 5529 desertum
1673 5481 1979 5532 occurristis
2017 5501 2028 5532 ;
2062 5500 2158 5537 tzcc

583 5573 761 5616 tantus
789 5561 1011 5628 populus
1034 5600 1046 5619 .
1079 5567 1152 5610 tot
1183 5560 1422 5614 civitates
1462 5577 1578 5615 enm
1613 5573 1761 5620 tanto
1787 5569 1964 5621 studio
1989 5567 2036 5622 in
2064 5571 2154 5624 de-

581 5657 781 5703 sertum
806 5657 861 5701 et
893 5649 958 5700 ad
986 5646 1274 5703 .lordanem
1306 5651 1508 5705 diﬂ’usac
1531 5663 1743 5722 essent,
1785 5658 1883 5712 nisi
1912 5673 2160 5730 magnum

2283 1340 2596 1407 quemdam,
2641 1342 3012 1399 admirandum
3049 1356 3104 1400 et
3147 1351 3634 1403 constantiSsimum
3686 1352 3861 1403 virum

2279 1444 2375 1484 vos
2403 1432 2612 1486 visuros
2641 1435 2976 1501 sperassctis.
3007 1436 3189 1507 Neque
3217 1441 3358 1493 enim
3392 1440 3653 1493 calamum
3673 1442 3864 1495 existis

2281 1523 2451 1574 visum
2477 1563 2492 1585 ,
2525 1539 2553 1575 a
2583 1533 2741 1578 vento
2777 1527 3060 1594 agitatum;
3099 1544 3222 1583 nam
3271 1530 3417 1584 leves
3444 1529 3686 1585 homines
3709 1571 3725 1596 ,
3771 1544 3864 1599 qut

2279 1610 2382 1665 huc
2409 1613 2532 1667 illuc
2571 1614 3059 1681 circumferuntur,
3092 1627 3146 1672 et
3174 1618 3334 1672 modo
3377 1617 3526 1680 hare.
3570 1620 3730 1674 modo
3773 1622 3860 1674 illa

2278 1699 2484 1765 dicunt,
2537 1704 2588 1757 in
2635 1705 2885 1774 nullaque
2933 1721 2990 1760 re
3031 1708 3353 1774 consistunt,
3383 1710 3588 1763 calamo
3617 1719 3744 1764 sunt
3783 1710 3863 1765 sl-

2278 1791 2450 1845 miles.
2482 1791 2560 1846 Ac
2588 1793 2854 1873 perpende
2886 1797 3155 1864 quomodo
3183 1799 3329 1852 omni
3372 1798 3588 1853 dimissa
3635 1800 3864 1863 malitia,

2276 1879 2344 1934 de
2375 1879 2476 1935 hac
2500 1881 2611 1934 sola
2642 1897 2783 1937 nunc
2803 1893 2942 1953 agat,
2961 1900 3082 1953 qua
3132 1888 3281 1958 ipsos
3310 1886 3572 1954 subierat,
3628 1890 3864 1943 levitatis

2277 1970 2616 2038 suspicione,
2647 1988 2805 2041 quam
2834 1989 3082 2030 amovere
3111 1986 3351 2030 conatur.
3389 1978 3494 2031 Sed
3533 1978 3657 2045 quid
3690 1979 3865 2032 existis

2277 2062 2483 2115 uidere?
2512 2063 2760 2116 hominem
2786 2065 3019 2118 mollibus
3046 2069 3274 2121 vestitum
3294 2069 3321 2122 γ
3349 2068 3479 2123 Ecce
3516 2072 3600 2137 qui
3629 2072 3866 2126 mollibus

2278 2153 2552 2206 vestiuntur
2577 2194 2590 2215 ,
2639 2154 2687 2206 iu
2713 2155 2942 2209 domibus
2987 2173 3160 2226 regum
3182 2168 3319 2211 sunt.
3349 2159 3500 2224 Quod
3530 2176 3660 2215 vero
3689 2162 3819 2214 dicit
3843 2203 3860 2224 ,

2276 2251 2362 2294 est
2389 2241 2690 2309 hujusmodi
2723 2260 2737 2296 :
2766 2247 2809 2296 Α
2832 2245 3010 2313 scipso
3032 2247 3119 2300 ille
3146 2263 3252 2302 non
3285 2250 3536 2305 volubilis
3555 2263 3638 2304 est
3662 2269 3674 2304 :
3700 2252 3864 2321 idque

2276 2343 2372 2382 vos
2411 2330 2725 2386 declarastis
2767 2349 2832 2388 ex
2877 2345 3057 2390 vestro
3085 2351 3210 2406 erga
3257 2339 3406 2392 illum
3446 2341 3646 2394 studio.
3676 2341 3865 2412 Neque

2276 2419 2403 2472 illud
2425 2420 2529 2474 dici
2549 2423 2735 2488 possit,
2761 2423 2905 2476 illum
2925 2426 3049 2477 olim
3073 2439 3404 2482 constantem
3425 2434 3652 2499 primum
3675 2431 3862 2496 fuisse,

2277 2505 2373 2562 sed
2419 2524 2481 2562 ex
2529 2509 2734 2565 deliciis
2783 2522 2968 2578 postea
3017 2514 3230 2570 mollem
3276 2516 3522 2572 ell'ectum
3553 2534 3692 2574 csse.
3723 2520 3862 2576 Nam

2275 2597 2416 2666 apud
2445 2597 2689 2653 homines
2713 2600 2926 2668 quidam
2957 2602 3035 2657 sic
3059 2615 3369 2670 nascuntur,
3399 2609 3488 2662 alii
3522 2610 3652 2663 tales
3673 2621 3862 2678 postea

2276 2687 2408 2741 ﬁunt
2433 2703 2447 2740 :
2479 2689 2711 2757 exempli
2740 2705 2919 2757 causa,
2943 2693 3078 2746 alius
3105 2704 3294 2749 natura
3321 2711 3415 2751 sua
3447 2700 3732 2754 iracundus
3752 2710 3860 2766 est,

2273 2776 2411 2832 alius
2455 2793 2518 2830 ex
2573 2779 2726 2847 longa
2773 2782 3087 2850 :rgritudine
3132 2787 3184 2838 in
3230 2787 3369 2842 hunc
3415 2792 3580 2843 animi
3609 2791 3862 2848 morbqu

2276 2867 2480 2924 incidit.
2504 2870 2590 2922 Sic
2617 2870 2704 2923 alii
2734 2871 3099 2931 inconstantes
3127 2887 3180 2930 et
3204 2877 3346 2933 leves
3377 2893 3564 2935 natura
3589 2900 3686 2937 sua
3710 2895 3860 2950 sunt,

2271 2958 2359 3009 alii
2399 2959 2539 3025 quod
2579 2958 2783 3014 deliciis
2821 2971 2873 3015 et
2915 2964 3169 3034 voluptati
3197 2968 3540 3032 indulserint,
3575 2974 3711 3028 tales
3735 2984 3864 3030 sunt

2268 3048 2462 3102 ellecti.
2490 3051 2557 3103 At
2582 3051 2835 3114 Joannes,
2867 3053 3057 3122 inquit,
3088 3072 3194 3110 non
3228 3069 3416 3114 natura
3445 3063 3566 3116 talis
3603 3074 3686 3118 est
3717 3084 3730 3119 :
3764 3083 3862 3121 ne-

2272 3153 2378 3206 que
2420 3140 2562 3192 enim
2605 3141 2865 3194 calamum
2915 3145 3100 3198 existis
3130 3147 3331 3213 videre,
3373 3167 3547 3220 neque
3595 3156 3860 3224 voluptati

2269 3226 2482 3280 deditus
2512 3243 2627 3282 eam
2658 3245 2815 3295 quam
2848 3231 3450 3292 ltahebatanimidotem
3472 3244 3674 3297 amisit.
3703 3245 3859 3309 Quod

2268 3318 2410 3368 enim
2437 3317 2691 3385 voluptati
2723 3332 2828 3372 non
2856 3322 3075 3385 serviat,
3110 3323 3161 3377 id
3188 3338 3418 3394 arguunt
3445 3331 3670 3385 vestitus
3694 3333 3813 3401 ejus
3839 3375 3857 3398 ,

2266 3405 2536 3461 desertum
2561 3448 2577 3470 ,
2605 3424 2812 3466 carcer.
2839 3410 2972 3466 Nam
2999 3413 3042 3466 si
3071 3415 3321 3471 mollibus
3348 3422 3531 3474 vestiri
3555 3424 3812 3480 voluisset
3837 3467 3856 3489 ,

2269 3510 2372 3582 non
2401 3497 2666 3549 desertum
2699 3499 2990 3565 coluisset,
3022 3517 3127 3555 non
3164 3518 3431 3561 carcerem
3458 3549 3473 3573 ,
3505 3511 3599 3564 sed
3630 3515 3854 3582 regiam.

2267 3581 2482 3636 Licebat
2511 3585 2652 3637 enim
2679 3586 2794 3651 illi,
2825 3589 2868 3639 si
2904 3591 3193 3656 tacuisset,
3224 3594 3422 3663 ingenti
3473 3599 3570 3652 frui
3624 3581 3856 3665 honore.

2266 3670 2474 3724 Etenim
2525 3686 2688 3742 quem
2733 3675 2970 3731 Herodes
3003 3679 3086 3734 vel
3115 3685 3521 3752 redarguenteui
3564 3706 3625 3743 se
3654 3703 3708 3746 et
3735 3694 3856 3749 tiu-

2265 3769 2410 3814 ctum
2430 3763 2503 3817 ita
2536 3768 3062 3831 revei'ebatur,eerte
3086 3772 3130 3824 si
3158 3775 3415 3828 tacuisset
3447 3789 3561 3830 erat
3582 3779 3843 3836 adulatu-

2266 3865 2380 3905 rus.
2413 3852 2546 3907 Cum
2589 3871 2718 3925 ergo
2752 3861 2919 3927 gestis
2950 3862 3064 3915 suis
3089 3862 3363 3919 ﬁrmitatis
3407 3872 3839 3941 constantiaque

2263 3957 2374 3995 sine
2401 3945 2821 4011 experimentum
2859 3948 3062 4003 dederit
3082 3992 3098 4014 ,
3130 3954 3396 4019 quomodo
3424 3956 3475 4010 in
3511 3961 3645 4014 tales
3671 3964 3849 4033 suspi-

2261 4035 2443 4088 ciones
2463 4035 2585 4103 jure
2613 4038 2769 4090 cadat
2787 4039 2809 4089 ’ἶ

2332 4122 2385 4214 2.
2411 4123 2635 4176 Joannes
2659 4123 2886 4192 Baptista
2911 4127 3024 4196 plus
3041 4146 3190 4198 quam
3213 4135 3457 4203 propheta
3479 4153 3509 4189 α
3524 4136 3728 4196 Christo
3748 4159 3850 4214 ap-

2265 4212 2500 4305 pellatus,
2518 4215 2569 4265 in
2589 4231 2688 4283 quo
2709 4218 2898 4271 cwteris
2921 4231 3117 4286 prmtet
3143 4227 3418 4291 prophetis.
3434 4227 3668 4286 Christus
3693 4212 3854 4305 neque

2263 4318 2377 4355 cum
2408 4303 2610 4359 Joanne
2650 4323 2806 4375 neque
2851 4325 2968 4363 cum
2990 4312 3093 4364 alio
3127 4315 3326 4370 homine
3354 4325 3644 4388 comparari
3663 4303 3848 4396 potest.

2262 4421 2332 4433 -—-
2359 4392 2640 4462 Postquam
2662 4413 2790 4467 ergo
2811 4410 2864 4452 ct
2887 4388 2916 4452 a
2951 4401 3068 4455 loco
3089 4442 3102 4465 ,
3133 4416 3183 4459 et
3215 4422 3243 4459 a
3274 4411 3511 4467 vestibus
3535 4455 3550 4478 ,
3577 4427 3630 4470 et
3655 4388 3684 4469 a
3712 4434 3850 4474 con-

2265 4497 2428 4540 ettrsu
2470 4489 2652 4557 populi
2700 4506 2876 4544 mores
2915 4493 3033 4561 eius
3065 4494 3376 4567 descripsit,
3418 4491 3634 4558 induxit
3667 4515 3858 4573 postea

2267 4576 2601 4645 prophetam.
2630 4580 2765 4634 Cum
2797 4581 3027 4636 dixiswt
3049 4587 3218 4652 enim,
3245 4590 3386 4655 Quid
3416 4594 3603 4647 existis
3637 4594 3858 4650 videre?

2267 4661 2570 4732 Proprie-tam
2587 4666 2612 4717 ἒ)
2626 4666 2789 4720 Etiam
2813 4668 2924 4721 dico
2949 4671 3102 4734 vobis,
3128 4681 3173 4724 et
3197 4677 3313 4741 plus
3338 4693 3486 4743 quam
3510 4685 3808 4748 prop/ictam
3826 4701 3851 4742 ,-

2262 4757 2408 4809 addit
2439 4773 2450 4806 :
2485 4758 2570 4811 ll).
2617 4756 2714 4810 {lic
2744 4770 2812 4812 est
2842 4763 2970 4812 enim
2997 4801 3010 4824 ,
3055 4764 3116 4815 de
3153 4781 3252 4834 quo
3296 4771 3541 4838 scriptum
3564 4783 3638 4827 est
3670 4791 3687 4826 :
3717 4776 3854 4834 Ecca

2262 4858 2401 4900 nimii
2431 4851 2660 4916 angelum
2686 4866 2850 4904 meum
2876 4861 2990 4904 ante
3017 4855 3198 4922 faciem
3224 4867 3360 4911 tuam
3383 4900 3397 4923 ,
3426 4863 3511 4930 qui
3539 4870 3851 4934 pratparabit

2263 4937 2392 4988 viam
2415 4948 2548 4988 tuam
2564 4949 2682 4991 ante
2705 4948 2750 4992 te
2773 4938 3025 5004 (Jlat'ach.
3048 4943 3098 4997 5.
3120 4945 3194 5015 i).
3217 4944 3349 5000 Cum
3371 4952 3515 5017 prius
3535 4953 3848 5013 Judteorum

2265 5028 2624 5109 testimonium
2646 5030 2979 5098 adduxisset,
3009 5041 3133 5088 tunc
3155 5038 3463 5110 prophetam
3485 5044 3660 5099 aﬂ'ert.
3682 5047 3850 5115 Quin.

2264 5117 2369 5171 imo
2393 5117 2671 5173 Judaicum
2700 5121 2962 5176 calculum
2991 5123 3160 5189 primo
3192 5129 3352 5196 ponit,
3383 5133 3524 5201 quod
3554 5140 3850 5197 maximni

2262 5221 2344 5263 est
2384 5223 2787 5280 argumentum,
2834 5214 3047 5282 quando
3086 5216 3425 5278 inimicorum
3479 5229 3850 5286 testimonium

2263 5301 2519 5356 aliertnr:
2565 5305 2799 5359 secando
2822 5348 2834 5368 ,
2877 5306 3098 5362 Joannis
3130 5310 3326 5378 vitam;
3358 5319 3546 5383 tertio,
3586 5321 3852 5390 judicium

2263 5409 2446 5456 suum;
2499 5406 2710 5463 quarto,
2783 5397 3136 5465 prophetam,
3186 5406 3420 5474 undique
3477 5411 3689 5469 illorum
3754 5432 3852 5471 ora

2262 5484 2534 5538 claudens.
2569 5486 2768 5539 Deinde
2791 5503 2857 5542 ne
2877 5489 3114 5544 dicereut
3147 5507 3160 5545 :
3191 5483 3326 5561 Quid
3350 5503 3476 5570 ergo
3507 5503 3550 5555 si
3581 5504 3702 5559 talis
3728 5521 3853 5563 cum

2263 5584 2406 5628 esset
2441 5576 2549 5642 jam
2580 5585 2815 5636 nudatus
2850 5579 2952 5632 sit?
2981 5589 3172 5636 csetera
3223 5585 3418 5654 atljecit
3441 5630 3460 5654 ,
3487 5593 3807 5651 vestimenta
3838 5639 3852 5660 ,

2265 5678 2556 5735 carcerem,
2578 5678 2631 5722 et
2657 5678 2836 5738 potitca
2864 5669 3218 5739 prophetiam.
3236 5675 3427 5732 Postea
3460 5695 3587 5736 vero
3613 5699 3735 5739 cum
3766 5686 3853 5740 di-
