4104 6308
145 387 239 445 εει

145 506 308 559 xisset
332 504 483 559 iilnm
513 504 770 576 propheta
801 505 1057 575 majorem
1085 523 1205 564 esse.
1224 551 1238 574 ,
1268 508 1504 563 ostendit
1541 509 1592 563 itt
1639 523 1746 580 quo

140 595 213 650 sit
259 595 453 666 major.
509 596 566 649 ltt
619 610 726 665 quo
764 610 892 666 ergo
935 597 1109 668 major
1135 608 1217 654 est
1243 598 1265 652 ?
1292 596 1445 665 Quod
1479 599 1550 654 sit
1581 614 1748 668 prope

140 701 264 740 cum
305 687 397 756 qui
443 685 680 742 advenit.
735 685 869 741 Nam
914 688 988 742 ait
1025 705 1036 741 :
1072 690 1271 744 Mittam
1311 690 1549 760 angelum
1582 706 1746 744 meum

138 788 260 832 ante
301 777 487 849 facient
532 788 712 841 tuam;
744 779 792 834 id
825 790 904 834 est
929 822 944 846 ,
977 794 1144 849 prope
1181 789 1251 836 te.
1281 780 1746 850 Quemadmodum

137 873 284 928 enim
327 871 470 941 apud
509 887 697 950 reges,
730 873 819 942 qui
852 888 1017 943 prope
1047 886 1265 928 currunt
1307 875 1592 943 incedunt,
1625 876 1745 932 aliis

137 966 400 1038 dignitate
440 970 674 1042 majores
703 981 831 1028 sunt
859 990 872 1026 :
905 974 984 1030 sic
1011 971 1248 1029 Joannes
1275 988 1444 1044 prope
1468 971 1741 1028 Christum

135 1057 511 1115 advenientem
551 1062 805 1120 incedere
849 1064 1114 1133 cernitur.
1139 1063 1276 1120 Vide
1305 1064 1576 1136 quomodo
1620 1063 1745 1120 hinc

137 1146 255 1217 ejus
284 1150 664 1207 excellentiam
689 1151 959 1220 declarat;
988 1169 1161 1224 neque
1190 1152 1280 1209 hic
1307 1152 1534 1225 gradum
1561 1154 1702 1208 sistit
1722 1193 1738 1215 ,

135 1238 232 1294 sed
261 1255 415 1296 suam
445 1253 634 1313 postea
661 1243 814 1298 eﬂ'ert
845 1246 1167 1300 santentiam
1205 1245 1390 1301 dicens
1418 1263 1431 1300 :
1463 1245 1550 1300 ll.
1579 1243 1742 1300 Amen

135 1332 250 1386 dico
294 1334 435 1389 vobis
459 1377 474 1400 ,
526 1353 629 1390 non
667 1339 886 1393 surrexit
927 1339 1058 1393 inter
1100 1346 1246 1392 natos
1273 1338 1545 1393 mulierum
1574 1340 1743 1409 major

130 1424 341 1482 Joanne
367 1427 622 1500 Baptista.
651 1429 708 1486 ld
729 1440 832 1495 est,
862 1446 968 1486 non
997 1432 1206 1503 peperit
1232 1431 1426 1487 mulier
1453 1431 1544 1486 illo
1573 1430 1742 1501 majo-

133 1532 272 1573 rem.
306 1517 517 1576 Sulﬁcit
541 1519 659 1577 bmc
697 1523 990 1589 sententia;
1026 1522 1124 1578 sed
1158 1522 1203 1577 si
1226 1522 1305 1576 vis
1335 1536 1400 1577 ex
1429 1521 1588 1577 rebus
1609 1521 1740 1592 ipsis

131 1610 380 1668 ediscere
401 1655 417 1678 ,
460 1614 742 1670 considera
774 1614 914 1670 illius
943 1629 1182 1672 mensam
1205 1657 1219 1680 ,
1261 1616 1461 1670 vietum
1486 1656 1502 1682 ,
1543 1614 1740 1670 mentis

131 1703 543 1759 sublimitatem.
575 1705 707 1760 Nam
736 1706 817 1762 sic
842 1706 1076 1773 vivebat,
1106 1721 1168 1762 ac
1194 1707 1238 1760 si
1272 1707 1324 1760 in
1354 1707 1488 1762 caelo
1515 1705 1702 1761 luisset
1721 1747 1734 1771 ,

130 1803 292 1863 atque
323 1797 657 1852 naturalibus
683 1796 930 1866 superior
957 1797 1366 1853 necessitatibus
1386 1839 1401 1863 ,
1433 1795 1734 1852 mirabilem

129 1887 420 1955 quamdam
472 1889 728 1960 carpebat
764 1891 908 1945 viam
933 1932 950 1958 ,
997 1891 1050 1945 in
1080 1890 1294 1961 hymnis
1323 1900 1377 1944 et
1401 1888 1737 1945 orationibus

129 1986 302 2034 totum
341 1988 552 2053 tempus
598 1981 897 2054 transigens
923 2023 940 2050 ,
971 1997 1095 2038 cum
1133 1983 1438 2038 mortalium
1479 1983 1732 2049 nemine,

126 2069 224 2125 sed
249 2085 374 2129 cum
405 2071 522 2128 solo
545 2073 657 2130 Deo
676 2072 939 2144 colloquia
959 2072 1212 2129 miscens.
1237 2072 1515 2128 Neminem
1537 2073 1736 2143 quippe

124 2179 513 2222 conservorum
533 2173 773 2230 noverat,
791 2179 896 2220 non
910 2177 969 2220 se
983 2163 1419 2236 conspiciendum
1437 2164 1730 2236 prtebebat,

127 2271 236 2310 non
264 2254 406 2311 laete
433 2254 711 2322 alebatur,
746 2269 853 2310 non
882 2255 1057 2324 lecto,
1090 2271 1197 2310 non
1231 2264 1406 2324 tecto,
1440 2270 1547 2311 non
1585 2254 1730 2319 foro,

124 2360 236 2402 non
281 2346 387 2400 alia
433 2346 684 2417 quapiam
732 2344 966 2401 humana
1009 2361 1067 2402 re
1105 2345 1412 2412 fruebatur;
1453 2354 1510 2401 et
1553 2354 1729 2400 tamen

123 2451 443 2495 mansuetus
481 2448 598 2495 erat
641 2438 802 2493 simul
839 2448 1001 2510 atque
1039 2438 1351 2495 vehemens.
1392 2437 1533 2492 Audi
1574 2439 1732 2508 igitur

119 2547 247 2587 cum
290 2540 490 2603 quanta
523 2532 890 2588 moderatione
934 2529 1224 2602 discipulos
1252 2531 1578 2600 alloquatur,
1606 2544 1728 2584 eum

119 2634 321 2693 quanta
346 2624 396 2678 vi
427 2623 660 2688 Judaeos,
693 2638 815 2679 cum
842 2631 1040 2693 quanta
1071 2621 1317 2678 libertate
1345 2636 1548 2691 regem.
1575 2621 1728 2675 Ideo-

117 2730 226 2786 que
251 2715 464 2771 dicebat
496 2714 742 2770 Christus
761 2756 775 2780 ,
808 2713 930 2768 Non
957 2715 1175 2770 surrexit
1215 2716 1344 2768 inter
1369 2722 1513 2768 natos
1542 2714 1721 2767 mulie-

115 2823 235 2861 rum
279 2807 448 2877 major
467 2805 672 2862 Joanne
689 2805 945 2878 Baptista.
978 2805 1084 2861 Sed
1110 2820 1179 2862 ne
1209 2805 1425 2861 laudum
1459 2805 1724 2875 magnitu-

117 2902 191 2957 do
218 2901 419 2972 aliquid
453 2900 653 2956 erroris
685 2907 932 2970 pareret,
964 2914 1098 2955 neve
1126 2897 1298 2953 Judaei
1337 2898 1486 2954 illunt
1513 2897 1727 2953 Chrisw

115 2993 475 3065 praferrcnt,
525 2991 646 3048 vide
687 2991 956 3062 quomodo
1004 2991 1106 3046 hoc
1152 2991 1545 3047 accommodet.
1593 2991 1724 3046 Nam

114 3087 260 3143 sicut
288 3101 353 3141 ex
397 3085 589 3156 quibus
616 3084 863 3154 discipuli
895 3082 1279 3148 ﬁrmabantur,
1333 3083 1504 3138 turbae
1552 3082 1723 3138 detri-

116 3186 362 3231 mentum
392 3174 762 3245 accipiebant,
792 3173 964 3229 levent
992 3172 1143 3227 illum
1182 3186 1304 3228 esse
1337 3181 1583 3243 putantes
1611 3190 1622 3225 :
1647 3173 1725 3228 sic

111 3282 181 3324 ex
211 3268 406 3337 quibus
435 3266 603 3322 turba:
625 3263 1068 3333 emendabantur,
1092 3264 1266 3334 majus
1286 3263 1541 3319 damnum
1572 3278 1726 3317 accc-

111 3358 303 3423 debat,
333 3373 456 3414 cum
477 3372 542 3414 ex
569 3357 726 3412 dictis
756 3355 1014 3426 majorem
1036 3356 1102 3412 de
1130 3357 1220 3411 illo
1242 3370 1402 3426 quam
1423 3356 1491 3411 de
1508 3353 1726 3409 Christo

111 3451 405 3508 sumebant
442 3451 773 3531 opinionem.
809 3447 938 3503 [ιιιιά
971 3464 1100 3518 ergo
1127 3490 1142 3516 ,
1184 3450 1382 3502 nttllam
1414 3448 1724 3516 relinquens

111 3544 501 3615 suspicionem,
557 3540 776 3610 corrigit
818 3539 902 3594 his
955 3541 1132 3596 verbis
1175 3557 1191 3597 :
1238 3539 1339 3607 Qui
1365 3549 1533 3593 autem
1558 3539 1724 3592 minor

111 3646 190 3692 est
215 3638 271 3691 in
296 3650 455 3707 regno
479 3635 741 3700 calorum,
767 3635 934 3705 major
953 3642 1025 3688 est
1052 3632 1165 3687 illo.
1202 3629 1394 3697 Minor,
1427 3629 1722 3686 secundum

111 3738 372 3796 atatem,
419 3736 475 3784 et
516 3727 813 3784 secundum
856 3726 1146 3782 multorum
1195 3724 1503 3795 Opinionem
1542 3740 1556 3777 :
1600 3738 1722 3777 nam

113 3823 367 3879 dicebant
425 3822 600 3892 ipsum
656 3819 877 3875 edacem
947 3833 1066 3873 esse
1115 3827 1170 3872 et
1244 3816 1354 3871 vini
1423 3825 1722 3886 pctatorem

117 3912 341 3984 (Matth.
363 3911 449 3968 ll.
468 3911 580 3980 l9):
595 3921 671 3976 et,
692 3908 880 3964 Nonne
900 3910 980 3963 hic
1006 3907 1138 3980 fabri
1159 3907 1297 3978 [ilius
1312 3916 1382 3962 est
1401 3905 1612 3977 (Matth.
1635 3907 1721 3960 l5.

113 4004 248 4071 55)?
277 4009 441 4074 atque
481 4001 678 4071 ubique
709 4000 885 4070 ipsum
917 3998 1302 4068 despiciebant.
1342 3997 1479 4066 Quid
1524 3997 1684 4067 igitur
1706 4037 1721 4062 ,

115 4095 365 4166 inquies,
394 4100 737 4163 comparatus
778 4105 900 4146 cum
929 4090 1136 4147 Joanne
1167 4091 1339 4160 major
1363 4087 1519 4144 erat?
1545 4087 1720 4142 Absit.

117 4187 309 4258 Neque
357 4186 501 4241 enim
547 4183 785 4241 Joannes
827 4179 1042 4253 quando
1085 4181 1255 4246 dicit,
1306 4179 1517 4235 Fortior
1545 4195 1624 4234 me
1652 4189 1725 4234 est

119 4277 342 4352 (Matth.
373 4278 427 4334 3.
473 4276 566 4347 11)
587 4319 602 4343 ,
630 4276 682 4331 id
709 4274 1069 4345 comparando
1095 4273 1263 4339 dicit;
1293 4287 1467 4343 neque
1497 4271 1722 4340 Paulus,

115 4384 244 4426 cum
272 4372 511 4441 Moysem
559 4368 640 4424 sic
669 4377 970 4432 memorat,
1003 4365 1256 4435 Antpliort’
1290 4365 1424 4419 enim
1458 4364 1623 4436 gloria
1644 4364 1724 4418 In'c

115 4479 277 4536 quam
298 4460 499 4532 Moyses
520 4460 759 4530 dignatus
776 4467 847 4513 est
873 4456 1058 4529 (Hebr.
1082 4457 1135 4513 5.
1166 4456 1245 4527 ὅ),
1275 4455 1391 4511 haec
1416 4465 1725 4527 comparate

117 4555 270 4611 dicit.
309 4552 374 4608 Et
397 4553 511 4623 ipse
539 4567 661 4606 cum
691 4551 794 4618 ait,
826 4549 957 4604 Ecce
995 4551 1111 4620 plus
1157 4565 1311 4618 quam
1350 4549 1601 4605 Salomon
1643 4549 1726 4602 hic

117 4648 339 4721 (Hattlt.
375 4645 463 4702 12.
495 4645 616 4717 24),
642 4645 759 4700 hanc
787 4659 891 4698 non
920 4643 1286 4712 comparando
1311 4643 1460 4698 dicit.
1493 4641 1649 4711 Quod
1678 4642 1722 4697 si

116 4740 487 4799 concedamus
537 4739 687 4793 illum
729 4737 846 4792 haec
871 4752 970 4807 per
997 4737 1454 4806 comparationem
1485 4736 1686 4791 dixisse
1705 4775 1721 4800 ,

117 4846 213 4887 res
265 4832 336 4886 ita
391 4829 457 4886 ad
506 4828 834 4884 audientium
886 4827 1251 4882 inﬁrmitatem
1316 4827 1720 4882 accommodata

119 4921 311 4978 fuerit.
367 4920 423 4975 In
472 4935 663 4991 magna
716 4920 862 4974 enim
928 4918 1324 4974 existimatione
1387 4918 1722 4985 habebatur,

121 5015 386 5084 illumque
420 5027 607 5068 carcer
636 5011 982 5084 insigniorem
1029 5010 1379 5078 reddiderat,
1419 5027 1628 5068 necnon
1656 5011 1723 5066 lio

119 5108 310 5184 bet-tas
356 5112 406 5161 tn
456 5106 731 5176 arguendo
761 5119 886 5176 rege
911 5145 927 5172 ,
956 5115 1116 5176 atque
1146 5105 1197 5161 id
1225 5105 1456 5161 libenter
1482 5120 1510 5159 a
1542 5105 1726 5159 multis

119 5203 204 5259 sic
254 5201 636 5272 accipiebatur.
686 5200 900 5257 Etenim
955 5200 1120 5255 Vetus
1169 5214 1384 5270 quoque
1447 5198 1725 5269 Scriptura

123 5297 266 5354 solet
307 5295 599 5350 errantium
647 5295 858 5348 animos
905 5292 1201 5347 emendare
1227 5334 1242 5358 ,
1270 5291 1634 5360 comparando
1661 5305 1724 5346 ea

118 5405 246 5461 qua:
278 5385 579 5456 comparari
603 5399 709 5440 non
735 5392 1072 5456 possunt;ut
1097 5383 1310 5454 quando
1337 5383 1534 5438 dicitur
1559 5401 1572 5438 :
1604 5381 1735 5438 Non'

121 5493 202 5540 est
229 5480 410 5535 similis
454 5479 527 5532 tui
566 5478 619 5532 in
660 5477 780 5543 diis,
826 5476 1045 5531 Domine
1072 5476 1241 5548 (Psal.
1272 5477 1362 5533 85.
1393 5477 1483 5545 8),
1516 5485 1572 5532 et
1599 5493 1724 5532 rur-

125 5589 243 5628 sum
265 5613 282 5637 ,
331 5569 456 5627 Non
497 5579 571 5625 est
609 5570 732 5624 deus
756 5571 885 5625 sicut
923 5567 1060 5624 Deus
1085 5579 1252 5624 noster
1280 5567 1454 5639 (Psal.
1485 5570 1574 5624 76.
1607 5569 1720 5640 14).

129 5664 326 5720 Volunt
370 5671 550 5718 autem
591 5661 805 5732 quidam
839 5659 891 5714 id
931 5660 998 5715 de
1039 5659 1297 5729 apostolis
1323 5659 1526 5715 dixisse
1563 5659 1723 5715 Citri-

124 5766 270 5816 stum
335 5750 426 5807 alii
464 5750 531 5806 de
568 5747 811 5826 angelis;
851 5745 947 5800 30d
1016 5750 1176 5806 male.
1224 5748 1357 5806 Nam
1406 5766 1527 5806 cum
1556 5751 1724 5806 semel

125 5848 341 5923 quidam
371 5863 405 5906 ι
426 5848 650 5905 veritate
679 5844 999 5915 aberrarint,
1023 5843 1196 5901 solent
1224 5844 1276 5900 in
1308 5843 1503 5900 ntultos
1526 5844 1717 5901 deduci

1047 387 1111 446 IN
1148 387 1562 448 MATTH/EUM
1603 388 1837 444 llOJllL.
1871 388 2134 448 XXXVII.
2179 396 2247 448 al.
2293 394 2578 452 XXXVIII.

3354 401 3459 457 4‘29

1860 517 2094 562 errores.
2125 508 2241 577 Qua
2271 511 2414 564 enim
2443 514 2826 582 consequentia
2861 513 2910 569 id
2940 514 3018 568 vel
3052 519 3119 572 de
3157 520 3417 587 apostolis
3438 561 3454 585 ,

1853 597 1936 652 vel
1967 598 2035 654 de
2057 601 2264 672 angelis
2292 602 2560 661 dixisset?
2584 606 2836 678 Alioquin
2859 623 3008 675 vero,
3037 609 3083 664 si
3105 609 3173 666 de
3195 613 3457 681 apostolis

1852 687 2107 759 dixisset,
2157 695 2283 764 quid
2329 697 2546 752 vetabat
2593 700 2881 768 quominus
2927 702 3272 759 nominaret?
3323 706 3456 760 (lunt

1851 791 2030 835 autem
2075 781 2144 837 de
2190 787 2369 856 seipso
2400 786 2567 854 dicit,
2594 788 2716 858 jure
2753 804 3038 860 personam
3068 794 3210 849 celat
3239 794 3308 851 ob
3334 811 3454 852 eant

1851 887 1970 940 quae
1995 874 2271 932 obtinebat
2310 880 2618 949 opinionem
2647 898 2661 948 ;
2703 896 2767 938 ac
2802 899 2869 938 ne
2899 884 3176 940 videretur
3203 901 3456 959 magnum

1850 964 2123 1036 quidpiam
2145 967 2215 1024 de
2241 984 2300 1025 se
2328 971 2508 1027 dicere
2542 990 2554 1027 :
2586 973 2638 1028 id
2668 974 2810 1046 quod
2839 991 2987 1047 saepe
3011 976 3285 1033 observat.
3317 979 3454 1047 Quid

1850 1065 2030 1111 autem
2063 1057 2194 1113 illttd
2222 1069 2325 1130 est,
2359 1061 2426 1116 In
2455 1080 2612 1144 regno
2634 1066 2924 1121 caelorum?
2953 1067 3009 1122 ln
3042 1069 3446 1140 Spiritualibus,

1849 1159 1902 1204 et
1943 1151 1995 1205 in
2039 1153 2345 1210 caelestibus
2390 1158 2661 1215 omnibus.
2704 1161 2836 1216 Cum
2885 1170 3065 1218 autem
3114 1164 3281 1230 dicit,
3317 1164 3459 1226 ,Non

1849 1237 2068 1299 surrexit
2100 1242 2250 1309 inter,
2276 1257 2422 1305 natos
2461 1252 2731 1306 mulierum
2770 1255 2936 1325 major
2987 1259 3189 1310 Joanne
3210 1298 3226 1324 ,
3257 1257 3455 1312 distin-

1846 1334 2044 1401 guebat
2069 1349 2130 1391 se
2153 1350 2182 1391 a
2208 1336 2437 1407 Joanne,
2461 1351 2516 1396 et
2541 1357 2600 1398 se
2627 1341 2979 1401 subtrahebat
2997 1350 3385 1416 comparationi
3411 1353 3450 1403 ί.

1917 1425 1970 1480 3.
2011 1425 2144 1483 Nam
2176 1430 2221 1485 si
2249 1431 2366 1502 ipse
2391 1434 2533 1490 inter
2560 1445 2715 1492 natos
2743 1437 3028 1495 mulierum
3059 1449 3208 1510 erat,
3254 1451 3308 1497 at
3348 1459 3454 1499 non

1844 1516 1984 1574 sicut
2011 1520 2248 1580 Joannes
2279 1543 2292 1580 :
2322 1541 2497 1599 neque
2526 1529 2669 1586 enim
2716 1531 2879 1589 homo
2919 1543 3124 1590 tantum
3162 1547 3308 1603 erat,
3353 1554 3454 1593 nec

1845 1610 1984 1665 sicut
2025 1609 2190 1668 homo
2227 1616 2404 1673 editus
2443 1619 2645 1684 fuerat,
2695 1623 2793 1679 sed
2835 1626 3099 1693 stupendo
3136 1628 3368 1698 quodam
3400 1641 3452 1685 et

1846 1703 2076 1760 mirabili
2105 1718 2279 1775 partu.
2315 1709 2402 1765 12.
2445 1711 2490 1765 Α
2529 1711 2704 1768 diebus
2730 1726 2896 1770 autem
2923 1715 3142 1774 Joannis
3170 1718 3448 1792 Baptism.

1845 1793 2044 1865 inquit,
2080 1813 2237 1870 usque
2268 1817 2436 1870 nunc,
2481 1820 2693 1876 regnum
2733 1807 2974 1862 (telorum
3010 1810 3108 1863 vim
3149 1813 3362 1882 patitur,
3404 1823 3452 1868 et

1843 1886 2048 1942 violenti
2073 1891 2281 1961 rapiunt
2301 1892 2452 1952 illud.
2476 1895 2543 1950 Et
2562 1912 2668 1967 quo
2695 1908 2879 1969 pacto,
2911 1900 3118 1972 inquies
3138 1945 3153 1970 ,
3180 1904 3293 1960 hate
3315 1920 3451 1975 pra:-

1842 1975 2157 2036 cedentibus
2180 1982 2491 2040 cohaerent?
2521 1986 2732 2058 Optime
2754 2001 2901 2048 certe
2927 2003 2980 2048 et
3005 1993 3292 2052 admodum
3321 2012 3450 2052 con-

1842 2081 2131 2140 sequenter
2155 2091 2168 2128 :
2191 2077 2389 2133 etenim
2414 2079 2538 2136 hinc
2563 2080 2678 2137 illos
2702 2083 2767 2138 ad
2790 2086 3118 2141 credendum
3139 2090 3188 2142 in
3216 2105 3275 2144 se
3295 2105 3448 2145 com-

1841 2161 1992 2230 pellit
2018 2172 2074 2219 et
2101 2165 2320 2233 incitat,
2354 2170 2621 2242 simulque
2663 2175 2750 2229 illa
2795 2192 2917 2246 quae
2959 2192 3120 2248 supra
3152 2179 3291 2235 dicta
3323 2192 3446 2236 sunt

1839 2265 1869 2304 a
1898 2251 2105 2321 Joanne
2135 2260 2468 2330 comprobat.
2500 2263 2632 2318 Nam
2660 2266 2703 2320 si
2741 2283 2909 2338 usque
2938 2269 3004 2323 ad
3035 2269 3296 2327 Joannem
3325 2288 3439 2328 om-

1840 2343 1927 2398 nia
1956 2350 2224 2418 completa
2252 2362 2397 2419 sunt,
2427 2352 2543 2426 Ego
2568 2371 2685 2412 sunt
2714 2362 2804 2430 qui
2836 2363 3030 2417 venio:
3061 2379 3184 2419 nam
3216 2367 3290 2420 ait
3315 2385 3326 2420 :
3356 2368 3443 2421 l3.

1839 2435 2030 2492 Omnes
2060 2442 2325 2512 prophetia
2351 2455 2400 2498 et
2439 2447 2522 2502 lea:
2551 2464 2707 2519 usque
2734 2453 2803 2506 ad
2829 2451 3083 2508 Joannem
3110 2458 3445 2527 prophetare-

1835 2538 1972 2617 runt.
1993 2528 2109 2585 Non
2128 2534 2270 2589 enim
2289 2549 2592 2595 cessassent
2610 2542 2906 2612 prophetae,
2923 2544 3024 2600 nisi
3037 2560 3141 2617 ego
3156 2549 3444 2605 venissem.

1835 2616 1978 2674 Nihil
2009 2635 2137 2693 ergo
2167 2625 2303 2680 ultra
2333 2631 2679 2701 exspectetis,
2713 2648 2811 2689 nec
2837 2635 2999 2690 alium
3045 2616 3272 2709 spontis
3309 2657 3444 2695 ven-

1836 2716 2033 2766 turutn.
2060 2714 2213 2782 Quod
2235 2730 2334 2788 ego
2363 2720 2463 2774 sim
2493 2722 2664 2790 palam
2696 2734 2775 2779 est
2803 2741 2871 2782 ex
2902 2741 2968 2782 eo
2997 2729 3136 2798 quod
3167 2730 3444 2801 propheta:

1833 2805 2116 2873 eessarint,
2136 2818 2190 2860 et
2211 2809 2352 2878 quod
2377 2813 2531 2867 multi
2552 2815 2790 2883 quotidie
2816 2818 2974 2873 ﬁdem
3001 2821 3052 2874 in
3077 2837 3163 2876 me
3186 2823 3397 2893 rapiant
3424 2844 3438 2880 :

1833 2894 1906 2950 ita
1935 2896 2132 2967 quippe
2159 2901 2304 2957 clara
2334 2913 2417 2959 est
2445 2914 2499 2960 et
2528 2910 2835 2977 manifesta,
2869 2922 2925 2965 ιιι
2965 2929 3085 2968 eam
3117 2916 3268 2970 multi
3296 2918 3437 2972 abri-

1835 2987 2001 3055 piant.
2033 2989 2102 3045 Et
2129 2993 2278 3061 quis,
2307 3011 2512 3064 quaeso,
2551 3000 2761 3068 rapuit?
2791 3002 3064 3074 Quatqnot
3102 3021 3227 3062 cum
3265 3010 3443 3064 studio

1832 3094 2194 3139 accesserunt.
2253 3088 2411 3144 Aliud
2456 3091 2652 3147 deinde
2697 3094 2951 3150 indicium
3005 3098 3153 3167 ponit
3195 3100 3384 3158 dicens
3426 3123 3439 3157 :

1834 3174 1920 3228 Μ.
1954 3175 2016 3230 Si
2044 3179 2195 3233 vultis
2223 3181 2473 3250 recipere,
2504 3184 2613 3252 ipse
2638 3195 2712 3239 est
2735 3187 2950 3252 Helias,
2978 3190 3066 3258 qui
3084 3203 3325 3250 uenturus
3347 3208 3439 3251 est.

1835 3265 2036 3322 Mittunt
2086 3273 2247 3361 enim,
2291 3273 2495 3344 inquit,
2547 3276 2684 3330 vobis
2730 3278 2937 3336 Heliam
2984 3281 3308 3352 Thesbitem,
3354 3291 3442 3361 qui

1830 3368 2088 3412 convertat
2115 3360 2276 3415 corda
2302 3365 2461 3430 patris
2495 3365 2548 3419 in
2588 3367 2724 3435 ﬁlios
2765 3370 2934 3442 (Mal.
2966 3374 3019 3428 4.
3065 3373 3156 3445 5).
3193 3376 3289 3434 llic
3319 3360 3402 3434 est
3423 3421 3441 3446 ,

1830 3448 1937 3512 ait,
1971 3449 2182 3517 llelias,
2215 3453 2259 3506 si
2285 3455 2572 3512 attendatis
2601 3459 2899 3530 diligenter.
2939 3462 3080 3518 Nunt
3108 3467 3325 3534 mittam,
3361 3471 3442 3525 in-

1831 3541 1982 3633 quit,
2015 3543 2254 3613 angelum
2283 3561 2450 3600 meum
2477 3559 2596 3603 ante
2635 3553 2815 3620 faciem
2855 3563 2994 3608 tuam
3028 3555 3208 3627 (Ibid.
3246 3559 3299 3614 3.
3352 3562 3438 3633 1).

1834 3630 1998 3688 Recte
2040 3635 2207 3699 dixit,
2256 3635 2316 3692 Si
2358 3639 2506 3693 t-ultis
2547 3643 2797 3709 recipere,
2840 3645 3131 3703 ostendens
3168 3630 3439 3707 neminem

1834 3725 2100 3782 violenter
2127 3729 2265 3799 cogi.
2298 3728 2415 3784 Non
2456 3746 2619 3803 cogo,
2660 3734 2850 3804 inquit.
2903 3737 3018 3790 lloc
3059 3748 3235 3794 autem
3272 3741 3438 3806 dixit,

1831 3827 2036 3886 gratam
2061 3828 2248 3890 petens
2275 3822 2604 3878 voluntatem
2625 3867 2640 3891 ,
2669 3837 2722 3881 et
2760 3828 3052 3884 ostendens
3087 3830 3227 3886 hunc
3254 3832 3400 3888 illuttt
3423 3877 3438 3900 ,

1830 3919 1886 3963 et
1916 3910 2060 3964 illum
2093 3911 2235 3966 hunc
2264 3927 2403 3968 esse.
2449 3915 2624 3969 Ambo
2651 3919 2792 3971 enim
2823 3934 2986 3974 unum
3015 3936 3304 3991 suscepere
3335 3928 3439 3980 mi.

1832 4002 2109 4056 nisterium
2133 4045 2146 4066 ,
2179 4013 2237 4059 et
2261 4021 2622 4074 praecursores
2649 4009 2809 4064 ambo
2837 4010 3069 4067 fuerunt.
3105 4014 3442 4087 Quapropter

1832 4109 1938 4147 non
1977 4094 2290 4164 simpliciter
2317 4094 2484 4160 dixit,
2518 4097 2619 4152 Hic
2649 4109 2722 4153 est
2762 4098 2976 4168 Helias,
3018 4103 3146 4169 sed,
3193 4105 3257 4160 Si
3293 4108 3440 4161 vultis

1831 4187 2053 4255 recipere
2070 4225 2086 4249 ,
2118 4186 2200 4240 hic
2224 4197 2296 4241 est
2312 4204 2331 4252 ;
2355 4187 2404 4242 id
2430 4197 2544 4255 est,
2578 4190 2633 4244 Si
2666 4191 2834 4261 proba
2862 4204 3042 4248 mente
3070 4197 3236 4265 gestis
3261 4206 3435 4254 atten-

1830 4277 1988 4332 datis.
2035 4276 2218 4348 Neque
2265 4278 2354 4334 ltic
2391 4284 2572 4348 stetit,
2615 4282 2710 4338 sed
2758 4285 3050 4342 ostendens
3088 4286 3440 4361 intelligentia

1831 4383 1952 4425 esse
1980 4385 2151 4440 Opus,
2199 4371 2322 4427 huic
2352 4372 2528 4440 dicto,
2571 4372 2673 4428 Hic
2712 4386 2784 4430 est
2817 4375 3034 4444 Helias,
3072 4381 3162 4451 qui
3205 4393 3442 4440 venturus

1831 4473 1902 4517 est
1919 4505 1932 4528 ,
1963 4463 2193 4533 adjecit,
2225 4464 2312 4518 15.
2345 4464 2446 4532 Qui
2471 4465 2619 4518 liabet
2643 4483 2793 4522 aures
2817 4469 3093 4537 audiendi,
3117 4473 3316 4528 audiat.
3340 4474 3444 4530 Tot

1830 4556 2112 4624 aenigmata
2155 4555 2420 4623 ponebat,
2468 4565 2526 4612 ut
2569 4556 2634 4611 ad
2686 4557 3124 4630 interrogandum
3171 4565 3438 4622 incitaret.

1831 4645 1983 4713 Quod
2027 4645 2071 4700 si
2104 4661 2172 4707 ne
2202 4647 2278 4701 sic
2318 4646 2533 4716 quidem
2565 4649 2922 4719 evigilabant,
2965 4653 3136 4708 multo
3176 4655 3352 4712 minus
3397 4660 3440 4712 si

1832 4739 1977 4794 clara
2007 4748 2062 4792 et
2090 4735 2372 4792 manifesta
2401 4737 2647 4794 fuissent.
2683 4739 2869 4810 Neque
2898 4742 2949 4795 id
2979 4743 3082 4798 diei
3113 4746 3299 4814 possit,
3333 4762 3440 4802 non

1831 4845 1994 4886 ausos
2020 4829 2185 4885 fuisse
2213 4829 2544 4901 interrogare
2565 4871 2582 4897 ,
2613 4831 2697 4886 vel
2729 4831 2874 4886 illum
2909 4833 3070 4890 fuisse
3109 4836 3257 4892 aditu
3295 4836 3442 4893 dil‘ﬁ-

1831 4922 2011 4978 cilem.
2042 4919 2175 4975 Nam
2203 4921 2294 4990 qui
2325 4921 2474 4976 illum
2501 4922 2568 4976 de
2599 4922 2796 4977 nullius
2825 4926 2980 4994 pretii
3014 4926 3174 4983 rebus
3204 4929 3442 4987 interro-

1829 5022 2086 5085 gaverant
2135 5022 2605 5082 tentaverantque,
2657 5015 2761 5069 etsi
2811 5017 3120 5072 sexcenties
3174 5021 3442 5090 repulsam

1835 5110 2114 5174 tulissent,
2161 5122 2336 5178 neque
2365 5117 2676 5174 cessarent,
2719 5108 2991 5177 quomodo
3031 5125 3138 5164 non
3185 5110 3336 5166 illum
3375 5115 3444 5167 do

1833 5201 2154 5259 necessariis
2194 5202 2647 5269 interrogassent,
2683 5199 2726 5252 si
2757 5200 2972 5268 quidem
3014 5201 3257 5259 ediscere
3290 5207 3442 5273 cupi-

1831 5294 2075 5351 vissent?
2112 5293 2168 5350 Si
2203 5292 2271 5348 de
2302 5291 2561 5362 legalibus
2592 5290 3028 5360 interrogabant,
3068 5294 3211 5363 quod
3246 5312 3444 5365 prcece-

1833 5400 1980 5462 ptum
2033 5389 2263 5460 primum
2311 5394 2488 5451 esset,
2535 5394 2589 5439 et
2638 5385 2706 5440 de
2749 5385 3047 5449 similibus,
3092 5401 3214 5441 cum
3266 5398 3443 5444 tamen

1833 5482 1977 5537 nulla
2010 5490 2224 5552 urgeret
2251 5480 2576 5547 necessitas,
2607 5478 2878 5549 quomodo
2908 5495 3029 5532 cunt
3059 5479 3184 5534 talia
3214 5480 3441 5550 diceret,

1833 5574 1901 5629 de
1947 5573 2141 5643 quibus
2190 5571 2524 5641 reSpondere
2574 5569 2794 5625 omnino
2839 5568 3112 5637 debebat,
3171 5586 3276 5626 non
3327 5573 3448 5642 ejus

1833 5681 2067 5728 mentem
2109 5666 2517 5740 explorassent?
2561 5679 2683 5719 cum
2731 5663 2964 5718 maxime
3004 5663 3073 5718 ad
3105 5662 3208 5718 hoc
3238 5662 3444 5720 hortari

1897 5789 1910 5819 ί
1954 5785 2035 5834 alii
2056 5783 2258 5836 habent,
2281 5785 2325 5829 et
2365 5792 2414 5829 se
2438 5773 2744 5827 subtrahebat
2766 5770 3130 5836 comparationi,
3158 5785 3375 5837 quamvis
3396 5783 3447 5829 et

1834 5852 1938 5916 ipse
1959 5861 2022 5900 ex
2042 5841 2246 5896 muliere
2265 5848 2387 5894 esset
2410 5846 2563 5891 natus.
2971 5846 2996 5866 σ
