4104 6308
620 545 671 588 et
704 534 914 586 trahere
943 521 1245 580 videretur?
1272 518 1400 572 Nam
1430 531 1549 571 cum
1580 513 1788 568 diccbat
1807 553 1821 576 ,
1863 507 2075 563 Violenti
2105 523 2190 558 ra-

623 633 767 697 piunt
795 621 922 677 illud
941 662 955 685 ,
991 617 1040 672 id
1070 615 1276 678 illorum
1303 610 1562 666 excitabat
1589 607 1819 659 animum
1843 620 1862 697 ;Δ
1885 610 1937 697 et
1963 614 2080 653 cum
2110 597 2160 697 di

618 690 763 771 reret
784 754 797 776 ,
830 713 928 776 Qui
955 709 1099 762 habet
1139 720 1284 758 aures
1309 699 1578 764 audiendi,
1610 696 1819 759 audiat,
1852 692 2073 760 idipsum
2117 690 2193 739 fa-

621 806 807 861 ciebat.
855 802 940 857 16.
981 799 1076 856 Cui
1112 805 1275 850 autem
1311 791 1594 845 assimilabo
1623 785 1988 858 generationem
2026 778 2196 833 hanc?

622 896 807 965 inquit.
841 891 1036 947 Similis
1065 899 1134 943 est
1163 884 1328 956 pueris
1355 879 1635 936 sedentibus
1675 877 1726 929 in
1767 877 1905 946 foro,
1940 880 1987 924 et
2021 870 2194 921 dicen-

621 961 750 1041 tibus
769 1025 784 1051 ,
816 987 904 1039 l7.
937 981 1076 1036 Tibia
1103 977 1363 1031 cecinimus
1391 971 1526 1024 vobis
1550 1011 1564 1036 ,
1609 976 1655 1021 et
1693 982 1793 1020 non
1823 963 2043 1017 saltastis
2061 977 2078 1024 ,'
2114 961 2192 1013 ια.

620 1079 824 1134 meutati
862 1089 1031 1129 sumus
1059 1069 1226 1135 vobis,
1255 1075 1300 1120 et
1325 1080 1426 1118 non
1451 1059 1735 1133 planxistis.

693 1168 876 1223 Christi
913 1174 958 1218 et
996 1160 1214 1216 Joannis
1253 1157 1387 1213 idem
1415 1169 1594 1224 scapus
1623 1158 1821 1203 erat.—
1841 1144 1966 1200 Hinc
2012 1154 2194 1196 rursus

620 1261 862 1315 videntur
886 1271 913 1310 a
940 1249 1364 1326 praecedentibus
1393 1261 1495 1300 non
1527 1240 1775 1312 pendere,
1799 1237 1894 1292 sed
1914 1235 1979 1289 ad
2009 1247 2192 1326 eorum

621 1332 847 1409 omnino
885 1324 1383 1412 seriem'pertinent
1427 1354 1438 1389 :
1481 1333 1676 1390 etenim
1726 1330 1791 1384 ad
1836 1326 2076 1382 eamdem
2120 1324 2194 1379 rei

621 1455 878 1498 summam
910 1443 1186 1506 spectant,
1213 1438 1272 1486 ut
1297 1426 1607 1484 ostendatur
1630 1423 1890 1477 Joannem
1919 1419 2017 1488 ipsi
2060 1429 2192 1471 con-

619 1548 747 1588 sona
770 1530 971 1591 iecisse,
997 1522 1200 1580 etiamsi
1221 1535 1339 1590 quae
1363 1517 1559 1572 ﬁebant
1578 1511 1841 1569 contraria
1859 1509 2193 1576 viderentur:

619 1620 758 1690 quod
785 1621 940 1674 etiam
967 1615 1033 1671 de
1058 1611 1466 1680 interrogatione
1491 1606 1684 1660 dictum
1707 1611 1787 1656 est
1816 1618 1830 1654 :
1859 1596 2196 1665 ostenditque

621 1689 751 1767 nihil
775 1706 1186 1779 praetermissum
1209 1703 1366 1755 fuisse
1388 1711 1569 1752 eorum
1587 1709 1701 1765 quae
1722 1691 1787 1746 ad
1809 1691 2033 1746 salutem
2057 1689 2201 1757 ipso-

620 1821 734 1859 rum
756 1799 997 1856 conferre
1015 1802 1248 1867 possent;
1269 1789 1406 1862 quod
1423 1788 1490 1844 de
1506 1788 1655 1842 vinea
1672 1784 1879 1848 dicebat
1899 1781 2157 1852 pr0phcta
2179 1797 2192 1832 :

623 1894 759 1960 Quid
787 1892 950 1945 adhuc
970 1888 1153 1960 faciam
1172 1885 1327 1938 uinea:
1354 1881 1491 1947 huic,
1521 1878 1655 1950 quod
1683 1893 1782 1931 non
1813 1875 2013 1943 fecerim
2043 1870 2193 1944 (Isai.

618 1982 733 2053 ὄλ)
748 1983 769 2034 7
787 1982 875 2035 Cui
892 1980 1044 2041 enim,
1062 1976 1153 2039 ait,
1169 1972 1456 2029 assimifabo
1471 1970 1833 2041 generationem
1856 1967 1984 2018 hanc
2002 1965 2026 2018 ?
2042 1964 2198 2019 Simi-

619 2075 682 2130 lis
699 2083 768 2126 est
791 2072 955 2142 pueris
968 2067 1247 2123 sedentibus
1265 2065 1316 2119 in
1332 2065 1466 2133 foro,
1481 2072 1525 2116 et
1542 2059 1836 2123 dicentibus,
1857 2055 2003 2111 Tibia
2023 2055 2198 2109 cecini-

620 2181 728 2216 mus
746 2163 896 2226 vobis,
907 2170 950 2213 et
965 2176 1060 2212 non
1075 2156 1292 2213 sattastis
1306 2171 1323 2209 :
1339 2152 1592 2207 lamentati
1607 2166 1798 2214 sumus,
1818 2157 1863 2201 et
1882 2163 1982 2200 non
1994 2146 2196 2216 planxi-

618 2255 725 2307 stis.
764 2252 846 2306 l8.
893 2248 1038 2303 Venit
1080 2247 1209 2301 enim
1253 2243 1477 2299 Joannes
1506 2258 1662 2311 neque
1689 2240 2020 2301 mmzducans,
2047 2253 2200 2307 neque

619 2344 806 2409 bibens,
832 2351 875 2396 et
897 2328 1428 2395 dicunt:Dtemonium
1452 2335 1615 2387 habet.
1647 2333 1730 2388 l9.
1758 2331 1901 2384 Venit
1922 2329 2088 2383 Filius
2108 2331 2198 2381 lio-

618 2436 767 2487 minis
814 2432 1124 2486 manducans
1163 2439 1207 2482 et
1248 2429 1453 2490 bibens,
1499 2436 1545 2478 et
1584 2424 1757 2477 dicunt
1805 2438 1822 2474 :
1874 2419 2002 2474 Ecce
2051 2420 2199 2473 homo

619 2541 775 2578 corax
800 2534 844 2577 et
869 2522 970 2576 uini
1002 2530 1220 2590 potator,
1253 2517 1629 2588 publicanorum
1657 2524 1701 2568 et
1733 2521 2047 2582 peccatorum
2072 2511 2196 2563 ami-

619 2634 726 2671 cus.
759 2616 868 2670 lloc
896 2624 998 2679 est,
1022 2611 1298 2667 Contraria
1325 2624 1425 2679 ego
1443 2618 1496 2663 et
1523 2607 1753 2662 Joannes
1776 2605 1857 2659 via
1881 2602 2197 2663 incedimus,

620 2716 676 2761 et
705 2705 931 2776 idipsum
959 2703 1209 2768 iacimus,
1236 2715 1299 2754 ac
1324 2699 1369 2754 si
1400 2707 1698 2760 venatores,
1726 2695 1888 2749 feram
1915 2703 2072 2762 captu
2098 2691 2199 2745 dif-

623 2798 814 2851 flcilem
838 2795 1076 2850 videntes
1096 2835 1110 2860 ,
1138 2806 1256 2861 quae
1281 2805 1376 2860 per
1398 2788 1507 2842 vias
1526 2787 1658 2842 duas
1679 2787 1742 2839 ad
1773 2800 1953 2840 casses
1983 2783 2200 2838 tendere

618 2886 815 2956 possit,
847 2893 1122 2952 utramque
1157 2882 1295 2936 viam
1324 2879 1512 2948 singuli
1541 2883 1834 2945 occupent,
1865 2883 1919 2929 et
1945 2874 2078 2928 alter
2108 2888 2202 2942 per

619 2975 938 3030 Contrariam
982 2972 1136 3027 alteri
1179 2971 1317 3024 viam
1365 2967 1633 3037 impellat,
1684 2975 1742 3019 ut
1785 2965 1836 3018 in
1887 2965 2204 3020 alterutrum

621 3067 838 3121 omnino
862 3062 1090 3118 decidat.
1124 3060 1348 3129 Respice
1385 3058 1526 3113 enim
1566 3057 1866 3111 universum
1905 3070 2071 3125 genus
2103 3053 2202 3106 lm-

620 3173 868 3219 manum,
899 3153 1168 3226 quomodo
1192 3151 1448 3221 jejunium
1480 3150 1647 3204 soleat
1677 3147 1958 3212 admirari,
1995 3161 2202 3200 necnon

622 3251 782 3304 vitam
825 3261 1068 3318 asperam
1099 3252 1151 3300 et
1180 3240 1622 3314 phil050pbicam.
1659 3237 1783 3294 Ideo
1812 3238 1890 3292 sic
1917 3237 2202 3292 constituta

621 3356 710 3396 res
755 3340 878 3404 fuit,
922 3346 981 3391 ut
1014 3337 1246 3393 Joannes
1285 3349 1313 3387 a
1357 3333 1526 3404 prima
1555 3341 1711 3386 aetate
1741 3331 1842 3385 hoc
1879 3331 2001 3384 vita:
2036 3344 2205 3400 genus

621 3434 876 3496 duceret,
921 3439 980 3484 ut
1022 3445 1140 3499 quae
1167 3427 1399 3491 diceret,
1432 3425 1555 3480 hinc
1593 3423 1694 3479 ﬁde
1719 3423 1874 3493 digna
1910 3431 2111 3477 essent.
2141 3423 2207 3477 Et

620 3539 720 3592 qua
760 3523 826 3578 de
856 3536 1012 3577 causa
1034 3563 1050 3587 ,
1079 3519 1287 3590 inquies
1305 3559 1319 3584 ,
1347 3515 1589 3572 Christus
1611 3528 1714 3569 non
1739 3513 1979 3569 eamdem
2010 3513 2204 3584 ingres«

619 3636 710 3674 sus
755 3618 890 3672 viam
935 3616 1056 3670 est?
1098 3613 1208 3668 lmo
1232 3625 1360 3667 vero
1398 3613 1667 3680 ingressus
1696 3617 1812 3672 est,
1853 3607 2065 3678 quando
2109 3622 2205 3676 per

622 3707 962 3779 quadraginta
991 3706 1105 3761 dies
1130 3703 1384 3774 jejunavit
1409 3742 1423 3766 ,
1465 3709 1520 3755 et
1544 3701 1741 3754 docens
1767 3699 2056 3762 circuibat,
2097 3713 2203 3752 nou

627 3802 830 3856 habens
860 3799 948 3854 ubi
980 3807 1133 3866 caput
1168 3795 1448 3851 reclinaret
1478 3812 1489 3847 :
1521 3801 1770 3846 caatcrum
1804 3790 1892 3845 ille
1918 3790 2024 3844 alio
2051 3789 2210 3845 modo

631 3893 732 3946 hoc
763 3890 916 3955 fecit,
946 3897 1004 3943 ut
1034 3887 1155 3942 inde
1199 3887 1400 3941 lucrum
1442 3881 1554 3937 ﬁeri
1589 3879 1907 3950 provideret.
1950 3879 2079 3933 Nam
2125 3879 2207 3933 id-

627 3984 796 4049 lpsum
824 3988 970 4043 erat,
1013 3975 1152 4046 quod
1182 3974 1422 4029 eamdem
1461 3978 1663 4029 teneret
1702 3970 1875 4035 viam;
1909 3970 2014 4024 imo
2055 3970 2210 4039 longe

630 4070 799 4138 majus
824 4076 968 4133 erat,
997 4065 1136 4136 quod
1163 4066 1239 4130 is,
1269 4064 1358 4134 qui
1400 4062 1486 4117 ilia
1519 4060 1597 4114 via
1631 4060 1935 4124 incederet,
1966 4062 2208 4115 testimo-

627 4166 717 4224 nio
741 4179 837 4219 suo
863 4165 1034 4233 ipsum
1061 4161 1372 4218 celebraret.
1397 4157 1640 4229 Alioquin
1668 4173 1794 4212 vero
1822 4158 2055 4213 Joannes
2079 4157 2208 4212 nihil

625 4256 766 4312 aliud
795 4270 950 4326 quam
981 4255 1099 4308 vitae
1123 4253 1460 4321 asperitatem
1488 4248 1791 4304 exhibebat.
1823 4249 2034 4304 Nullum
2064 4249 2208 4305 enim

626 4348 833 4415 signum
864 4345 989 4399 fecit
1030 4362 1043 4398 :
1086 4343 1330 4397 Christus
1357 4354 1484 4394 vero
1510 4349 1564 4394 et
1600 4339 1869 4407 signorum
1900 4347 1953 4393 et
1979 4340 2208 4393 miracu-

627 4437 799 4491 lorum
834 4432 1195 4489 testimonium
1222 4430 1404 4484 habuit
1431 4427 1622 4499 (loan.
1657 4428 1742 4482 l0.
1776 4429 1836 4482 41
1866 4426 1904 4498 ).
1951 4427 2209 4482 Joannem

625 4542 753 4596 ergo
783 4527 1090 4593 relinquens
1117 4537 1144 4575 a
1182 4520 1383 4590 jejunio
1421 4518 1714 4582 celebrari,
1763 4518 1849 4571 ille
1890 4519 2209 4571 contrariam

626 4618 764 4670 viam
810 4615 1012 4679 tenuit,
1062 4613 1127 4666 ad
1175 4625 1385 4666 mensas
1421 4609 1720 4680 ingrediens
1764 4609 2206 4679 publicanorum,

629 4706 955 4762 niauducans
985 4713 1040 4759 et
1064 4703 1268 4758 bibens.

698 4797 751 4850 4.
790 4794 1186 4864 lnterrogemus
1214 4793 1392 4861 itaque
1420 4789 1633 4846 Judteos
1680 4807 1693 4842 :
1733 4787 1947 4844 Bonane
1992 4805 2079 4846 res
2126 4799 2210 4845 est

623 4887 882 4956 jejunium
906 4925 921 4949 ,
961 4893 1017 4938 et
1057 4881 1402 4938 admiranda?
1431 4880 1572 4951 Ergo
1609 4879 1841 4950 oportuit
1868 4878 2058 4951 Joanni
2089 4895 2208 4935 cre-

628 4983 790 5044 dere,
818 4989 872 5036 et
897 4980 1044 5034 illum
1073 4978 1350 5033 admittere
1374 5020 1390 5043 ,
1423 4976 1642 5047 ejusque
1671 4975 1826 5030 dictis
1868 4989 2074 5045 parere.
2120 4975 2209 5031 Sic

627 5075 769 5129 enim
800 5073 885 5126 illa
924 5071 1083 5126 verba
1124 5084 1221 5123 vos
1257 5069 1322 5123 ad
1363 5067 1542 5124 Jesum
1583 5067 1873 5122 adductura
1913 5077 2081 5121 erant.
2124 5067 2205 5120 An

625 5178 852 5219 onerosa
881 5173 928 5217 et
961 5162 1093 5216 dura
1122 5175 1208 5216 res
1235 5169 1318 5216 est
1355 5159 1653 5230 jejunium?
1685 5159 1823 5229 Ergo
1846 5158 1969 5214 Jesu
1994 5159 2207 5215 Christo

624 5254 1103 5325 obtemperandum
1132 5263 1246 5308 erat
1265 5294 1278 5317 ,
1308 5253 1513 5322 ipsique
1534 5251 1784 5316 credere,
1827 5252 1917 5322 qui
1943 5261 2204 5307 contraria

629 5344 906 5400 incedebat
935 5344 1036 5398 via.
1066 5343 1169 5398 Per
1196 5351 1472 5410 utramque
1500 5343 1515 5373 ⁸
1542 5341 1679 5396 viam
1709 5342 1759 5395 in
1792 5357 2011 5411 regnum
2040 5343 2204 5396 intra-

627 5434 730 5490 turi
756 5433 939 5488 eratis.
968 5434 1040 5487 At
1067 5432 1141 5486 illi
1171 5433 1318 5502 quasi
1351 5431 1458 5486 fera
1486 5430 1737 5486 immanis
1762 5441 2045 5502 utrumque
2069 5433 2206 5488 male

623 5523 972 5592 accipiebant.
1016 5520 1166 5577 Nulla
1202 5536 1328 5592 ergo
1353 5521 1506 5591 culpa
1533 5530 1615 5576 est
1641 5535 1825 5576 eorum
1868 5522 2062 5593 quibus
2101 5539 2202 5578 non

624 5613 887 5670 creditum
911 5620 1023 5679 est,
1047 5610 1141 5668 sed
1164 5625 1349 5668 eorum
1373 5619 1574 5666 tantum
1595 5611 1682 5681 qui
1709 5627 1816 5667 non
1842 5610 2199 5667 crediderunt.

624 5703 791 5762 Nemo
811 5705 951 5758 enim
970 5703 1233 5760 contraria
1253 5703 1406 5758 simul
1429 5703 1709 5773 vituperet,
1728 5710 1785 5758 ut
1807 5717 1980 5774 neque
2002 5698 2200 5758 laudet:

684 5812 702 5851 ‘
736 5816 947 5876 Quidam,
973 5829 1058 5879 per
1083 5813 1377 5865 aiterutt‘atl.

1342 405 1396 460 8.
1435 400 1707 461 JOANNlS
1741 392 2208 454 CHRYSOSTOMI
2251 391 2566 447 AllClllEP.
2608 384 3139 446 CONSTANTlNOP.

3791 383 3896 439 42.5

2311 505 2462 558 \‘crbi
2488 506 2652 573 gratia
2674 547 2686 568 ,
2717 503 2804 573 qui
2835 504 3006 555 virum
3038 500 3261 553 hilarem
3291 513 3354 552 ac
3383 498 3670 552 remissum
3700 511 3893 564 appro-

2302 595 2388 648 bat
2410 635 2422 657 ,
2454 608 2696 648 severum
2726 593 2808 647 vel
2835 592 3119 646 barbarum
3159 605 3265 644 non
3294 587 3610 658 approbauit
3640 605 3650 639 :
3682 588 3768 656 qui
3808 601 3896 641 sc-

2304 700 2480 738 verum
2510 683 2720 748 laudat,
2758 683 2935 736 lzetum
2970 696 3073 734 non
3105 679 3359 734 laudabit.
3392 678 3512 733 Non
3543 688 3720 747 potest
3753 679 3897 731 enim

2303 783 2355 826 et
2381 774 2493 827 lucc
2522 783 2576 828 et
2608 774 2695 827 illa
2739 772 2893 828 simul
2925 771 3205 841 approbari
3239 770 3524 824 sententia.
3559 768 3788 837 Ideoque
3827 768 3901 820 ait

2304 868 2389 921 ille
2409 908 2422 932 ,
2472 865 2613 919 Tibia
2651 867 2920 919 cecinimus
2948 865 3104 930 vobis,
3143 872 3188 916 et
3228 878 3330 916 non
3359 863 3615 924 saltastis;
3648 863 3749 914 hoc
3777 869 3861 912 est
3885 899 3899 919 ,

2303 960 2599 1014 Remissam
2626 958 2840 1014 exhibui
2879 959 3075 1024 vitam,
3107 965 3162 1012 et
3205 969 3312 1009 non
3350 954 3792 1022 obtemperastis;
3824 963 3901 1015 et,

2301 1047 2587 1102 Lamentati
2628 1065 2834 1113 sumus,
2875 1059 2920 1102 et
2959 1063 3059 1101 non
3092 1047 3402 1116 planxistis;
3441 1044 3492 1098 id
3520 1056 3634 1111 est,
3665 1043 3907 1098 Joannes

2301 1155 2540 1194 severam
2569 1149 2621 1194 et
2640 1155 2857 1210 gravem
2887 1140 3044 1193 vitam
3074 1138 3352 1208 amplexus
3374 1146 3479 1202 est,
3511 1147 3563 1191 et
3590 1150 3695 1189 non
3727 1143 3906 1189 atten-

2301 1233 2474 1287 distis.
2507 1233 2620 1287 Non
2652 1232 2815 1297 dixit,
2843 1233 2956 1302 Ego
2987 1232 3130 1285 illam
3157 1271 3171 1296 ,
3204 1230 3294 1284 ille
3335 1229 3473 1283 hanc
3501 1229 3662 1282 vitam
3695 1227 3850 1281 duxit
3890 1245 3904 1280 :

2302 1327 2396 1382 sed
2422 1327 2543 1396 quia
2571 1327 2845 1395 utriusque
2868 1341 2969 1379 una
2996 1335 3107 1381 erat
3139 1325 3423 1389 sententia,
3447 1323 3546 1377 etsi
3571 1322 3747 1376 studia
3769 1336 3905 1375 coa—

2305 1418 2496 1482 traria,
2527 1418 2647 1471 ideo
2701 1416 2999 1472 cmumunia
3051 1427 3197 1487 gesta
3248 1415 3374 1471 dicit
3417 1429 3557 1472 esse.
3587 1412 3720 1470 Nam
3762 1413 3907 1484 quod

2301 1507 2624 1562 contrariam
2654 1509 2809 1562 iniret
2835 1509 2973 1560 viam
2996 1546 3011 1574 ,
3053 1521 3116 1561 ex
3160 1507 3364 1575 majore
3389 1507 3672 1562 concordia
3707 1505 3908 1560 factum

2302 1607 2417 1663 est,
2447 1613 2564 1668 qua:
2591 1598 2836 1654 eumdem
2868 1598 3142 1666 spectabat
3171 1596 3351 1651 linem.
3395 1596 3562 1663 Quam
3596 1611 3726 1666 ergo
3751 1596 3908 1649 dein-

2303 1687 2429 1762 ceps
2459 1691 2826 1746 defensionem
2858 1689 3131 1744 habeatis?
3162 1688 3286 1744 [deo
3313 1688 3587 1759 subjunxit
3621 1707 3632 1740 :
3666 1687 3732 1740 Et
3748 1688 3911 1757 justi-

2303 1785 2455 1852 ﬁcata
2482 1792 2552 1836 est
2582 1782 2830 1851 sapientia
2857 1797 2888 1832 a
2917 1780 3038 1848 ﬁliis
3076 1780 3217 1843 suis;
3264 1779 3364 1833 hoc
3393 1788 3476 1832 est
3499 1819 3513 1843 ,
3542 1777 3764 1831 Etiamsi
3812 1792 3910 1830 vos

2303 1891 2408 1931 non
2437 1873 2950 1943 obtemperaveritis,
2972 1881 3025 1925 at
3046 1887 3131 1926 me
3153 1872 3289 1926 ultra
3317 1871 3591 1927 criminari
3621 1886 3728 1925 non
3752 1881 3908 1941 pote-

2303 1969 2437 2022 ritis.
2468 1968 2619 2033 Quod
2651 1965 2719 2020 de
2749 1965 2906 2019 Patre
2931 1964 3059 2018 dicit
3086 1963 3345 2033 propheta
3379 1981 3393 2017 :
3431 1963 3499 2017 Ut
3528 1965 3827 2034 iustiﬁceris
3857 1965 3908 2017 in

2301 2060 2611 2116 sermonibus
2638 2056 2922 2130 tuis(Psat.
2953 2057 3040 2112 50.
3077 2057 3152 2124 6).
3183 2056 3322 2111 Deus
3343 2056 3484 2111 enim
3513 2056 3746 2124 etiamsi,
3776 2056 3910 2110 dum

2305 2152 2472 2207 nostri
2499 2166 2678 2206 curam
2709 2151 2879 2220 gerit,
2923 2149 3053 2204 nihil
3081 2147 3363 2219 perficiat,
3395 2163 3488 2202 sua
3523 2158 3702 2203 tamen
3729 2150 3912 2204 omnia

2306 2243 2520 2312 implet,
2552 2245 2624 2296 ita
2651 2251 2707 2296 ut
2731 2256 2799 2296 ne
2829 2241 3043 2310 quidem
3073 2240 3315 2294 umbram
3345 2239 3698 2294 dubitationis
3728 2241 3909 2310 impu-

2304 2334 2551 2389 dentibus
2583 2333 2944 2402 improbisque
2973 2331 3257 2402 relinquat.
3287 2331 3345 2386 Si
3373 2346 3500 2386 vero
3541 2331 3789 2400 exempla
3820 2333 3909 2386 illa

2303 2425 2495 2497 quibus
2511 2425 2680 2480 utitur
2700 2425 2820 2478 vilia
2839 2426 2945 2478 sint
2961 2432 3014 2478 et
3032 2424 3406 2494 incomposita,
3431 2438 3498 2477 ne
3514 2423 3723 2478 mireris
3743 2438 3757 2487 ;
3780 2439 3906 2477 nam

2305 2519 2369 2574 ad
2401 2519 2706 2574 auditorum
2736 2516 3100 2572 infirmitatem
3132 2531 3253 2571 sese
3278 2516 3511 2584 aptabat.
3546 2514 3828 2586 Siquidem
3861 2527 3914 2570 et

2309 2608 2558 2666 Ezechiel
2591 2609 2756 2663 multa
2788 2609 2942 2662 all'ert
2970 2609 3215 2678 exempla
3246 2608 3350 2662 illis
3379 2618 3699 2678 Opportuna,
3727 2617 3779 2660 et
3819 2606 3912 2661 Dei

2309 2700 2589 2768 majestate
2618 2698 2830 2768 indigna
2863 2697 3088 2768 (Bacch.
3131 2697 3165 2751 4
3204 2707 3250 2751 et
3291 2697 3420 2767 16).
3470 2698 3662 2752 Verum
3710 2707 3764 2751 et
3812 2697 3918 2751 hoc

2306 2795 2465 2846 etiam
2493 2793 2707 2863 dignum
2737 2799 2821 2846 est
2848 2791 3013 2861 ipsius
3040 2791 3393 2860 providentia.
3425 2790 3716 2846 Considera
3750 2805 3920 2860 porro

2308 2884 2426 2938 illos
2451 2884 2610 2936 etiam
2649 2881 2864 2936 aliunde
2907 2881 2960 2936 in
2999 2882 3296 2936 contrarias
3320 2881 3648 2936 circumferri
3683 2891 3918 2936 senten-

2309 2976 2431 3028 tias.
2460 2973 2592 3028 Nam
2613 2989 2732 3028 cum
2753 2973 3012 3028 Joannem
3041 2972 3300 3028 dixissent
3319 2973 3645 3028 demonium
3685 2973 3911 3038 habere,

2311 3082 2417 3120 non
2449 3065 2535 3120 hic
2562 3074 2827 3121 steterant
2847 3107 2862 3131 ,
2894 3065 2992 3120 sed
3019 3065 3121 3120 hoc
3149 3065 3320 3135 ipsum
3350 3065 3417 3119 de
3442 3065 3657 3120 Christo
3699 3075 3921 3121 contra.

2310 3158 2395 3212 rio
2422 3157 2582 3212 modo
2606 3157 2818 3213 vivente
2846 3156 3097 3212 dixerunt
3137 3175 3150 3210 :
3192 3159 3269 3213 sic
3293 3173 3508 3227 semper
3535 3160 3585 3211 in
3614 3158 3920 3212 sententias

2308 3261 2492 3302 secum
2520 3257 2815 3316 pugnantes
2857 3246 3256 3302 deferebantur.
3304 3247 3475 3302 Lucas
3514 3263 3642 3302 vero
3677 3262 3800 3300 cum
3835 3247 3919 3302 his

2308 3339 2471 3393 aliam
2499 3354 2713 3408 quoque
2754 3340 3012 3408 majorem
3053 3337 3208 3394 aﬂ'ert
3245 3354 3430 3395 eorum
3480 3341 3920 3404 accusationem,

2310 3429 2539 3485 dicens:
2584 3429 2857 3486 Publicani
2899 3431 3032 3484 enim
3069 3432 3477 3501 justiﬁcauerunt
3523 3431 3922 3497 Deum,'susci-

2315 3522 2507 3590 pientes
2534 3521 2788 3590 baptisma
2829 3520 3048 3575 Joannis
3078 3520 3243 3592 (Luc.
3265 3521 3325 3576 7.
3357 3521 3427 3576 29
3447 3523 3487 3594 ).
3517 3521 3669 3578 Tunc
3694 3523 3924 3578 demum

2313 3611 2615 3666 civitatibus
2648 3611 2972 3680 exprobrat,
3018 3625 3137 3664 cum
3165 3611 3449 3680 iustificata
3481 3612 3578 3666 fuit
3606 3615 3870 3683 sapientia
3901 3658 3920 3678 ,

2313 3701 2527 3770 quando
2547 3700 2723 3756 ornnia
2746 3700 2966 3770 impleta
2993 3700 3157 3755 fuisse
3175 3701 3580 3756 demonstravit.
3610 3703 3742 3772 Quia
3770 3705 3929 3759 enim

2317 3792 2366 3846 id
2398 3807 2502 3846 non
2545 3778 2808 3861 persuasit
2848 3792 2983 3856 illis,
3029 3793 3256 3847 miseros
3289 3795 3406 3848 illos
3448 3795 3732 3863 prazdicat;
3775 3797 3926 3866 quod

2316 3884 2466 3954 pejus
2487 3891 2569 3939 est
2589 3899 2748 3954 quam
2763 3884 2810 3938 si
2830 3886 3292 3954 perterre'aceret.
3317 3885 3526 3941 Etenim
3545 3898 3599 3942 et
3618 3887 3924 3944 doctrinam

2313 3975 2556 4030 adhibuit
2594 3985 2650 4031 et
2691 3975 2968 4030 miracula.
3000 3976 3134 4044 Quia
3164 3992 3296 4033 vero
3325 3977 3374 4032 in
3403 3977 3590 4033 eadem
3622 3980 3922 4036 increduli-

2316 4075 2422 4121 tate
2447 4075 2792 4133 manserunt,
2822 4066 3038 4145 demum
3061 4069 3372 4138 exprobrat.
3419 4069 3509 4124 20.
3554 4069 3701 4124 Time
3743 4074 3879 4127 enim
3903 4116 3920 4135 ,

2314 4156 2422 4223 ait,
2448 4155 2601 4210 Jesus
2631 4159 2778 4227 capit
2806 4159 3113 4228 exprobrare
3142 4159 3448 4226 civitatibus,
3477 4161 3529 4213 in
3559 4162 3738 4230 quibus
3765 4163 3926 4232 [acte

2317 4254 2516 4321 fuerant
2560 4249 2794 4321 plurimae
2821 4250 3037 4303 virtutes
3068 4251 3212 4322 ejus,
3257 4252 3377 4309 auia
3426 4253 3768 4320 penitentiam
3816 4273 3925 4309 non

2314 4351 2518 4409 egerunt
2543 4380 2557 4404 ,
2591 4342 2763 4393 dicens
2795 4355 2812 4393 :
2838 4339 2928 4394 2|.
2974 4340 3057 4394 Vw
3085 4343 3175 4395 tibi
3205 4341 3498 4408 Chorasin;
3529 4326 3711 4400 ec'tibi
3754 4345 3918 4402 Beth-

2316 4430 2482 4484 ssidu.
2530 4430 2728 4485 Deinde
2776 4438 2834 4484 ut
2877 4430 3051 4488 discas
3094 4447 3188 4487 eos
3219 4448 3323 4487 non
3368 4443 3556 4490 natura
3589 4436 3722 4492 tales
3749 4452 3920 4504 esse,

2317 4537 2510 4577 nomen
2541 4523 2690 4576 urbis
2735 4523 2872 4577 illius
2909 4525 3097 4594 ponit,
3143 4526 3287 4582 unde
3324 4529 3560 4599 quinque
3603 4530 3921 4600 prodierant

2314 4613 2560 4682 apostoli.
2585 4612 2713 4667 Nam
2742 4613 3095 4684 Philippuset
3123 4616 3236 4672 duo
3259 4618 3342 4671 illa
3371 4621 3788 4690 coryplueorum
3822 4639 3918 4695 pa-

2317 4705 2393 4758 ria
2426 4704 2498 4774 (a)
2533 4704 2652 4770 inde
2676 4715 2848 4760 erant.
2882 4707 3014 4770 Quia
3055 4709 3100 4761 si
3138 4709 3190 4762 in
3238 4706 3371 4779 Tyro
3413 4719 3459 4764 et
3507 4711 3703 4767 Sidone
3730 4757 3743 4779 ,
3799 4718 3876 4771 ait
3899 4760 3918 4781 ,

2315 4797 2465 4865 factm
2495 4798 2701 4866 fuissem
2729 4798 2956 4859 uirtutes,
2989 4815 3100 4864 mea
3120 4800 3173 4852 in
3197 4799 3332 4853 vobis
3358 4799 3510 4870 facta
3536 4815 3674 4871 sunt,
3705 4806 3830 4860 olim
3862 4809 3915 4862 in

2314 4903 2460 4940 sacco
2495 4897 2541 4939 et
2572 4889 2734 4941 cinere
2764 4890 3106 4956 paenitentiam
3134 4891 3370 4960 egissent.
3418 4892 3510 4950 22.
3551 4893 3918 4954 Verumtamen

2313 4977 2426 5028 dico
2454 4977 2609 5043 vobis,
2639 4975 2774 5048 Tyro
2801 4989 2849 5033 et
2880 4978 3066 5034 Sidoni
3091 4981 3350 5037 remissius
3379 4985 3473 5052 erit
3499 4984 3551 5039 in
3571 4987 3665 5049 die
3698 4989 3916 5058 jadia‘i.

2312 5083 2462 5137 quam
2487 5067 2642 5121 vobis.
2670 5069 2758 5124 25.
2784 5067 2854 5123 Et
2881 5079 2934 5124 tu
2953 5071 3273 5142 Capernasuu
3288 5115 3303 5140 ,
3333 5090 3446 5144 qua:
3465 5089 3623 5148 usque
3646 5082 3715 5134 ad
3733 5084 3921 5137 celans

2311 5159 2534 5212 exattuta
2564 5175 2648 5224 es,
2690 5177 2847 5231 usque
2881 5161 2952 5216 ad
2987 5162 3245 5232 infernum
3273 5165 3544 5224 ducendos
3576 5187 3597 5225 :
3637 5172 3756 5241 quiia
3789 5174 3835 5227 si
3861 5176 3918 5228 in

2313 5248 2553 5304 Sodomis
2580 5253 2727 5320 facta:
2756 5252 2966 5322 fuissent
2992 5254 3221 5321 virtutes,
3251 5271 3364 5325 qua
3389 5247 3539 5326 facta
3563 5271 3682 5314 sunt
3726 5262 3778 5315 in
3826 5273 3876 5318 te
3895 5304 3916 5332 ,

2311 5342 2611 5418 mansissent
2640 5342 2812 5412 utique
2839 5343 2905 5396 ad
2933 5343 3065 5398 hanc
3095 5345 3249 5400 diem.
3277 5342 3370 5402 25.
3410 5345 3765 5406 Verumtamen
3797 5355 3915 5410 dies

2311 5432 2446 5485 vobis
2472 5473 2485 5495 ,
2528 5433 2647 5502 quia
2687 5432 3204 5518 terra-Sodomorum
3238 5438 3496 5496 remissius
3518 5441 3612 5497 erit
3636 5443 3690 5497 in
3718 5444 3804 5498 die
3820 5448 3914 5518 ju-

2311 5521 2432 5574 dicii
2454 5562 2468 5586 ,
2498 5538 2650 5590 quam
2682 5522 2787 5576 tibi.
2816 5516 2931 5593 an
2960 5526 3076 5579 sine
3097 5541 3257 5582 causa
3287 5527 3517 5586 Sodoma
3543 5533 3786 5602 apponit,
3816 5516 3915 5593 sed

2311 5620 2368 5667 ut
2392 5623 2581 5685 augeat
2600 5615 3014 5673 accusationem.
3044 5615 3294 5690 Magnum
3320 5621 3516 5693 quippe
3543 5624 3794 5696 nequitia:
3819 5641 3911 5683 ar-

2375 5755 2457 5832 Saj
2483 5754 2597 5832 Quo
2613 5755 2975 5832 corvjibzeorum
2997 5762 3283 5823 pariasuut,
3303 5767 3480 5813 Petrus
3497 5771 3547 5815 et
3571 5766 3810 5832 λυέτω,
3833 5777 3915 5822 ὶδ-

2312 5817 2462 5866 cobus
2484 5825 2533 5866 ct
2553 5817 2777 5868 Joannes.
