4104 6308
292 371 395 428 833

287 491 604 556 gementum
637 487 741 544 est,
763 488 882 531 cum
905 486 1013 527 non
1036 468 1198 526 modo
1220 464 1594 540 przcsentibus,
1617 459 1712 516 sed
1733 459 1897 514 etiam

289 552 353 633 iis
375 575 468 648 qui
489 574 618 630 olim
641 570 856 627 fuerunt
874 563 1151 622 sceleratis
1171 559 1469 616 deteriores
1486 569 1608 612 esse
1627 552 1894 608 videntur.

287 645 462 725 Sic—et
487 666 612 721 alibi
644 665 788 733 ipsos
822 657 1145 715 condemnat
1183 649 1587 722 comparatione
1612 645 1749 702 facta
1776 658 1899 700 cum

289 758 548 815 Ninivitis
571 764 624 812 et
657 767 780 810 cum
819 751 1004 821 regina
1034 745 1215 803 Austri
1251 742 1462 817 (Matth.
1500 741 1592 797 12.
1625 739 1716 795 li.
1747 734 1848 808 42)
1880 753 1896 791 :

289 865 480 908 verum
511 848 617 921 illic
657 845 722 902 iis
759 844 848 914 qui
891 851 1039 898 recte
1081 837 1358 901 fecerunt,
1407 835 1498 891 hic
1539 845 1672 889 vero
1704 829 1770 885 iis
1810 828 1900 900 qui

289 941 438 996 male
457 945 681 1009 egerunt
708 935 854 1007 ipsos
876 938 1177 1002 comparat,
1203 925 1346 998 quod
1374 927 1532 996 longe
1557 923 1772 995 gravius
1795 928 1898 976 est.

292 1032 452 1087 llunc
470 1042 685 1100 quoque
711 1022 996 1082 damnandi
1025 1019 1241 1076 modum
1262 1017 1409 1074 novit
1431 1013 1709 1079 Ezechiel;
1737 1024 1902 1080 quare

290 1121 433 1176 dixit
454 1119 804 1190 Jerosolymze
835 1133 848 1168 z
889 1111 1200 1174 Justiﬁcastt'
1227 1123 1424 1164 sorores
1447 1116 1560 1162 tuas
1587 1105 1642 1159 in
1669 1101 1903 1158 cornibus

292 1214 513 1282 peccatis
536 1213 636 1266 tuis
665 1207 890 1280 (Each.
940 1204 1022 1260 i6.
1070 1204 1130 1259 5i
1164 1203 1202 1272 ).
1236 1201 1337 1258 .Sic
1380 1199 1580 1270 ubique
1623 1197 1678 1252 in
1721 1191 1902 1251 Veteri

291 1306 644 1362 Testamento
674 1302 728 1356 in
757 1299 840 1354 his
867 1296 1072 1353 versari
1099 1297 1253 1349 solet.
1286 1291 1470 1363 Neque
1500 1291 1588 1346 hic
1623 1287 1784 1345 tinem
1823 1287 1903 1342 di-

294 1396 453 1454 cendi
483 1395 628 1461 facit,
661 1390 755 1448 sed
791 1391 1040 1446 timorem
1065 1393 1224 1455 auget
1246 1383 1433 1438 dicens
1455 1420 1472 1447 ,
1499 1380 1744 1452 graviora
1774 1391 1903 1448 pas-

293 1502 455 1544 suros
483 1486 605 1541 ilius
627 1497 747 1540 esse
765 1523 781 1550 ,
809 1496 970 1552 quam
994 1476 1302 1536 Sodomitas
1325 1483 1381 1531 et
1406 1471 1622 1544 Tyrios.
1649 1470 1728 1526 ita
1755 1469 1906 1540 ipsos

294 1580 536 1650 undique
563 1576 832 1642 concitat,
866 1583 918 1628 et
944 1586 1067 1627 cum
1109 1569 1342 1627 miseros
1365 1565 1658 1640 prtedicat,
1688 1573 1744 1621 et
1779 1578 1903 1618 cum

300 1667 696 1742 pel-lcrrrfacil.

376 1761 431 1816 5.
460 1757 804 1826 Hospitalitas
827 1752 1229 1809 commendatur.
1261 1748 1450 1806 Contra
1474 1747 1760 1804 nteretrict'a
1784 1761 1908 1801 can-

299 1853 423 1906 tica.
465 1880 538 1890 —
578 1847 707 1904 llmc
733 1860 950 1917 quoque
981 1858 1078 1899 nos
1107 1842 1408 1898 audiamus.
1441 1840 1627 1911 Neque
1653 1839 1795 1895 enim
1822 1837 1907 1891 in-

296 1940 540 1998 credulis
584 1947 788 1992 tantum
815 1978 830 2004 ,
868 1935 962 1990 sed
1003 1935 1164 1989 etiam
1197 1933 1352 1986 nobis
1381 1931 1594 2001 gravius
1632 1929 1910 1985 constituit

297 2031 621 2101 supplicium
643 2069 657 2093 ,
690 2042 851 2099 quam
882 2024 1174 2080 Sodomitis
1198 2063 1213 2088 ,
1245 2021 1346 2076 nisi
1380 2021 1690 2091 peregrinos
1715 2018 1782 2073 ad
1810 2032 1909 2075 nos

298 2125 580 2178 venientes
614 2119 942 2190 excipiamus
965 2161 982 2183 ,
1008 2131 1128 2171 cum
1158 2114 1317 2170 etiam
1345 2113 1622 2184 pulverem
1649 2119 1910 2167 excutere

297 2216 556 2288 jusserit;
605 2229 669 2270 ac
705 2213 828 2284 jure
854 2210 1066 2265 merito.
1112 2208 1190 2263 Illi
1231 2221 1500 2275 namque,
1532 2205 1634 2260 etsi
1675 2203 1912 2275 graviter

304 2314 598 2378 peccarunt
621 2348 636 2371 ,
668 2313 723 2359 at
749 2311 876 2358 ante
904 2303 1077 2373 legem
1103 2312 1159 2355 et
1185 2299 1412 2370 gratiam
1439 2296 1572 2367 lapsi
1602 2305 1765 2361 sunt;
1811 2310 1911 2350 nos

303 2413 436 2453 vero
462 2397 549 2467 qui
591 2405 711 2466 post
747 2403 946 2448 tantam
994 2393 1148 2446 nobis
1178 2389 1468 2446 exbibitam
1499 2403 1685 2441 curam
1726 2401 1912 2455 pecea-

303 2505 427 2543 mus
448 2528 463 2552 ,
493 2502 594 2558 qua
624 2486 827 2542 erimus
869 2483 1025 2538 venia
1056 2481 1202 2548 digni
1229 2522 1244 2547 ,
1273 2480 1363 2551 qui
1403 2487 1608 2533 tantum
1638 2476 1910 2546 hospitum

303 2580 487 2635 odium
521 2577 837 2632 exhibemus
863 2615 880 2641 ,
922 2572 1215 2645 egenisquc
1250 2580 1468 2640 portas,
1496 2577 1547 2624 et
1573 2577 1699 2623 ante
1731 2578 1914 2636 portas

303 2686 466 2727 aures
508 2667 849 2725 claudimus?
895 2680 996 2721 nec
1034 2663 1197 2721 modo
1235 2661 1558 2735 pauperibus
1583 2703 1596 2727 ,
1629 2658 1725 2715 sed
1751 2658 1913 2715 etiam

305 2764 438 2833 ipsis
465 2761 759 2833 apostolis?
788 2757 913 2814 Ideo
938 2757 1080 2814 enim
1108 2755 1458 2827 pauperibus,
1484 2754 1609 2823 quia
1635 2751 1911 2821 apostolis.

303 2859 442 2912 Cum
465 2856 609 2912 enim
639 2855 836 2925 legitur
862 2844 1095 2915 Paulus;
1122 2863 1222 2904 nec
1254 2857 1308 2902 tu
1336 2845 1600 2911 attendis;
1630 2859 1750 2900 cum
1780 2858 1918 2914 prae-

305 2949 451 3004 dicat
476 2946 748 3012 Joannes,
781 2952 835 3000 et
879 2952 934 2998 tu
978 2956 1085 2997 non
1121 2939 1274 2994 audis
1305 2957 1316 2991 :
1344 2936 1684 3007 quandonam
1717 2949 1918 3005 paupe-

307 3056 422 3096 rem
450 3040 702 3108 recipies,
729 3037 819 3107 qui
847 3034 1154 3105 apostolum
1183 3046 1289 3085 uon
1317 3028 1546 3099 recipis?
1571 3026 1641 3084 Ut
1665 3027 1843 3097 itaque
1863 3033 1919 3080 et

309 3134 394 3188 his
421 3131 588 3196 mdes,
619 3140 675 3186 et
702 3129 807 3184 illis
835 3141 994 3183 aures
1021 3132 1282 3196 perpetuo
1310 3130 1509 3192 aperta:
1537 3121 1665 3186 sint,
1699 3119 1916 3174 sordem

308 3237 525 3280 omnem
569 3220 638 3276 al)
677 3220 899 3276 auribus
939 3219 1134 3273 anitum
1174 3227 1552 3285 expurgenius.
1594 3210 1744 3267 Sicut
1772 3197 1917 3264 enim

308 3315 498 3372 sordes
523 3323 577 3369 et
602 3313 764 3367 limus
783 3325 940 3366 aures
965 3307 1231 3378 corporis,
1256 3307 1334 3360 sic
1358 3302 1662 3364 meretricia
1688 3302 1917 3366 cantica,

310 3410 600 3466 smculares
638 3404 974 3461 narrationes
993 3441 1006 3464 .
1035 3400 1238 3466 debita,
1270 3411 1550 3452 sermones
1579 3394 1649 3450 de
1677 3408 1836 3448 usura
1867 3399 1922 3447 et

310 3510 497 3556 mutuo
521 3542 536 3566 ,
578 3496 747 3569 magis
773 3509 933 3565 quam
966 3491 1167 3560 qntevis
1194 3489 1382 3545 sordes
1412 3501 1572 3542 aures
1599 3485 1793 3540 animae
1820 3484 1918 3537 ob-

314 3599 530 3654 turant;
565 3590 672 3643 imo
703 3602 808 3642 non
833 3585 1096 3640 obturant
1125 3580 1306 3647 modo,
1338 3579 1433 3634 sed
1465 3576 1770 3632 immnudas
1801 3575 1923 3629 red-

313 3683 465 3736 dunt.
499 3680 630 3735 Nam
662 3678 750 3750 qui
803 3677 903 3732 ista
942 3681 1158 3728 narrant
1181 3713 1196 3738 ,
1230 3670 1414 3724 fimum
1447 3670 1499 3723 in
1530 3682 1687 3740 aures
1718 3673 1923 3720 vestras

314 3773 582 3842 injiciunt.
625 3772 701 3825 Ac
724 3767 864 3838 quod
883 3765 1141 3820 barbarus
1162 3757 1923 3818 illecomminabaturdiccns:

315 3865 600 3920 Comedett’s
625 3871 814 3916 stercus
854 3867 1089 3921 vestrum,
1121 3865 1226 3909 etc.
1260 3855 1278 3923 (
1311 3851 1437 3906 Iani.
1468 3851 1556 3906 56.
1586 3848 1691 3916 i2)
1724 3867 1736 3903 :
1764 3848 1840 3902 sic
1871 3856 1926 3901 et

317 3958 406 4012 isti
435 3971 541 4010 non
569 3953 754 4016 verbo,
787 3949 883 4006 sed
906 3948 1160 4020 operibus
1189 3961 1253 4000 eo
1280 3959 1374 3999 vos
1398 3943 1687 4004 deducunt,
1719 3949 1776 3994 ut
1808 3937 1925 3992 hrec

317 4045 664 4110 sustineatis;
696 4044 804 4097 imo
829 4049 883 4095 et
915 4040 1071 4109 longe
1096 4037 1328 4108 gravius.
1360 4033 1569 4089 Etenim
1601 4031 1689 4085 illa
1717 4030 1924 4084 cantica

321 4141 404 4194 his
448 4138 604 4206 longe
649 4132 874 4191 fmdiora
905 4138 1031 4184 sunt
1072 4146 1086 4182 :
1133 4126 1380 4197 quodque.
1408 4125 1643 4178 deterius
1669 4127 1782 4185 εει,
1819 4134 1924 4174 non

321 4227 485 4283 modo
507 4225 624 4280 haec
651 4223 878 4278 moleste
909 4235 1016 4274 non
1050 4218 1228 4284 fertis,
1259 4218 1354 4270 sed
1383 4216 1541 4267 etiam
1571 4211 1774 4276 ridetis,
1805 4225 1926 4264 cum

322 4326 597 4389 oporteret
625 4314 894 4371 exsecrari
926 4327 988 4366 ae
1022 4311 1224 4380 fugere.
1256 4307 1407 4376 Quod
1441 4308 1484 4360 si
1511 4305 1624 4359 hanc
1653 4302 1931 4357 abomina-

253 4456 256 4458 η
325 4411 451 4465 bilia
479 4423 586 4464 non
613 4413 758 4471 sunt,
786 4401 1053 4459 descende
1086 4403 1134 4455 in
1163 4399 1512 4461 orchestram,
1548 4396 1758 4448 imitare
1787 4391 1930 4460 quod

326 4501 544 4565 laudas;
591 4499 701 4554 imo
726 4497 811 4551 adi
841 4510 961 4549 eum
985 4495 1075 4564 qui
1104 4493 1243 4546 hunc
1273 4491 1436 4545 risum
1464 4488 1680 4543 excitat.
1731 4486 1929 4540 Verum

328 4593 381 4648 id
409 4603 698 4661 numquam
727 4587 902 4642 facere
928 4586 1091 4640 ausis.
1124 4585 1229 4638 Cur
1254 4599 1381 4653 ergo
1409 4583 1483 4635 illi
1514 4590 1716 4635 tantum
1746 4578 1932 4632 tribuis

331 4689 590 4737 honorem
613 4681 638 4731 ?
665 4678 824 4746 Atqui
852 4676 1162 4732 Graecorum
1198 4674 1341 4743 leges
1368 4671 1668 4738 descriptzr,
1705 4669 1821 4723 illos
1847 4669 1930 4722 in-

329 4775 499 4827 fames
530 4771 713 4825 haberi
747 4769 932 4822 volunt
964 4786 976 4817 :
1008 4775 1062 4819 tu
1102 4781 1230 4818 vero
1275 4765 1393 4818 illos
1425 4779 1544 4816 cum
1580 4769 1688 4815 tota
1719 4761 1934 4814 civitate

329 4864 528 4932 recipis
549 4902 563 4926 ,
610 4861 761 4931 quasi
790 4860 992 4929 legatos
1017 4859 1034 4889 ¹
1065 4867 1118 4911 et
1145 4856 1310 4923 duces
1330 4897 1344 4918 ,
1377 4867 1671 4922 omnesque
1700 4864 1893 4905 evoc:is
1916 4892 1931 4916 ,

334 4967 392 5010 ιιι
420 4937 620 5008 limum
667 4954 718 5004 in
759 4950 977 5003 auribus
1019 4947 1300 5016 accipiant.
1366 4946 1443 4997 Ac
1489 4957 1674 4997 servus
1719 4941 1936 5010 quidem

336 5063 478 5110 tuus,
508 5048 551 5102 si
586 5045 708 5114 quid
739 5052 925 5112 turpe,
958 5050 1008 5095 te
1038 5039 1318 5101 audiente,
1350 5037 1615 5104 lotiuatnr,
1649 5035 1793 5088 mille
1821 5034 1936 5100 pla-

335 5154 432 5209 gas
457 5139 685 5206 accipit;
715 5143 768 5188 ct
794 5135 837 5187 si
873 5133 1042 5196 filius,
1073 5131 1115 5185 si
1147 5144 1300 5194 uxor,
1327 5127 1373 5181 si
1404 5127 1644 5196 quisquis
1669 5125 1807 5179 alius
1837 5125 1939 5178 hoc

338 5231 532 5294 faciat,
565 5244 676 5281 rem
719 5226 860 5278 illam
892 5237 1051 5277 vocas
1080 5220 1456 5276 contumeliam
1491 5235 1502 5269 :
1533 5218 1574 5271 si
1609 5231 1735 5270 vero
1767 5215 1940 5268 homi-

342 5337 437 5378 nes
468 5320 790 5373 verberoncs
823 5324 874 5368 el
913 5313 1103 5383 abjecti
1147 5321 1195 5365 te
1222 5318 1452 5373 vocent,
1488 5319 1542 5361 ut
1577 5317 1744 5374 turpia
1781 5305 1938 5358 verba

339 5413 547 5478 audias,
584 5425 687 5463 neu
721 5406 880 5460 modo
909 5422 1014 5459 non
1043 5403 1356 5473 indignaris,
1389 5401 1483 5454 sed
1519 5401 1668 5454 etiam
1699 5398 1896 5467 gaudes
1922 5440 1936 5461 ,

344 5503 545 5557 laudas.
579 5499 780 5566 Ecquid
808 5497 934 5551 huic
959 5495 1242 5549 dementire
1267 5510 1360 5561 par
1385 5491 1612 5544 fuerit“?
1637 5489 1741 5542 Sed
1769 5489 1940 5556 turpia

346 5591 713 5664 hujuscemodi
759 5605 864 5644 non
909 5587 1180 5656 loqueris?
1227 5582 1429 5651 Requid
1473 5582 1593 5634 hinc
1625 5580 1757 5633 lucri
1779 5580 1800 5630 ’ἒ
1833 5579 1942 5632 ιιιιο

411 5729 426 5757 ί
463 5726 675 5784 Quidam.
699 5722 836 5782 (mosi
861 5719 1178 5784 consilt'm'ios,

410 5786 433 5814 ⁸
464 5773 678 5837 Seiundli
703 5773 885 5835 habent
913 5799 923 5832 :
953 5781 1134 5842 Ecquid
1158 5780 1246 5829 huc
1271 5775 1663 5836 tlcmt‘tttt'ttmjtts
1685 5773 1830 5834 fuerit
1855 5775 1879 5821 2’

1119 351 1186 410 ΙΝ
1223 309 1634 410 ΜΑΤἸῚΙιΕυΜ
1674 342 1907 403 ιιοιιιι.
1933 338 2219 397 «XXXVII.
2259 340 2332 396 al.
2374 337 2668 396 XXXVIII:

3510 336 3618 393 ωδ

2007 468 2137 509 vero
2158 451 2299 508 unde
2321 452 2522 523 liqueat
2542 460 2594 507 te
2615 463 2723 506 non
2744 438 2928 519 inqui?
2948 447 3006 505 Si
3029 447 3172 506 enim
3195 446 3310 505 bare
3329 463 3620 520 numquam

2007 539 2317 614 proferres,
2353 556 2458 597 non
2501 540 2710 597 rideres
2751 539 2980 596 audiens
3002 579 3019 606 ,
3051 553 3227 610 neque
3269 549 3420 596 tanto
3443 539 3624 596 studio

2005 646 2257 689 curreres
2282 631 2350 686 ad
2380 646 2568 688 vocem
2597 647 2718 702 qnte
2747 639 2800 687 te
2823 630 3094 687 dedecore
3116 629 3303 687 afficit.
3354 631 3446 688 Dic
3475 632 3621 689 enim

2009 723 2139 780 mihi
2167 764 2182 790 ,
2209 722 2485 794 gaudesne
2513 722 2738 778 audiens
2779 720 3185 792 blasphemias?
3213 736 3392 778 annon
3418 721 3620 778 exhor-

2008 815 2196 882 reseis,
2219 823 2277 871 et
2299 828 2459 870 aures
2481 813 2765 870 obstruis?
2794 813 2910 883 Ego
2933 821 3082 869 certe
3103 812 3154 867 id
3179 821 3328 883 puto.
3350 810 3462 868 Cur
3485 811 3624 869 hoc?

2006 905 2139 975 Quia
2179 913 2234 962 tu
2277 919 2566 976 numquam
2606 902 2970 975 blasphemas.
3017 903 3250 973 ldipsum
3283 903 3444 959 facito
3477 903 3623 960 circa

2009 997 2180 1070 turpia
2211 997 2305 1054 illa
2338 997 2524 1054 verba.
2573 998 2641 1052 Et
2669 996 2716 1052 si
2739 996 2818 1052 vis
2849 995 3006 1052 nobis
3033 995 3180 1051 clare
3207 995 3582 1052 demonstran
3603 1037 3618 1062 ,

2009 1101 2061 1147 te
2084 1106 2189 1147 non
2211 1092 2452 1164 gaudere
2473 1089 2600 1146 dum
2624 1089 2798 1162 turpia
2817 1089 3089 1152 dicuntur,
3114 1103 3182 1144 ne
3200 1088 3385 1144 auditu
3405 1087 3623 1160 quidem

2009 1183 2098 1238 illa
2125 1185 2286 1239 feras.
2318 1181 2672 1249 Quandonam
2701 1181 2901 1253 probus
2927 1181 3010 1236 vir
3033 1195 3156 1238 esse
3182 1180 3406 1252 poteris,
3439 1181 3494 1258 in
3522 1181 3626 1237 hu-

2005 1275 2242 1345 jnsmodi
2269 1276 2515 1348 turpibus
2541 1274 2824 1331 audiendis
2844 1273 3147 1330 enutritus?
3170 1275 3512 1346 quandonam
3535 1290 3628 1332 ca-

2010 1363 2468 1426 stitatis'sudt’eres
2508 1367 2650 1423 ferre
2691 1367 2894 1437 poteris
2918 1407 2933 1430 ,
2963 1365 3043 1420 sic
3082 1366 3334 1436 paulatim
3371 1365 3626 1423 difﬂuens

2009 1476 2084 1534 ex‘
2121 1461 2230 1516 risu
2255 1503 2271 1530 ,
2302 1460 2550 1516 cantibus
2572 1501 2588 1527 ,
2620 1469 2676 1514 ct
2725 1459 2904 1514 verbis
2931 1457 3244 1514 obscoenis?
3284 1458 3418 1514 Nam
3461 1461 3508 1515 si
3536 1459 3624 1516 vix

2009 1553 2189 1607 anima
2214 1593 2228 1617 ,
2261 1567 2381 1622 quae
2405 1550 2475 1606 ab
2505 1550 2590 1605 his
2615 1549 2868 1606 onmihus
2891 1563 2953 1606 se
2985 1563 3171 1619 puram
3198 1560 3377 1605 servat
3401 1589 3416 1615 ,
3448 1557 3628 1620 potest

2011 1658 2135 1699 esse
2160 1643 2385 1700 honesta
2415 1652 2468 1698 et
2498 1650 2666 1708 casta,
2693 1649 2896 1712 quanto
2919 1639 3096 1696 minus
3123 1640 3322 1710 poterit
3347 1655 3469 1710 qua:
3511 1640 3629 1696 lucc

2012 1735 2200 1791 audire
2223 1735 2399 1791 solet?
2428 1736 2512 1789 An
2539 1733 2777 1799 nescitis,
2809 1747 2908 1788 nos
2926 1730 2995 1786 ad
3029 1729 3321 1802 nequitiam
3345 1731 3628 1801 proniores

2011 1829 2172 1886 esse?
2195 1827 2333 1889 Cum
2359 1836 2538 1883 autem
2568 1826 2684 1882 haec
2712 1825 2768 1880 in
2793 1833 2967 1880 artem
2989 1831 3043 1879 et
3067 1837 3203 1894 opus
3222 1832 3626 1889 convertemus,

2013 1919 2285 1991 quomodo
2328 1920 2602 1976 fornacem
2653 1916 2799 1971 illam
2843 1914 3081 1984 eii’ugere
3127 1913 3465 1984 poterimus?
3511 1913 3628 1969 Non

2014 2012 2207 2067 audisti
2229 2010 2357 2082 quid
2381 2009 2511 2066 dicit
2532 2008 2751 2076 Paulus,
2784 2004 3018 2062 Gaudete
3038 2006 3092 2060 in
3115 2003 3337 2060 Domino
3365 2003 3626 2076 (Philipp.

2014 2104 2069 2159 4.
2097 2103 2210 2175 4)?
2234 2102 2351 2158 Non
2379 2101 2536 2171 dixit,
2571 2100 2627 2156 In
2657 2099 2891 2157 diabolo.

2089 2195 2139 2251 6.
2181 2193 2520 2251 Tlteatrorum
2547 2192 2842 2265 spectacula
2875 2207 3031 2264 quam
3057 2190 3306 2246 damnosa
3344 2200 3395 2247 et
3436 2191 3626 2262 turpia.

2016 2285 2335 2353 —Quando
2361 2286 2524 2356 igitur
2546 2283 2735 2340 audire
2764 2283 2986 2338 Paulum
3026 2281 3266 2354 poteris?
3309 2280 3539 2349 Quando
3579 2282 3633 2337 in

2017 2391 2233 2432 sensum
2277 2377 2463 2430 venire
2516 2382 2860 2445 peccatorum
2887 2413 2904 2439 ,
2945 2372 3035 2443 qui
3084 2386 3152 2427 ex
3194 2372 3501 2442 spectaculo
3542 2372 3635 2428 illo

2017 2467 2202 2522 ebrius
2226 2481 2444 2537 semper
2468 2465 2574 2521 es‘?
2621 2464 2774 2532 Quod
2805 2463 2946 2520 enim
2978 2464 3358 2533 hueveueris,
3399 2479 3507 2519 non
3536 2465 3637 2518 mi-

2018 2575 2140 2614 rum
2182 2573 2284 2616 nec
2327 2572 2580 2629 magnum
2619 2566 2738 2624 est;
2786 2557 2897 2612 imo
2933 2557 3114 2636 potius
3144 2556 3343 2611 mirum
3369 2565 3472 2611 est.
3519 2556 3636 2612 lluc

2019 2652 2162 2706 enim
2197 2659 2254 2706 et
2294 2649 2534 2720 segniter
2573 2657 2627 2704 et
2666 2647 3043 2719 perfunctorie
3069 2648 3255 2713 venis;
3297 2647 3426 2704 illuc
3452 2658 3638 2706 autem

2020 2757 2217 2814 magno
2255 2741 2437 2798 studio
2465 2751 2521 2797 et
2557 2741 2740 2796 animo
2772 2740 3029 2796 accurris.
3063 2740 3226 2810 idque
3255 2741 3428 2812 palam
3458 2750 3542 2796 cst
3569 2758 3637 2798 ex

2021 2833 2087 2888 iis
2114 2848 2235 2905 quae
2253 2831 2484 2888 domum
2507 2831 2682 2888 refers
2702 2873 2717 2898 ,
2745 2845 2868 2888 cum
2899 2830 3024 2888 inde
3049 2831 3281 2888 recedis.
3310 2832 3522 2888 Etenim
3550 2832 3638 2889 lu-

2015 2921 2134 2978 tum
2163 2922 2319 2979 vobis
2357 2923 2468 2979 illic
2509 2920 2746 2978 infusum
2779 2937 2876 2993 per
2907 2921 3073 2978 verba
3098 2963 3114 2990 ,
3142 2921 3352 2987 cantica
3377 2964 3393 2991 ,
3423 2922 3590 2979 risum
3619 2964 3638 2993 ,

2022 3016 2216 3086 singuli
2237 3014 2458 3071 domum
2480 3016 2799 3085 reportatis;
2823 3015 2931 3068 imo
2955 3029 3062 3069 non
3090 3015 3143 3069 in
3163 3014 3383 3070 domum
3408 3023 3639 3084 tantum,

2022 3106 2119 3162 sed
2146 3107 2199 3162 in
2230 3117 2466 3163 mentem
2501 3116 2736 3161 vestram
2763 3105 3017 3161 inducitis
3046 3123 3060 3160 :
3090 3113 3144 3161 et
3169 3106 3240 3161 ab
3265 3106 3331 3162 iis
3359 3121 3481 3177 qua:
3505 3106 3644 3163 abo-

2024 3199 2320 3254 minatione
2365 3197 2526 3269 digna
2571 3211 2677 3253 non
2722 3204 2887 3263 sunt,
2933 3197 3231 3262 averteris;
3279 3196 3647 3254 abominanda

2025 3305 2155 3343 vero
2181 3303 2288 3342 non
2321 3288 2446 3343 odio
2473 3287 2658 3351 habes,
2694 3289 2804 3341 imo
2825 3286 3023 3357 diligis.
3059 3287 3203 3342 Multi
3226 3297 3376 3343 certe
3403 3303 3434 3343 a
3464 3289 3646 3360 sepul-

2025 3381 2130 3433 cris
2170 3377 2456 3432 redeuntes
2495 3373 2618 3432 ses'e
2657 3376 2920 3442 abluunt;
2950 3390 2979 3430 a
3013 3376 3237 3433 theatris
3271 3393 3402 3434 vero
3439 3361 3653 3436 reversi.

2027 3487 2134 3526 non
2158 3477 2399 3541 gemunt,
2421 3484 2528 3526 non
2551 3469 2908 3541 lacrymarum
2934 3467 3109 3525 fontes
3129 3469 3412 3526 effundunt
3429 3489 3444 3538 ;
3463 3488 3647 3544 quam-

2029 3579 2188 3634 quam
2235 3571 2484 3620 mortuus
2531 3577 2638 3616 non
2685 3562 2756 3616 sit
2798 3559 3152 3617 immundus:
3193 3572 3473 3634 peccatum
3515 3580 3647 3621 vero

2033 3668 2232 3718 tantam
2265 3655 2534 3711 maculam
2563 3663 2843 3727 aspergat,
2873 3664 2931 3708 ιιι
2960 3670 3028 3710 ne
3057 3655 3210 3712 mille
3237 3657 3456 3728 quidem
3485 3657 3648 3714 fonti-

2031 3745 2130 3801 bus
2159 3747 2328 3817 possit
2351 3746 2521 3811 ablui,
2549 3746 2644 3800 sed
2673 3745 2803 3800 solis
2833 3745 3088 3815 lacrymis
3110 3753 3166 3802 et
3190 3746 3645 3805 confessionibus.

2030 3838 2135 3895 Sed
2166 3853 2326 3893 nemo
2353 3838 2618 3893 maculam
2647 3835 3019 3906 hujuscemodi
3047 3839 3227 3893 sentit.
3257 3838 3391 3907 Quia
3419 3840 3561 3895 enim
3584 3856 3648 3897 ea

2032 3945 2150 4000 quae
2183 3929 2417 3984 timenda
2448 3936 2630 3984 essent
2656 3944 2763 3981 non
2800 3928 3053 3982 timemus
3078 3969 3093 3993 ,
3122 3943 3184 3984 ea
3211 3971 3227 3998 ,
3260 3946 3379 4000 qua:
3412 3931 3648 3987 timenda

2033 4041 2139 4078 non
2167 4031 2330 4088 sunt,
2362 4022 2672 4076 metuimus.
2707 4019 2839 4088 Quis
2865 4029 3046 4076 autem
3082 4022 3170 4075 ille
3201 4023 3497 4093 strepitus?
3526 4026 3652 4095 quis

2036 4115 2316 4180 tumultus,
2345 4113 2435 4184 qui
2462 4113 2685 4168 satauici
2719 4112 2991 4167 clamores
3037 4120 3094 4168 et
3123 4112 3372 4169 diabolici
3402 4113 3652 4172 habitus?

2035 4208 2185 4263 Alius
2207 4207 2420 4275 juvenis
2440 4220 2566 4260 cum
2595 4204 2700 4271 sit,
2734 4219 2944 4257 comam
2975 4213 3118 4258 retro
3144 4203 3420 4260 reductam
3445 4205 3611 4263 habet
3634 4248 3650 4274 ,

2036 4307 2091 4352 et
2135 4307 2380 4351 naturam
2424 4297 2592 4366 ipsam
2630 4295 2906 4349 effeminat
2944 4305 3162 4364 aspectu
3187 4337 3203 4361 ,
3238 4295 3418 4351 habitu
3444 4336 3459 4360 ,
3493 4299 3657 4352 vesti-

2037 4388 2235 4442 mentis
2254 4431 2268 4453 ,
2301 4388 2517 4442 demum
2546 4387 2796 4440 onmilnts
2817 4428 2830 4450 ,
2863 4385 3202 4455 formamque
3229 4395 3432 4442 tenera:
3462 4388 3656 4457 puella:

2040 4482 2273 4538 affectat.
2323 4482 2473 4535 Alius
2510 4495 2638 4534 vero
2667 4463 2930 4548 quispiam
2970 4494 3133 4534 senex
3161 4521 3175 4544 ,
3203 4495 3236 4534 e
3263 4480 3537 4535 contrario
3568 4496 3658 4536 ca-

2042 4575 2180 4644 pillis
2212 4573 2467 4627 novacula
2498 4571 2726 4636 abrasis,
2759 4569 2978 4625 renibus
3012 4570 3336 4636 succinctus,
3367 4581 3652 4642 postquam
3685 4587 3693 4601 ἐ

2043 4667 2300 4734 pudorem
2345 4677 2469 4720 ante
2513 4664 2737 4734 capillos
2777 4662 3026 4727 succidit,
3061 4673 3167 4717 stat
3196 4663 3260 4718 ad
3305 4663 3486 4732 alapas
3515 4666 3638 4719 acci-

2045 4759 2266 4828 piendas
2307 4767 2361 4814 et
2411 4757 2477 4812 ad
2521 4757 2701 4811 omnia
2739 4755 2964 4811 dicenda
3015 4755 3368 4824 faciendaque
3413 4765 3652 4825 paratus.

2045 4851 2292 4906 Mulieres
2334 4859 2513 4904 autem
2561 4849 2705 4902 nudo
2746 4848 2960 4916 capite,
3003 4847 3149 4901 omni
3201 4847 3369 4901 misso
3411 4846 3654 4912 rubore,

2045 4953 2186 4996 szant
2209 4942 2462 5010 populum
2485 4940 2840 5010 aliuquentcs,
2868 4947 3074 4993 tantum
3097 4937 3345 4992 videlicet
3370 4938 3657 5008 impuden-

2049 5035 2133 5087 tim
2165 5033 2402 5088 studium
2435 5032 2694 5087 habentes
2715 5070 2731 5096 ,
2759 5044 3084 5099 omnemque
3117 5028 3464 5097 petulantiam
3492 5040 3547 5084 et
3576 5031 3656 5085 la-

2045 5124 2271 5179 sciviam
2297 5125 2347 5176 in
2375 5123 2679 5176 auditorum
2707 5121 2916 5174 animos
2941 5119 3300 5174 infundentes.
3334 5119 3466 5174 illud
3491 5137 3655 5176 unum

2048 5216 2282 5270 studium
2313 5215 2533 5277 habent,
2566 5221 2622 5266 ut
2650 5213 2950 5267 castitatem
2981 5227 3196 5266 omnem
3228 5211 3484 5266 radicitus
3514 5212 3661 5268 evel-

2051 5309 2182 5373 lant,
2214 5319 2460 5361 naturam
2489 5306 2798 5374 deturpent,
2832 5304 2956 5357 mali
2983 5303 3244 5358 dzemonis
3274 5305 3664 5373 concupiscen-

2052 5403 2176 5454 tiam
2229 5397 2506 5466 expleant.
2561 5396 2695 5451 Nam
2748 5396 2835 5449 hic
2878 5395 3039 5448 verba
3090 5395 3390 5458 obsccena,
3448 5393 3662 5450 habitus

2051 5492 2256 5546 ridiculi
2286 5533 2299 5556 ,
2343 5500 2560 5543 tonsura
2603 5490 2794 5544 similis
2818 5530 2834 5554 ,
2877 5488 3120 5542 incessus
3144 5529 3158 5551 ,
3203 5497 3429 5543 vestitus
3453 5530 3468 5554 ,
3517 5505 3615 5542 vox
3644 5529 3661 5554 ,

2052 5582 2418 5636 membrorum
2447 5581 2720 5640 mollities,
2753 5579 3029 5634 oculorum
3064 5567 3416 5644 lﬂl’Cl‘Sltlnt‘S,
3447 5579 3660 5644 fistnlm,

2054 5674 2214 5738 tibim,
2243 5673 2485 5727 dramata
2505 5714 2522 5738 ,
2553 5656 2890 5742 argumenta,
2923 5671 3212 5740 omniaque
3241 5671 3455 5726 demum
3485 5680 3664 5728 extre-

2055 5781 2155 5821 ma:
2187 5764 2416 5820 lascivia:
2443 5766 2596 5835 plena
2629 5775 2770 5819 sunt.
2803 5762 3153 5831 Quandouam
3175 5802 3189 5825 ,
3225 5779 3436 5832 itu-.1350,
3475 5765 3664 5830 rosipi.
