4104 6308
571 355 672 409 ιετ

566 486 717 538 sees,
743 485 863 526 cum
893 476 1095 525 tantum
1128 469 1221 525 tibi
1248 468 1607 524 fornicationis
1631 468 1875 539 poculum
1907 463 2149 520 infundat

563 561 805 635 diabolus
822 602 838 627 ,
862 568 1046 630 totque
1070 558 1492 628 intemperantia:
1516 560 1711 615 calices
1736 556 1989 613 misceat?
2015 554 2145 611 Nam

564 653 671 707 illic
713 651 1095 707 fornicationes
1117 693 1133 719 ,
1176 650 1431 704 adulteria
1456 691 1471 716 ,
1506 651 1767 705 mulieres
1809 648 2104 718 prostitutae
2125 688 2142 713 ,

565 744 662 800 viri
694 742 971 798 muliebria
1001 742 1261 814 patientes
1283 782 1299 807 ,
1327 740 1553 811 juvenes
1581 740 1773 795 molles
1796 779 1810 804 ,
1844 739 2018 793 omnia
2047 737 2146 791 ini-

558 826 761 907 quitate
810 836 964 905 plena
989 874 1005 901 ,
1046 832 1368 903 portentosis
1412 832 1571 887 rebus
1608 846 1671 886 ac
1710 829 1981 901 prodigiis.
2027 828 2141 883 Non

559 943 689 997 ergo
712 926 781 983 de
811 923 1113 995 hujusmodi
1150 923 1311 979 rebus
1346 924 1523 979 ridere
1559 924 1806 978 sedentes
1830 929 2138 990 oporteret,

558 1019 652 1075 scd
681 1018 962 1089 lacrymari
985 1026 1041 1073 et
1070 1016 1437 1086 ingemiscere.
1467 1015 1602 1084 Quid
1630 1014 1826 1085 igitur?
1851 1029 1918 1069 an
1945 1012 2139 1089 orche-

556 1121 719 1167 stram
744 1110 1074 1173 claudemus,
1102 1110 1325 1179 inquies,
1351 1114 1404 1161 et
1426 1107 1578 1176 jussu
1600 1114 1694 1161 tuo
1718 1107 1894 1160 omnia
1921 1104 2141 1160 subver—

558 1201 772 1257 tentur?
812 1200 966 1256 Nunc
992 1208 1139 1256 certe
1166 1197 1343 1253 omnia
1373 1196 1628 1253 subversa
1667 1205 1809 1252 sunt.
1857 1194 2135 1252 Uudenam

556 1294 590 1348 ii
631 1294 721 1363 qui
764 1292 961 1363 nuptiis
989 1290 1209 1346 insidias
1250 1290 1476 1360 parant?
1507 1303 1683 1344 nonne
1713 1287 1779 1343 ab
1808 1287 1907 1369 hac
1936 1302 2094 1342 scena
2115 1287 2142 1339 ἲ

555 1384 703 1442 Unde
746 1386 781 1440 ii
810 1384 900 1454 qui
940 1383 1202 1438 thalamos
1240 1380 1536 1436 eﬁ‘odiunt?
1565 1394 1744 1434 nonne
1770 1379 1837 1433 ab
1862 1378 2133 1433 orchestra

552 1479 679 1535 illa?
715 1492 894 1533 nonne
938 1476 1061 1530 hine
1097 1474 1193 1528 viri
1235 1474 1484 1526 uxoribus
1520 1481 1643 1524 sunt
1673 1468 1927 1524 molesti?
1957 1482 2135 1522 nonne

552 1570 675 1623 hinc
700 1583 730 1622 a
758 1567 887 1621 viris
916 1580 1108 1619 uxores
1136 1560 1545 1631 despiciuntur?
1574 1574 1749 1614 nonne
1777 1558 1901 1613 hinc
1938 1556 2132 1612 moechi

551 1659 809 1730 plurimi?
840 1658 1019 1723 Itaque
1059 1655 1149 1725 qui
1192 1652 1369 1706 omnia
1412 1651 1705 1714 subvertit,
1750 1648 1793 1703 is
1837 1656 1919 1703 est
1948 1648 2033 1717 qui
2066 1646 2132 1700 ad

551 1749 813 1805 theatrum
844 1746 1049 1816 pergit,
1079 1746 1273 1815 quique
1298 1756 1512 1811 gravem
1544 1739 1876 1811 tyrannidem
1909 1737 2126 1792 inducit.

548 1841 908 1911 Nequaquam,
940 1836 1165 1906 inquies,
1196 1835 1287 1890 sed
1316 1834 1367 1889 id
1394 1834 1739 1902 bonolcgum
1766 1830 1952 1886 ordine
1979 1830 2127 1884 insti-

548 1942 717 1988 tutum
739 1940 839 1987 est.
868 1927 1000 1985 Nam
1022 1927 1271 1982 mulieres
1290 1925 1556 1996 abripere,
1579 1936 1775 1993 pueros
1792 1918 2129 1977 contumeliis

544 2025 798 2081 adbibere
816 2063 830 2088 ,
864 2021 1052 2085 domos
1080 2027 1321 2075 evertere
1341 2060 1356 2084 ,
1390 2017 1505 2071 haec
1534 2020 1601 2071 ad
1628 2017 1747 2071 illos
1774 2023 2015 2085 spectant
2039 2013 2130 2081 qui

542 2129 695 2169 arces
733 2121 1013 2181 occupant.
1066 2110 1131 2163 Et
1173 2109 1293 2177 quis
1332 2108 1574 2163 moechus
1598 2148 1612 2172 ,
1646 2106 1851 2175 inquies
1875 2147 1890 2171 ,
1929 2120 1993 2158 ex
2046 2104 2129 2158 his

541 2203 857 2276 spectaculis
902 2202 1066 2255 factus
1110 2198 1234 2254 est?
1280 2196 1392 2253 lino
1431 2196 1698 2266 quisnon
1740 2195 2024 2251 mamlius?
2070 2194 2126 2251 Si

542 2298 726 2352 liceret
765 2290 1077 2347 nominatim
1110 2288 1301 2343 efferre
1324 2328 1338 2351 ,
1369 2287 1549 2343 dicere
1597 2286 1793 2357 possim
1826 2296 1956 2355 quot
1983 2285 2126 2339 viros

541 2386 655 2439 hare
686 2384 754 2437 ab
781 2381 1031 2437 uxoribus
1063 2377 1445 2450 sequestrarint
1469 2420 1484 2444 ,
1512 2388 1567 2433 et
1589 2387 1720 2448 quot
1747 2378 1985 2445 captivos
2015 2390 2127 2430 me-

539 2475 761 2530 retrices
790 2473 894 2526 illa:
923 2471 1196 2539 ceperint,
1224 2484 1451 2538 quorum
1480 2468 1610 2524 alios
1638 2484 1667 2522 a
1700 2468 1961 2539 conjugali
1990 2470 2124 2523 lecto

536 2566 890 2629 abduxerunt,
912 2560 1046 2615 alios
1069 2574 1135 2614 ne
1160 2573 1355 2613 uxores
1374 2558 1630 2613 ducerent
1652 2557 1962 2613 eﬁ‘ccerunt.
1988 2558 2120 2625 Quid

538 2658 737 2727 igitur?
779 2671 962 2727 quaeso
990 2672 1002 2708 :
1034 2656 1245 2725 legesne
1272 2668 1458 2708 omnes
1483 2654 1829 2707 evertemus?
1872 2652 2123 2718 Quinimo

538 2748 758 2804 theatris
771 2747 973 2802 eversis
992 2746 1167 2815 legum
1184 2743 1633 2814 transgressiones
1650 2742 1963 2798 evertimus.
1986 2743 2119 2798 Nam

535 2839 622 2908 qui
658 2838 903 2892 civitates
944 2835 1285 2905 pessumdant
1308 2874 1324 2897 ,
1361 2849 1429 2888 ex
1469 2834 1659 2889 horum
1692 2850 1917 2890 numero
1946 2846 2070 2891 sunt
2102 2854 2114 2890 :

535 2931 661 2987 hinc
685 2932 976 2987 seditiones
1002 2937 1055 2984 et
1082 2928 1529 2999 perturbationes.
1570 2928 1703 2983 Nam
1729 2930 1819 2999 qui
1850 2930 1901 2984 in
1929 2930 2015 2985 bis
2040 2932 2117 2985 lu-

532 3021 615 3075 dis
654 3021 898 3086 aluntur,
930 3020 1126 3089 quique
1170 3032 1354 3073 vocem
1400 3019 1599 3074 ventris
1636 3034 1793 3075 causa
1841 3022 2115 3087 vendunt,

530 3094 756 3180 quorum
772 3124 906 3179 opus
922 3108 1260 3178 officiumque
1275 3118 1358 3164 est
1374 3109 1625 3174 clamare,
1644 3120 1696 3164 et
1711 3111 1919 3181 quidvis
1936 3112 2117 3167 absur-

528 3202 655 3256 dum
684 3200 892 3265 facere;
925 3199 977 3254 hi
1009 3200 1237 3254 maxime
1273 3208 1398 3255 sunt
1429 3203 1517 3270 qui
1550 3203 1771 3271 populos
1798 3206 2110 3273 concitant,

528 3293 617 3361 qui
643 3291 895 3345 tumultus
916 3290 968 3344 in
994 3289 1209 3345 urbibus
1234 3288 1451 3345 faciunt.
1473 3291 1735 3347 Iuventus
1756 3295 1895 3347 enim
1918 3295 2107 3362 otiosa,

526 3384 577 3437 in
607 3381 754 3437 hisce
779 3382 935 3435 malis
962 3379 1205 3446 educata,
1236 3380 1345 3433 fera
1370 3384 1556 3449 quavis
1580 3384 1757 3438 acrior
1784 3383 2034 3439 efﬁcitur.

594 3474 647 3527 7.
693 3471 968 3527 Undenam
992 3509 1007 3535 ,
1038 3485 1220 3538 quaeso
1244 3512 1258 3535 ,
1286 3472 1740 3540 praestigiatorcs?
1775 3490 1954 3530 nonne
1985 3476 2110 3531 inde

523 3562 959 3634 proﬁciscuntur,
988 3567 1047 3615 ut
1074 3561 1327 3631 populum
1357 3572 1632 3617 vacantem
1662 3571 1862 3619 temere
1892 3564 2105 3619 inﬁam-

521 3662 690 3717 ment,
723 3651 879 3721 idque
904 3650 1100 3705 faciant
1128 3658 1186 3705 ut
1211 3665 1278 3705 ex
1311 3652 1622 3706 tumultibus
1648 3654 1930 3709 saltatores
1953 3655 2105 3709 bonis

520 3745 778 3809 fruantur,
811 3750 865 3797 et
905 3740 1216 3796 meretrices
1250 3739 1490 3796 honestis
1529 3742 1842 3798 mulieribus
1872 3744 2098 3812 impedi-

517 3843 700 3890 tnento
727 3834 871 3888 sint?
901 3832 956 3887 ln
1002 3840 1207 3887 tantum
1234 3831 1377 3886 enim
1416 3833 1662 3888 maleficii
1699 3850 1870 3903 genus
1913 3851 2100 3905 perve-

514 3928 684 3991 niunt,
706 3935 763 3979 ut
782 3932 1112 3979 mortuorum
1134 3937 1253 3978 ossa
1272 3938 1491 3980 movere
1510 3940 1614 3979 non
1631 3925 1891 3980 dubitent.
1914 3926 2098 3984 Nonne

515 4032 628 4073 nare
655 4017 777 4071 inde
808 4016 926 4070 ideo
947 4016 1211 4081 oriuntur,
1234 4014 1374 4085 quod
1399 4015 1465 4069 ad
1491 4015 1635 4069 illum
1657 4018 1852 4071 diaboli
1874 4020 2093 4075 chorum

512 4116 751 4176 sumptus
768 4108 1075 4161 innumeros
1094 4119 1409 4160 consumere
1428 4108 1725 4175 cogantur?
1741 4110 1978 4164 Lascivis
2000 4127 2092 4166 au-

511 4206 617 4250 tein
649 4195 807 4259 unde,
835 4208 1042 4249 necnon
1075 4194 1211 4247 mala
1237 4195 1554 4248 innumera?
1582 4195 1765 4249 Viden’
1790 4206 1840 4251 te
1863 4215 1982 4254 esse
2002 4202 2089 4268 qui

505 4288 665 4341 vitam
692 4286 975 4340 humanam
1005 4284 1236 4349 evertis,
1264 4284 1390 4339 dum
1415 4285 1480 4338 ad
1509 4284 1622 4341 haec
1650 4288 1951 4355 pertrahis?
1981 4290 2092 4361 Ego

505 4391 633 4430 vero
657 4390 771 4430 rem
800 4373 1178 4429 destruendam
1210 4389 1431 4431 censeo.
1454 4375 1721 4430 Tollamus
1747 4394 1875 4449 ergo
1898 4381 2089 4437 orche-

502 4475 687 4531 stram,
717 4465 939 4534 inquies.
965 4463 1178 4521 Utinam
1200 4465 1313 4519 tolli
1336 4476 1549 4534 posset;
1575 4468 1681 4523 imo
1710 4484 1859 4536 vero,
1894 4471 1938 4526 si
1967 4473 2084 4526 vul-

502 4558 569 4611 tis
593 4599 607 4622 ,
640 4556 779 4625 quod
810 4554 877 4610 ad
907 4564 1140 4610 nostram
1171 4565 1371 4626 partem
1403 4560 1624 4625 attinet,
1661 4561 1768 4629 jam
1796 4565 2001 4619 sublata
2029 4578 2083 4622 et

498 4647 753 4702 subversa
778 4654 879 4700 est.
912 4647 1157 4701 Attamen
1188 4662 1294 4702 non
1323 4647 1422 4703 hoc
1448 4649 1628 4716 jubco.
1663 4650 1899 4708 Stantem
1933 4656 2077 4712 illam

497 4750 601 4790 non
645 4734 1029 4803 frequentatam
1075 4736 1331 4802 reddite,
1362 4753 1480 4807 qua:
1526 4740 1697 4808 major
1735 4742 1849 4799 laus
1892 4756 2071 4814 esset,

494 4840 649 4894 quam
668 4824 899 4879 diruere.
923 4823 977 4880 Si
1000 4840 1105 4880 non
1121 4826 1274 4892 alios,
1296 4827 1550 4883 barbaros
1566 4832 1751 4887 saltem
1770 4836 2070 4906 imitamini,

1346 353 1401 409 S.
1441 351 1717 409 JOANNIS
1752 345 2228 407 CIIRYSOSTOMI
2270 348 2585 407 ABCHIEP.
2629 351 3169 411 CONSTANTINOP.

3743 355 3848 413 ‘28

2255 471 2343 535 qui
2373 464 2676 534 hujusmodi
2702 465 2990 536 spectaculi
3014 461 3339 535 turpitudine
3365 477 3567 521 carent.
3594 465 3724 534 Qua:
3746 484 3846 524 no-

2252 553 2334 609 bis
2363 555 2522 625 igitur
2544 553 2796 624 deinceps
2823 557 3097 611 excusatio
3128 558 3230 612 erit
3251 598 3267 617 .
3294 570 3416 611 ctam
3454 572 3552 613 nos
3591 559 3845 613 casiomm

2251 646 2428 710 cives,
2476 634 2902 701 Cberubinorum
2939 645 3107 699 choro
3148 646 3437 717 adscripti,
3480 650 3792 718 angelorum
3827 656 3849 680 δ

2250 745 2528 793 consortes
2548 778 2562 802 ,
2586 738 2831 794 barbaris
2859 738 2957 795 hac
2988 740 3043 793 in
3070 754 3129 795 re
3155 741 3366 810 pejores
3392 743 3563 797 simus
3580 782 3596 809 ,
3624 757 3743 797 curn
3774 743 3843 798 li-

2246 836 2368 882 ceat
2396 837 2679 883 sescentas
2702 828 2835 883 alias
2865 829 2948 883 his
2974 828 3205 898 majores
3234 830 3530 900 voluptates
3560 831 3845 899 reperire?

2246 917 2302 974 Si
2329 919 2409 974 vis
2433 920 2576 974 enim
2605 920 2840 975 animum
2872 935 3120 977 recreare
3143 962 3159 985 ,
3188 921 3321 977 vade
3356 923 3423 976 ad
3457 925 3697 994 pomaria
3723 966 3739 991 ,
3773 922 3844 977 ad

2244 1010 2487 1077 ﬂuvium,
2512 1012 2578 1068 ad
2606 1022 2825 1083 stagna:
2850 1013 3037 1069 hortos
3061 1014 3449 1083 contemplare,
3480 1015 3694 1071 cicadas
3719 1014 3843 1071 audi

2244 1113 2532 1170 canentes;
2573 1115 2865 1177 martyrum
2895 1107 3140 1177 sepulcra
3168 1106 3446 1176 frequenta
3475 1148 3489 1169 ,
3523 1108 3611 1162 ubi
3642 1123 3843 1178 corpo-

2244 1196 2317 1250 ris
2344 1195 2627 1262 valetudo,
2673 1197 2864 1251 animas
2902 1197 3137 1265 utilitas,
3185 1197 3424 1268 nihilque
3449 1197 3668 1266 damni,
3698 1199 3844 1254 nulla

2244 1296 2363 1357 post
2391 1287 2586 1343 factum
2614 1289 2948 1360 panitentia,
2979 1300 3037 1344 ut
3068 1300 3187 1359 post
3217 1291 3308 1346 illa
3337 1292 3662 1361 spectacula.
3690 1291 3839 1347 Um-

2241 1392 2354 1433 rem
2382 1377 2547 1434 habes
2566 1386 2619 1433 et
2639 1377 2776 1434 ﬁlios
2799 1396 2812 1432 :
2836 1395 2956 1450 quas
2982 1382 3227 1450 voluptas
3251 1380 3372 1435 huic
3404 1396 3499 1451 par
3520 1383 3645 1437 est?
3666 1381 3843 1437 [Iabes

2239 1468 2453 1524 domum
2484 1478 2538 1524 et
2566 1471 2765 1525 amicos
2796 1489 2808 1524 :
2844 1473 2956 1526 haec
2980 1472 3238 1542 jucunda,
3265 1482 3457 1527 etcum
3484 1475 3840 1542 temper-autin

2238 1576 2487 1631 magnum
2527 1562 2733 1615 lucrum
2777 1562 3004 1631 pariunt.
3060 1561 3198 1631 Quid
3236 1563 3413 1627 enim,
3443 1579 3627 1634 qumso
3655 1606 3670 1629 ,
3716 1563 3851 1619 filiis

2232 1651 2558 1721 jucundius?
2583 1652 2708 1722 quid
2746 1668 2911 1707 uxore
2940 1653 3149 1709 dulcius
3184 1654 3249 1708 iis
3269 1695 3283 1718 ,
3313 1655 3403 1722 qui
3433 1656 3714 1711 continere
3741 1672 3840 1710 vo-

2239 1742 2391 1796 lunt?
2412 1741 2607 1797 Fertur
2630 1742 2981 1798 barbarorum
3004 1744 3203 1798 dictum
3232 1744 3563 1816 philosophia
3594 1749 3837 1817 plenum.

2236 1830 2366 1886 Nam
2392 1832 2462 1887 de
2492 1831 2713 1888 theatris
2740 1833 2844 1888 illis
2871 1834 3087 1904 iniquis,
3112 1844 3167 1890 et
3191 1834 3259 1889 de
3290 1836 3590 1906 importuna
3625 1838 3715 1892 illa
3742 1855 3841 1893 vo-

2235 1923 2435 1991 luptate
2472 1923 2752 1979 audientes
2791 1923 3042 1980 dicebant
3077 1944 3091 1979 :
3127 1924 3356 1980 Romani
3398 1941 3461 1982 ac
3504 1928 3549 1982 si
3595 1927 3739 1983 ﬁlios
3778 1939 3837 1985 et

2237 2028 2430 2068 uxores
2458 2029 2564 2069 non
2608 2014 2900 2086 haberent,
2944 2014 3039 2071 has
3079 2018 3452 2086 excogitavere
3482 2018 3785 2089 voluptates
3818 2037 3836 2075 :

2233 2104 2425 2173 quibus
2452 2104 2759 2168 ostendunt,
2789 2106 2919 2160 nihil
2947 2105 3156 2160 dulcius
3181 2121 3304 2161 esse
3336 2106 3457 2163 ﬁliis
3487 2118 3539 2163 et
3564 2124 3753 2175 uxore,
3784 2113 3839 2164 si

2230 2196 2349 2265 quis
2376 2195 2598 2249 honeste
2624 2198 2802 2251 vivere
2826 2197 2972 2250 velit.
3001 2196 3139 2265 Quid
3169 2213 3300 2267 ergo
3324 2198 3369 2252 si
3398 2201 3679 2254 ostendam
3701 2242 3715 2263 ,
3744 2202 3833 2255 in-

2229 2288 2401 2357 quies,
2426 2287 2558 2341 nihil
2579 2287 2756 2343 damni
2779 2303 2849 2343 ex
2880 2287 2981 2342 hac
3008 2287 3304 2359 frequentia
3333 2303 3607 2360 emergere
3623 2293 3647 2345 i
3665 2292 3836 2350 Certe

2230 2378 2315 2433 vel
2344 2377 2443 2431 hoc
2471 2378 2643 2446 ipsum
2670 2377 2926 2435 damnum
2942 2390 3045 2445 est,
3071 2380 3187 2435 sine
3209 2396 3372 2437 causa
3392 2395 3455 2437 ac
3472 2391 3672 2438 temere
3694 2391 3835 2438 tem-

2230 2484 2328 2538 pus
2369 2469 2677 2534 iusumere,
2722 2478 2778 2525 et
2815 2471 2935 2526 aliis
2971 2471 3293 2527 oﬁendiculo
3323 2487 3464 2528 esse.
3508 2472 3640 2527 Nam
3684 2474 3728 2526 si
3770 2482 3834 2528 ιιι

2228 2562 2480 2617 damnum
2511 2578 2617 2618 non
2646 2563 2887 2633 patiaris,
2919 2563 3080 2617 alium
3111 2563 3272 2632 hujus
3299 2565 3591 2634 spectaculi
3617 2565 3832 2621 studio-

2225 2654 2421 2707 siorem
2446 2651 2645 2708 reddis.
2668 2652 2949 2721 Quomodo
2968 2662 3145 2709 autem
3167 2654 3425 2710 damnum
3442 2671 3544 2708 non
3575 2656 3829 2725 patiaris,

2224 2742 2312 2810 qui
2341 2741 2545 2811 praebes
2575 2740 2659 2796 his
2685 2743 3005 2811 spectaculis
3034 2744 3418 2799 occasionem?
3446 2744 3579 2799 Nam
3610 2748 3826 2814 pnesti-

2221 2834 2414 2901 giator,
2448 2842 2731 2901 corruptus
2761 2849 2894 2903 puer
2913 2873 2929 2897 ,
2960 2832 3247 2888 l‘ornicaria
3277 2834 3491 2899 mulier,
3521 2850 3825 2905 omnesque

2224 2921 2301 2976 illi
2327 2921 2573 2978 diabolici
2605 2922 2751 2978 chori
2783 2924 2838 2977 in
2865 2932 3025 2992 caput
3053 2932 3198 2978 tuum
3229 2939 3445 2979 causam
3485 2930 3823 2995 spectaculo-

2223 3027 2341 3068 rum
2364 3023 2630 3084 regerunt.
2650 3014 3112 3083 Quemadmodum
3128 3017 3269 3071 enim
3294 3016 3339 3072 si
3360 3028 3690 3087 spectatores
3708 3036 3822 3076 non

2221 3116 2439 3173 essent,
2472 3121 2569 3162 nec
2597 3117 2780 3162 essent
2819 3108 2910 3176 qui
2942 3108 3097 3163 ludos
3120 3107 3426 3179 hujusmodi
3453 3111 3774 3169 exhiberem
3798 3133 3815 3168 ;

2218 3198 2297 3253 sic
2335 3192 2459 3269 q‘uia
2500 3209 2830 3268 spectatores
2870 3208 3036 3264 sunt,
3080 3210 3135 3255 et
3179 3202 3281 3269 ipsi
3323 3211 3596 3273 gestorum
3637 3205 3819 3276 ignem

2216 3293 2535 3361 partiuntur.
2556 3292 2737 3361 Itaque
2756 3292 2877 3347 licet
2901 3292 3016 3346 sine
3033 3294 3293 3347 castitatis
3315 3295 3597 3364 dispendio
3615 3296 3667 3351 id
3684 3312 3815 3368 age-

2213 3396 2321 3445 res,
2353 3380 2403 3435 id
2429 3379 2570 3450 quod
2596 3388 2741 3435 certe
2772 3380 2887 3436 ﬁeri
2918 3382 3136 3453 nequit,
3169 3384 3395 3438 aliorum
3424 3395 3600 3441 tamen
3630 3387 3817 3455 perni.

2212 3471 2312 3525 eiei
2340 3485 2530 3539 graves
2559 3470 2710 3525 dabis
2740 3485 2924 3539 pinnas
2945 3513 2960 3535 ,
2988 3472 3104 3527 sive
3134 3476 3488 3542 spectantium
3510 3517 3524 3541 ,
3549 3478 3663 3532 sive
3686 3493 3817 3547 spe-

2212 3560 2417 3615 ctacula
2469 3557 2761 3614 edentiutn.
2808 3563 2983 3631 Atque
3026 3563 3093 3616 ad
3139 3565 3440 3619 castitatem
3490 3568 3811 3623 servandam

2209 3652 2381 3720 majus
2408 3652 2613 3707 lucrum
2650 3652 2868 3709 fecisses
2889 3695 2905 3721 ,
2942 3656 2988 3709 si
3030 3655 3123 3710 illo
3152 3673 3257 3712 non
3291 3660 3550 3716 venisses.
3580 3660 3633 3717 Si
3658 3663 3807 3717 enim

2206 3752 2385 3798 castus
2417 3758 2559 3799 nunc
2586 3743 2647 3799 es
2673 3784 2687 3807 ,
2717 3745 2886 3800 multo
2910 3748 3109 3802 castior
3135 3764 3284 3804 esses
3308 3751 3353 3805 si
3380 3754 3683 3821 spectacula
3710 3755 3805 3811 illa

2208 3837 2447 3892 vitasses.
2474 3836 2549 3892 Ne
2570 3837 2747 3909 itaque
2768 3839 3025 3896 inutiliter
3044 3845 3454 3913 contendamus,
3481 3864 3653 3919 neque
3677 3852 3803 3907 inn-

2205 3929 2324 3984 tiles
2346 3928 2687 3986 defensiones
2712 3934 3099 4003 cxcogitemus.
3129 3935 3245 3992 Una
3277 3937 3519 3997 defensio
3547 3952 3603 3997 et
3630 3959 3764 3999 excu
3782 3976 3799 3985 ο

2200 4022 2335 4076 satio
2361 4032 2464 4088 est,
2491 4022 2536 4077 si
2568 4022 2830 4094 fugiamus
2861 4024 3133 4081 fornacem
3165 4027 3565 4100 Babylonium,
3594 4034 3640 4088 si
3673 4050 3799 4103 pro-

2198 4112 2283 4168 cul
2319 4114 2387 4167 ab
2424 4113 2671 4184 Egyptia
2710 4116 2997 4171 meretrice
3041 4117 3333 4189 degamus,
3364 4123 3575 4178 etiamsi
3620 4126 3798 4183 nudos

2197 4209 2442 4271 oporteat
2474 4202 2543 4256 ab
2573 4202 2664 4258 illa
2692 4204 2948 4276 ell‘ugere.
2992 4207 3067 4262 lta
3097 4210 3239 4265 enim
3268 4220 3326 4267 et
3352 4213 3519 4268 multa
3548 4218 3795 4280 fruemur

2196 4293 2487 4362 voluptate,
2516 4297 2835 4351 conscientia
2870 4314 2970 4355 nos
2996 4315 3101 4355 non
3131 4315 3436 4372 accusante,
3466 4319 3787 4377 praesentem

2194 4384 2354 4439 vitam
2392 4394 2538 4441 caste
2575 4402 2789 4457 agemus
2815 4430 2828 4455 ,
2872 4389 3153 4462 futuraque
3191 4393 3328 4448 bona
3370 4410 3783 4468 consequemur.

2191 4475 2361 4545 gratia
2389 4486 2443 4530 et
2470 4476 2793 4547 benignitate
2824 4480 3032 4535 Domini
3072 4485 3237 4539 nostri
3276 4485 3403 4541 Iesu
3428 4488 3663 4556 Christi,
3694 4495 3783 4547 cui

2188 4566 2356 4634 gloria
2385 4576 2438 4620 et
2464 4558 2764 4637 imperium,
2795 4586 2936 4627 nunc
2962 4582 3018 4627 et
3038 4589 3271 4644 semper,
3295 4589 3348 4632 et
3373 4578 3426 4633 in
3456 4582 3649 4636 saecula
3679 4598 3785 4639 sa:-

2185 4657 2445 4729 culorum.
2477 4658 2661 4715 Amen.

2246 4793 2263 4824 ι
2298 4791 2514 4866 Nonnulli
2535 4794 2745 4866 habent,
2768 4795 3189 4866 archmggeforum,
3213 4813 3315 4862 pro,
3340 4803 3640 4866 angelorum.
3668 4814 3772 4858 tto:

2178 4853 2346 4916 iidem,
2367 4854 2583 4905 barbaris
2608 4855 2697 4905 hac
2720 4856 2769 4906 in
2791 4871 2844 4906 re
2864 4853 3053 4919 pejores
3076 4853 3341 4910 rideamur.

494 4975 3723 5018 mm

1515 5059 1857 5125 HOMILIA
1900 5068 2254 5131 XXXVIII.
2298 5071 2385 5132 al.
2427 5072 2734 5134 XXXIX.

483 5192 610 5249 Car.
642 5194 699 5247 ll
715 5231 728 5245 .
752 5209 805 5248 v.
833 5192 923 5248 25.
952 5192 1018 5248 In
1044 5195 1133 5249 illo
1157 5206 1377 5265 tempore
1400 5202 1706 5270 respondens
1725 5203 1874 5261 Iesus
1898 5211 2058 5265 dixit:

553 5282 807 5349 Conﬁteor
834 5284 940 5347 tibi,
968 5283 1138 5351 Pater,
1163 5284 1378 5341 Domine
1397 5291 1509 5343 ια·ιὶ
1528 5301 1571 5344 et
1595 5302 1765 5357 (erue,
1798 5299 1916 5364 quia
1941 5301 2057 5355 abs-

550 5374 765 5427 condisti
790 5376 894 5429 Im
914 5392 946 5427 a
971 5376 1276 5445 sapientibus
1302 5390 1350 5432 et
1381 5383 1723 5447 prudentibus,
1758 5398 1805 5440 et
1831 5392 2058 5447 ret-elain

546 5479 603 5514 ea
639 5463 880 5531 paruulis.
922 5463 1012 5519 26.
1056 5466 1143 5519 Ita
1166 5509 1182 5535 ,
1222 5466 1397 5535 Pater,
1431 5474 1549 5541 quia
1585 5475 1656 5528 sic
1682 5479 1777 5545 fuit
1814 5482 2053 5548 placitum

542 5563 658 5605 ante
682 5562 747 5606 ιε.
1394 5618 1410 5635 1

542 5644 593 5696 l.
614 5642 745 5698 Vide
773 5652 903 5713 quot
931 5648 1245 5718 quantisque
1271 5652 1443 5707 modis
1470 5654 1589 5709 illos
1616 5658 1678 5712 ad
1704 5658 1859 5717 ﬁdem
1882 5664 2047 5719 dedu-

468 5738 571 5785 cat.
602 5730 779 5787 Primo
803 5774 816 5799 ,
851 5750 941 5803 per
967 5736 1182 5793 Joannis
1214 5738 1413 5795 laudes.
1442 5742 1573 5800 Nam
1604 5761 1722 5803 cum
1754 5755 2044 5811 ostenderit

2168 5227 2287 5267 eum
2328 5229 2576 5284 magnum
2614 5216 3017 5291 mirabilemque
3045 5238 3165 5280 esse
3188 5269 3201 5285 ,
3227 5227 3342 5296 ejus
3370 5229 3511 5285 dicta
3538 5241 3593 5286 et
3618 5231 3757 5288 facta

2168 5302 2271 5358 ﬁde
2302 5304 2460 5373 digna
2491 5320 2610 5361 esse
2638 5310 2915 5379 probavit,
2944 5326 3044 5381 per
3074 5331 3191 5384 qua:
3222 5318 3340 5372 illos
3364 5318 3427 5373 ad
3458 5321 3540 5375 sui
3566 5325 3754 5393 cogun—

2165 5394 2358 5449 tionem
2377 5397 2614 5452 attraxit.
2638 5398 2905 5468 Secundo,
2930 5405 3072 5474 quod
3099 5408 3310 5474 dixerit,
3344 5409 3571 5481 [legione
3594 5419 3748 5470 crete-

2158 5502 2272 5575 rum
2298 5488 2396 5539 rint
2434 5491 2645 5556 patitur,
2679 5501 2723 5544 et
2753 5494 2957 5548 violenti
2991 5500 3197 5566 rapiunt
3234 5502 3364 5555 illud
3390 5502 3409 5575 (
3434 5503 3613 5559 llnttlr.
3662 5509 3745 5563 ll.

2162 5571 2280 5645 l2).
2316 5577 2427 5633 Hoc
2469 5582 2610 5634 cnim
2654 5584 2921 5640 incitantis
2950 5598 3001 5641 et
3038 5589 3358 5659 impellentis
3396 5571 3495 5648 est.
3530 5595 3745 5663 Tertio,

2156 5670 2294 5737 quod
2322 5670 2769 5728 demonstraverit
2802 5679 3175 5748 prophetarum
3211 5681 3349 5737 dicta
3386 5687 3564 5739 omnia
3594 5700 3741 5743 com-
3840 5712 3845 5716 ο

2154 5761 2289 5831 plet".
2317 5778 2454 5821 esse.
2488 5764 2616 5819 Nam
2650 5764 2773 5822 hinc
2814 5771 3119 5827 declaratur
3144 5776 3314 5845 ipsum
3345 5776 3540 5831 abillis
3577 5777 3742 5836 fuisse
