4104 6308
518 380 619 439 451

514 492 731 556 indicat,
777 487 929 543 illum
968 496 1155 541 omnes
1197 480 1461 555 ignorare,
1488 476 1582 533 sed
1627 470 1894 529 nemiuem
1942 466 2083 556 illum

515 554 731 645 habere,
760 594 919 649 quam
951 578 1061 647 ipse
1087 554 1322 638 haberet,
1357 569 1596 645 notitiam
1626 559 1804 634 :quod
1831 554 2088 659 etiamOde

514 671 650 729 It'ilio
682 668 981 726 dicendam.
1020 664 1200 735 Neque
1246 663 1388 718 enim
1417 662 1485 715 de
1527 659 1708 727 ignoto
1728 660 1784 707 et
1811 665 1842 704 a
1872 659 2088 703 nemine

1292 368 1350 425 S.
1389 352 1666 423 JOANNIS
1701 353 2175 418 CRRYSOSTOMI
2210 350 2525 411 ARCHIEP.
2563 347 3093 405 CONSTANTINOP.

3666 345 3773 400 43$

2194 462 2431 517 drcorum
2457 468 2578 530 post
2624 456 2770 512 mille
2796 457 3017 513 verbera
3043 455 3285 513 redibant
3310 427 3615 520 candentes,
3654 453 3773 520 quia

2191 554 2331 624 digni
2374 551 2531 606 habiti
2582 550 2785 619 fueram
2830 564 2921 617 pro
2954 550 3154 602 nomine
3420 545 3770 600 contumeliam

2193 645 2297 713 pati
2323 643 2468 715 (Act.
2497 641 2550 696 5.
2582 640 2705 710 41).
2731 638 2883 708 Quod
2914 639 2959 692 si
3000 638 3175 693 adfine
3206 639 3359 693 times
3397 646 3451 691 et
3481 634 3735 691 formidas
3755 675 3771 700 ,

509 725 723 830 condito
749 760 850 815 deo
877 757 989 812 haec
1020 725 1248 820 dicebat,
1280 761 1336 807 ut
1372 725 1596 805 Marcion
1636 742 1846 803 asserit.
1874 736 1967 793 sed
1993 751 2086 790 ac-
2187 732 2369 803 iugum
2400 739 2452 786 et
2470 744 2608 784 onus
2633 729 2873 793 audiens,
2897 742 3003 782 non
3029 741 3060 781 a
3090 736 3281 782 natura
3304 726 3379 783 rei
3402 727 3561 780 timor
3583 725 3771 790 oritur,

512 829 753 907 curatam
776 850 861 904 hic
893 847 1189 904 subindicat
1216 843 1569 916 cognitionem
1599 855 1613 892 :
1638 851 1760 891 nam
1790 848 1858 889 ne
1892 829 2085 884 Filium

510 939 722 1010 quidem
748 938 1117 1008 cognoscimus
1155 942 1213 990 ut
1240 946 1397 989 nosse
1424 935 1633 999 oportet
1658 943 1672 979 :
1703 934 1759 980 et
1788 924 1887 976 hoc
1913 918 2086 989 ipsum

512 1030 706 1086 Paulus
747 1030 825 1084 sic
864 1027 1210 1085 declarabat:
1242 1017 1325 1079 Et
1362 1030 1503 1092 parte
1543 1016 1906 1088 cognoscimus,
1937 1019 1985 1065 et
2025 1024 2089 1063 ea;

512 1130 653 1189 parte
696 1120 1046 1190 prop/celamus
1073 1116 1149 1185 (Ι.
1181 1114 1301 1169 Cor.
1335 1112 1422 1166 13.
1461 1109 1574 1179 η).
1607 1104 1804 1162 Deinde
1832 1116 1952 1158 cum
1993 1112 2092 1169 per

507 1223 573 1266 ca
601 1225 720 1279 qua:
758 1210 969 1277 dixerat
988 1208 1126 1276 ipsis
1163 1203 1483 1259 desiderium
1511 1198 1808 1261 indidisset,
1834 1204 2091 1259 suamque

507 1298 829 1354 ineffabilem
856 1298 1146 1367 potentiam
1177 1296 1615 1357 demonstrasset,
1647 1299 1774 1343 tunc
1797 1282 2002 1340 vocavit
2024 1279 2087 1333 il-

507 1389 591 1445 los
630 1389 853 1445 diccns:
888 1389 977 1443 28.
1016 1387 1190 1459 Venite
1232 1386 1300 1439 ad
1333 1401 1411 1441 me
1434 1397 1604 1437 omnes
1633 1379 1719 1448 qui
1760 1372 1998 1430 laboratis
2039 1380 2087 1423 et

506 1485 701 1538 onerati
724 1484 862 1543 estis,
887 1491 935 1535 et
973 1497 1061 1550 ego
1100 1478 1322 1543 reﬁciam
1351 1485 1466 1527 'uos.
1497 1471 1611 1526 Non
1638 1469 1724 1523 hic
1751 1475 1807 1521 et
1851 1464 1963 1529 ille,
1993 1460 2087 1517 sed

507 1588 695 1628 omnes
714 1574 803 1642 qui
819 1572 870 1624 in
888 1566 1259 1632 sollicitudine,
1286 1566 1335 1618 in
1358 1561 1585 1660 tristitia,
1609 1560 1663 1613 in
1690 1557 1918 1628 peccatis
1936 1554 2084 1660 estis.

515 1662 717 1723 Venite,
745 1656 849 1713 neu
877 1666 933 1712 ut
960 1670 1144 1726 pinnas
1186 1662 1451 1723 expetam,
1482 1643 1575 1707 scd
1621 1658 1676 1703 ut
1718 1656 1932 1718 peccata
1975 1643 2086 1697 sel-

511 1766 630 1815 vam
654 1765 668 1815 ;
700 1750 895 1810 venite.
922 1764 1025 1803 non
1054 1746 1193 1817 quod
1215 1746 1381 1815 gloria
1405 1752 1577 1799 vestra
1605 1756 1809 1810 egeam,
1832 1738 1924 1793 sed
1946 1733 2086 1805 quod

504 1842 730 1897 salutent
756 1838 1202 1893 vestram-sitiam.
1220 1834 1356 1905 Ego,
1383 1833 1569 1903 inquit,
1594 1832 1817 1897 reficiam
1842 1842 1944 1881 vos.
1968 1823 2085 1878 Non

508 1931 602 1997 ait,
648 1929 835 1985 Salvos
876 1928 1101 1993 faciam;
1131 1926 1224 1982 sed
1270 1925 1413 1993 quod
1453 1922 1622 1978 multo
1669 1919 1836 1989 magis
1880 1926 1997 1981 est,
2033 1914 2087 1968 In

504 2014 651 2077 omni
678 2020 857 2091 quiete
886 2019 1226 2074 constituam.
1251 2016 1343 2072 29.
1371 2015 1555 2070 Tollite
1585 2015 1767 2083 jugum
1807 2025 1969 2064 meum
1996 2024 2087 2061 stt-

504 2127 597 2182 pcr
620 2127 725 2175 vos,
749 2119 795 2163 et
823 2110 992 2163 discite
1013 2126 1044 2161 α
1064 2124 1160 2173 me,
1179 2108 1300 2171 quia
1322 2107 1453 2159 mitis
1476 2120 1586 2159 sum
1608 2114 1655 2156 et
1681 2100 1883 2172 humilis
1903 2097 2088 2162 corde;

504 2209 553 2253 et
576 2198 832 2252 invenietis
860 2197 1078 2263 requiem
1111 2194 1375 2248 animabus
1398 2193 1586 2247 vestris.
1616 2190 1704 2245 50.
1734 2187 1929 2259 Iugum
1956 2187 2088 2240 enim

504 2303 667 2343 meum
691 2301 840 2341 suave
864 2296 956 2353 est,
979 2295 1024 2340 et
1048 2301 1175 2339 onus
1212 2300 1373 2338 meum
1393 2284 1512 2337 leae.
1533 2280 1610 2336 Ne
1629 2280 1876 2341 timentis,
1896 2277 2083 2347 inquit,

501 2392 623 2433 cum
658 2378 842 2447 iugum
880 2374 1071 2429 auditis
1098 2391 1112 2427 :
1141 2388 1301 2428 suave
1326 2374 1522 2443 quippe
1551 2382 1669 2433 est;
1703 2385 1769 2424 ne
1794 2366 2088 2423 formidetis

501 2471 624 2540 quia
656 2470 787 2534 dixi,
814 2484 950 2523 onus
976 2487 988 2523 :
1021 2468 1137 2523 leve
1179 2468 1374 2537 quippe
1403 2477 1503 2521 cst.
1536 2466 1603 2520 Et
1633 2463 1900 2535 quomodo
1931 2476 2088 2530 supra

503 2558 671 2614 dixit:
702 2558 927 2631 Angusta
967 2572 1036 2612 est
1068 2566 1247 2627 porta,
1278 2567 1325 2611 et
1353 2570 1495 2610 arcta
1533 2556 1612 2608 aia
1634 2554 1844 2623 (Matth.
1869 2554 1921 2607 7.
1954 2553 2039 2619 14)
2067 2550 2092 2604 i

500 2648 703 2720 Nempe
744 2651 788 2706 si
816 2652 990 2721 segnis
1026 2652 1101 2704 sis
1124 2689 1141 2715 ,
1172 2648 1215 2702 si
1246 2647 1537 2703 remissus:
1585 2647 1709 2699 utsi
1751 2659 1908 2714 supra
1948 2643 2088 2698 dicta

504 2740 824 2812 perfeceris,
856 2742 967 2796 leve
990 2741 1097 2796 erit
1123 2754 1299 2803 onus;
1344 2737 1544 2793 idcirco
1572 2752 1712 2791 nunc
1752 2735 1878 2791 illud
1904 2735 2088 2803 huius.

504 2832 650 2887 modi
670 2847 788 2887 esse
816 2834 968 2886 dixit.
994 2832 1272 2900 Quomodo
1298 2839 1473 2886 autem
1502 2830 1552 2885 id
1575 2829 1886 2901 perﬁcitur?
1918 2827 1971 2882 Si
2001 2828 2091 2881 lm-

502 2924 643 2979 milis
663 2924 845 2988 fucris,
875 2934 1182 2977 mansuetus
1208 2931 1260 2977 et
1288 2921 1584 2977 modestus.
1614 2921 1740 2975 Πωο
1762 2920 1957 2990 quippe
1984 2919 2089 2972 vir-

501 3024 784 3071 tusunater
823 3023 906 3067 est
946 3013 1123 3069 omnis
1166 3011 1535 3080 philosophiae.
1565 3010 1900 3080 Quapropter
1945 3009 2089 3078 leges

501 3103 708 3159 divinas
748 3104 1015 3168 efferens,
1050 3102 1172 3156 hinc
1223 3102 1427 3169 incipit.
1472 3101 1568 3156 llic
1613 3114 1826 3171 quoque
1870 3114 2085 3154 rursum

503 3195 733 3263 idipsum
781 3193 941 3258 facit,
995 3207 1345 3263 magnamque
1395 3193 1544 3263 ponit
1593 3194 1915 3248 mercedem.
1971 3190 2084 3244 Non

500 3294 705 3341 tantm
728 3284 891 3351 enim,
920 3284 1106 3352 inquit,
1132 3282 1285 3338 alteri
1310 3283 1451 3338 utilis
1476 3284 1602 3346 eris,
1629 3283 1721 3337 sed
1746 3292 1871 3337 ante
1899 3296 2084 3335 omnes

502 3377 596 3432 tibi
628 3378 867 3446 requiem
898 3391 1072 3445 paras.
1117 3374 1383 3430 Invenietis
1411 3376 1550 3430 enim
1577 3377 1798 3444 requiem
1821 3374 2085 3430 animabus

502 3470 693 3522 vestris.
724 3470 858 3522 Ante
885 3467 1060 3521 futura
1086 3467 1193 3535 iam
1217 3466 1301 3521 hic
1329 3468 1419 3521 tibi
1442 3467 1871 3531 datmercedem,
1893 3475 1946 3519 ct
1967 3467 2085 3519 bra-

504 3560 645 3613 vium
678 3574 816 3613 nunc
841 3560 1044 3627 prmbet
1074 3574 1086 3609 :
1116 3566 1274 3627 atque
1318 3557 1440 3611 hinc
1473 3560 1693 3627 etquod
1734 3558 1965 3626 seipsum
1994 3556 2087 3610 det

503 3648 559 3702 in
586 3648 907 3719 exemplum,
934 3661 1235 3702 sermonem
1264 3646 1437 3701 reddit
1458 3648 1835 3716 acceptiorem.

574 3736 630 3792 3.
656 3738 792 3802 Quid
832 3738 972 3792 enim
1006 3735 1200 3791 times?
1223 3737 1426 3805 inquit;
1456 3750 1522 3790 ne
1551 3736 1727 3790 minor
1765 3734 2009 3789 ltabearis
2037 3734 2081 3786 si

496 3830 573 3884 sis
600 3828 851 3883 humilis?
897 3826 981 3881 Me
1012 3827 1217 3895 respice
1242 3835 1297 3880 et
1324 3841 1440 3881 mea
1472 3826 1647 3879 omnia
1678 3840 1705 3879 a
1747 3841 1832 3880 me
1869 3824 2080 3889 discito,

496 3930 550 3973 et
589 3926 715 3973 tunc
741 3918 884 3971 clare
912 3916 1051 3970 scies
1079 3924 1337 3985 quantum
1373 3914 1445 3969 sit
1471 3915 1702 3969 bonum.
1731 3913 1919 3969 Viden‘
1946 3928 2082 3981 quo-

498 4006 662 4061 modo
686 4008 829 4060 omni
854 4021 917 4064 ex
948 4013 1094 4073 parte
1120 4004 1262 4073 ipsos
1290 4003 1500 4059 inducat
1529 4002 1595 4057 ad
1620 4003 2012 4057 humilitatem?
2040 4005 2078 4056 Α

497 4098 691 4169 quibus
734 4099 846 4167 ipse
890 4096 1057 4152 fecit:
1096 4095 1306 4161 Discite,
1353 4096 1541 4165 inquit,
1573 4113 1605 4150 a
1646 4112 1744 4161 me,
1786 4098 1905 4166 quia
1950 4096 2085 4149 mitis

496 4208 608 4245 sum
633 4209 650 4253 ;
678 4193 744 4245 ab
780 4192 841 4245 iis
870 4206 989 4261 qua.-
1021 4189 1120 4259 ipsi
1147 4187 1399 4242 lucraturi
1426 4198 1547 4241 sunt
1576 4206 1587 4241 :
1616 4201 1761 4251 nam,
1793 4185 2083 4249 Invenietis,

498 4283 691 4351 inquit,
715 4283 935 4347 requiem
965 4278 1227 4332 animabus
1261 4278 1470 4343 vestris,-
1494 4277 1561 4331 ab
1587 4278 1653 4331 iis
1677 4293 1796 4348 qua
1828 4278 1955 4346 ipsis
1983 4277 2087 4329 lar-

495 4374 641 4442 gitur
670 4391 683 4421 τ
718 4372 959 4440 Reﬁciam
990 4387 1098 4436 ros,
1129 4371 1333 4439 inquit;
1362 4370 1428 4423 ab
1453 4384 1518 4422 eo
1541 4369 1683 4439 quod
1711 4383 1848 4423 onus
1874 4368 1987 4423 leve
2008 4367 2085 4422 ef-

499 4463 684 4518 fecerit
713 4481 726 4517 :
756 4462 947 4532 Jugnm
987 4462 1116 4515 enim
1145 4477 1307 4514 meum
1349 4476 1503 4515 suane
1525 4470 1600 4513 es:
1623 4501 1635 4522 ,
1676 4468 1721 4513 et
1750 4474 1876 4513 onus
1922 4474 2086 4510 meum

500 4553 627 4606 leue.
659 4552 729 4607 ita
776 4563 828 4606 et
861 4552 1053 4606 Paulus
1082 4550 1271 4605 suadet
1311 4552 1495 4605 dicens
1536 4567 1549 4603 :
1594 4548 2001 4602 Nomentanam»
2041 4558 2086 4601 et

500 4645 604 4697 leve
630 4642 983 4708 tribulationis,
1016 4642 1139 4694 mire
1164 4652 1209 4694 et
1234 4656 1388 4710 supra
1414 4640 1615 4693 modum
1636 4648 1880 4693 aeternum
1906 4637 2087 4709 gloria:

502 4735 697 4803 pondus
724 4742 962 4801 operatur
984 4731 1076 4799 (Αἱ.
1103 4731 1219 4786 Cor.
1253 4731 1307 4786 4.
1345 4731 1404 4783 Π
1426 4732 1465 4799 ).
1491 4729 1552 4785 Et
1577 4730 1843 4799 quomodo
1867 4730 1983 4783 leve
2004 4738 2086 4783 cst

499 4839 658 4888 onus,
689 4824 913 4891 inquies,
938 4836 1060 4875 cum
1089 4821 1230 4875 dicat
1259 4840 1271 4873 :
1308 4818 1426 4874 Nisi
1454 4820 1563 4887 quis
1596 4820 1710 4873 odio
1740 4820 1967 4873 habuerit
1994 4836 2085 4887 pa-
2130 4866 2133 4867 ν

503 4926 628 4967 trem
664 4923 709 4965 et
751 4923 981 4976 matrem;
1002 4922 1074 4971 et,
1097 4912 1203 4983 Qui
1232 4928 1329 4964 non
1356 4912 1488 4965 tollit
1520 4927 1715 4965 crucem
1741 4928 1905 4975 suam,
1937 4921 1981 4963 et
2007 4927 2085 4965 se-

498 5006 667 5075 quitur
706 5020 802 5067 nte,
835 5020 933 5055 non
976 5012 1044 5055 cst
1074 5019 1151 5055 me
1176 5003 1399 5072 dignus;
1431 5012 1500 5067 et,
1536 5003 1636 5068 Qui
1680 5019 1778 5055 non
1829 5001 2084 5055 renuntiat

497 5093 729 5147 omnibus
758 5108 871 5159 qua:
907 5092 1145 5160 possidet.
1180 5108 1279 5144 non
1319 5101 1479 5159 potest
1509 5107 1645 5145 meus
1673 5108 1777 5145 esse
1806 5091 2084 5159 discipulus

495 5186 668 5255 (Luc.
702 5185 787 5238 ll.
837 5184 926 5237 26.
958 5183 1048 5237 ‘27.
1078 5182 1221 5253 53);
1266 5199 1385 5237 cum
1432 5184 1615 5253 iubeat
1664 5186 1828 5254 ipsam
1871 5198 2081 5253 quoque

495 5277 726 5329 animam
758 5274 881 5328 odio
908 5274 1144 5328 habere?
1167 5274 1241 5327 Te
1271 5275 1462 5329 Paulus
1490 5275 1678 5329 doceat
1704 5275 1887 5329 dicens
1911 5291 1923 5327 :
1958 5274 2081 5335 Quis

501 5383 592 5419 nos
623 5367 870 5437 separabit
916 5382 945 5417 a
977 5367 1187 5419 caritate
1229 5366 1411 5421 Christi
1437 5368 1461 5421 ?
1498 5368 1752 5421 tribulatio
1772 5369 1800 5422 Ρ
1823 5385 1888 5422 an
1917 5385 2076 5439 angu-

495 5457 593 5509 stia
615 5455 640 5508 ?
665 5474 727 5508 an
752 5457 1025 5526 persecutio
1044 5458 1070 5511 ?
1100 5474 1169 5511 an
1195 5458 1397 5529 fames?
1426 5474 1490 5512 an
1520 5458 1721 5512 auditas
1744 5460 1768 5512 ?
1795 5475 1859 5511 an
1882 5460 2081 5529 pericu-

503 5546 605 5599 lum
626 5545 652 5599 ἲ
682 5562 747 5599 an
775 5547 972 5615 gladius
1007 5546 1177 5617 (Rom.
1202 5548 1255 5601 8.
1288 5546 1420 5617 55)?
1448 5556 1519 5610 et,
1555 5547 1671 5601 Non
1689 5558 1803 5602 sunt
1821 5549 2082 5620 condigna:

500 5636 753 5703 passiones
801 5636 954 5704 hujus
991 5637 1226 5702 (corporis
1269 5636 1336 5688 ad
1397 5642 1623 5706 futuram
1680 5638 1925 5708 gloriam,
1969 5655 2082 5709 qua

493 5727 786 5781 revelabitur
808 5717 858 5772 in
873 5718 1019 5774 nobis
1040 5724 1055 5791 (
1065 5719 1142 5776 Ib.
1154 5721 1171 5773 Ι
1184 5720 1502 5790 8).Doccant
1517 5733 1567 5780 te
1582 5730 1670 5799 qui
1688 5747 1717 5785 a
1732 5733 2082 5790 cettscssulu-

2192 825 2285 879 sed
2313 838 2342 877 a
2374 833 2456 877 tua
2504 821 2770 891 segnitie;
2804 821 2871 875 ita
2900 831 2954 875 ut
2980 819 3027 873 si
3071 820 3147 874 sis
3184 826 3400 888 paratus
3429 826 3483 873 et
3511 816 3773 886 diligens,

2191 930 2367 969 omnia
2395 913 2488 968 tibi
2518 911 2689 966 facilia
2718 920 2773 965 et
2814 910 2944 967 levia
2970 909 3148 965 futura
3194 910 3320 965 sint.
3350 908 3685 979 Quapropter
3720 914 3775 960 et

2191 1001 2431 1059 Christus
2454 1001 2745 1057 ostendens
2772 1001 2925 1057 nobis
2954 1013 3074 1055 esse
3100 998 3470 1064 laborandum,
3500 1012 3608 1053 non
3654 1011 3780 1052 sua-

2193 1094 2278 1148 via
2310 1103 2507 1148 tantum
2540 1092 2735 1160 posuit,
2760 1106 2930 1162 neque
2950 1104 3173 1146 onerosa
3193 1076 3388 1154 573mm,
3410 1089 3503 1144 sed
3531 1100 3779 1159 utraque.
3878 1073 3885 1078 ’

2192 1184 2321 1241 Nam
2355 1194 2408 1240 et
2432 1186 2618 1256 iugum
2650 1186 2847 1255 posuit,
2875 1192 2931 1239 ct
2950 1199 3112 1239 suave
3141 1182 3271 1238 illud
3301 1184 3540 1250 vocavit,
3563 1191 3618 1237 et
3642 1195 3779 1236 onus

2191 1277 2516 1343 nominavit,
2555 1277 2862 1347 addiditque
2896 1278 3049 1341 leve;
3078 1292 3146 1331 ne
3183 1277 3269 1330 illa
3296 1282 3355 1329 ut
3392 1273 3654 1328 laboriosa
3697 1270 3781 1327 fu-

2190 1370 2323 1438 gias,
2347 1383 2482 1424 neve
2509 1376 2567 1423 ut
2588 1368 2874 1423 admodum
2905 1367 3073 1422 facilia
3093 1366 3375 1435 despicias.
3407 1364 3559 1431 Quod
3587 1364 3632 1418 si
3660 1371 3781 1433 post

2192 1460 2305 1513 hinc
2346 1459 2522 1513 omnia
2562 1457 2791 1512 difficilis
2831 1457 2997 1511 virtus
3036 1472 3158 1512 esse
3206 1456 3297 1511 tibi
3336 1455 3563 1519 videtur,
3604 1454 3779 1523 cogita

2191 1548 2542 1604 difﬁciliorem
2569 1562 2689 1603 esse
2720 1548 3031 1616 nequitiam,
3051 1546 3191 1616 quod
3221 1546 3392 1615 ipsum
3414 1544 3777 1606 subindicaus,

2192 1655 2299 1693 non
2326 1639 2497 1707 primo
2525 1638 2677 1704 dixit,
2708 1636 2894 1692 Tollite
2922 1638 3108 1707 jugum
3153 1652 3338 1701 ineunt,
3367 1634 3457 1689 sed
3489 1634 3743 1705 praemisit
3762 1671 3779 1697 ,

2202 1728 2378 1784 Venite
2391 1731 2477 1799 qui
2497 1731 2738 1783 laboratis
2763 1738 2811 1782 et
2830 1729 3026 1783 onerati
3049 1728 3185 1789 estis,
3207 1727 3483 1781 declarans
3504 1736 3779 1795 peccatqu

2193 1819 2362 1873 labori
2403 1834 2523 1874 esse
2562 1819 2877 1881 obnoxium,
2908 1826 2962 1872 et
2985 1831 3123 1874 onus
3144 1831 3267 1871 esse
3293 1830 3457 1887 grave
3482 1831 3544 1869 ac
3568 1823 3781 1884 gestata

2192 1908 2432 1964 difficile.
2481 1908 2663 1978 Neque
2709 1909 2852 1963 enim
2908 1907 3219 1963 laborantes
3270 1907 3444 1960 solum
3497 1904 3652 1971 dixit,
3683 1904 3783 1959 scd

2194 1998 2353 2054 etiam
2382 2008 2650 2053 oneratos.
2675 1998 2785 2052 lloc
2816 1998 2973 2052 ctiam
3005 1996 3263 2067 propheta
3290 1995 3519 2056 diccbat,
3551 1994 3666 2063 eius
3687 2010 3783 2047 ua-

2195 2100 2367 2145 turam
2396 2089 2705 2145 describens
2734 2106 2749 2144 :
2779 2089 2924 2145 Sicut
2954 2106 3082 2144 onus
3105 2104 3255 2161 graue
3275 2098 3497 2160 gravata
3530 2097 3649 2141 sunt
3696 2102 3782 2140 su-

2194 2199 2283 2250 per
2311 2199 2389 2237 nte
2419 2182 2590 2251 (Psal.
2622 2183 2710 2236 3‘1.
2735 2182 2812 2251 5).
2846 2182 2979 2257 illud
3010 2195 3223 2252 quoque
3246 2180 3554 2235 describens
3579 2177 3782 2233 Zacha-

2190 2273 2336 2337 rias,
2367 2272 2443 2325 ait
2486 2271 2655 2340 ipsum
2704 2270 2905 2341 plumbi
2951 2270 3207 2329 talentum
3250 2284 3373 2326 esse
3416 2268 3596 2341 (Zach.
3623 2270 3678 2325 ii.
3700 2270 3778 2338 7).

2193 2360 2533 2431 ldipsumque
2554 2362 2881 2429 experientia
2901 2360 3158 2416 declarat.
3176 2359 3319 2415 Nihil
3336 2360 3479 2415 enim
3502 2360 3572 2414 ita
3594 2373 3776 2429 aggrao

2194 2463 2282 2507 vat
2328 2453 2583 2518 animam,
2631 2452 2701 2505 ita
2750 2461 2981 2506 mentem
3034 2460 3267 2506 exerceat
3308 2465 3372 2505 ac
3419 2449 3687 2519 deprimit.
3722 2460 3781 2503 ut

2194 2543 2522 2598 conscientia
2553 2544 2794 2612 peccati;
2821 2543 2950 2597 nihil
2979 2542 3121 2597 illam
3151 2544 3479 2597 voluntatem
3512 2541 3581 2595 ita
3609 2540 3778 2596 subli-

2192 2648 2332 2687 mem
2362 2631 2547 2699 efllcit,
2567 2641 2625 2687 ut
2640 2632 2861 2701 iustitia:
2882 2648 2945 2687 ac
2966 2632 3175 2687 virtutis
3194 2632 3484 2701 possessio.
3506 2631 3779 2697 Animum,

2192 2739 2393 2795 quaso,
2422 2723 2634 2779 adhibe.
2654 2723 2790 2791 Quid
2822 2725 3121 2790 oncrosius,
3142 2739 3301 2794 quam
3326 2722 3453 2777 nihil
3481 2720 3779 2793 possidere.

2193 2824 2401 2871 vertere
2429 2815 2588 2870 aliam
2626 2815 2931 2879 maxillam,
2969 2815 3283 2885 percutienti
3320 2829 3426 2869 non
3463 2815 3631 2868 vicem
3658 2812 3778 2867 red-

2193 2907 2322 2963 dere
2342 2949 2357 2973 ,
2387 2908 2521 2962 mori
2561 2907 2792 2962 violenta
2822 2908 3033 2962 morte?
3054 2912 3303 2963 Attamen
3346 2906 3391 2961 si
3434 2904 3777 2975 philosoiihe-

2193 3013 2335 3065 mur,
2368 2999 2481 3054 lucc
2505 3001 2684 3054 omnia
2722 3000 2857 3056 levia
2888 3011 2951 3055 et‘
2970 3000 3144 3055 facilia
3174 3008 3316 3065 sunt,
3347 2999 3780 3067 voluptatemque

2195 3090 2544 3159 pariunt.Sed
2572 3106 2639 3146 ne
2667 3091 2969 3156 turbemini,
2995 3105 3179 3146 eorum
3206 3090 3410 3159 singula
3438 3088 3781 3158 exploremus

2191 3189 2246 3235 et
2273 3190 2583 3248 tractemus,
2612 3189 2687 3247 et,
2714 3181 2758 3236 si
2784 3182 2962 3245 vultis,
2985 3181 3159 3251 primo
3185 3181 3237 3236 id
3262 3180 3403 3250 quod
3432 3180 3672 3249 plurimis
3704 3180 3781 3233 la-

2192 3269 2460 3326 boriosum
2492 3285 2612 3325 esse
2643 3271 2877 3325 videtur.
2908 3270 3120 3337 Utrum,
3152 3284 3332 3341 quaeso
3359 3279 3611 3340 te,grave
3637 3279 3691 3326 et
3714 3270 3781 3324 la-

2191 3360 2462 3416 boriosum
2518 3361 2759 3429 videtur,
2795 3378 2957 3417 unum
2997 3372 3238 3417 ventrem
3288 3377 3508 3425 curare,
3536 3348 3610 3416 an.
3636 3362 3782 3417 mille

2195 3451 2640 3507 sollicitudinibus
2688 3439 2924 3506 involvi?
2958 3468 3063 3507 uno
3091 3453 3407 3507 vestimento
3436 3452 3580 3506 indui
3604 3454 3783 3507 lmini-

2192 3557 2335 3603 nem.
2366 3551 2419 3597 et
2439 3542 2568 3595 nihil
2598 3542 2731 3595 ultra
2757 3556 3017 3612 quaerere,
3046 3557 3111 3597 an
3140 3542 3303 3596 multa
3328 3542 3466 3597 intus
3496 3542 3781 3599 habenten.

2189 3632 2275 3685 die
2316 3634 2867 3701 noctequecruciari,
2898 3633 2952 3688 in
2979 3649 3165 3689 eorum
3209 3633 3447 3689 custodia
3482 3637 3774 3703 timentem,

2190 3733 2537 3790 trementem,
2567 3725 2823 3790 anxium,
2867 3739 2935 3781 ne
2982 3740 3012 3779 a
3055 3727 3213 3783 tineis
3259 3728 3647 3793 corrodantur,
3678 3742 3781 3783 neu

2189 3830 2377 3870 servus
2404 3830 2524 3870 cum
2556 3815 2659 3869 illis
2695 3814 2966 3887 aufugiat?
3000 3817 3195 3873 Verum
3218 3820 3546 3889 quantalibet
3571 3820 3777 3887 dixero,

2189 3903 2293 3958 tale
2316 3904 2467 3967 nihil,
2494 3906 2650 3975 quale
2670 3920 2847 3960 rerum
2874 3907 3227 3976 experientia,
3249 3908 3539 3982 depingere
3553 3911 3779 3981 valeam.

2188 3996 2365 4063 Quare
2392 3995 2581 4050 vellem
2614 3996 2802 4052 adesse
2827 3998 3113 4066 quemdam
3142 4014 3359 4066 eorum,
3391 4002 3479 4071 qui
3511 4017 3779 4058 summum

2192 4084 2547 4155 philosophia:
2574 4086 2784 4152 apicem
2828 4089 3137 4157 attigerunt,
3168 4102 3222 4145 et
3261 4099 3381 4146 tunc
3408 4091 3551 4146 clare
3578 4093 3655 4147 rei
3683 4108 3780 4147 vo-

2191 4175 2443 4242 luptatem
2466 4174 2785 4243 perciperes.
2816 4176 2883 4231 Et
2911 4192 3069 4233 nemo
3088 4193 3271 4235 eorum
3302 4181 3388 4250 qui
3415 4190 3779 4252 paupertatem

2191 4275 2392 4332 amant,
2410 4266 2618 4321 divitias
2643 4256 2801 4322 etiam
2819 4268 3028 4324 oblatas
3057 4270 3341 4341 acciperet.
3359 4272 3425 4327 Et
3448 4272 3523 4338 lti,
3552 4275 3777 4344 inquies,

2191 4372 2257 4410 an
2293 4372 2550 4425 pauperes
2596 4372 2844 4427 umquam
2892 4359 3005 4414 fieri
3054 4361 3271 4426 vellent,
3300 4371 3354 4417 et
3381 4365 3777 4432 possessionum

2190 4462 2369 4501 curam
2398 4446 2665 4516 obiicere?
2694 4448 2757 4502 Et
2788 4449 2913 4518 quid
2947 4448 3049 4505 hoc
3076 4453 3198 4506 est?
3222 4455 3607 4524 Argumentum
3638 4470 3777 4513 certe

2191 4538 2423 4592 stultitim
2473 4545 2527 4592 ct
2566 4538 2867 4607 gravissimi
2912 4541 3242 4609 morbi,nec
3277 4544 3351 4599 rei
3393 4546 3775 4615 iucunditatem

2190 4635 2482 4691 declarans.
3233 4653 3236 4657 ‘

2260 4725 2502 4795 iratius
2530 4726 2602 4781 rei
2636 4726 2788 4781 uoltis
2820 4736 2985 4782 testes
3024 4726 3221 4784 fuerint
3250 4730 3306 4795 ii,
3339 4732 3428 4801 qui
3450 4733 3688 4803 quotidie
3713 4733 3777 4791 de

2191 4816 2273 4870 his
2302 4816 2742 4873 sollicitudinibus
2774 4817 3165 4886 lamentantur,
3196 4830 3252 4876 et
3281 4822 3442 4877 vitam
3474 4825 3775 4895 huiusmodi

2189 4922 2291 4961 non
2327 4908 2538 4963 vitalem
2580 4922 2699 4963 esse
2729 4918 2933 4978 putant.
2967 4910 3033 4963 At
3062 4909 3136 4964 illi
3180 4906 3286 4966 non
3325 4913 3459 4969 tales
3492 4925 3651 4981 sunt,
3683 4910 3775 4971 sed

2189 4999 2383 5065 rident,
2411 5001 2703 5063 exsultant,
2735 5016 2833 5056 nec
2856 5003 3035 5056 minus
3059 5001 3127 5058 de
3148 5014 3484 5075 paupertate,
3506 5021 3666 5077 quam
3693 5023 3773 5063 re-

2186 5104 2279 5159 ges
2303 5090 2370 5145 de
2396 5091 2697 5146 diademate
2724 5093 3041 5161 gloriantur.
3073 5093 3305 5150 Rursum
3354 5097 3622 5152 maxillam
3652 5113 3770 5167 per-

2187 5181 2403 5236 cutienti
2433 5180 2645 5244 oﬁ‘crrc,
2685 5198 2842 5251 quam
2876 5194 3172 5252 percutere,
3204 5186 3372 5241 levius
3398 5196 3453 5241 et
3489 5187 3773 5256 jucundius

2187 5284 2286 5337 est,
2313 5274 2356 5327 si
2401 5274 2683 5327 attendas:
2714 5289 2838 5327 nam
2884 5274 3027 5328 illinc
3070 5274 3279 5331 initium
3318 5276 3465 5342 belli,
3496 5278 3617 5332 hinc
3659 5278 3773 5347 eius

2186 5364 2380 5437 solutio
2408 5366 2675 5432 provenit;
2708 5374 2763 5420 et
2786 5366 2875 5419 illo
2902 5365 3114 5435 quidem
3143 5367 3303 5422 modo
3330 5368 3553 5436 alterius
3587 5384 3770 5439 rogum

2184 5453 2505 5517 accendisti,
2562 5454 2661 5508 hoc
2711 5464 2887 5509 autem
2944 5454 3212 5509 flammam
3268 5466 3411 5511 tuam
3451 5460 3767 5514 exStinxisti.

2184 5544 2334 5611 Quod
2375 5553 2550 5600 autem
2600 5560 2704 5601 non
2750 5548 2830 5599 uri
2869 5545 3074 5601 dulcius
3124 5549 3213 5615 sit,
3243 5563 3401 5618 quam
3440 5550 3543 5617 uri,
3575 5551 3768 5605 neniiu‘t

2186 5653 2290 5691 non
2322 5646 2502 5691 notum
2524 5648 2626 5691 est.
2649 5637 2799 5703 Quod
2828 5639 2871 5691 si
2900 5639 3059 5693 resin
3090 5648 3359 5709 corporeis
3385 5640 3452 5692 ita
3475 5655 3535 5695 se
3560 5640 3766 5712 habeat,

2187 5729 2350 5783 multo
2396 5727 2561 5799 magis
2612 5731 2663 5783 in
2704 5730 2767 5784 iis
2809 5746 2924 5798 qua:
2957 5730 3021 5785 ad
3067 5731 3297 5786 animam
3344 5743 3604 5803 spectant.
3635 5734 3765 5803 Quid
