4104 6308
249 398 351 452 5'53

246 521 428 564 autem
473 509 645 563 levius
673 515 785 569 est,
833 517 1093 572 pugnate
1125 515 1192 553 an
1230 498 1517 554 coronari?
1558 496 1848 568 pugilatum

246 612 530 663 exemere,
561 614 629 651 an
677 595 918 650 bravinm
952 591 1173 646 tenere?
1203 589 1448 643 fluctibus
1476 588 1759 653 obsistere,
1782 602 1850 640 an

247 692 300 744 in
330 700 485 761 portu
513 688 754 743 solvere?
778 685 936 739 Certe
965 685 1124 738 etiam
1156 681 1290 735 mori
1330 680 1519 735 melius
1543 687 1627 735 est
1646 719 1661 746 ,
1690 693 1850 749 quam

244 783 452 838 vivere.
486 779 629 836 Mors
651 775 792 834 enim
821 791 884 830 ex
915 775 1160 830 ﬂuctibus
1187 781 1241 827 et
1267 789 1330 827 ex
1363 771 1610 842 periculis
1636 769 1808 824 educit
1833 786 1847 834 ;

244 874 353 927 vita
397 889 525 927 vero
556 872 605 923 in
644 868 894 938 periculis
931 865 1234 924 constituit.
1269 872 1323 919 et
1351 863 1642 918 obnoxium
1672 859 1849 916 reddit

247 966 398 1020 mille
458 962 664 1016 insidiis
707 969 760 1016 ct
804 956 1210 1014 necessitatibus
1236 998 1251 1023 ,
1297 956 1365 1010 ob
1407 970 1540 1025 quas
1589 955 1849 1024 ingratam

247 1057 414 1110 vitam
447 1054 745 1109 existimes.
775 1052 927 1119 Quod
960 1050 1002 1105 si
1030 1050 1188 1104 dictis
1215 1064 1321 1104 non
1348 1047 1540 1104 credas
1560 1089 1575 1115 ,
1605 1047 1728 1102 audi
1755 1061 1850 1101 eos

244 1148 335 1217 qui
367 1147 716 1202 certaminum
751 1155 991 1214 tempore
1035 1143 1285 1197 viderunt
1316 1143 1496 1196 vultus
1527 1150 1847 1212 martyrum,

247 1238 543 1305 quomodo,
572 1238 697 1292 dum
739 1237 1137 1307 flagellarentur
1163 1244 1214 1290 et
1249 1233 1587 1289 crederentur
1610 1274 1626 1297 ,
1659 1231 1762 1285 ιωιί
1799 1239 1852 1285 et

245 1328 448 1384 hilares
476 1339 630 1384 crant
661 1348 674 1382 :
708 1328 982 1397 magisque
1018 1326 1316 1396 gaudebant
1361 1332 1415 1378 et
1455 1323 1768 1377 lzetabantur
1797 1322 1848 1374 in

246 1421 570 1488 sartaginem
589 1419 832 1482 immissi,
849 1433 1006 1487 quam
1037 1418 1070 1471 ii
1092 1417 1180 1486 qui
1206 1416 1255 1469 in
1280 1414 1487 1469 rosario
1504 1414 1846 1467 reclinautur.

248 1509 479 1581 Ideoque
501 1511 694 1565 Paulus
722 1511 953 1564 violenta
978 1519 1148 1563 morte
1171 1508 1331 1561 vitam
1353 1506 1632 1561 clausurus
1653 1515 1708 1559 ct
1728 1504 1849 1558 abs-

245 1616 517 1666 cessurus,
549 1600 796 1655 dicebat:
831 1598 1039 1654 Gaudeo
1082 1608 1127 1652 et
1171 1601 1463 1670 congaudeo
1504 1599 1639 1651 vobis
1681 1598 1849 1650 omni-

243 1690 375 1747 bus:
403 1702 448 1745 et
477 1708 562 1745 vos
611 1693 802 1761 pariter
829 1691 1047 1761 gaudete
1084 1699 1131 1743 et
1169 1687 1482 1758 congaudete
1518 1689 1641 1740 mihi
1682 1686 1851 1757 (Plii-

243 1784 378 1853 lipp.
402 1785 456 1836 ‘2.
494 1786 578 1838 17.
613 1784 737 1853 18).
776 1782 933 1837 Vides
961 1789 1153 1852 quanta
1181 1796 1302 1835 cum
1333 1781 1495 1834 animi
1534 1780 1851 1834 celsitudine

245 1883 417 1928 to‘um
449 1874 633 1929 o:bcm
658 1874 723 1928 ad
747 1874 921 1944 gaudii
954 1874 1032 1928 sui
1052 1874 1378 1928 consortium
1403 1873 1590 1927 vocet?
1621 1873 1850 1926 Tantum

241 1979 368 2020 case
411 1966 608 2019 Ιιοηιιιιὶ
660 1966 783 2019 hinc
821 1963 1098 2020 discedere
1139 1965 1395 2034 putabat;
1443 1964 1512 2018 ita
1562 1963 1850 2033 optabilem

243 2066 478 2110 mortem
526 2057 666 2110 illam
697 2056 985 2110 terribilem
1006 2098 1019 2120 ,
1052 2057 1121 2109 ita
1149 2055 1432 2110 amabilem
1464 2065 1517 2110 et
1545 2055 1854 2110 desideran-

241 2146 389 2200 dam.
409 2146 514 2200 Sed
542 2146 680 2216 quod
717 2147 926 2200 virtutis
948 2146 1131 2216 jugnm
1165 2146 1234 2200 sit
1257 2145 1410 2201 dulce
1437 2161 1498 2200 ac
1527 2147 1662 2210 leve,
1688 2146 1851 2200 multa

241 2239 348 2290 alia
385 2238 679 2292 declarant.
711 2238 932 2293 Dcmum
960 2280 973 2304 ,
1008 2239 1050 2291 si
1099 2239 1306 2308 piaret,
1339 2240 1536 2307 peccati
1564 2253 1729 2293 onera
1770 2239 1851 2291 vi-

240 2328 490 2383 deamus.
525 2330 730 2384 Avaros
758 2332 936 2399 itaque
968 2330 1019 2382 in
1067 2329 1302 2383 medium
1331 2329 1659 2384 adducamus
1681 2371 1696 2396 ,
1729 2331 1852 2385 illos

243 2434 441 2487 nempe
468 2420 556 2489 qtti
589 2420 926 2489 impudentes
954 2419 1158 2476 foenera
1193 2429 1420 2474 tractant
1456 2429 1510 2474 ct
1538 2430 1848 2476 retractant.

241 2510 384 2575 Quid
431 2526 558 2580 ergo
596 2513 880 2566 onerositts
933 2513 1021 2566 tali
1065 2513 1454 2582 negotiatione|
1489 2511 1687 2566 fuerit?
1724 2521 1856 2582 quot

242 2600 485 2666 dolores,
521 2613 651 2673 quot
680 2604 1086 2670 sollicitudines,
1120 2614 1250 2673 quot
1275 2605 1502 2674 scopuli.
1533 2612 1663 2672 quot
1707 2604 1854 2674 peri-

241 2694 366 2748 cuia
393 2735 406 2757 ,
449 2704 580 2763 quot
621 2695 828 2749 insidiae
873 2707 925 2749 et
973 2696 1112 2754 bella
1159 2695 1399 2766 quotidie
1443 2712 1506 2750 ex
1556 2696 1658 2752 hoc
1704 2696 1855 2750 lucro

241 2784 535 2837 oriuntur?
577 2794 708 2854 quot
749 2785 916 2839 turbae
967 2795 1021 2839 et
1061 2786 1353 2839 tumultus?
1395 2785 1852 2851 Quemadmodum

243 2875 392 2929 enim
430 2890 576 2929 mare
617 2891 908 2946 numquam
940 2876 1054 2931 sine
1097 2875 1345 2931 [luctibus
1383 2877 1598 2943 videas,
1643 2879 1720 2932 sic
1756 2892 1855 2932 nec

244 2964 561 3034 huiusmodi
594 2968 830 3020 animum
877 2968 992 3023 sine
1032 2983 1158 3022 cura
1184 3010 1198 3034 ,
1242 2983 1474 3023 tnmrore
1499 3009 1513 3033 ,
1560 2970 1750 3024 timore
1794 2983 1856 3023 ac

245 3059 656 3127 perturbatione
678 3101 690 3122 ,
720 3059 813 3114 sed
851 3060 1026 3128 priora
1057 3074 1086 3113 a
1117 3061 1463 3130 sequunthus
1494 3061 1850 3130 excipiuntur,

316 3172 333 3200 ι
373 3169 457 3218 Alii
478 3170 682 3229 habent,
705 3169 975 3234 iniquitate,
1010 3184 1114 3230 pro.
1137 3169 1476 3232 negotiatione.

1222 385 1284 440 IN
1327 383 1731 440 MA'lTll/EUM
1776 379 2006 436 IIUMIL.
2055 378 2293 435 XXXIX.
2336 384 2406 437 al.
2451 382 2560 467 XL.
3450 390 3559 450 λεδ

1960 490 2076 548 hzec
2115 495 2182 549 ab
2231 496 2370 562 aliis,
2404 499 2596 568 quibus
2626 501 2860 555 nomium
2892 503 3092 558 sedatis
3120 504 3222 558 alia
3251 505 3552 576 insurgunt.

2031 585 2320 644 Iracundus
2348 606 2500 660 quam
2529 593 2796 646 crucietur.
2835 593 3076 648 Omnium
3115 595 3360 651 bonorum
3398 608 3560 651 mater

1956 679 2242 734 clementia.
2271 712 2343 722 --
2374 682 2536 737 Visne
2563 687 2934 739 contumeliosi
2964 695 3019 741 et
3045 688 3285 742 iracundi
3318 689 3554 743 auimmn

1956 768 2222 838 diSpicere
2239 771 2261 823 ’ἒ
2281 771 2417 838 Quid
2443 773 2744 841 huiusmodi
2763 776 3000 830 cruciatu
3023 777 3206 845 pejus?
3227 778 3354 848 quid
3377 783 3555 833 acrius

1956 861 2224 916 intestinis
2246 863 2588 918 vulneribus?
2609 867 2736 934 quid
2761 867 3051 922 ferventius
3074 870 3290 924 fornace
3311 871 3399 924 illa
3422 886 3558 924 sem-

1958 971 2052 1025 per
2075 956 2324 1022 ardente,
2354 967 2410 1012 et
2434 957 2647 1013 ﬂamma
2676 960 2764 1014 illa
2793 977 2914 1030 qtae
2940 976 3229 1028 numquam
3262 962 3555 1032 exstingui-

1958 1049 2082 1101 tur?
2109 1047 2164 1102 Si
2192 1048 2402 1103 adillos
2427 1057 2480 1103 te
2502 1059 2784 1106 convertas
2804 1054 2894 1120 qui
2922 1068 3208 1122 corporum
3239 1052 3440 1108 formas
3461 1053 3554 1108 de-

1959 1148 2184 1206 pereunt
2213 1147 2267 1193 et
2297 1142 2544 1210 praesenti
2580 1144 2702 1196 vita:
2733 1143 2926 1197 addicti
2958 1154 3120 1208 sunt,
3153 1146 3279 1215 quid
3310 1145 3410 1201 bac
3435 1159 3554 1202 ser-

1955 1228 2125 1284 vitute
2147 1231 2399 1299 gravius?
2429 1232 2576 1286 Caini
2605 1233 2766 1286 vitam
2791 1233 2864 1286 illi
2889 1233 3122 1298 ducunt,
3155 1235 3205 1287 in
3238 1236 3430 1290 timore
3459 1245 3555 1291 tre-

1957 1334 2213 1388 moreque
2255 1331 2512 1391 perpetuo
2551 1322 2791 1392 degunt,
2825 1335 2876 1377 et
2907 1324 2950 1376 si
2983 1325 3071 1392 qui
3105 1340 3169 1378 ex
3198 1326 3390 1379 amatis
3435 1341 3556 1378 mo-

1956 1413 2195 1480 riantur,
2246 1416 2416 1484 magis
2460 1430 2618 1483 quam
2669 1416 2950 1485 prOpinqui
2997 1426 3048 1469 et
3087 1417 3301 1485 Cognati
3343 1417 3556 1470 illorum

1955 1508 2156 1562 obitum
2190 1508 2391 1575 lugent.
2424 1509 2560 1575 Quid
2608 1525 2766 1579 porro
2813 1510 3173 1565 turbulentius
3219 1510 3558 1580 ferociusque

1956 1598 2239 1665 superbis?
2271 1598 2492 1665 Discite,
2523 1599 2693 1667 inquit
2712 1641 2726 1665 ,
2750 1617 2781 1651 a
2807 1617 2914 1663 me,
2943 1605 3060 1670 quia
3089 1601 3224 1655 mitis
3250 1618 3360 1655 sunt
3389 1612 3433 1656 et
3456 1601 3556 1654 ltu-

1956 1688 2090 1741 nn'lis
2115 1689 2286 1752 corde,
2318 1700 2363 1741 et
2386 1690 2642 1742 invenietis
2671 1693 2892 1758 requiem
2918 1691 3182 1744 animabus
3204 1695 3396 1746 vestris.
3432 1693 3560 1746 0m-

1957 1779 2102 1832 nium
2131 1781 2326 1849 quippe
2354 1779 2613 1835 bonorum
2645 1793 2816 1834 mater
2837 1792 2918 1836 est
2940 1783 3244 1837 clementia.
3277 1783 3353 1838 Ne
3383 1785 3557 1854 itaque

1957 1877 2147 1926 timeas
2170 1916 2182 1936 ,
2217 1888 2389 1942 neque
2431 1873 2639 1927 resilias
2665 1889 2691 1924 a
2716 1873 2843 1942 jugo
2873 1874 2966 1926 illo
2986 1914 3000 1936 ,
3033 1890 3138 1943 quo
3171 1875 3237 1930 ab
3271 1875 3352 1929 his
3379 1877 3557 1928 omni-

1958 1963 2057 2017 bus
2086 1962 2329 2031 eripiet-is
2355 1979 2381 2028 ;~
2403 1963 2496 2016 sed
2529 1962 2656 2017 illud
2690 1955 2938 2018 alacriler
2967 1966 3162 2019 subeas
3183 2005 3196 2028 ,
3229 1973 3285 2020 et
3315 1966 3430 2034 ejus
3461 1981 3557 2020 vo-

1958 2057 2211 2124 luptatem
2244 2064 2372 2109 tunc
2399 2057 2712 2124 experieris.
2736 2054 2922 2124 Neque
2946 2057 3086 2110 enim
3119 2057 3384 2111 cervit-cm
3414 2067 3556 2110 tuam

1957 2156 2178 2212 atteret,
2224 2145 2317 2202 sed
2359 2145 2481 2200 ideo
2517 2144 2826 2216 impositum
2867 2157 2985 2211 est,
3016 2158 3070 2200 ut
3101 2147 3275 2201 bonus
3315 2160 3561 2203 servetur

1957 2241 2110 2306 ordo,
2139 2250 2198 2294 ut
2237 2250 2288 2294 te
2317 2240 2580 2294 concinne
2613 2239 2862 2294 incedere
2917 2239 3130 2305 doceat,
3180 2250 3235 2294 et
3265 2242 3330 2295 ad
3360 2242 3558 2310 regiam

1959 2333 2096 2386 viam
2126 2331 2321 2396 ducat,
2355 2341 2515 2402 atque
2541 2347 2570 2384 a
2612 2331 2919 2399 przecipitiis
2958 2330 3084 2384 hinc
3114 2339 3168 2385 ct
3207 2330 3331 2385 inde
3372 2331 3560 2399 positis

1959 2425 2170 2489 liberet,
2199 2433 2255 2477 ut
2281 2433 2563 2491 angustam
2613 2423 2752 2475 viam
2786 2421 2941 2476 facile
2971 2421 3263 2476 emetiaris.
3297 2422 3558 2489 Quoniam

1960 2517 2119 2586 igitur
2146 2525 2224 2569 tot
2255 2524 2509 2581 tantaque
2534 2515 2669 2567 bona
2700 2513 3089 2577 subministrat,
3126 2523 3326 2568 tantam
3351 2515 3560 2569 securi-

1960 2619 2144 2669 tatem,
2166 2615 2365 2662 tantam
2391 2605 2650 2669 laetitiam,
2669 2614 2780 2660 toto
2802 2606 3005 2671 animo,
3028 2614 3247 2675 totoque
3264 2606 3440 2659 studio
3460 2604 3560 2658 hoc

1960 2703 2140 2771 iugum
2173 2698 2488 2760 trabamus;
2523 2706 2579 2751 ut
2605 2706 2660 2751 et
2688 2695 2776 2751 hic
2803 2697 3140 2752 inveniamus
3169 2696 3408 2765 requiem
3441 2697 3557 2748 ani-

1959 2794 2147 2846 mabus
2181 2791 2378 2844 nostris
2403 2831 2417 2851 ,
2469 2799 2521 2842 et
2555 2787 2732 2843 futura
2764 2805 3158 2859 consequamur
3189 2789 3326 2842 bona
3347 2828 3362 2853 ,
3395 2788 3562 2857 gratia

1958 2895 2012 2939 ct
2045 2883 2369 2953 benignitate
2401 2879 2610 2933 Domini
2644 2883 2812 2934 nostri
2855 2881 2981 2935 Jesu
3007 2880 3205 2934 Christi
3235 2920 3249 2944 ,
3279 2879 3362 2932 cui
3395 2879 3562 2948 gloria

1960 2988 2008 3031 et
2061 2976 2341 3044 imperium
2367 3014 2380 3040 ,
2415 2971 2556 3026 nunc
2583 2979 2638 3026 et
2665 2985 2915 3041 semper,
2945 2979 3001 3025 ct
3029 2969 3080 3023 in
3111 2970 3304 3024 smeula
3337 2967 3564 3023 saeculo-

1960 3083 2102 3122 rum.
2144 3067 2337 3121 Amen.

1418 3282 1754 3343 HOMILIA
1799 3283 2110 3344 XXXIX.
2157 3280 2243 3341 al.
2289 3277 2426 3339 XL.

247 3424 381 3480 Car.
419 3428 500 3480 Η..
537 3442 586 3479 v.
619 3427 671 3480 l.
719 3426 785 3479 In
826 3425 916 3480 illo
947 3435 1170 3495 tempore
1199 3427 1319 3478 abiit
1347 3424 1501 3479 Jesus
1528 3425 1735 3479 sabbato
1765 3443 1854 3496 per

323 3530 435 3574 sata
467 3537 485 3573 :
535 3519 775 3589 discipuli
814 3529 981 3571 autem
1013 3520 1121 3588 ejus
1152 3519 1424 3571 esurientes
1468 3526 1724 3587 cceperunt
1755 3517 1850 3569 vcl-

325 3613 428 3666 lere
457 3613 626 3681 spicas
646 3601 693 3665 ἓι
716 3611 1042 3664 manducare.
1073 3610 1128 3663 2.
1169 3609 1422 3663 Pliarisa'i
1443 3619 1610 3663 autem
1636 3609 1858 3663 videntes

329 3704 568 3757 dixerunt
597 3705 639 3757 ei
665 3719 683 3757 :
718 3703 846 3757 Ecce
875 3703 1112 3772 discipuli
1140 3703 1212 3755 tui
1233 3703 1426 3773 faciunt
1454 3702 1589 3770 quod
1619 3719 1718 3755 non
1748 3702 1859 3754 licet

327 3798 496 3864 facere
541 3796 591 3848 in.
627 3795 853 3849 sabbato.
879 3795 932 3847 3.
974 3792 1120 3846 Dixit
1157 3803 1324 3845 autem
1351 3793 1420 3844 cis
1445 3810 1462 3844 :
1495 3790 1613 3844 Non
1671 3792 1859 3861 lrgislis

326 3888 452 3954 quid
479 3887 650 3956 fecerit
684 3887 850 3940 David
889 3903 1002 3939 cum
1027 3886 1228 3940 csurivit
1268 3885 1376 3954 ipse
1403 3893 1447 3937 et
1487 3885 1571 3952 qui
1612 3900 1726 3936 ciant
1767 3885 1856 3936 illo

325 3977 515 4032 crant?
539 3978 592 4033 4.
619 3976 870 4047 quomodo
922 3977 1176 4046 ingressus
1217 3985 1290 4029 est
1319 3975 1370 4027 in
1403 3975 1608 4027 domum
1665 3972 1784 4039 Dei,
1815 3982 1861 4026 et

328 4085 483 4139 panes
510 4067 867 4139 propositionis
894 4065 1129 4128 comedit,
1153 4081 1278 4135 quos
1306 4081 1409 4118 non
1439 4064 1619 4117 licebat
1647 4066 1692 4118 ei
1721 4080 1860 4116 rom-

328 4160 495 4224 cdere,
537 4175 694 4229 neque
717 4159 780 4211 iis
804 4157 890 4225 qui
925 4172 1039 4209 cum
1067 4156 1156 4209 illo
1181 4164 1322 4208 erant
1344 4195 1359 4221 ,
1400 4153 1489 4208 sed
1524 4154 1645 4208 solis
1688 4169 1860 4207 sacer-

330 4249 580 4303 doubus?

332 4341 358 4395 1
373 4381 385 4392 .
403 4340 636 4393 Christus
648 4338 897 4408 quomodo
912 4338 1172 4391 sabbatum
1195 4335 1612 4390 solrit.-—-Lucas
1625 4350 1754 4390 vero
1767 4335 1859 4388 ait:

260 4431 288 4486 1
296 4449 328 4484 ιι
347 4431 553 4484 sabbato
568 4430 788 4483 secundo
808 4430 970 4498 primo
987 4428 1062 4498 (a)
1083 4427 1232 4496 (Luc.
1253 4427 1388 4496 6.l).
1422 4426 1558 4492 Quid
1582 4435 1758 4480 autem
1784 4433 1866 4479 est

262 4522 558 4577 secundum
589 4519 855 4589 primum?
895 4519 1118 4587 Quando
1146 4517 1388 4588 duplices
1416 4517 1563 4572 feria:
1589 4526 1742 4572 erant
1763 4559 1776 4580 ,
1805 4526 1861 4572 et

263 4611 472 4668 sabbati
518 4609 755 4678 proprii.
792 4620 843 4664 et
871 4611 1089 4664 alterius
1117 4607 1237 4663 festi
1270 4610 1627 4663 succedentis.
1662 4608 1866 4662 Sabbu-

267 4712 379 4757 tttm
409 4705 550 4757 enim
582 4703 844 4772 quaslibet
901 4701 1056 4755 ferias
1097 4711 1150 4754 ct
1205 4701 1438 4770 quietem
1497 4699 1859 4769 appellabant.

272 4795 338 4850 Et
364 4812 458 4850 cur
481 4796 603 4850 illnc
632 4811 726 4850 eos
749 4795 921 4860 duxit,
947 4795 1034 4863 qui
1064 4793 1240 4846 omnia
1273 4791 1610 4861 przesciebat,
1642 4792 1740 4845 nisi
1775 4807 1864 4844 vo-

270 4885 457 4940 luisset
487 4886 618 4938 Solvi
645 4885 958 4940 Sabbatum?
991 4884 1210 4938 Volebat
1229 4882 1466 4952 quidem,
1492 4881 1584 4936 sed
1615 4898 1718 4936 non
1749 4882 1865 4936 sine

269 4989 468 5036 Causa;
513 4974 736 5040 ideoque
777 4989 1065 5044 numquam
1107 4977 1222 5028 sine
1256 4988 1419 5028 causa
1461 4973 1622 5027 solvit
1666 4974 1864 5041 ipsum,

271 5066 366 5120 sed
406 5081 473 5119 ex
522 5066 803 5120 occasione
844 5065 1072 5136 quadam
1121 5064 1472 5133 congruenti;
1507 5073 1563 5116 ιιι
1607 5072 1661 5118 et
1695 5064 1863 5132 legem

272 5159 650 5229 abrogaret,et
671 5158 740 5212 illi
761 5173 866 5212 non
885 5157 1298 5212 oﬂendercntur.
1320 5156 1412 5211 Est
1429 5157 1589 5211 etiam
1609 5172 1726 5210 cum
1747 5155 1870 5210 illud

274 5250 465 5311 solvit,
503 5248 648 5301 nulla
697 5248 874 5302 oblata
905 5249 1223 5310 occasione;
1259 5257 1315 5300 ut
1345 5262 1463 5301 cum
1513 5247 1697 5301 oculos
1744 5247 1870 5300 caeci

276 5339 392 5393 luto
441 5339 681 5404 inunxit;
714 5348 767 5394 et
808 5354 928 5394 cum
959 5339 1089 5393 dicit
1116 5355 1130 5392 :
1168 5337 1320 5390 Pater
1367 5355 1507 5391 meus
1539 5355 1694 5408 usque
1723 5339 1871 5391 modo

275 5441 549 5498 cperatnr,
581 5441 626 5484 et
653 5446 949 5500 cgoaperor
981 5427 1174 5500 (Joau.
1204 5430 1257 5483 5.
1291 5429 1378 5497 7).
1415 5429 1546 5484 Illud
1575 5445 1704 5482 vero
1751 5430 1875 5483 facit

278 5531 392 5576 tum
419 5532 475 5575 ut
500 5520 601 5576 hoc
628 5522 788 5578 modo
812 5521 1075 5593 glorificet
1101 5521 1313 5577 Patrem
1343 5536 1497 5576 suum
1519 5564 1533 5590 ,
1568 5532 1675 5576 tum
1705 5533 1763 5577 ut
1785 5524 1872 5577 illa

342 5681 416 5743 (a)
447 5679 526 5730 De
546 5680 750 5730 sabbato
769 5680 988 5743 secundo
1007 5681 1162 5742 primo
1173 5691 1346 5743 magna
1368 5676 1634 5743 etdiftleilis
1649 5685 1727 5743 est
1745 5692 1875 5743 qua:-

276 5737 562 5803 stio,'quam
585 5743 696 5792 vide
717 5741 842 5803 apud
873 5737 1169 5803 Scaligerum
1211 5737 1278 5790 in'
1290 5739 1471 5803 Canon.
1498 5740 1688 5803 lsagog.
1715 5737 1798 5789 lib.
1822 5743 1872 5803 3,

278 5758 396 5800 ιιιι),
417 5758 562 5791 tuam
585 5758 696 5792 vtae
717 5758 842 5803 apua
873 5758 988 5792 502"
1028 5758 1169 5791 erum
1211 5758 1259 5790 In
1290 5758 1471 5790 utnon.
1498 5758 1513 5788 ι
1533 5758 1556 5766 "
1608 5758 1688 5801 0g.
1715 5758 1754 5788 Ill

278 5820 332 5872 p.
357 5758 468 5864 sai.
490 5803 521 5854 9
540 5803 659 5855 edit.
685 5812 737 5855 et
758 5806 808 5854 in
827 5758 1025 5868 εἵπορᾶ
1041 5801 1327 5854 Critieorum
1349 5801 1406 5852 ad
1429 5758 1754 5852 hunbcdfocutu.

1963 3424 2172 3478 ratione
2215 3420 2566 3477 imbecillitati
2621 3417 2866 3473 consulat
2921 3414 3255 3471 Jndmorum.
3317 3416 3371 3469 ld
3427 3415 3568 3484 quod

1965 3516 2123 3570 etiam
2148 3514 2248 3568 hoc
2270 3513 2390 3567 loco
2413 3511 2558 3574 facit,
2585 3519 2792 3563 natura:
2820 3508 3198 3562 necessitatem
3226 3507 3526 3562 obtendens
3553 3525 3566 3561 :

1963 3621 2286 3676 quamquam
2308 3619 2519 3670 eorum,
2543 3619 2660 3672 qna-
2685 3611 2902 3671 peccata
2933 3615 3054 3654 esse
3085 3600 3137 3653 in
3169 3598 3418 3654 confesso
3461 3608 3567 3664 est,

1966 3700 2104 3753 milia
2138 3699 2305 3770 possit
2325 3712 2448 3753 esse
2472 3694 2738 3751 defensio.
2765 3692 2949 3762 Neque
2972 3691 3116 3746 enim
3141 3690 3409 3745 homicida
3433 3691 3566 3746 iram

1966 3791 2017 3842 in
2066 3790 2464 3844 excusationem
2513 3786 2809 3840 obtendere
2855 3784 3056 3851 possit,
3106 3798 3281 3851 neque
3324 3783 3579 3841 moechus

1965 3878 2452 3947 concupiscentiam
2475 3918 2490 3941 ,
2526 3889 2700 3942 neque
2731 3873 2891 3926 aliam
2923 3872 3169 3940 quamvis
3195 3887 3411 3926 causam
3437 3891 3452 3926 :
3486 3872 3576 3927 hic

1965 3988 2094 4026 vero
2116 3987 2237 4024 cum
2263 3968 2456 4022 famem
2481 3967 2696 4035 objccit,
2723 3965 2869 4018 omni
2893 3965 3012 4018 illos
3043 3963 3274 4019 crimine
3298 3964 3566 4019 liberavit.

1967 4062 2048 4118 Tu
2082 4077 2210 4116 vero
2257 4060 2385 4114 mihi
2418 4059 2504 4112 hic
2549 4056 2842 4124 discipulos
2896 4058 3115 4120 mirare,
3151 4057 3230 4111 sic
3267 4069 3491 4127 egentes
3518 4067 3573 4113 et

1969 4155 2168 4208 nullam
2194 4164 2573 4219 corporearum
2615 4163 2793 4202 rerum
2826 4163 3009 4201 curam
3043 4147 3342 4215 habentes;
3372 4150 3465 4204 sed
3498 4150 3571 4206 ita

1970 4243 2331 4312 perfunctorie
2359 4254 2597 4294 mensam
2621 4249 2965 4308 apparantes,
2995 4247 3051 4292 ut
3078 4237 3219 4294 fame
3247 4241 3565 4318 plerumque

1971 4341 2347 4404 premerentur
2368 4375 2382 4397 ,
2426 4346 2526 4385 nec
2554 4339 2732 4384 tamen
2765 4330 2843 4384 sic
2881 4330 3244 4385 discederent.
3277 4331 3389 4386 Nisi
3419 4335 3562 4387 enim

1973 4425 2142 4479 fames
2179 4423 2299 4478 illos
2329 4421 2641 4477 admodum-
2667 4421 2984 4486 invasisset,
3022 4437 3125 4474 non
3165 4422 3214 4477 id
3261 4425 3446 4492 utique
3477 4426 3559 4477 l‘a-

1971 4517 2106 4571 ctnri
2135 4524 2307 4570 erant.
2341 4512 2474 4580 Quid
2509 4512 2666 4580 igitur
2701 4509 2957 4565 Pltarismi
2981 4513 3004 4564 Ἰ
3037 4510 3093 4565 Id
3135 4510 3372 4566 Videntes
3417 4513 3568 4567 diae-

1972 4618 2088 4662 runt
2119 4597 2174 4660 ei
2203 4623 2220 4662 :
2272 4605 2403 4659 Ecce
2445 4604 2686 4672 discipuli
2713 4603 2786 4657 tui
2819 4605 3014 4674 faciunt
3056 4605 3191 4673 quod
3220 4621 3321 4658 non
3352 4607 3464 4660 licet
3492 4610 3579 4676 fa-

1972 4718 2084 4755 cere
2105 4701 2154 4752 in
2194 4699 2422 4752 sabbato.
2454 4695 2551 4750 llic
2576 4711 2737 4764 porro
2767 4712 2872 4749 non
2902 4695 3193 4749 admodum
3221 4695 3579 4754 vehementes

1974 4795 2117 4846 sunt.
2151 4784 2251 4839 etsi
2279 4783 2330 4836 id
2360 4795 2446 4836 res
2473 4781 2694 4850 exigere
2722 4779 2997 4834 videretur
3021 4796 3036 4845 ;
3068 4789 3306 4834 attamen
3353 4795 3458 4835 non
3482 4781 3578 4836 ad-

1976 4877 2192 4930 modum
2225 4874 2425 4928 incensi
2455 4881 2600 4936 sunt,
2632 4871 2728 4925 sed
2766 4870 3088 4940 simpliciter
3123 4881 3403 4928 accusant.
3434 4873 3566 4926 Cum

1976 4979 2153 5023 autem
2204 4982 2420 5022 manum
2450 4964 2655 5018 aridam
2703 4962 2948 5018 extendit
2987 4971 3042 5017 et
3066 4963 3276 5016 sanavit
3302 5003 3318 5029 ,
3349 4972 3475 5016 tunc
3505 4963 3576 5018 ita

1976 5061 2182 5117 elTerati
2221 5067 2364 5122 sunt,
2397 5069 2450 5112 ut
2483 5058 2646 5112 etiam
2675 5057 2741 5110 de
2772 5070 2904 5109 nece
2931 5055 3033 5124 ipsi
3068 5054 3344 5109 inferenda
3371 5054 3579 5110 delibe-

1978 5163 2178 5208 rarent.
2211 5151 2310 5208 Ubi
2335 5150 2478 5204 enim
2503 5149 2634 5203 nihil
2662 5148 2855 5201 mirum
2882 5146 3078 5217 agitur,
3108 5147 3402 5215 quietiores
3421 5158 3578 5211 sunt:

1978 5248 2066 5302 ubi
2089 5262 2213 5300 vero
2236 5244 2495 5316 quosdam
2515 5243 2700 5298 vident
2728 5242 2918 5298 morbo
2945 5242 3171 5307 levatos,
3199 5242 3470 5298 ferociunt
3496 5253 3576 5298 at.

1977 5353 2082 5408 que
2114 5333 2784 5403 turbantur,omniumque
2801 5333 3348 5387 suntmolestissimi:
3380 5333 3450 5387 ita
3481 5332 3577 5387 hev

1979 5429 2179 5482 minum
2210 5426 2364 5480 saluti
2390 5424 2647 5480 invident.
2670 5423 2788 5490 Quo
2812 5433 2967 5494 pacto
2985 5431 3163 5479 autem
3185 5422 3342 5478 Jesus
3365 5423 3580 5478 illorum

1979 5518 2346 5574 defensionem
2401 5515 2656 5585 suscipit?
2689 5513 2811 5568 Non
2855 5515 3083 5585 legistis,
3114 5515 3184 5568 ait
3207 5557 3221 5580 ,
3251 5515 3375 5584 quid
3405 5516 3582 5585 fecerit

1980 5608 2150 5663 David
2181 5610 2231 5662 in
2260 5607 2446 5676 tentplo
2467 5649 2483 5672 ,
2529 5606 2734 5676 quando
2775 5607 2979 5661 esurivit
3025 5609 3134 5674 ipse
3163 5616 3210 5661 et
3256 5608 3340 5676 qui
3367 5624 3480 5660 cum
3519 5623 3577 5661 eo

1979 5700 2163 5755 erant?
2189 5699 2440 5772 quomodo
2460 5697 2720 5751 intraverit
2741 5699 2793 5751 in
2820 5699 3028 5751 domum
3051 5697 3166 5764 Dei,
3192 5707 3238 5751 et
3269 5714 3424 5768 panes
3454 5714 3576 5764 pro-

1980 5793 2241 5865 positionis
2254 5789 2552 5856 comederit,
2583 5804 2708 5858 quos
2722 5806 2819 5843 non
2847 5787 3028 5842 licebat
3054 5791 3096 5842 ii
3117 5791 3397 5856 comedere,
3419 5804 3576 5860 neque
