4104 6308
557 362 661 419 455

559 478 621 530 iis
646 475 728 543 qui
752 489 860 527 cum
888 487 943 525 eo
970 480 1133 532 erant,
1159 467 1257 522 nisi
1279 467 1398 521 solis
1422 461 1766 520 sacerdotibus
1786 460 1830 529 (Ι
1847 457 1992 527 .Reg.
2011 452 2131 524 ων

564 570 693 623 Nam
744 580 863 619 cum
911 580 1008 631 pro
1048 562 1322 631 discipulis
1373 571 1587 613 causam
1614 554 1763 619 dicit,
1800 548 2052 606 Davidem
2084 548 2137 599 in

561 660 795 714 medium
834 656 1088 721 adducit;
1150 650 1363 722 quando
1410 658 1590 704 autem
1637 660 1731 716 pro
1781 644 1992 711 seipse,
2047 637 2138 692 Pa-

563 762 699 806 trem
750 757 1031 805 memorat.
1078 747 1157 800 Ac
1183 742 1303 798 vide
1334 757 1492 811 quam
1536 739 1746 802 acriter,
1776 733 1896 788 Non
1927 731 2134 803 legistis,

562 842 753 913 inquit,
778 840 898 911 quid
921 836 1092 908 fecerit
1118 834 1279 889 David
1296 835 1322 885 .’
1349 834 1531 903 Magna
1552 830 1747 901 quippe
1771 836 1885 882 erat
1912 823 2139 913 pmphef

564 912 820 998 uchnjns
858 925 1215 989 existimatio;
1246 924 1317 979 ita
1349 934 1404 977 ut
1436 929 1618 992 postea
1642 918 1829 973 Petrus
1856 930 1977 970 cum
2000 912 2139 982 apud

560 1020 774 1075 iudices
800 1032 919 1071 sese
946 1015 1255 1070 defenderet
1278 1053 1292 1077 ,
1333 1014 1402 1065 ita
1430 1011 1667 1065 diceret:
1704 1006 1841 1061 Licet
1868 1005 1935 1058 ad
1964 1021 2047 1058 vos
2078 1002 2142 1055 ti-

564 1112 676 1164 bere
701 1108 762 1161 de
793 1108 1080 1175 patriarcha
1111 1100 1275 1158 Dauid
1315 1103 1511 1165 dicere,
1558 1098 1797 1171 quoniam
1841 1096 1962 1149 obiit
1988 1104 2033 1148 et
2059 1109 2138 1147 se-

565 1202 737 1270 pultus
764 1192 832 1254 est
858 1202 873 1269 (
897 1202 1007 1252 Act.
1029 1199 1082 1251 2.
1115 1196 1182 1250 29
1205 1198 1243 1265 ).
1278 1196 1383 1250 Cur
1409 1204 1583 1249 autem
1611 1206 1731 1247 cum
1763 1189 1880 1259 ejus
1909 1188 2142 1243 mentio-

565 1309 687 1349 nem
720 1304 828 1347 tum
872 1293 955 1347 hic
984 1302 1093 1344 tum
1125 1297 1309 1361 postea
1352 1288 1515 1351 facit,
1548 1284 1857 1355 dignitatem
1889 1281 2004 1349 ejus
2034 1292 2139 1333 non

564 1386 986 1442 commemorat?
1019 1383 1177 1438 Forte
1202 1382 1323 1450 quia
1368 1395 1437 1434 ex
1479 1378 1570 1433 illo
1608 1390 1777 1447 genus
1805 1371 2049 1427 ducebat.
2083 1368 2140 1424 Si

566 1478 665 1531 viri
696 1476 842 1545 probi
875 1473 1319 1544 indulgentesqtte
1346 1470 1602 1532 fuissent,
1635 1464 1787 1519 famis
1813 1475 2025 1517 causam
2056 1460 2138 1514 in-

569 1570 829 1625 ducturus
859 1576 970 1621 erat
991 1584 1005 1630 ;
1029 1566 1148 1635 quia
1179 1576 1305 1617 vero
1332 1558 1546 1615 scelesti
1566 1554 1946 1623 inhumanique
1968 1557 2140 1617 erant,

569 1659 841 1713 historiam
884 1656 989 1709 illis
1036 1654 1216 1707 refert.
1258 1650 1465 1705 Marcus
1510 1655 1686 1702 autem
1728 1644 1827 1700 sub
1858 1643 2143 1699 Abiathare

569 1748 842 1803 sacerdote
883 1746 931 1798 id
960 1744 1153 1798 factum
1183 1741 1349 1806 dicit,
1383 1754 1487 1793 non
1518 1734 1862 1807 repugnantia
1908 1732 2142 1787 historite

568 1836 785 1900 dicens,
817 1834 910 1890 sed
954 1832 1241 1887 ostendens
1271 1831 1417 1885 illum
1464 1828 1786 1882 binominem
1820 1823 1982 1878 fuisse
2002 1862 2015 1889 ,
2046 1821 2143 1876 ad-

568 1928 747 1996 ditque
770 1927 940 1996 ipsum
963 1926 1011 1978 ei
1037 1937 1196 1993 panes
1223 1921 1435 1977 dedisse
1468 1919 1486 1991 (
1513 1918 1678 1972 Marc.
1705 1916 1759 1970 2.
1790 1914 1859 1970 26
1878 1915 1897 1986 )
1918 1955 1933 1979 ,
1961 1914 2143 1968 simul-

571 2033 675 2086 que
724 2031 967 2086 magnam
1013 2013 1241 2068 aﬂerens
1286 2010 1657 2081 purgationem
1680 2048 1695 2073 ,
1725 2004 1865 2077 quod
1894 2002 2146 2060 sacerdos

570 2108 620 2163 id
654 2108 1012 2177 permisisset;
1046 2118 1143 2159 nec
1170 2103 1329 2157 modo
1357 2100 1704 2171 permisisset,
1732 2096 1827 2153 sed
1853 2096 2011 2151 etiam
2043 2095 2145 2149 mi-

570 2198 867 2252 nistrasset.
897 2196 1009 2251 Nec
1060 2194 1189 2248 mihi
1219 2193 1365 2247 dicas
1385 2232 1400 2257 ,
1438 2188 1689 2245 Davidem
1721 2187 1885 2241 fuisse
1915 2185 2147 2255 prephe-

572 2299 677 2343 tam
700 2306 713 2341 :
742 2302 860 2341 nam
886 2300 1054 2355 neque
1075 2285 1152 2339 sic
1173 2282 1383 2347 licebat,
1408 2280 1499 2335 sed
1523 2292 1689 2350 penes
1707 2275 2013 2331 sacerdotes
2036 2273 2148 2328 hinc

568 2375 918 2449 prterogativa
942 2385 1057 2430 erat
1088 2392 1100 2429 :
1129 2373 1327 2427 idcirco
1356 2369 1596 2435 addidit,
1630 2367 1749 2422 Nisi
1776 2366 1898 2420 solis
1917 2364 2150 2419 sacerdo-

569 2468 721 2523 tibus.
739 2466 960 2522 Etiamsi
980 2465 1121 2521 enim
1144 2461 1403 2533 propheta
1421 2468 1586 2527 esset,
1606 2474 1711 2514 non
1731 2456 1982 2512 sacerdos
2002 2463 2147 2520 erat;

569 2558 681 2614 imo
696 2551 904 2613 etiamsi
923 2555 1180 2626 prepbeta
1198 2562 1357 2617 esset,
1380 2559 1434 2605 at
1449 2566 1554 2605 non
1572 2550 1607 2604 ii
1624 2549 1713 2619 qui
1731 2562 1852 2603 cum
1872 2547 1962 2601 illo
1977 2555 2149 2610 erant;

571 2663 694 2703 nam
721 2656 775 2703 et
796 2646 898 2701 illis
918 2660 1130 2715 quoque
1150 2657 1343 2713 panem
1363 2640 1529 2697 dedit.
1559 2638 1694 2706 Quid
1715 2639 1895 2707 igitur,
1922 2636 2148 2706 inquies,

573 2753 795 2809 paresne
824 2746 973 2793 erant
1002 2737 1075 2790 illi
1108 2733 1335 2789 Davisii?
1362 2731 1498 2801 Quid
1530 2730 1659 2793 mihi
1691 2730 2000 2799 dignitatem
2034 2741 2149 2782 me-

568 2843 768 2894 moras,
795 2828 883 2882 ubi
915 2827 1045 2898 legis
1071 2824 1424 2897 transgressio
1449 2837 1569 2879 esse
1597 2830 1834 2892 putatur,
1863 2830 1917 2874 et
1941 2828 2153 2874 natura-

572 2919 638 2973 lis
664 2906 825 2973 instat
847 2916 1136 2971 necessitas
1166 2916 1183 2947 ⁸
1206 2914 1229 2971 ἲ
1256 2913 1465 2968 Etenim
1491 2912 1590 2967 hac
1614 2911 1818 2965 ratione
1843 2910 2012 2979 magis
2034 2909 2154 2963 illos

569 3025 599 3065 a
627 3010 848 3067 crimine
872 3016 1094 3080 purgat,
1122 3022 1245 3063 cum
1269 3007 1313 3060 is
1332 3006 1421 3077 qui
1445 3004 1615 3071 maior
1642 3012 1726 3059 est
1746 3002 1975 3071 idipsum
2006 2999 2150 3055 fecit.

638 3102 693 3156 Ξ.
726 3101 793 3156 Et
811 3100 939 3171 quid
964 3100 1085 3164 hoc,
1119 3098 1349 3169 inquies,
1378 3094 1444 3152 ad
1470 3094 1860 3165 quaestionem?
1884 3108 1986 3146 non
2012 3092 2152 3147 enim

573 3194 663 3249 ille
686 3192 964 3247 sabbatum
993 3200 1356 3257 transgressus
1382 3195 1485 3241 est.
1519 3184 1684 3252 Majus
1710 3193 1855 3239 certe
1885 3182 2154 3253 quidpiam

571 3281 705 3337 dicis
728 3320 742 3343 .
776 3278 917 3350 quod
945 3277 1142 3331 Christi
1169 3275 1482 3345 sapientiam
1513 3272 1864 3339 demonstrat,
1893 3273 2015 3342 quia
2044 3271 2154 3337 ille,

573 3372 737 3425 misso
764 3368 1005 3432 sabbato,
1035 3364 1177 3422 aliud
1199 3364 1505 3434 exemplum
1532 3362 1687 3419 affert
1710 3364 1933 3418 sabbato
1960 3362 2154 3431 majus.

576 3460 690 3516 Non
718 3460 861 3515 enim
886 3458 1089 3528 aequale
1112 3464 1249 3520 erat,
1275 3455 1416 3511 diem
1444 3455 1586 3509 illam
1613 3455 1834 3520 violare,
1866 3462 1921 3510 et
1946 3469 2153 3509 sacram

580 3551 724 3605 illam
758 3563 996 3605 mensam
1023 3549 1307 3618 attingere,
1325 3560 1484 3617 quam
1513 3543 1659 3599 adire
1689 3545 1887 3599 nemini
1916 3546 1993 3598 fas
2019 3553 2153 3598 erat.

581 3641 713 3696 Nam
742 3640 1018 3697 sabbatum
1051 3653 1193 3708 sape
1221 3637 1452 3693 solutum
1485 3636 1599 3701 fuit,
1626 3636 1732 3689 imo
1764 3650 1975 3705 semper
2004 3635 2162 3689 solvi-

579 3741 684 3797 tur,
716 3741 772 3786 et
799 3732 851 3785 in
881 3730 1307 3793 circumcisione,
1338 3736 1391 3782 et
1416 3728 1468 3781 in
1495 3728 1612 3780 aliis
1641 3725 1883 3795 plurimis
1912 3725 2160 3795 operibus

580 3822 777 3893 (Num.
808 3822 896 3878 28.
930 3822 1000 3891 9)
1034 3840 1048 3876 :
1085 3831 1141 3875 et
1168 3820 1221 3873 in
1247 3818 1461 3873 lericbo
1489 3818 1717 3887 idipsum
1750 3816 1945 3871 factum
1980 3815 2160 3871 videre

578 3924 661 3971 est
685 3915 705 3981 (
720 3915 877 3969 Josue
925 3912 980 3967 6.
1010 3911 1080 3982 ι)
1106 3926 1120 3965 :
1152 3911 1255 3966 hoc
1278 3918 1455 3965 autem
1482 3919 1608 3964 tunc
1634 3911 1804 3964 solum
1836 3908 2029 3963 factum
2056 3917 2157 3962 est.

579 4007 756 4075 Quare
780 4020 810 4059 a
841 4002 1029 4074 majori
1057 4000 1303 4071 exemplo
1332 4014 1419 4055 res
1449 4000 1731 4055 evincitur.
1764 3999 1877 4056 Car
1904 4014 2032 4069 ergo
2064 4013 2158 4053 ne-

582 4114 670 4155 mo
701 4098 953 4154 Davidem
979 4095 1284 4162 accusavit,
1311 4095 1519 4149 etiamsi
1550 4095 1652 4148 alia
1682 4094 1854 4165 major
1878 4092 2161 4149 accusandi

582 4191 799 4246 materia
843 4189 1087 4255 adesset,
1120 4188 1189 4242 ob
1235 4185 1571 4241 sacerdotum
1604 4185 1805 4239 curdem
1831 4226 1844 4246 ,
1895 4199 2015 4254 quae
2042 4183 2165 4239 inde

582 4282 857 4339 exordium
889 4278 1155 4334 duxerat?
1198 4276 1398 4331 Verum
1428 4274 1557 4329 illud
1600 4289 1706 4328 non
1747 4284 2011 4328 memorat
2037 4276 2125 4329 ille
2149 4315 2163 4337 ,

583 4372 678 4429 sed
700 4372 752 4426 in
775 4386 835 4425 re
857 4369 1123 4438 proposita
1150 4368 1412 4423 consistit.
1444 4365 1647 4420 Deinde
1670 4374 1846 4420 autem
1874 4365 1981 4419 alio
2008 4364 2169 4419 modo

584 4461 1006 4519 criminationem
1056 4460 1232 4513 solvit.
1267 4456 1421 4511 initio
1459 4456 1655 4525 quippe
1688 4453 1940 4509 Davidem
1973 4455 2025 4508 in
2056 4469 2167 4508 me-

586 4553 729 4609 dium
752 4552 991 4617 adduxit,
1021 4550 1136 4621 ejus
1162 4564 1403 4621 personae
1430 4548 1685 4618 dignitate
1714 4548 2073 4617 arrogantiam
2106 4547 2168 4600 il-

587 4645 759 4699 lorum
787 4643 1121 4713 reprimens;
1148 4651 1427 4711 postquam
1454 4648 1630 4693 autem
1660 4639 1780 4693 illos
1811 4648 2164 4709 represserat,

588 4737 997 4806 superbiamque
1043 4734 1256 4787 illorum
1298 4738 1642 4796 coercuerat,
1687 4739 1809 4785 tunc
1837 4730 2003 4800 magis
2048 4730 2163 4784 ido-

590 4842 741 4882 neam
783 4826 936 4882 aﬂ'ert
982 4826 1324 4881 solutionem.
1354 4823 1609 4890 Quisnam
1642 4822 1729 4877 illa
1772 4824 1920 4877 erat?
1950 4824 2003 4879 5.
2052 4822 2164 4876 Ne-

590 4921 725 4975 scitis
742 4919 979 4987 quoniam
1001 4918 1052 4970 in
1081 4916 1265 4985 templo
1294 4913 1578 4969 sacerdotes
1603 4912 1861 4967 sabbatum
1888 4915 2097 4980 uiolant,
2120 4924 2167 4968 et

588 5010 697 5063 sine
736 5009 943 5061 crimine
968 5008 1122 5060 sunt?
1165 5006 1276 5061 lllic
1299 5047 1313 5071 ,
1347 5004 1515 5074 inquit
1541 5045 1555 5068 ,
1588 5003 1801 5058 occasio
1827 5018 1938 5059 rem
1968 5005 2121 5059 solvit
2150 5023 2164 5071 ;

593 5100 678 5155 hic
699 5113 827 5154 vero
851 5098 1001 5154 adest
1020 5099 1135 5153 sine
1164 5096 1444 5151 occasione
1471 5096 1689 5151 solutio.
1718 5096 1823 5151 Sed
1851 5112 1955 5151 non
1986 5099 2164 5152 statim

590 5200 657 5245 ita
689 5190 883 5255 solvit;
912 5204 1097 5245 verum
1126 5191 1297 5259 primo
1326 5188 1474 5258 quasi
1504 5202 1618 5243 rem
1646 5187 1799 5242 venia
1830 5187 2041 5258 dignam
2074 5206 2168 5257 po-

591 5287 703 5352 nit,
746 5283 926 5355 poStea
972 5300 1106 5340 vero
1150 5283 1338 5338 fortius
1384 5282 1565 5338 instat.
1611 5282 1743 5337 Nam
1770 5282 1913 5353 quod
1945 5283 2169 5340 validius

590 5390 721 5443 erat,
753 5387 1022 5446 postremo
1049 5375 1377 5431 afferendum
1409 5375 1524 5440 fuit,
1557 5375 1765 5430 etiamsi
1797 5374 1848 5429 id
1878 5374 2017 5445 quod
2060 5376 2168 5445 pri-

591 5484 736 5522 mum
764 5469 979 5523 allatum
1008 5478 1124 5532 est,
1158 5468 1261 5521 vim
1293 5480 1443 5521 suam
1488 5465 1727 5520 haberet.
1756 5464 1834 5520 Ne
1866 5465 1994 5520 mihi
2025 5466 2165 5520 enim

589 5557 770 5623 dicas,
818 5557 869 5610 id
918 5574 1021 5612 non
1066 5572 1184 5614 esse
1225 5572 1255 5611 a
1280 5557 1503 5611 crimine
1534 5555 1751 5612 liberari
1779 5598 1794 5625 ,
1822 5571 1917 5628 par
1948 5557 2168 5613 alterius

653 5736 669 5766 ι
683 5729 1050 5799 ιερεθῃιωηυὺ
1074 5734 1306 5787 naturalis
1325 5734 1464 5787 instet
1488 5734 1757 5787 necessitas.

1268 352 1328 408 S.
1367 344 1643 407 JOANNIS
1692 335 2168 401 ειιιηεοετοω
2220 334 2537 393 ARCIIIEP.
2579 335 3114 394 CONSTANTINOP.

3729 333 3840 391 ΕΒ

2246 453 2448 508 crimen
2482 454 2533 507 in
2567 453 2798 508 medium
2842 451 3055 506 afferre.
3097 450 3229 506 Nam
3257 450 3471 519 quando
3501 450 3545 504 is
3573 449 3660 520 qui
3711 450 3835 506 fecit

2247 559 2349 598 non
2381 553 2689 607 accusatur,
2724 552 2847 598 tunc
2875 542 2927 596 id
2960 543 3011 595 in
3054 541 3423 597 defensionem
3453 542 3699 611 usurpari
3732 556 3833 612 po-

2245 644 2368 690 test.
2400 635 2594 690 Verum
2627 636 2717 689 illo
2748 649 2852 688 non
2880 642 3168 689 contentus
3198 631 3335 698 fuit,
3367 632 3460 687 sed
3493 633 3635 701 quod
3666 635 3836 703 magis

2245 735 2658 781 consentaneum
2703 732 2785 779 est
2827 722 2982 778 affert
3004 763 3020 789 ,
3053 722 3239 777 dicens
3272 721 3324 777 id
3352 722 3491 792 quod
3526 722 3722 776 factum
3754 732 3841 777 est

2246 833 2350 871 non
2375 830 2489 871 esse
2509 824 2787 887 peccatum
2813 831 2825 867 :
2856 813 2996 883 quod
3025 812 3331 881 conspicua:
3358 812 3597 867 victoria
3623 812 3836 881 signum

2245 916 2359 964 erat
2382 947 2399 974 ,
2427 921 2547 962 cum
2592 904 2897 963 ostenderet
2927 919 2987 960 se
3030 904 3200 974 legem
3232 904 3457 959 solvisse
3478 944 3493 969 ,
3529 904 3637 957 imo
3668 901 3727 957 id
3754 902 3842 957 bis

2246 1002 2437 1057 iecisse
2461 1043 2475 1066 ,
2510 1010 2619 1055 tum
2656 1014 2687 1053 a
2732 1000 2851 1055 loco
2875 1040 2890 1063 ,
2924 1007 3036 1053 tum
3066 1012 3095 1050 a
3123 988 3390 1061 sabbato;
3433 998 3561 1067 quin
3592 996 3753 1051 etiam
3779 1002 3840 1049 et

2249 1104 2330 1151 ter
2356 1095 2541 1150 fecisse
2562 1134 2577 1161 ,
2610 1092 2753 1163 quod
2782 1093 2981 1162 duplex
3008 1105 3142 1161 opus
3169 1091 3363 1145 factum
3392 1100 3573 1155 esset,
3609 1099 3664 1145 et
3690 1086 3839 1144 aliud

2248 1204 2313 1244 ex
2337 1186 2707 1243 sacerdotibus
2730 1186 3095 1256 subjunxisset
3118 1202 3131 1238 :
3156 1183 3406 1254 quodque
3430 1183 3601 1251 majus
3622 1193 3724 1249 est,
3748 1196 3844 1237 ne-

2247 1296 2350 1350 que
2389 1282 2589 1335 crimen
2621 1280 2748 1335 illud
2787 1294 2925 1335 esse.
2971 1278 3105 1334 Nam
3145 1277 3251 1341 ait,
3287 1277 3413 1333 Sine
3454 1278 3661 1331 crimine
3695 1287 3837 1332 sunt.

2250 1371 2434 1426 Viden‘
2464 1380 2663 1439 quanta
2695 1371 2911 1441 posuit?
2939 1370 3139 1424 Locum
3177 1382 3191 1419 :
3216 1383 3369 1433 nam,
3404 1366 3469 1422 In
3501 1366 3687 1433 templo
3712 1410 3728 1433 ,
3757 1367 3844 1423 in-

2247 1464 2397 1534 qnit,
2440 1461 2637 1518 factum
2685 1471 2807 1528 est;
2854 1475 3179 1529 personam:
3221 1475 3448 1529 nempe,
3483 1457 3839 1522 Sacerdotes;

2251 1564 2491 1625 tempus:
2517 1570 2662 1619 nam,
2688 1553 2963 1610 Sabbatunt
2986 1561 3136 1617 crat;
3163 1567 3276 1607 rem
3305 1553 3504 1622 ipsam:
3528 1567 3687 1615 nam,
3720 1548 3846 1605 Vio-

2250 1648 2392 1710 lant,
2426 1647 2635 1716 inquit:
2668 1661 2845 1716 neque
2887 1647 3029 1700 enim
3078 1645 3244 1712 dixit,
3272 1644 3531 1709 Solvunt;
3561 1644 3654 1697 sed
3696 1644 3843 1713 quod

2248 1740 2463 1809 gravius
2505 1747 2620 1803 est,
2679 1737 2883 1792 Violant
2912 1752 2931 1790 :
2977 1736 3117 1806 quod
3166 1751 3272 1790 non
3319 1735 3479 1790 modo
3516 1749 3703 1803 poenas
3735 1750 3847 1790 non

2251 1832 2409 1895 dent,
2455 1830 2547 1886 sed
2588 1829 2730 1900 quod
2770 1828 2993 1883 crimine
3040 1828 3373 1892 liberentur;
3406 1841 3527 1879 nam
3557 1825 3671 1891 ait,
3720 1824 3849 1879 Sine

2251 1924 2461 1976 crimine
2498 1931 2633 1976 sunt.
2676 1920 2733 1975 ld
2775 1935 2901 1975 vero
2942 1936 3008 1975 ne
3049 1920 3245 1989 putetis
3282 1916 3457 1973 simile
3495 1918 3661 1988 priori
3699 1932 3845 1972 esse.

2252 2014 2383 2067 Nam
2411 2012 2539 2067 illud
2569 2012 2734 2066 semel
2762 2010 2960 2067 factum
2987 2019 3070 2065 est
3094 2051 3109 2077 ,
3142 2024 3245 2064 nec
3270 2024 3301 2063 a
3328 2007 3699 2063 sacerdotibus
3718 2048 3733 2072 ,
3764 2016 3850 2061 at-

2255 2118 2357 2172 que
2385 2119 2449 2157 ex
2478 2104 2799 2157 necessitate
2823 2117 2838 2166 ;
2880 2100 3001 2155 ideo
3031 2100 3185 2154 venia
3212 2098 3355 2169 digni
3382 2106 3537 2154 erant
3567 2117 3581 2151 :
3617 2097 3722 2153 hoc
3747 2113 3848 2153 au-

2256 2206 2361 2250 tem
2392 2195 2615 2265 singulis
2646 2193 2882 2249 sabbatis
2906 2233 2920 2256 ,
2948 2207 2978 2247 a
3006 2190 3406 2254 sacerdotibus,
3438 2190 3492 2244 in
3526 2188 3728 2258 templo
3751 2229 3766 2251 ,
3794 2198 3853 2242 et

2255 2285 2545 2341 secundum
2575 2286 2769 2354 legem.
2796 2283 3134 2353 Quapropter
3160 2296 3265 2335 non
3319 2280 3480 2335 modo
3508 2280 3661 2335 venia
3700 2278 3851 2348 digni

2256 2387 2413 2443 sunt,
2442 2376 2538 2432 sed
2564 2377 2724 2431 etiam
2754 2373 3048 2431 secundum
3076 2374 3245 2444 legem
3273 2373 3429 2443 culpa
3458 2373 3629 2427 vacui.
3658 2372 3849 2443 Neque
3917 2420 3921 2424 _

2258 2468 2401 2522 enim
2438 2465 2774 2522 criminando
2802 2465 2920 2520 haec
2947 2464 3057 2519 dixi
3083 2506 3098 2530 ,
3141 2465 3348 2534 inquit,
3390 2477 3565 2532 neque
3591 2478 3657 2517 ex
3696 2464 3855 2517 venia

2259 2561 2429 2616 solum
2460 2560 2613 2629 culpa
2646 2558 2845 2613 liberos
2873 2565 3085 2622 statuo,
3113 2555 3209 2612 sed
3241 2572 3306 2611 ex
3339 2556 3563 2627 justitite
3592 2556 3729 2625 lege.
3763 2553 3857 2608 Vi-

2257 2651 2670 2721 deturqueillos
2700 2648 3018 2713 defendere,
3049 2648 3149 2703 bos
3174 2657 3354 2703 autem
3385 2648 3607 2703 crimine
3636 2648 3855 2702 liberat.

2258 2744 2391 2800 Cum
2420 2744 2562 2798 enim
2589 2745 2679 2809 ait,
2713 2742 2836 2798 Sine
2865 2742 3073 2796 crimine
3100 2750 3259 2796 sunt:
3289 2749 3343 2795 at
3373 2742 3422 2794 hi
3454 2741 3845 2811 multomagis,

2262 2835 2452 2903 inquit.
2485 2830 2591 2888 Sed
2614 2847 2720 2887 non
2741 2840 2867 2887 sunt
2886 2830 3220 2886 sacerdotes.
3248 2832 3315 2885 At
3340 2830 3715 2885 sacerdotibus
3742 2845 3857 2884 ma-

2256 2923 2405 2992 jores
2435 2940 2447 2975 :
2477 2924 2593 2993 ipse
2618 2936 2847 2991 namque
2876 2920 3059 2989 templi
3091 2919 3344 2975 Dominus
3373 2920 3460 2974 hic
3481 2920 3637 2976 adest
3661 2935 3676 2987 ;
3707 2920 3854 2975 veri-

2263 3020 2343 3067 tas
2366 3053 2381 3078 ,
2413 3028 2518 3067 non
2550 3013 2715 3083 figura
2742 3028 2756 3067 :
2800 3010 2919 3066 ideo
2958 3010 3170 3067 dicebat
3192 3053 3207 3069 .
3241 3011 3293 3065 6.
3326 3010 3454 3066 Dico
3482 3022 3653 3066 autem
3677 3014 3818 3066 vobis
3838 3053 3854 3077 ,

2259 3104 2377 3172 quia
2397 3104 2583 3173 templo
2603 3107 2770 3173 major
2791 3110 2861 3157 est
2884 3102 2985 3155 hic.
3010 3102 3260 3157 Attamen
3281 3114 3402 3156 cum
3427 3101 3554 3156 talia
3581 3102 3853 3168 audirent,

2262 3196 2397 3249 nihil
2423 3194 2712 3249 dixerunt:
2746 3193 2869 3263 quia
2894 3207 2999 3246 non
3020 3191 3088 3247 de
3117 3191 3289 3247 salute
3313 3192 3547 3246 hominis
3574 3192 3854 3262 agebatur.

2265 3284 2467 3341 Deinde
2488 3284 2609 3355 quia
2635 3282 2686 3338 id
2708 3282 3051 3340 audientibus
3074 3298 3237 3353 grave
3262 3281 3544 3338 videbatur
3573 3298 3719 3351 esse,
3750 3283 3856 3338 cito

2264 3375 2391 3430 illud
2420 3374 2737 3439 occultavit,
2769 3387 2953 3427 rursus
2991 3372 3060 3427 ad
3090 3372 3300 3427 veniam
3329 3386 3637 3427 sermonem
3668 3387 3851 3442 agens,

2266 3481 2364 3521 nec
2389 3467 2505 3521 sine
2532 3464 2898 3536 increpatione
2922 3464 3002 3519 sic
3030 3464 3215 3519 dicens
3244 3482 3257 3517 :
3292 3464 3346 3517 7.
3379 3462 3439 3518 Si
3468 3473 3637 3517 autem
3664 3466 3859 3519 sciretis

2270 3557 2391 3626 quid
2430 3565 2525 3621 est,
2559 3553 2966 3608 Misericordiam
2992 3554 3105 3607 uolo
3125 3594 3141 3620 ,
3170 3564 3219 3607 et
3245 3570 3344 3607 non
3377 3555 3688 3622 sacriﬁcium
3708 3598 3724 3622 ,
3756 3573 3855 3609 non

2269 3646 2690 3701 condentnassefis
2710 3646 3000 3701 innocentes
3024 3643 3043 3714 (
3069 3642 3197 3699 Osee
3221 3644 3273 3699 6.
3299 3644 3391 3715 6).
3423 3643 3609 3699 Vidcn’
3634 3661 3859 3715 quomo-

2266 3737 2335 3792 do
2364 3752 2548 3792 rursus
2578 3750 2881 3792 sermonem
2910 3735 2978 3790 ad
3010 3735 3216 3790 veniam
3246 3746 3370 3806 agat
3394 3778 3408 3802 ,
3440 3746 3494 3791 et
3522 3752 3738 3792 rursum
3766 3753 3858 3793 ve-
3924 3800 3927 3801 ν

2267 3828 2352 3883 nia
2395 3826 2697 3896 superiores
2735 3828 2752 3860 ¹
2888 3826 3173 3882 ostendat?
3225 3826 3348 3881 Non
3388 3828 3817 3885 condemnassetis
3840 3873 3857 3896 ,

2268 3918 2475 3989 inquit,
2515 3920 2823 3974 innocentes.
2866 3918 3018 3973 Prius
3056 3918 3396 3974 sacerdotum
3436 3922 3740 3992 exemplum
3772 3933 3854 3977 at-

2270 4012 2427 4079 tulit,
2460 4011 2647 4066 dicens
2675 4011 2987 4066 innocentes
3016 4009 3139 4065 illos
3165 4024 3288 4065 esse
3314 4024 3330 4063 :
3373 4010 3477 4065 hoc
3504 4022 3682 4067 autem
3713 4030 3743 4067 a
3774 4028 3857 4068 se-

2268 4102 2497 4171 metipso
2521 4100 2705 4170 ponit;
2736 4101 2844 4153 imo
2872 4116 2997 4155 vero
3022 4110 3077 4155 et
3102 4100 3204 4155 hoc
3230 4115 3259 4154 a
3292 4101 3409 4172 lege
3433 4120 3446 4155 :
3482 4102 3855 4172 propheticum

2271 4193 2413 4244 enim
2438 4191 2639 4243 dictum
2679 4189 2940 4243 recitavit.

2343 4282 2395 4335 5.
2424 4280 2631 4335 Sabbati
2644 4280 2694 4332 in
2720 4280 2871 4334 ueteri
2892 4280 2998 4351 lege
3018 4280 3230 4346 utilitas,
3250 4280 3498 4335 inutilitas
3515 4284 3566 4337 in
3590 4300 3721 4338 netia
3744 4301 3859 4355 pro-

2276 4372 2737 4427 batur.—Demum
2785 4372 2943 4427 aliam
2982 4372 3136 4427 aﬂ'ert
3161 4388 3377 4429 causam
3405 4374 3589 4431 dicens
3624 4396 3639 4431 :
3674 4377 3728 4433 8.
3750 4378 3859 4433 Do-

2276 4467 2439 4519 minus
2464 4465 2594 4518 enim
2620 4474 2690 4518 est
2737 4463 2949 4519 Sobbati
2990 4465 3156 4519 Filius
3186 4468 3405 4521 hominis
3424 4509 3439 4535 ,
3468 4468 3536 4523 de
3572 4470 3756 4539 seipse
3784 4471 3859 4524 lo-

2273 4570 2462 4625 quens.
2512 4554 2716 4609 Marcus
2773 4570 2903 4609 vero
2950 4555 3099 4609 illum
3146 4555 3214 4609 de
3241 4559 3512 4612 communi
3565 4570 3756 4614 natura
3811 4562 3859 4615 id

2272 4646 2471 4701 dixisse
2502 4646 2659 4701 refert
2686 4663 2699 4699 :
2724 4646 3015 4700 'Sabbatum
3040 4688 3053 4712 ,
3102 4646 3302 4716 inquit,
3342 4661 3550 4718 propter
3607 4652 3861 4708 hominem

2275 4738 2465 4807 factum
2489 4747 2595 4805 est,
2626 4754 2726 4791 non
2756 4746 2923 4791 autem
2950 4738 3099 4790 Itonia
3126 4747 3335 4807 prapter
3358 4738 3625 4793 sabbatum
3656 4741 3851 4810 (Marc.

2276 4830 2329 4883 9..
2362 4829 2475 4899 ‘27).
2517 4829 2621 4884 Cur
2642 4843 2770 4900 ergo
2796 4829 3117 4898 supplicium
3148 4829 3247 4883 luit
3289 4829 3380 4885 ille
3406 4831 3495 4901 qui
3526 4832 3670 4902 ligna
3709 4834 3860 4888 colli-

2279 4924 2438 4994 gebat
2467 4922 2653 4994 (Num.
2681 4923 2763 4977 15.
2800 4922 2887 4978 55.
2917 4924 3077 4995 sqq.)?
3093 4920 3223 4989 Quia
3274 4922 3320 4977 si
3350 4922 3499 4977 initio
3545 4922 3692 4993 leges
3737 4941 3863 4980 con-

2282 5025 2493 5087 tempta:
2522 5015 2764 5081 fuissent,
2792 5015 2879 5068 vix
2905 5024 3089 5084 postea
3110 5014 3385 5070 servanda:
3404 5025 3573 5070 erant.
3594 5015 3731 5071 Nam
3766 5018 3863 5071 ini-

2275 5108 2350 5163 tio
2376 5108 2653 5161 sabbatum
2686 5108 2736 5159 in
2764 5107 2942 5160 multis
2968 5104 3328 5177 gravibusque
3356 5108 3517 5162 rebus
3543 5108 3672 5162 utile
3711 5116 3825 5162 erat
3845 5150 3857 5162 .

2273 5198 2502 5283 exempli
2536 5212 2691 5251 causa
2712 5236 2727 5262 ,
2756 5196 2806 5250 id
2833 5195 3099 5251 efficiebat
3124 5205 3183 5251 ut
3212 5197 3369 5252 mites
3414 5196 3744 5268 humanique
3774 5216 3862 5255 cs-

2273 5298 2393 5343 sent
2426 5303 2547 5343 cum
2574 5287 2917 5357 propinquis;
2954 5285 3182 5342 docebat
3219 5302 3314 5344 eos
3340 5287 3433 5343 Dei
3470 5288 3861 5357 providentiam

2273 5393 2327 5436 et
2354 5382 2676 5436 creationem
2707 5397 2719 5433 :
2752 5379 2891 5451 quod
2920 5380 2995 5434 ait
3023 5380 3269 5436 Ezechiel
3300 5399 3312 5433 :
3342 5381 3584 5438 Erudivit
3605 5400 3702 5440 eos
3734 5402 3862 5456 pau-

2274 5473 2418 5529 latim
2440 5515 2455 5538 ,
2487 5481 2545 5527 ut
2585 5472 2959 5528 abstinerenta
3005 5473 3237 5543 nequitia
3263 5515 3276 5537 ,
3307 5483 3361 5529 et
3407 5485 3465 5529 ut
3493 5477 3861 5546 spiritualibus

2275 5565 2643 5622 incumberent
2672 5565 2881 5620 (Ezech.
2908 5564 3020 5637 20).
3055 5565 3185 5621 Nam
3230 5570 3273 5622 si
3297 5582 3418 5621 cum
3451 5568 3623 5640 legem
3657 5570 3863 5627 sabbati

2306 5736 2375 5800 (tt)
2395 5736 2447 5790 Id
2469 5746 2562 5802 est,
2587 5738 2740 5802 potius
2760 5737 2904 5791 laude
2926 5750 3070 5803 quam
3089 5738 3225 5790 varia
3249 5736 3437 5801 dignos.
