4104 6308
260 374 367 431 J37

259 485 439 551 dedit,
462 482 722 540 dixisset:
750 482 898 539 Bona
928 478 1082 535 facite
1106 476 1161 533 in
1184 478 1428 545 sabbato,
1459 478 1555 536 sed
1584 479 1722 534 mala
1746 493 1853 559 non

257 577 561 649 opereminl
584 617 600 641 ,
648 573 822 645 legem
877 587 983 627 non
1030 582 1299 628 servasset
1362 572 1628 643 populus;
1670 584 1856 626 verum

258 668 444 723 omnia
471 666 630 722 simul
656 663 824 721 vetuit
851 680 865 719 :
889 662 1039 718 Nihil
1068 662 1300 733 facietis,
1327 662 1523 732 inquit.
1559 660 1745 741 Neque
1772 672 1844 716 ta-

254 775 387 815 men
415 760 497 816 sic
522 772 585 813 se
607 756 937 813 continuere.
988 754 1107 825 ipse
1132 769 1260 810 vero
1288 768 1411 809 cum
1447 753 1618 824 legem
1648 753 1855 810 sabbati

258 855 429 917 dedit.
457 853 685 908 obscure
706 851 1059 924 signiﬁcavit,
1089 851 1229 907 velle
1254 866 1314 907 sc
1341 862 1399 905 ut
1425 866 1456 905 a
1502 850 1657 905 malis
1680 850 1853 905 solum

258 948 613 1004 abstinerent.
666 943 817 1000 Nihil
839 945 980 1000 enim
1012 944 1240 1012 facietis,
1275 945 1481 1014 inquit,
1523 945 1622 997 nisi
1652 960 1712 997 ca
1738 958 1855 1010 quo

256 1039 413 1109 faciet
440 1038 613 1091 sitim
638 1036 833 1111 (Exod.
868 1036 955 1092 l2.
990 1034 1102 1109 l6).
1146 1034 1202 1089 In
1233 1036 1432 1105 templo
1469 1045 1646 1090 autem
1672 1036 1851 1090 omnia

259 1129 484 1194 flebant,
514 1138 570 1184 et
597 1144 719 1185 cum
740 1128 933 1197 majori
971 1126 1151 1182 studio
1173 1166 1189 1185 .
1218 1126 1524 1196 duplicique
1549 1141 1734 1196 opera.
1764 1126 1853 1181 Sic

255 1234 357 1289 per
387 1220 559 1290 ipsam
587 1220 829 1275 umbram
860 1220 1141 1275 veritatem
1167 1218 1271 1274 illis
1297 1217 1591 1288 aperiebat.
1619 1216 1849 1272 Tantum

252 1325 391 1379 ergo
414 1312 623 1367 lucrum
645 1351 662 1376 ,
690 1309 903 1381 inquies
921 1352 938 1376 ,
966 1311 1189 1365 abstulit
1212 1310 1491 1366 Christus?
1517 1310 1704 1374 Absit;
1735 1310 1845 1365 imo

254 1401 390 1456 illud
421 1401 708 1457 adrnodum
733 1402 898 1456 auxit.
934 1401 1167 1471 Tempus
1196 1402 1337 1457 enim
1365 1410 1484 1456 erat
1511 1409 1568 1453 ut
1596 1415 1693 1471 per
1720 1401 1850 1455 sub-

250 1494 468 1547 limiora
515 1493 895 1549 erudirentur:
961 1507 1137 1563 neque
1182 1493 1462 1562 oportebat
1507 1508 1699 1548 manus
1732 1492 1851 1561 eius

253 1584 460 1655 ligare,
489 1586 637 1655 quia
673 1584 908 1653 nequitia
938 1594 1154 1649 erutus,
1200 1583 1267 1637 ad
1313 1583 1452 1637 bona
1479 1584 1657 1636 omnia
1694 1582 1847 1637 vola-

252 1675 380 1740 bat;
421 1690 596 1744 neque
645 1673 767 1729 inde
792 1673 1031 1730 ediscere
1079 1674 1241 1728 Deum
1268 1675 1448 1728 omnia
1496 1672 1721 1738 fecisse;
1751 1687 1851 1729 nec

252 1764 382 1820 inde
412 1766 611 1820 institui
639 1764 704 1819 ad
752 1763 1213 1821 mansuetudinem
1243 1778 1339 1819 eos
1358 1805 1371 1826 ,
1396 1765 1487 1835 qui
1513 1765 1579 1819 ad
1626 1765 1719 1819 Dei
1748 1764 1849 1819 be-

248 1856 564 1925 nignitatem
611 1837 919 1909 imitandam
950 1856 1125 1909 vocati
1169 1864 1325 1911 erant
1360 1870 1375 1907 :
1405 1854 1576 1909 Eatote
1599 1897 1615 1920 ,
1646 1856 1844 1925 inquit,

247 1946 604 2001 misericordes
650 1947 781 1999 sicut
818 1943 978 1999 Pater
1020 1954 1180 2000 vester
1206 1946 1420 2000 calcatis
1446 1944 1600 2015 (Luc.
1624 1946 1680 1999 6.
1712 1944 1843 2016 36);

249 2034 461 2089 nullum
489 2035 633 2089 diem
681 2034 875 2089 festum
921 2049 1079 2107 agere
1108 2050 1223 2100 eos,
1248 2036 1338 2106 qui
1368 2050 1463 2106 per
1488 2045 1653 2091 totam
1680 2036 1846 2091 vitam

246 2125 450 2183 festum
477 2142 638 2198 agere
647 2127 1003 2197 jubebantur:
1030 2142 1153 2181 nam
1172 2129 1265 2194 ait,
1290 2126 1494 2185 Festum
1512 2130 1839 2193 celebremus,

242 2234 349 2272 non
367 2219 419 2272 in
437 2219 678 2287 {eratante
712 2218 884 2282 veteri,
902 2233 1059 2287 neque
1074 2219 1124 2271 in
1141 2220 1387 2290 [erutam
1399 2219 1605 2273 malitia:
1619 2228 1667 2274 et
1677 2221 1845 2290 nequi-

243 2310 355 2376 riar,
385 2310 478 2365 aed
502 2310 557 2363 in
584 2310 780 2380 azymis
803 2310 1105 2363 sinceritatis
1124 2319 1170 2362 et
1190 2310 1411 2363 veritatis
1432 2310 1509 2379 (l.
1532 2308 1652 2366 Cor.
1680 2311 1736 2366 ὅ.
1761 2310 1839 2381 8).

239 2402 363 2458 Non
412 2410 625 2473 oportet
671 2402 815 2458 enim
858 2416 1027 2475 prope
1074 2416 1254 2456 arcam
1300 2410 1356 2458 et
1407 2401 1576 2457 altare
1618 2385 1839 2458 aureum

214 2503 387 2550 astare
415 2508 529 2557 eos.
562 2493 652 2565 qui
678 2494 917 2548 omnium
962 2494 1245 2548 Dominum
1275 2492 1480 2549 habent
1521 2508 1704 2549 secum
1737 2494 1837 2548 ha-

236 2582 500 2640 bitantem
529 2624 546 2649 ,
574 2584 777 2659 quique
817 2599 913 2654 per
941 2588 1120 2640 omnia
1168 2584 1341 2653 ipsum
1388 2584 1748 2654 alloquuntur,
1782 2592 1838 2638 et

235 2688 339 2747 per
360 2677 681 2741 orationem,
709 2686 763 2732 et
795 2690 891 2746 per
914 2675 1262 2741 oblationem,
1294 2684 1349 2731 et
1379 2690 1472 2744 per
1506 2674 1830 2745 Scriptum,

234 2776 294 2823 et
338 2782 435 2836 per
463 2766 861 2838 eleemosynam
882 2807 897 2830 ,
930 2776 984 2821 et
1020 2765 1164 2837 quod
1210 2766 1352 2823 intus
1383 2766 1531 2821 illum
1582 2764 1833 2821 habeant.

233 2858 370 2924 Qum
412 2872 541 2927 ergo
580 2856 789 2912 sabbati
830 2857 1122 2912 necessitas
1168 2857 1219 2911 ei
1248 2858 1339 2927 qui
1379 2871 1593 2927 semper
1639 2839 1832 2912 festum

233 2949 514 3015 celebrat,
540 2950 634 3019 qui
667 2949 719 3003 in
748 2950 880 3004 casio
924 2949 1201 3004 versatur?
1226 2948 1441 3003 Festum
1472 2962 1602 3017 ergo
1644 2962 1836 3019 perpe-

232 3051 331 3097 tuo
359 3056 603 3112 agamus,
622 3041 860 3112 nihilque
880 3041 1007 3095 mali
1031 3055 1349 3109 operemur;
1379 3039 1509 3096 illud
1532 3041 1673 3094 enim
1702 3055 1833 3096 vero

230 3134 433 3188 festum
476 3142 561 3188 est
599 3149 611 3183 :
655 3132 750 3187 sed
799 3132 1095 3202 spiritualia
1137 3129 1511 3196 intendamus,
1541 3130 1833 3186 abscedant

231 3234 489 3287 terrena,
519 3208 780 3295 spirituali
826 3226 936 3279 otio
963 3225 1230 3290 otiemur,
1262 3237 1453 3277 manus
1493 3223 1560 3276 ab
1609 3222 1830 3277 avaritia

230 3319 582 3381 cohibentes,
626 3332 830 3385 corpus
860 3331 889 3368 a
933 3314 1221 3382 superﬁuis
1251 3324 1306 3368 et
1350 3313 1628 3368 inutilibus
1655 3314 1827 3368 abdu-

229 3418 423 3463 centes
452 3407 724 3461 laboribus
742 3447 758 3470 ,
781 3406 973 3475 quibus
996 3404 1224 3459 amictus
1250 3413 1333 3459 est
1357 3405 1484 3457 olim
1514 3406 1567 3457 in
1594 3403 1831 3473 )Egypto

229 3497 585 3554 Hebrmorutn
637 3494 905 3565 populus:
950 3495 1082 3548 nihil
1125 3494 1269 3548 enim
1318 3492 1618 3547 dill'erimus
1667 3503 1828 3562 quot—

230 3596 366 3658 quot
392 3600 583 3639 aurum
606 3583 929 3655 colligimus,
958 3583 1027 3639 ab
1052 3582 1117 3637 iis
1141 3584 1233 3653 qui
1258 3583 1405 3637 luteo
1432 3584 1579 3653 aperi
1608 3571 1850 3637 addice?

228 3678 463 3743 bantur,
492 3676 797 3745 lateresquc
826 3685 1112 3745 operantes
1135 3713 1152 3740 ,
1199 3683 1255 3729 et
1287 3676 1465 3742 paleas
1514 3674 1829 3742 colligentes

228 3766 657 3839 ﬂagellabantur.
711 3763 846 3819 Nam
897 3780 1036 3819 nunc
1074 3777 1289 3834 quoque
1344 3763 1589 3817 diabolus
1635 3762 1830 3819 lateres

228 3860 381 3933 jubet
404 3872 664 3929 apparare
682 3899 699 3922 ,
726 3867 787 3912 ut
811 3857 938 3911 olim
967 3855 1199 3911 l‘barao.
1229 3854 1365 3923 Quid
1388 3856 1530 3910 enim
1577 3854 1719 3910 aliud
1747 3863 1832 3909 est

228 3965 421 4007 aurum
443 3991 459 4013 ,
490 3964 649 4019 quam
697 3947 913 4002 lutum?
960 3947 1087 4016 quid
1138 3946 1283 4000 aliud
1321 3953 1599 4016 argentum
1624 3987 1636 4010 ,
1666 3960 1825 4015 quam

230 4044 384 4113 palea
407 4041 429 4095 ἲ
454 4040 585 4096 Nam
612 4047 892 4109 argentum
921 4039 1065 4093 velut
1085 4038 1237 4108 palea
1263 4038 1609 4106 cupiditatem
1637 4051 1830 4091 accen-

230 4134 344 4197 dit,
374 4142 432 4188 et
458 4147 645 4186 aurum
677 4130 772 4185 luti
803 4130 971 4183 instar
1002 4128 1152 4181 illum
1184 4128 1422 4197 inquinat
1447 4128 1539 4197 qui
1568 4126 1826 4197 possidet.

235 4224 366 4281 Ideo
397 4223 545 4277 misit
588 4222 745 4277 nobis
788 4235 893 4275 non
937 4220 1120 4274 Mosen
1152 4235 1220 4273 ex
1269 4218 1486 4275 deserto
1510 4217 1725 4289 λείῃ)ῑὶ
1758 4220 1772 4249 ⁸
1808 4258 1825 4284 ,

236 4314 336 4373 sed
362 4315 559 4370 Filium
584 4328 739 4369 suum
768 4312 836 4367 de
862 4311 1012 4366 canto.
1042 4310 1095 4363 Si
1142 4311 1317 4378 itaque
1342 4320 1463 4378 post
1488 4308 1603 4378 ejus
1630 4308 1830 4364 adven-

232 4417 346 4461 tum
375 4407 427 4461 in
449 4405 681 4477 A'Igypto
710 4403 972 4458 manseris
990 4445 1003 4463 ,
1036 4400 1220 4457 eadem
1263 4403 1481 4473 patieris
1508 4417 1627 4470 qua:
1659 4401 1826 4472 Egy-

231 4498 331 4570 ptii
352 4515 369 4553 :
395 4498 477 4552 sin
506 4496 740 4567 Egypto
760 4495 945 4551 relicta
968 4494 1165 4549 abieris
1184 4509 1304 4547 cum
1330 4492 1589 4561 spirituali
1612 4493 1824 4581 Ismele,

229 4593 615 4651 miraculorum
646 4591 885 4646 omnium
915 4596 1186 4659 spectator
1212 4588 1343 4643 eris.

306 4686 359 4740 4.
392 4683 501 4739 Nec
541 4691 721 4736 tamen
766 4682 819 4735 id
869 4682 1039 4733 solum
1091 4679 1160 4731 ad
1198 4679 1424 4733 salutent
1452 4677 1667 4732 sufﬁcit.
1708 4668 1826 4732 Non

228 4777 378 4833 enim
406 4775 474 4829 ab
493 4773 725 4846 Aigypto
746 4781 952 4826 tantum
979 4767 1339 4826 recedendum
1366 4779 1485 4833 est;
1515 4770 1609 4823 sed
1640 4770 1691 4823 in
1717 4778 1828 4824 ter-

230 4886 345 4925 ram
382 4866 753 4938 promissionis
785 4864 1113 4919 intrandum.
1140 4862 1583 4933 Quandoquidem
1623 4860 1824 4924 Iudici,

229 4972 291 5017 ut
339 4963 414 5014 ait
459 4958 652 5014 Paulus
701 4956 902 5027 (Hebr.
946 4955 1031 5010 ll.
1073 4955 1226 5023 ‘29),
1254 4969 1346 5023 per
1394 4968 1543 5009 mare
1585 4952 1826 5007 Rubrum

230 5027 589 5113 transierunt,
609 5061 802 5102 manna
832 5045 1212 5109 comederunt,
1244 5054 1298 5098 et
1342 5053 1523 5113 potum
1574 5042 1827 5113 spiritua-

233 5146 342 5200 Iem
372 5142 655 5203 biberunt,
691 5146 925 5193 attamen
956 5151 1144 5191 omnes
1183 5135 1412 5206 periere.
1439 5134 1518 5189 Ne
1543 5136 1700 5203 igitur
1730 5148 1828 5188 nos

226 5251 446 5308 quoque
471 5235 593 5288 talia
624 5233 892 5304 patiamur
910 5271 927 5296 ,
958 5246 1026 5285 ne
1053 5244 1249 5300 segnes
1278 5230 1445 5283 simus
1468 5270 1484 5295 ,
1509 5228 1601 5282 sed
1630 5227 1695 5280 ad
1725 5244 1823 5297 pu-

225 5341 394 5400 gnam
423 5328 590 5395 parati
623 5338 639 5376 :
668 5332 723 5377 at
752 5323 795 5376 si
822 5336 963 5376 nunc
1002 5321 1188 5375 audias
1218 5319 1388 5374 malos
1416 5318 1789 5387 exploratores
1808 5359 1824 5384 ,

227 5418 323 5490 qui
355 5425 634 5486 angustam
678 5421 733 5467 et
774 5422 976 5467 arctam
1007 5412 1148 5465 viam
1180 5410 1580 5465 calumnientur
1600 5450 1614 5475 ,
1662 5420 1825 5479 atque

292 5549 309 5580 ι
338 5544 421 5595 Sic
445 5545 597 5594 Sani.
623 5548 676 5591 et
694 5542 872 5606 )lorel.
894 5555 908 5601 ;
929 5540 1012 5606 alii
1038 5554 1101 5591 ea:
1128 5542 1572 5606 deserto,tautum,
1597 5550 1653 5596 ut.
1678 5546 1814 5597 Grie-

222 5620 290 5659 cc
313 5606 590 5660 edidimus;
618 5601 839 5661 quidam.
866 5616 929 5653 ea:
953 5604 1182 5667 Aigypto,
1205 5609 1418 5653 tantum.

1219 367 1288 423 ια
1326 366 1739 429 ΜΔΤΤΙΙΕΗΜ
1778 370 2012 429 "OM"...
2054 372 2301 432 XXXIX.
2342 375 2414 432 al.
2460 372 2571 453 ξι.

3462 372 3570 431 £38

1975 479 2062 536 illa
2087 480 2290 547 dicant,
2320 499 2442 556 qua:
2470 485 2598 539 olim
2626 484 2700 539 illi
2728 483 2983 542 dicebant
3009 484 3379 558 exploratore.
3404 526 3420 551 ,
3454 503 3561 542 non

1967 573 2147 643 populi
2174 573 2405 639 turbam,
2436 574 2531 630 sed
2550 575 2735 631 Jesum
2764 575 3059 641 imitamur,
3084 586 3139 631 et
3163 574 3365 632 Chaleb
3394 577 3565 632 ﬁiiutu

1968 661 2250 731 Jepbone;
2281 679 2455 735 neque
2484 667 2633 737 prius
2660 665 2940 733 abscedas,
2969 682 3130 737 quam
3158 668 3211 722 in
3238 668 3559 737 promissum

1964 754 2155 811 calum
2196 757 2515 827 ingrediaris
2548 758 2568 828 (
2596 756 2759 812 Nam.
2807 759 2895 815 l3.
2922 758 3082 813 locus
3121 760 3188 815 tl
3214 771 3260 815 et
3292 761 3360 817 15
3385 760 3424 828 ).
3452 760 3564 817 Ne-

1967 862 2072 917 que
2098 847 2376 905 difﬁcilem
2418 859 2577 920 putes
2602 865 2724 907 esse
2749 850 2912 905 viam.
2941 849 3076 905 Nam
3107 850 3153 906 si
3197 852 3399 911 inimici
3436 867 3561 908 cum

1963 954 2229 1005 essemus,
2257 955 2355 996 nos
2376 954 2499 996 cum
2526 940 2638 997 Deo
2658 941 3125 998 reconciliavimus
3148 984 3162 1007 .
3194 944 3363 1000 multo
3390 944 3563 1016 magis

1969 1031 2301 1087 reconciliati
2330 1031 2557 1087 salutem
2586 1046 2999 1103 consequemur.
3030 1031 3227 1088 Verum
3254 1044 3477 1105 angusta
3502 1044 3559 1090 ct

1964 1131 2135 1186 arcta,
2158 1120 2384 1192 inquies,
2404 1122 2496 1176 illa
2517 1123 2602 1176 via
2623 1130 2725 1177 est.
2750 1121 2855 1178 Sed
2894 1122 3062 1191 prior,
3085 1137 3183 1193 per
3198 1138 3357 1194 quam
3382 1133 3561 1180 trans-

1961 1212 2120 1275 lvisti,
2156 1227 2263 1267 non
2286 1221 2508 1283 angusta
2534 1222 2589 1269 et
2615 1222 2760 1267 arcta
2787 1212 2949 1267 modo
2967 1222 3071 1279 est,
3096 1213 3189 1267 sed
3212 1215 3372 1269 etiam
3393 1216 3555 1279 invia,

1959 1317 2023 1359 ac
2058 1301 2188 1358 feris
2231 1303 2534 1375 agrestibus
2586 1302 2742 1372 plena
2790 1318 2898 1358 :ac
2941 1291 3393 1372 quemadmodum
3444 1322 3552 1360 non
3626 1314 3629 1315 '

1961 1403 2209 1463 poterant
2253 1409 2351 1464 per
2376 1410 2528 1449 mare
2574 1392 2818 1449 Rubrum
2869 1395 3243 1451 transiresinc
3290 1396 3554 1453 miraculo

1959 1484 2051 1537 illo
2087 1484 2204 1538 :sic
2245 1499 2355 1539 non
2401 1492 2710 1554 poteramus
2753 1484 2806 1538 in
2845 1485 3026 1554 priore
3056 1485 3161 1539 vita
3194 1494 3476 1541 manentes
3501 1488 3555 1541 iu

1958 1576 2149 1630 etclam
2179 1574 2475 1629 ascendere
2497 1616 2514 1641 ,
2547 1575 2648 1630 nisi
2695 1574 2958 1643 baptisma
2991 1576 3045 1630 in
3072 1576 3251 1632 medio
3272 1579 3557 1647 apparuis-

1956 1675 2060 1723 set.
2089 1666 2144 1722 Si
2175 1677 2357 1722 autem
2400 1667 2529 1721 illud
2558 1666 2702 1736 quod
2730 1666 2846 1721 ﬁeri
2876 1683 2983 1721 non
3025 1676 3270 1737 poterat,
3321 1668 3436 1723 ﬁeri
3471 1677 3553 1723 ta-

1956 1774 2077 1814 men
2108 1760 2310 1830 potuit,
2340 1757 2507 1814 multo
2535 1758 2707 1829 magis
2747 1756 2891 1829 quod
2930 1756 3149 1813 difﬁcile
3190 1767 3343 1823 erat,
3392 1759 3547 1817 facile

1953 1851 2165 1907 evadet.
2694 1866 2699 1870 '

2027 1941 2220 1996 Gratiis
2248 1944 2434 1997 divina:
2461 1942 2608 1997 labor
2629 1952 2800 1997 uoster
2840 1940 3127 1997 addendos.
3169 1942 3549 2013 Praccptoram

1954 2036 2197 2106 facilitas.
2222 2036 2496 2092 —\’erum
2527 2034 2691 2102 illud,
2725 2037 2963 2106 inquies,
2996 2051 3093 2105 per
3118 2036 3289 2091 solam
3320 2036 3548 2106 gratiam

1949 2129 2130 2183 ﬁebat.
2180 2130 2245 2183 Et
2290 2129 2410 2183 idco
2440 2129 2674 2184 maxime
2717 2128 2839 2194 jure
2882 2127 3147 2183 conﬁdas.
3191 2126 3247 2184 Si
3276 2130 3419 2184 enim
3458 2128 3549 2182 ubi

1949 2220 2065 2275 sola
2094 2220 2268 2289 gratia
2298 2228 2412 2275 erat
2432 2261 2448 2284 ,
2478 2219 2563 2274 illa
2596 2228 2775 2274 tamen
2813 2229 3032 2291 operata
3057 2228 3145 2275 est
3176 2238 3192 2273 :
3219 2218 3310 2273 ubi
3337 2218 3551 2275 labores

1948 2308 2287 2375 addideritis,
2318 2324 2494 2364 annon
2526 2310 2697 2366 multo
2733 2311 2904 2380 magis
2932 2308 3347 2379 cooperabitur?
3372 2310 3417 2364 si
3462 2310 3549 2364 ni-

1951 2400 2025 2457 hil
2053 2412 2299 2472 agentem
2326 2402 2603 2468 servavit,
2637 2417 2816 2463 annon
2844 2401 3015 2457 multo
3040 2403 3209 2472 magis
3233 2409 3545 2473 operantem

1939 2493 2149 2565 juvabit
2167 2495 2192 2545 ?
2218 2493 2391 2563 Supra
2417 2492 2660 2549 dicebam
2682 2534 2697 2556 ,
2728 2507 2791 2550 ex
2838 2494 2904 2549 iis
2930 2508 3053 2564 qua:
3096 2493 3212 2549 ﬁeri
3251 2508 3357 2549 non
3388 2508 3548 2563 posse

1940 2589 2282 2652 videbantur,
2315 2597 2367 2642 et
2399 2598 2574 2642 tamen
2605 2586 2747 2641 facta
2788 2596 2944 2653 sunt,
2982 2587 3036 2641 in
3064 2585 3373 2642 difﬁcilibus
3402 2586 3544 2641 ﬁdu-

1940 2679 2078 2733 ciam
2108 2677 2200 2732 tibi
2243 2678 2361 2733 dari
2387 2695 2399 2731 :
2433 2692 2575 2733 nunc
2612 2687 2791 2735 autem
2822 2678 2974 2744 dico,
3006 2678 3051 2732 si
3081 2677 3396 2749 vigilemus,
3429 2678 3547 2733 haec

1941 2786 2015 2825 ne
2060 2768 2296 2826 difﬁcilia
2340 2770 2557 2840 quidem
2608 2769 2745 2826 fore.
2785 2767 3111 2825 Consideres
3155 2770 3300 2825 enim
3341 2770 3543 2835 velim,

1938 2873 2170 2920 mortem
2222 2864 2588 2920 conculcatam
2647 2862 2842 2929 fuisse,
2889 2861 3158 2917 diabolum
3208 2863 3543 2930 concidisse,

1939 2956 2111 3028 legem
2128 2958 2331 3027 peccati
2353 2956 2669 3013 exstinctam
2687 2970 2831 3035 esse,
2846 2953 3079 3024 Spiritus
3094 2955 3319 3027 gratiam
3338 2956 3515 3009 datam
3527 2999 3541 3017 ,

1934 3050 2100 3103 vitam
2130 3049 2181 3102 in
2213 3048 2377 3103 breve
2404 3055 2614 3116 tempus
2632 3053 2985 3111 contractam,
3016 3060 3180 3101 onera
3206 3045 3448 3116 pratcisa.
3475 3046 3546 3103 Et

1936 3139 2136 3202 uti-acc
2160 3138 2231 3193 ab
2258 3137 2389 3208 ipsis
2413 3136 2669 3206 operibus
2692 3135 2907 3190 ediscas
2930 3176 2944 3199 ,
2975 3137 3251 3207 perpende
3277 3147 3408 3206 quot
3434 3137 3545 3193 sint

1936 3230 2025 3300 qui
2057 3229 2257 3299 majora
2280 3269 2295 3291 ,
2325 3242 2484 3299 quam
2528 3225 2775 3281 Christus
2816 3227 3093 3294 przrcipiat
3114 3268 3130 3293 ,
3180 3226 3409 3281 fecerint
3438 3236 3543 3282 :tu

1933 3336 2064 3377 vero
2092 3318 2517 3373 mediocritatem
2547 3317 2707 3371 times
2725 3318 2750 3369 ’ἔ
2776 3314 2946 3383 Quam
2981 3330 3111 3386 ergo
3138 3316 3543 3377 excusationem

1937 3410 2160 3466 habebis
2186 3451 2201 3472 ,
2233 3424 2353 3464 cum
2384 3408 2505 3463 aliis
2547 3408 2682 3463 ultra
2727 3400 2901 3464 metas
2928 3409 3336 3474 exsilientibus,
3368 3418 3423 3463 tu
3455 3411 3543 3466 vel

1934 3504 2001 3561 ad
2022 3504 2372 3560 constitutum
2400 3502 2685 3555 terminum
2715 3499 2997 3567 pervenire
3018 3500 3294 3571 graveris?
3317 3499 3393 3555 Te
3416 3500 3543 3555 bor-

1935 3608 2113 3655 tamur
2137 3613 2201 3653 ex
2249 3584 2598 3653 facultatibus
2624 3597 2731 3652 tuis
2760 3596 3159 3667 eleemosynam
3203 3596 3368 3660 dare;
3400 3595 3542 3650 alios

1934 3706 2065 3747 vero
2087 3702 2207 3747 sese
2238 3690 2349 3745 suis
2376 3690 2627 3744 omnibus
2648 3688 2899 3757 spoliavit
2927 3705 2941 3740 :
2972 3697 3025 3742 te
3047 3702 3297 3757 rogamus
3322 3696 3381 3741 ut
3407 3702 3533 3742 cum

1935 3796 2102 3837 uxore
2148 3790 2237 3834 tua
2267 3789 2418 3837 caste
2462 3781 2650 3843 vivas;
2680 3778 2817 3837 alius
2843 3794 2973 3833 vero
2998 3779 3159 3832 etiam
3208 3792 3240 3833 a
3268 3779 3540 3847 connubio

1936 3872 2194 3928 abstinuit
2222 3892 2237 3926 :
2268 3882 2321 3927 te
2351 3885 2634 3926 monemus
2665 3885 2734 3926 ne
2760 3869 2837 3925 sis
2883 3868 3095 3924 invidus
3120 3886 3135 3933 ;
3167 3868 3331 3924 alium
3358 3878 3537 3926 autem

1935 3963 2197 4019 habemus
2217 4004 2231 4027 ,
2260 3962 2349 4033 qui
2375 3977 2444 4018 ex
2473 3962 2701 4025 caritate
2732 3960 2825 4014 dat
2872 3960 3042 4029 ipsam
3073 3960 3307 4015 animam
3336 3975 3489 4016 suam
3516 3976 3534 4013 :

1934 4065 1991 4111 te
2019 4056 2372 4112 obsecramus
2395 4064 2453 4109 ut
2481 4040 2763 4124 indulgens
2810 4051 2886 4107 sis
2915 4068 3017 4108 nec
3047 4053 3209 4109 nimis
3237 4068 3459 4109 severus
3484 4055 3537 4109 in

1934 4156 2253 4218 peccantes;
2276 4146 2413 4201 alius
2440 4158 2746 4215 percussus,
2774 4142 2998 4198 alteram
3018 4142 3214 4199 obtulit
3244 4143 3535 4199 maxillam.

1934 4239 2072 4309 Quid
2128 4240 2287 4310 igitur
2308 4280 2323 4302 ,
2372 4252 2557 4308 qureso
2580 4278 2595 4302 ,
2627 4235 2908 4291 dicemus?
2946 4250 3105 4306 quam
3134 4238 3536 4293 excusationem

1934 4332 2253 4395 aﬁ'eremus,
2300 4346 2367 4386 ne
2392 4331 2479 4384 illa
2525 4328 2744 4399 quidem
2791 4327 3050 4383 facientes
3071 4368 3087 4392 ,
3115 4344 3236 4399 qua:
3261 4330 3348 4383 alii
3381 4330 3538 4399 longe

1935 4422 2229 4495 superant?
2254 4421 2439 4491 Neque
2459 4422 2600 4474 enim
2629 4426 2999 4489 superassent,
3032 4419 3133 4474 nisi
3158 4436 3364 4474 summa
3391 4430 3539 4475 esset

1934 4521 2011 4573 rei
2059 4525 2345 4586 praecepta:
2394 4514 2642 4569 facilitas.
2696 4513 2827 4580 Quis
2869 4514 3011 4567 enim
3055 4512 3315 4578 tabescit,
3348 4528 3415 4567 an
3442 4528 3535 4584 qui

1933 4611 2162 4665 atiorum
2188 4606 2345 4663 bonis
2389 4600 2623 4669 invidet,
2656 4620 2723 4658 an
2756 4606 2846 4676 qui
2886 4604 2956 4660 de
2986 4605 3052 4659 iis
3074 4604 3271 4675 gaudet
3301 4614 3355 4660 et
3383 4606 3536 4659 laua-

1935 4702 2057 4755 tur‘t
2104 4700 2225 4769 quis
2260 4698 2440 4757 oniuia
2486 4707 2731 4766 suspecta
2785 4696 2949 4751 habet
2991 4706 3047 4751 et
3096 4699 3312 4761 tremit,
3372 4695 3535 4751 homo

1933 4801 2111 4847 castus
2142 4805 2207 4844 an
2240 4788 2523 4844 moechus?
2557 4788 2677 4854 quis
2718 4786 2857 4841 bona
2894 4782 3015 4842 cum
3056 4800 3155 4857 spe
3196 4786 3425 4857 gaudet,
3464 4800 3533 4840 an

1934 4894 2158 4953 raptor,
2206 4896 2274 4935 an
2326 4880 2370 4933 is
2416 4878 2507 4948 qui
2564 4880 2883 4943 miseratus,
2914 4891 3009 4933 sna
3035 4878 3212 4951 egenti
3263 4876 3531 4947 largitur?

1936 4977 2064 5031 llaec
2110 4976 2290 5042 itaque
2319 4972 2617 5041 cogitantes
2638 5010 2653 5033 ,
2685 4984 2753 5025 ne
2794 4984 2989 5040 segnes
3018 4970 3186 5025 simus
3226 4968 3292 5025 ad
3323 4970 3537 5025 virtutis

1934 5082 2148 5122 cursum
2177 5063 2599 5134 capessendum;
2632 5061 2725 5117 sed
2755 5062 3006 5117 alacriter
3026 5058 3104 5117 ad
3152 5060 3270 5117 ba‘c
3312 5060 3534 5133 pulchra

1935 5156 2226 5212 certamina
2255 5170 2353 5210 nos
2380 5156 2729 5217 instruentes,
2755 5153 2905 5211 brevi
2933 5166 3178 5223 tempore
3202 5152 3533 5223 laboremus,

1936 5232 1996 5303 ιιῖ
2050 5260 2333 5319 perpetuas
2379 5254 2435 5301 et
2495 5246 2822 5301 immortales
2872 5259 3102 5300 coronas
3161 5244 3534 5314 accipiamus:

1934 5359 2067 5415 quas
2095 5342 2295 5395 utinam
2344 5340 2704 5407 adipiscamur
2744 5338 2913 5407 gratia
2962 5345 3019 5391 et
3063 5336 3393 5408 benignitate
3420 5338 3534 5393 Do-

1932 5435 2064 5491 niini
2114 5432 2282 5486 nostri
2330 5430 2455 5485 Jcsu
2502 5430 2738 5492 Christi,
2767 5431 2850 5484 cui
2878 5430 3046 5501 gloria
3073 5435 3130 5485 et
3158 5428 3443 5500 imperium
3481 5429 3534 5485 in

1934 5528 2131 5583 sucula
2155 5524 2498 5581 seculorum.
2529 5525 2721 5580 Amen.
