4104 6308
603 347 708 405 sse

1337 340 1394 395 S.
1430 334 1707 396 IOANNIS
1727 331 2199 395 CHRYSOSTOMI
2235 333 2550 392 ARCHIEP.
2590 336 3124 401 CONSTANTINOP.

602 465 2577 497 Μ...-

3765 350 3866 409 “0

2581 469 2847 484 —

2850 474 3864 501 ’—.———_____—'

1775 538 2122 602 HOMILIA
2173 532 2309 596 XL.
2356 540 2444 603 al.
2474 540 2641 605 XLI.

594 696 724 752 Car.
765 694 853 752 12.
884 710 934 748 v.
960 693 1015 750 9.
1066 692 1129 747 Et
1166 690 1412 745 transiens
1448 687 1587 752 inde,
1610 685 1749 739 venit
1775 687 1829 737 in
1865 695 2173 753 synagogant
2273 691 2455 749 ratur,
2497 694 2545 739 et
2568 702 2672 757 .ego
2700 703 2882 756 operor
2917 688 3111 760 (Joan.
3143 692 3198 747 5.
3250 695 3317 748 17
3343 693 3387 759 ).
3413 694 3587 766 Super
3607 698 3861 767 apostolis

664 802 838 842 eorum
864 800 884 840 :
914 784 1002 839 {0.
1046 791 1095 836 et
1127 786 1244 835 'ecce
1287 780 1435 841 homo
1473 787 1583 832 erat
1625 776 1694 831 ibi
1742 775 1928 830 habens
1965 788 2169 828 manum

664 875 881 930 aridam.
1837 872 1843 876 ’

664 965 979 1021 1.]ἶιιιιειιηι
1027 962 1079 1017 in
1123 960 1344 1017 sabbato
1372 966 1557 1025 curat,
1594 957 1673 1012 sic
1712 970 1944 1027 purgans
1984 968 2048 1009 ac
2075 954 2169 1009 de-

596 1058 819 1115 fendens
862 1053 1242 1125 discipulorum
1282 1065 1499 1107 suorum
1523 1058 1692 1121 gesta.
1722 1046 1791 1102 Et
1832 1047 1922 1102 alii
1950 1046 2167 1116 quidem

595 1149 932 1219 evangelista:
978 1144 1196 1210 dicunt,
1240 1141 1422 1199 Iesum
1445 1140 1658 1196 homine
1711 1139 1801 1193 illo
1833 1139 1886 1193 in
1934 1137 2169 1193 medium

593 1241 819 1305 adducto
842 1280 857 1303 ,
888 1238 1244 1308 interrogasse
1287 1234 1404 1289 illos
1423 1275 1437 1298 ,
1470 1232 1611 1286 Nam
1639 1232 1750 1286 licet
1776 1228 1994 1285 sabbatis
2017 1228 2168 1283 bene-

592 1336 757 1400 facere
776 1327 964 1399 (Marc.
996 1328 1050 1383 ὅ.
1078 1327 1138 1390 ις
1167 1324 1295 1379 Luc.
1318 1324 1369 1379 6.
1402 1323 1497 1394 9)?
1523 1321 1801 1391 Perpende
1827 1321 2035 1374 Domini
2067 1319 2169 1373 mi-

586 1419 958 1474 sericordiam.
1014 1416 1188 1485 Ipsum
1232 1416 1285 1469 in
1331 1413 1508 1469 medio
1548 1410 1854 1477 constituit,
1886 1418 1945 1464 ut
1988 1408 2071 1464 vel
2099 1422 2169 1465 ex

589 1521 811 1582 aSpectn
845 1510 984 1579 ipsos
1014 1508 1251 1563 ﬂecteret
1268 1547 1281 1571 ,
1306 1516 1360 1561 et
1379 1520 1445 1560 ex
1468 1503 1775 1574 spectaculo
1801 1501 1955 1583 fracti
1978 1500 2169 1570 ncqui-

582 1602 720 1655 tiam
746 1601 1093 1669 deponerent,
1121 1605 1175 1651 et
1201 1595 1469 1650 hominem
1498 1592 1713 1650 reveriti
1735 1632 1750 1660 ,
1781 1592 2167 1653 immanitatem

591 1706 739 1744 suam
766 1688 1034 1743 sedarent.
1064 1676 1263 1741 verum
1302 1685 1377 1739 illi
1410 1683 1649 1739 indomiti
1676 1692 1727 1739 et
1756 1680 2028 1739 inhumani
2054 1695 2169 1735 ma-

594 1781 708 1835 lu‘nt
748 1778 947 1834 Christi
992 1778 1214 1849 gloriam
1267 1775 1497 1841 laedere,
1545 1790 1703 1845 quam
1747 1772 1890 1831 hunc
1924 1782 2167 1828 sanatum

597 1871 926 1939 conSpicere,
956 1869 1207 1938 utrinque
1234 1867 1397 1921 animi
1438 1866 1754 1936 pravitatem
1784 1863 2164 1927 ostendentes,

592 1973 647 2017 ct
666 1962 806 2033 quod
827 1961 1095 2017 Christum
1120 1960 1491 2030 impugnarent
1511 1999 1525 2024 ,
1552 1963 1607 2011 et
1630 1966 1752 2017 cum
1780 1964 1925 2011 tanta
1950 1962 2171 2023 conten-

593 2053 737 2107 tione
765 2052 815 2106 id
845 2050 1116 2117 facerent,
1148 2059 1204 2105 ut
1224 2053 1386 2106 etiam
1431 2048 1620 2103 collata
1665 2047 1719 2101 in
1748 2047 1881 2101 alios
1912 2044 2167 2101 beneficia

590 2143 1022 2199 interturbarent.
1054 2141 1154 2195 Alii
1182 2136 1395 2211 quidem
1423 2126 1764 2210 evangelista:
1791 2136 1975 2191 dicunt
1995 2136 2167 2205 ipsum

584 2237 963 2305 interrogasse;
986 2232 1074 2288 hic
1094 2246 1220 2286 vero
1238 2232 1329 2296 ait,
1355 2230 1526 2300 ipsum
1551 2230 1932 2299 interrogatum
1960 2225 2126 2280 fuisse
2149 2242 2163 2278 :

589 2324 657 2379 Et
671 2326 1097 2393 interrogaverunt
1114 2337 1243 2386 eum,
1266 2320 1457 2391 inquit,
1476 2320 1711 2385 dicentes,
1738 2320 1797 2374 Si
1821 2319 1931 2371 licet
1950 2317 2168 2371 sabbatis

576 2432 783 2480 curare,
807 2425 860 2468 ut
884 2423 1174 2468 accusarent
1192 2410 1641 2467 eum.¥erisimile
1657 2420 1833 2464 autem
1862 2417 1944 2463 est
1965 2416 2171 2461 utrum-

590 2522 695 2578 que
711 2507 907 2562 factum
929 2518 1066 2561 esse.
1089 2502 1474 2561 Scelestienim
1497 2517 1617 2555 cum
1644 2509 1845 2568 essent,
1864 2494 2169 2568 scirentque

588 2601 758 2669 ipsum
775 2599 841 2653 ad
857 2598 1182 2653 curationem
1201 2593 1339 2649 haud
1354 2593 1514 2650 dubie
1534 2601 1813 2648 venturum
1832 2606 1973 2658 esse,
1998 2591 2169 2645 inter-

590 2692 866 2760 rogatione
913 2699 1237 2759 praivertere
1260 2687 1410 2742 illum
1430 2684 1779 2749 studuerunt;
1804 2694 2081 2753 sperantes
2106 2697 2167 2737 se

583 2781 642 2836 id
664 2780 764 2835 hoc
789 2780 949 2833 modo
976 2778 1324 2848 impedituros
1354 2790 1492 2831 esse.
1515 2773 1639 2829 Ideo
1666 2773 2086 2843 interrogabant,
2108 2773 2181 2827 Si

589 2873 703 2925 licet
746 2871 965 2925 sabbatis
1001 2884 1205 2934 curare,
1233 2882 1339 2923 uon
1366 2874 1422 2920 ut
1450 2865 1751 2928 discerent,
1790 2862 1885 2918 sed
1926 2848 2168 2916 ut‘accu-

583 2959 740 3015 sandi
767 2958 1039 3013 materiam
1081 2955 1358 3013 haberent.
1408 2953 1632 3007 Etiamsi
1671 2953 1844 3021 ipsum
1875 2965 2011 3019 opus
2039 2951 2168 3005 satis

588 3060 751 3116 esset,
782 3050 826 3104 si
856 3062 1111 3104 accusare
1147 3046 1439 3102 voluissent
1466 3063 1480 3100 :
1505 3060 1572 3099 ex
1597 3043 1777 3099 verbis
1802 3051 1978 3097 tamen
2009 3055 2169 3097 occa-

590 3144 793 3198 sionem
813 3150 1026 3212 captare
1045 3138 1378 3205 studuerunt,
1401 3148 1456 3193 ut
1475 3138 1578 3193 sibi
1599 3138 1857 3207 majorem
1878 3136 2136 3191 criminan
2157 3167 2168 3178 -

585 3226 640 3288 ili
666 3222 869 3303 copiam
897 3239 1160 3303 pararent.
1184 3229 1455 3306 Benignus
1480 3238 1657 3283 autem
1683 3222 1937 3282 Dominus
1963 3236 2017 3282 et
2036 3225 2168 3282 illud

582 3328 734 3391 iacit,
767 3334 821 3381 et
842 3324 1145 3394 respondet,
1166 3336 1263 3377 nos
1280 3321 1595 3380 modestiam
1620 3330 1675 3377 ct
1701 3318 2168 3397 mansuetqdiuem

584 3418 788 3473 docens
815 3418 853 3482 ι,
901 3425 1176 3484 totumque
1220 3413 1273 3467 in
1304 3412 1449 3482 ipsos
1488 3411 1749 3466 convertit
1780 3450 1796 3478 ,
1827 3410 2170 3479 ipsarumque

591 3506 1030 3564 inhumanitatem
1060 3502 1315 3560 ostendit.
1348 3501 1630 3559 Hominem
1669 3501 1722 3555 in
1751 3501 1927 3555 medio
1952 3501 2166 3565 statuit;

582 3615 695 3654 non
723 3596 863 3668 quod
888 3597 1006 3652 illos
1035 3596 1278 3660 timeret,
1305 3593 1400 3648 sed
1424 3592 1491 3645 ad
1518 3594 1751 3660 ipsorum
1778 3590 2082 3655 utilitatem,
2115 3597 2172 3641 ut

588 3687 654 3744 ad
682 3685 1101 3743 misericordiam
1142 3690 1375 3738 vocaret.
1414 3679 1545 3737 Cum
1590 3688 1766 3735 autem
1818 3694 1886 3733 ne
1925 3679 2003 3733 sic
2048 3678 2168 3749 qui-

589 3778 712 3835 dem
759 3778 878 3832 illos
907 3775 1165 3838 ﬂecteret,
1198 3782 1324 3827 tunc
1367 3771 1715 3827 contristatus
1742 3775 1855 3834 est,
1883 3768 2087 3837 inquit,
2116 3774 2171 3821 et

588 3870 755 3925 iratus
775 3878 857 3923 est
880 3876 1095 3937 propter
1115 3864 1359 3919 duritiam
1382 3861 1563 3920 neniis
1583 3875 1766 3916 eorum
1795 3858 1983 3929 (Marc.
2008 3860 2060 3914 3.
2086 3860 2168 3929 5),

588 3962 827 4031 dixitque
854 3978 866 4012 :
893 3960 979 4013 ll.
1008 3958 1131 4025 Quis
1160 3964 1230 4009 est
1258 3970 1319 4009 ea:
1346 3950 1483 4009 robii
1508 3951 1677 4016 horno,
1705 3952 1795 4021 qui
1824 3951 2001 4004 habeat
2030 3966 2170 4003 onem

590 4069 773 4119 unam,
806 4062 850 4105 et
880 4050 924 4103 si
946 4050 998 4101 in
1020 4048 1215 4117 foueam
1248 4043 1478 4098 ceciderit
1507 4043 1723 4096 sabbatis
1747 4083 1762 4108 ,
1794 4057 1959 4095 nonne
1982 4056 2168 4110 appre-

586 4143 772 4199 Itendet
797 4158 907 4195 eam
936 4148 980 4194 et
1010 4136 1203 4207 eriget?
1230 4135 1325 4189 l2.
1350 4133 1549 4199 Quanto
1572 4148 1695 4201 ergo
1721 4133 1896 4185 metior
1921 4143 1991 4183 est
2020 4133 2168 4185 homo

589 4235 717 4287 ove?
766 4238 945 4300 Itaque
987 4230 1098 4283 licet
1125 4226 1344 4282 sabbatis
1386 4225 1690 4295 benefacere.
1733 4221 1810 4275 Ne
1840 4221 2172 4291 impudenter

590 4334 786 4395 agant,
814 4336 947 4377 neve
974 4320 1122 4391 quasi
1156 4328 1602 4388 transgressurum
1634 4323 1918 4377 accusent,
1949 4327 2043 4382 per
2070 4313 2172 4367 hoc

593 4417 893 4485 exemplum
922 4429 1043 4469 cum
1088 4412 1190 4466 illis
1219 4410 1585 4465 ratiocinatur.
1618 4406 1698 4462 Tu
1726 4422 1852 4461 vero
1882 4406 2010 4459 mihi
2046 4420 2168 4474 per-

570 4528 575 4577 “,
595 4508 796 4578 pende,
825 4519 982 4573 (luam
1025 4503 1171 4556 varie
1200 4510 1254 4555 et
1286 4514 1443 4569 quam
1471 4506 1828 4567 congruenter
1854 4496 2046 4565 ubique
2074 4494 2173 4549 de-

572 4584 863 4655 iiensiones
902 4603 1056 4666 paret
1099 4592 1237 4646 circa
1287 4590 1490 4644 sabbati
1535 4587 1872 4642 solutionem.
1908 4585 2037 4639 Nam
2083 4585 2171 4638 ubi

599 4703 796 4745 cmcum
820 4685 1060 4747 curavit,
1107 4678 1582 4749 lutumque-fecit,
1618 4692 1721 4731 non
1753 4690 1869 4730 sese
1894 4675 2166 4745 purgavit,

597 4781 717 4836 licet
742 4778 813 4830 illi
845 4776 1145 4829 incusarent
1172 4772 1191 4842 (
1214 4769 1370 4824 Joan.
1394 4768 1449 4839 9)
1480 4788 1491 4819 :
1521 4768 1717 4823 etenim
1744 4766 2028 4820 creationis
2057 4780 2171 4819 mo~

592 4872 695 4925 dus
719 4869 803 4923 hic
828 4881 1111 4936 expressus
1137 4866 1309 4943 ipsum
1336 4877 1454 4918 esse
1481 4861 1611 4931 legis
1643 4860 1918 4913 Dominum
1945 4858 2167 4912 damon-

593 4962 816 5015 strabat.
846 4960 900 5013 lu
932 4957 1220 5028 paralytico
1267 4955 1477 5027 (Matth.
1511 4954 1569 5023 9)
1590 4961 1767 5007 autem
1792 4993 1808 5017 ,
1837 4952 1925 5021 qui
1972 4952 2167 5006 lectum

599 5052 855 5122 portavit,
885 5051 1010 5105 dum
1039 5050 1112 5103 illi
1150 5054 1494 5112 accusarent,
1542 5043 1698 5098 modo
1727 5052 1781 5098 ut
1824 5043 1982 5107 Deus,
2012 5042 2169 5096 modo

597 5153 656 5199 ut
702 5144 861 5197 homo
908 5154 1031 5196 sese
1071 5146 1256 5209 purgat
1288 5155 1300 5190 :
1330 5146 1387 5192 ut
1424 5136 1586 5191 homo
1628 5149 1751 5188 cum
1796 5132 1955 5199 dicit,
1986 5131 2047 5187 Si
2071 5133 2169 5185 cir-

595 5236 946 5288 cumcisionem
986 5231 1167 5297 accipit
1202 5231 1349 5283 homo
1374 5229 1427 5281 in
1454 5228 1691 5291 sabbato,
1733 5234 1786 5277 ut
1826 5239 1924 5276 non
1951 5223 2170 5277 salvetur

600 5326 684 5379 lca:
709 5327 724 5391 (
750 5338 845 5377 nec
868 5322 1034 5386 dixit,
1064 5320 1136 5374 lit
1178 5320 1336 5373 homo
1367 5316 1645 5385 adjuvetur
1666 5314 1708 5383 ),
1738 5314 1861 5366 mihi
1888 5311 2171 5365 irascimini

598 5415 719 5479 quia
768 5422 925 5465 totum
972 5412 1220 5464 hominem
1267 5424 1446 5463 sanum
1492 5406 1589 5474 feci
1620 5401 1816 5475 (Ioan.
1865 5404 1919 5457 τ.
1950 5402 2085 5469 95)?
2117 5408 2173 5454 ut

603 5508 741 5560 Dens
770 5513 969 5568 autem,
997 5517 1114 5556 cum
1143 5501 1271 5556 dicit
1296 5516 1308 5552 :
1345 5497 1497 5550 Pater
1522 5512 1660 5549 meus
1687 5487 2022 5564 usque'modo
2048 5507 2172 5559 ope-

602 5665 679 5773 ‘e‘
708 5660 819 5732 μῆ,
850 5672 987 5707 snam
1029 5655 1350 5717 benignitatem
1393 5652 1737 5704 demonstrans.
1782 5656 1989 5711 Utraque
2028 5646 2173 5697 lectio

655 5736 717 5773 rn
745 5730 918 5773 potest.

655 5730 717 5773 τη
745 5730 918 5783 potest.

2271 789 2402 830 vero
2447 788 2727 834 accusatus
2774 782 2891 834 ait:
2926 779 3047 836 Non
3093 783 3284 854 legistis
3328 788 3453 854 quid
3495 790 3613 859 fecit
3662 788 3859 857 Dauid,

2270 868 2478 935 quando
2508 869 2711 924 esurinit
2732 872 2839 941 ipse
2866 884 2913 925 et
2933 874 3020 943 qui
3058 890 3173 929 cum
3200 892 3257 930 eo
3283 889 3429 931 eram
3448 880 3474 933 2
3499 882 3755 950 quomodo
3779 883 3861 936 ἱπτ

2270 958 2435 1012 traicit
2476 960 2531 1015 in
2572 959 2780 1014 domum
2830 962 2925 1016 Dei
2943 1003 2959 1028 ,
2990 975 3039 1018 et
3066 982 3222 1035 panes
3247 970 3608 1037 propositionis
3647 973 3862 1027 comedit
3890 986 3893 989 '

2277 1046 2485 1117 (Matth.
2516 1049 2604 1105 l2.
2626 1052 2680 1108 3.
2708 1052 2806 1122 υτ
2827 1052 3149 1111 Sacerdotes
3173 1072 3385 1128 quoque
3409 1059 3463 1113 in
3502 1061 3738 1118 medium
3764 1062 3861 1119 ad-

2274 1141 2440 1198 ducit.
2471 1141 2568 1199 Hic
2588 1158 2799 1199 rursum
2824 1186 2840 1210 ,
2872 1145 2952 1200 An
2992 1148 3109 1202 licet
3136 1149 3190 1202 in
3217 1149 3420 1204 sabbato
3445 1151 3766 1221 benefacere,
3796 1170 3864 1208 sa

2274 1227 2612 1304 maleficae!
2656 1233 2783 1298 Quis
2815 1236 2949 1289 enim
2992 1253 3055 1291 ea:
3099 1239 3237 1293 vobis
3281 1239 3482 1294 habebit
3523 1256 3665 1295 mm
3705 1259 3864 1297 unum

2275 1322 2469 1393 (Marc.
2498 1326 2555 1381 5.
2577 1326 2674 1395 4)?
2699 1324 2931 1381 Noverat
2948 1329 3091 1383 enim
3118 1343 3213 1384 eos
3239 1330 3481 1399 pecuina:
3503 1332 3730 1402 cupidOs
3751 1347 3865 1387 ma-

2273 1414 2355 1484 gis
2374 1429 2535 1485 quam
2578 1413 2909 1470 humanitate
2949 1415 3221 1486 praeditos.
3266 1419 3418 1473 Alius
3442 1433 3864 1491 porro'evange-

2275 1504 2394 1557 lista
2443 1502 2621 1576 (Ibid.
2661 1521 2707 1558 υ.
2750 1505 2786 1560 5
2813 1504 2832 1575 )
2859 1508 2932 1558 ait
2956 1548 2972 1572 ,
3005 1506 3176 1575 ipsum
3225 1508 3711 1579 circumspexisse,
3738 1526 3863 1566 cum

2274 1595 2377 1648 hoc
2426 1594 2812 1664 interrogaret,
2844 1605 2905 1650 ut
2941 1594 3033 1650 vel
3070 1604 3291 1665 aspectu
3335 1597 3493 1666 ipSos
3522 1600 3859 1656 attraheret:

2274 1696 2330 1739 at
2357 1700 2425 1741 ne
2454 1687 2533 1740 sic
2560 1687 2775 1755 quidem
2816 1670 3072 1742 meliores
3098 1686 3273 1742 εποιειί
3313 1698 3459 1743 sunt.
3490 1689 3587 1744 llic
3615 1705 3748 1745 vero
3772 1705 3863 1745 so-

2274 1776 2384 1831 lum
2430 1775 2697 1847 loquitur,
2726 1776 2852 1832 alibi
2904 1792 3097 1833 manus
3137 1779 3298 1834 etiam
3347 1780 3572 1849 imponit
3602 1764 3661 1835 ut
3689 1792 3864 1837 sanet.

2274 1869 2522 1924 Attamen
2567 1867 2700 1923 nihil
2729 1881 2916 1924 eorum
2969 1868 3091 1924 illos
3134 1868 3202 1924 ad
3242 1869 3711 1927 mansuetudinem
3742 1872 3865 1927 alli-

2274 1957 2479 2039 ciebat;
2526 1957 2622 2014 sed
2666 1957 2830 2014 homo
2860 1960 3076 2028 quidem
3117 1959 3443 2027 sanabatur,
3488 1961 3565 2016 illi
3603 1977 3742 2019 vero
3771 1978 3865 2034 per

2275 2046 2393 2118 ejus
2414 2047 2777 2104 valetudinem
2807 2049 3104 2105 deteriores
3117 2048 3507 2107 efficiebantur.
3533 2052 3628 2109 llle
3655 2054 3866 2111 volebat

2274 2139 2418 2209 ipsos
2445 2148 2569 2195 ante
2594 2156 2793 2212 aegrum
2820 2154 3031 2208 sanare,
3055 2141 3470 2213 innumerasque
3499 2146 3725 2201 medela:
3754 2148 3867 2204 vias

2276 2231 2531 2296 tentabat,
2560 2241 2614 2288 et
2642 2246 2741 2303 per
2761 2247 2824 2288 ea
2851 2248 2970 2304 qua:
3015 2242 3141 2289 ante
3182 2233 3415 2300 fecerat,
3447 2244 3502 2291 et
3528 2252 3624 2307 per
3650 2252 3716 2293 ea
3742 2254 3863 2310 qua:

2270 2322 2591 2393 loquebatur
2618 2339 2633 2376 :
2664 2325 2918 2394 quoniam
2958 2334 3135 2379 autem
3180 2326 3464 2386 inenrabili
3494 2329 3689 2385 morbo
3715 2330 3867 2388 labo-

2274 2415 2496 2482 rabant,
2530 2414 2596 2470 ad
2624 2430 2760 2485 Opus
2800 2430 2859 2470 se
2884 2416 3129 2472 contulit.
3177 2417 3264 2473 15.
3298 2415 3440 2472 Tunc
3464 2419 3596 2473 dixit
3624 2420 3823 2476 homini
3834 2438 3865 2477 .:

2276 2505 2505 2560 Extende
2529 2522 2735 2559 mentun
2760 2516 2921 2560 tuam.
2971 2506 3039 2561 Et
3064 2509 3286 2563 extendit
3304 2550 3319 2575 ,
3347 2520 3397 2564 et
3424 2512 3658 2567 restituta
3684 2525 3757 2570 est
3782 2531 3867 2570 sa-

2264 2600 2421 2653 nitati
2440 2641 2455 2666 ,
2482 2608 2539 2654 ut
2562 2608 2610 2653 et
2631 2600 2812 2654 altera.
2844 2598 2985 2667 Quid
3030 2600 3188 2671 igitur
3213 2601 3332 2656 illi?
3358 2602 3756 2673 Egrediuntur,
3787 2607 3866 2663 in-

2268 2680 2415 2761 quit,
2462 2700 2516 2744 et
2559 2690 2904 2757 consultant,
2935 2700 2992 2744 ut
3035 2691 3341 2747 occiderent
3378 2708 3538 2747 eum:
3569 2695 3646 2749 ait
3671 2697 3818 2751 enim
3847 2711 3864 2752 :

2275 2783 2364 2838 14.
2404 2781 2665 2838 -ΡΙιαι-ἱκεί
2712 2793 2983 2849 amatas,
3034 2784 3303 2837 consilium
3343 2798 3580 2855 ceperunt
3625 2790 3875 2847 “versu,

2274 2888 2388 2926 eum
2406 2915 2421 2939 ,
2444 2882 2505 2925 ut
2532 2889 2644 2927 eum
2675 2872 2960 2943 perderent.
2986 2872 3127 2928 Nihil
3154 2874 3267 2931 laesi
3293 2877 3539 2933 occidere
3568 2880 3863 2938 tentabant.

2346 2961 2402 3016 2.
2434 2961 2639 3016 Invidia
2665 2973 2910 3033 quantum
2948 2964 3156 3019 malum.
3199 2994 3271 3004 —
3308 2964 3535 3022 Tantum
3562 2977 3647 3024 est
3669 2970 3866 3028 invidia

2277 3053 2496 3106 malum.
2536 3050 2670 3111 Nam
2703 3066 2766 3107 ea
2797 3066 2904 3106 non
2932 3052 3142 3108 alienos
3166 3053 3340 3109 solum
3359 3095 3378 3121 ,
3423 3057 3518 3111 sed
3546 3057 3713 3113 etiam
3739 3074 3865 3122 nro-

2276 3142 2502 3211 pinquos
2529 3156 2743 3209 semper
2770 3141 3061 3211 impugnat.
3090 3142 3300 3203 larens
3329 3154 3508 3199 autem
3532 3147 3687 3213 dicit,
3721 3149 3867 3219 ipsos

2274 3248 2394 3288 cum
2438 3232 2753 3288 Herodianis
2811 3232 2864 3287 id
2905 3232 3235 3288 deliberasse
3262 3232 3282 3304 (
3311 3232 3449 3289 Ibid.
3482 3251 3531 3288 υ.
3582 3236 3617 3293 6
3658 3239 3698 3309 ).
3730 3240 3867 3308 Quid

2275 3338 2404 3394 ergo
2446 3325 2535 3380 ille
2572 3332 2885 3379 mansuetus
2912 3332 2969 3379 et
3008 3324 3156 3379 mitis
3181 3323 3205 3377 ?
3232 3323 3359 3381 Haec
3386 3340 3508 3380 cum
3532 3326 3814 3386 didicisset
3833 3372 3859 3399 τ

2277 3417 2518 3469 secessit.
2548 3413 2636 3467 15.
2658 3412 2813 3465 Iesus
2837 3422 3025 3479 autem,
3055 3413 3257 3481 inquit,
3286 3429 3400 3466 cum
3425 3414 3573 3469 sciret
3594 3418 3866 3488 cogitatio-

2278 3519 2366 3557 nes
2384 3518 2576 3570 eorum,
2600 3502 2803 3588 recessit
2827 3501 2963 3556 inde.
2988 3500 3089 3556 Ubi
3117 3512 3243 3558 sunt
3267 3502 3303 3557 ii
3332 3503 3422 3572 qui
3451 3503 3671 3574 dicunt,
3701 3523 3865 3579 opor-

2278 3601 2394 3648 tere
2441 3594 2592 3663 signa
2637 3590 2923 3647 ﬂeri‘iﬂis
2972 3593 3171 3661 quippe
3223 3594 3461 3648 ostendit
3488 3634 3503 3659 ,
3559 3596 3865 3667 improbam

2278 3686 2507 3739 animam
2533 3697 2601 3738 ne
2629 3683 2796 3753 signis
2826 3681 3043 3752 quidem
3069 3682 3446 3752 obtemperare
3479 3727 3494 3749 ,
3521 3688 3875 3761 ostenditque

2276 3779 2436 3834 etiam
2465 3775 2756 3844 discipulos
2781 3775 2897 3831 sine
2925 3789 3085 3830 causa
3127 3777 3389 3830 accusari.
3418 3776 3555 3835 lllud
3584 3793 3747 3848 porro
3770 3782 3869 3839 ob.

2250 3865 2595 3923 servandum
2639 3873 2765 3932 est,
2798 3865 2943 3935 ipsos
2983 3863 3051 3919 ob
3093 3862 3349 3921 beneﬁcia
3390 3866 3637 3936 proximo
3674 3866 3865 3927 collata

2275 3959 2443 4029 magis
2467 3958 2720 4013 ederatos
2752 3969 2873 4011 esse
2901 3995 2916 4019 ,
2964 3962 3019 4008 et
3064 3953 3153 4008 ubi
3198 3954 3381 4011 vident
3423 3956 3656 4027 aliquem
3697 3970 3792 4015 aut
3832 3977 3867 4017 ι

2276 4050 2466 4105 morbo
2486 4056 2577 4103 aut
2604 4060 2635 4100 a
2662 4045 2897 4115 nequitia
2920 4044 3219 4110 liberatum,
3254 4056 3381 4100 tunc
3406 4061 3665 4103 accusare
3685 4091 3702 4115 ,
3739 4062 3865 4107 tunc

2276 4140 2483 4194 feroces
2507 4151 2646 4192 esse.
2678 4134 2809 4190 Nam
2835 4151 2959 4190 cum
2984 4137 3320 4192 meretricem
3345 4137 3411 4190 ad
3441 4140 3866 4209 resipiscentianl

2276 4230 2603 4286 deducturus
2632 4236 2786 4294 erat,
2836 4226 3299 4281 calumniabantur
3344 4241 3508 4293 eum;
3552 4238 3606 4284 et
3650 4233 3867 4301 quando

2278 4336 2401 4375 cum
2446 4318 2741 4389 publicanis
2768 4315 3135 4382 comedebat,
3187 4316 3482 4372 similiter:
3532 4328 3589 4373 ut
3631 4330 3686 4374 et
3723 4336 3867 4379 nunc

2281 4428 2399 4467 cum
2428 4426 2641 4466 manum
2669 4409 2972 4464 restitutam
3001 4406 3274 4462 viderunt.
3319 4406 3399 4461 Tu
3426 4423 3556 4481 vero
3578 4410 3708 4464 mihi
3730 4426 3864 4471 con.

2278 4501 2455 4557 sidera
2482 4500 2749 4571 quomodo
2775 4508 2829 4553 et
2851 4498 2919 4553 ab
2949 4506 3272 4567 aegrotorum
3296 4511 3427 4551 cura
3450 4513 3557 4551 non
3586 4499 3817 4556 ahsismt
3845 4544 3865 4569 ,

2282 4602 2335 4647 et
2358 4592 2563 4647 illorum
2594 4589 2843 4645 invidiam
2868 4588 3094 4657 mitiget.
3132 4585 3200 4640 Et
3228 4597 3448 4657 sequuta
3472 4598 3729 4644 suntcum
3757 4602 3867 4645 tur-

2283 4686 2357 4738 ba:
2382 4684 2582 4747 nautae,
2610 4690 2653 4734 et
2674 4681 2869 4733 curavit
2897 4679 3015 4733 ittos
3042 4692 3251 4743 omnes;
3290 4678 3378 4732 16.
3404 4686 3451 4731 et
3475 4678 3755 4749 increpavit
3784 4697 3867 4737 eos

2277 4777 2361 4846 qui
2379 4776 2539 4829 curati
2563 4775 2781 4843 fuerant,
2799 4780 2851 4824 ut
2877 4768 3063 4824 nemini
3088 4769 3256 4838 ipsum
3276 4770 3603 4839 manifestum
3619 4762 3864 4837 facerent.

2278 4866 2469 4920 Turbae
2496 4865 2693 4930 ubique
2734 4871 2783 4915 et
2825 4861 3084 4913 mirantur
3117 4868 3171 4913 et
3211 4870 3509 4928 sequuntur
3540 4876 3554 4912 :
3585 4860 3661 4914 illi
3687 4870 3867 4916 autem

2278 4972 2308 5009 a
2339 4955 2539 5010 iustitia
2565 4968 2671 5008 non
2698 4950 2978 5005 absistunt.
3013 4948 3216 5004 Deinde
3256 4963 3322 5004 ne
3358 4949 3587 5003 turberis
3612 4948 3685 5004 de
3701 4953 3867 5020 gestis

2277 5046 2450 5117 deque
2479 5042 2776 5098 incredibili
2804 5043 3016 5096 illorum
3045 5039 3221 5095 lurore
3247 5082 3261 5104 ,
3300 5041 3620 5109 prophetam
3643 5042 3866 5097 adducit

2279 5137 2397 5191 ha;c
2434 5134 2905 5210 prmnuntiantem.
2956 5131 3121 5185 Tanta
3149 5131 3293 5185 enim
3331 5142 3449 5184 erat
3476 5131 3859 5200 prophetarum

2278 5227 2547 5283 accuratio
2572 5266 2587 5293 ,
2634 5234 2693 5279 ut
2735 5239 2801 5279 ne
2832 5224 2947 5278 haec
2975 5223 3190 5293 quidem
3220 5224 3694 5291 pncterinittcrcnt
3728 5265 3744 5289 ,
3772 5225 3867 5279 sed

2280 5322 2390 5374 vias
2416 5318 2532 5389 ejus
2562 5326 2617 5373 et
2644 5315 2896 5371 transitus
2918 5313 3318 5384 prophetarent,
3348 5328 3559 5367 necnon
3580 5329 3684 5383 qua
3717 5331 3868 5368 men-

2282 5417 2334 5466 t‘e
2357 5413 2472 5467 haec
2496 5409 2695 5464 iaceret
2724 5424 2738 5472 ;
2768 5416 2828 5463 ut
2853 5405 3028 5462 discas
3054 5447 3068 5471 ,
3124 5405 3247 5461 illos
3272 5413 3523 5460 movente
3549 5404 3752 5473 Spiritu
3782 5406 3865 5459 lo-

2277 5515 2469 5577 quutos
2496 5517 2638 5559 esse.
2686 5500 2819 5556 Nam
2848 5502 2893 5555 si
2924 5499 3200 5553 hominum
3234 5504 3439 5552 secreta
3479 5497 3730 5565 cognosci
3759 5511 3863 5550 nou

2278 5605 2536 5668 possunt,
2561 5594 2729 5648 multo
2766 5590 2935 5661 magis
2977 5588 3175 5644 Christi
3223 5602 3415 5656 scopus
3440 5586 3603 5640 edisci
3637 5600 3743 5638 non
3772 5600 3869 5655 po-

2279 5702 2402 5757 test,
2432 5689 2531 5745 nisi
2557 5687 2754 5759 Spiritn
2786 5684 3078 5741 revelante.
3128 5679 3264 5749 Quid
3297 5689 3472 5734 autem
3505 5677 3695 5731 dixerit
3728 5692 3861 5749 pro-
