4104 6308
182 414 281 474 Ηὶ

185 530 365 602 pheta.
394 522 477 579 sic
504 516 657 576 affert
682 533 698 571 :
728 514 816 569 17.
860 509 927 566 Ut
967 506 1261 577 impleretur
1306 500 1439 572 quod
1480 498 1672 551 dictum
1698 501 1771 547 est

195 592 287 693 per
311 616 508 672 Ιαιίιιιι
525 608 823 685 prophetam
847 603 1091 657 dicentem
1117 611 1137 651 :
1162 596 1247 650 l8.
1278 592 1410 693 licet:
1439 603 1563 691 puer
1588 600 1727 638 meus
1754 621 1771 645 ,

185 680 504 779 quernelegi,
525 680 737 755 dilectus
761 710 915 756 meus,
939 694 995 745 in
1020 704 1120 759 quo
1140 682 1437 755 complacuit
1454 680 1623 732 anima
1639 690 1768 779 mea.

192 764 393 854 bonum
422 764 654 861 ;piritum
679 800 846 841 meum
869 796 1019 851 super
1044 793 1175 839 eum,
1204 783 1249 828 et
1268 771 1520 844 judicium
1545 764 1774 837 gentibus

188 860 457 944 nuutiobit.
490 882 577 937 19.
605 878 729 935 Non
761 872 1055 936 contendet,
1101 880 1260 935 neque
1304 860 1576 922 clamabit,
1619 870 1776 924 neque

188 981 358 1036 audiet
379 976 491 1046 quis
517 976 571 1028 in
599 970 777 1043 plateis
802 980 971 1021 τοι-ειη
987 963 1128 1031 ejus;
1145 958 1238 1014 20.
1261 955 1509 1010 calamum
1530 960 1777 1018 conquas-

188 1082 355 1126 satum
383 1083 486 1121 non
513 1041 831 1132 confringet,
870 1065 917 1110 et
960 1055 1123 1109 linum
1163 1049 1418 1120 [mitigans
1455 1059 1555 1097 non
1588 1041 1780 1095 exstin-

106 1212 111 1219 ς
187 1172 306 1234 gues
334 1202 351 1227 ,
392 1161 548 1213 donec
571 1125 788 1209 emiserit
818 1152 872 1201 in
897 1145 1156 1202 victoriam
1197 1138 1443 1205 iudicium
1481 1132 1652 1206 (lsai.
1673 1125 1774 1184 '42.

190 1224 306 1320 ξοδ)
373 1250 465 1303 21.
488 1256 535 1300 et
574 1247 627 1298 in
654 1240 853 1295 nomine
874 1239 985 1307 ejus
1004 1243 1173 1305 gentes
1196 1228 1487 1299 sperabunt.
1513 1224 1604 1277 llis
1630 1237 1782 1275 man-

191 1316 528 1398 suetudinem
550 1337 668 1405 ejus
692 1374 708 1399 ,
731 1341 786 1386 et
813 1336 1127 1399 potestatem
1154 1319 1475 1377 ineﬂ‘abilem
1496 1316 1732 1371 celebrat
1759 1354 1775 1379 ,

191 1444 547 1501 magnamque
569 1403 625 1481 et
651 1430 887 1493 apertam
910 1416 1157 1489 gentibus
1177 1420 1385 1481 portam
1410 1407 1580 1477 aperit
1603 1445 1618 1467 ,
1639 1403 1778 1457 mala

381 1493 597 1574 Jndzeos
626 1516 871 1568 iuvasura
907 1504 1227 1578 praenuntiat
1253 1518 1268 1567 ;
1312 1508 1368 1555 et
1396 1495 1631 1552 ostendit
1661 1493 1779 1563 ejus

190 1627 315 1668 cum
364 1610 524 1664 Patre
576 1615 898 1660 consensum
924 1616 938 1651 :
964 1610 1087 1651 nam
1111 1594 1230 1656 ait,
1284 1588 1417 1645 Ecce
1443 1603 1569 1658 puer
1593 1601 1735 1639 meus
1761 1624 1778 1649 ,

190 1717 339 1770 quem
368 1698 514 1766 elegi,
537 1695 746 1747 dilectus
764 1705 924 1749 meus,
948 1688 1000 1740 in
1021 1700 1119 1753 quo
1137 1679 1439 1751 complacuit
1460 1674 1629 1730 anitna
1649 1690 1782 1727 mea.

191 1766 247 1845 Si
276 1797 455 1842 autem
484 1784 643 1853 elegit
668 1796 791 1837 eum
824 1820 841 1843 ,
874 1777 1060 1845 utique
1097 1787 1204 1827 non
1252 1769 1544 1825 advers-aus
1575 1766 1677 1834 ipsi
1703 1766 1780 1819 lc-

191 1894 314 1949 gem
344 1875 524 1938 solvit,
550 1885 726 1941 neque
750 1879 808 1923 ut
834 1867 1079 1922 inimicus
1096 1859 1414 1934 legislatoris
1438 1858 1490 1911 id
1517 1857 1658 1927 agit,
1688 1854 1783 1909 sed

194 1948 254 2023 ut
277 1966 625 2023 consentiens
656 2004 671 2027 ,
705 1960 1000 2027 eademque
1015 1966 1264 2025 oper-aus.
1294 1948 1493 2005 Deinde
1533 1959 1784 2001 mansue-

196 2060 434 2114 tudinem
464 2056 583 2124 ejus
608 2052 902 2121 prtedicans
930 2046 1059 2100 dicit
1089 2062 1104 2097 :
1132 2042 1253 2096 Non
1277 2037 1540 2094 contendet
1572 2078 1589 2104 ,
1629 2050 1787 2105 neque

192 2148 453 2204 clmnabit.
482 2146 596 2213 Ipse
624 2143 822 2212 quippe
850 2136 1063 2192 volebat
1088 2148 1182 2188 eos
1218 2145 1409 2187 sanam
1447 2147 1460 2183 :
1493 2130 1613 2198 quia
1655 2141 1786 2181 vero

193 2241 370 2309 ipsum
393 2235 658 2306 repulere,
690 2230 780 2285 ille
822 2225 1068 2282 reluctari
1097 2222 1285 2277 noluit.
1316 2220 1517 2275 Deinde
1549 2218 1664 2287 ejus
1690 2230 1785 2285 po-

195 2306 418 2385 tentiam
449 2327 766 2391 illorutuque
801 2315 1218 2373 imbecillitatem
1246 2309 1539 2366 ostendens
1568 2349 1583 2373 ,
1611 2306 1742 2361 dicit
1770 2323 1785 2359 :

193 2420 465 2477 Calamam
507 2419 893 2481 conquassatum
938 2422 1039 2459 non
1088 2404 1395 2474 confringet.
1452 2398 1587 2453 Nam
1635 2396 1789 2451 facile

196 2518 313 2567 crat
365 2522 460 2562 eos
499 2516 686 2558 omnes
731 2508 789 2553 ut
824 2496 1088 2552 calamum
1132 2492 1467 2560 confringere
1500 2506 1515 2552 ;
1546 2491 1652 2541 imo
1682 2502 1787 2540 non

199 2598 363 2655 modo
384 2595 647 2651 calamum
674 2633 690 2657 ,
710 2588 804 2644 sed
830 2588 939 2657 jam
969 2591 1401 2653 conquassatum.
1430 2578 1493 2632 Et
1522 2579 1682 2633 linum
1709 2580 1791 2646 {u-

172 2693 399 2762 nuigans
418 2704 518 2742 non
540 2686 841 2753 exstinguet.
877 2679 973 2733 llic
1000 2678 1211 2731 illorum
1236 2674 1366 2727 iram
1391 2672 1662 2724 incensam
1691 2669 1790 2721 de-

195 2785 371 2839 clarat
402 2821 417 2839 ,
450 2778 694 2844 illiusque
737 2768 1103 2825 fortitudinem
1130 2805 1143 2828 ,
1174 2780 1294 2831 qtae
1341 2770 1519 2831 posset
1558 2762 1791 2813 furorem

197 2875 439 2944 ipmrum
470 2868 702 2931 solvere,
721 2872 775 2917 et.
800 2876 923 2915 cum
948 2858 1196 2912 facilitate
1228 2868 1414 2922 magna
1432 2852 1789 2919 exstinguere.

201 2942 359 3022 Unde
381 2965 498 3028 ejus
526 2954 879 3013 mansuetudo
903 2953 1087 3021 ingens
1108 2948 1427 3003 ostenditur.
1454 2944 1588 3013 Quid
1614 2942 1793 3011 igitur?

197 3075 267 3112 an
300 3056 417 3109 luce
446 3066 657 3119 semper
685 3054 841 3102 erunt
866 3044 891 3097 ?
926 3058 993 3096 an
1021 3053 1233 3108 semper
1260 3037 1395 3092 feret
1419 3050 1514 3091 eos
1539 3033 1793 3087 insidian-

200 3159 285 3204 tes
298 3164 363 3201 ae
394 3141 675 3198 furentes?
699 3139 897 3207 Apage;
928 3132 1022 3188 sed
1048 3147 1168 3186 cum
1196 3144 1290 3182 sua
1320 3126 1642 3187 exhibuerit,
1670 3134 1795 3177 tunc

203 3242 259 3297 tit
304 3239 392 3296 illa
433 3223 794 3302 exsequetur:
823 3226 877 3280 id
924 3225 1065 3278 enim
1101 3219 1419 3290 significavit
1458 3218 1539 3269 his
1570 3216 1745 3269 verbis
1778 3232 1792 3266 :

202 3332 381 3386 Donec
396 3327 593 3382 emittat
615 3324 666 3375 in
694 3320 951 3375 victoriam
970 3315 1225 3387 judicium
1254 3330 1272 3377 ;
1321 3321 1365 3365 et
1386 3312 1441 3363 in
1467 3309 1665 3362 nomine
1688 3308 1797 3377 ejus

198 3432 377 3494 gentes
402 3415 672 3486 sperabunt
699 3428 718 3463 :
748 3406 1195 3479 quemadmodum
1225 3414 1281 3458 et
1308 3402 1506 3494 Paulus
1535 3401 1608 3453 ait
1642 3416 1654 3450 :
1693 3396 1799 3450 Pa—

201 3516 304 3569 rati
330 3527 527 3568 omnem
547 3505 931 3562 inobcdientiam
963 3501 1137 3554 ulcisci
1164 3539 1178 3562 ,
1221 3514 1337 3550 cum
1363 3477 1612 3563 conipletu
1639 3494 1794 3565 fuerit

201 3604 493 3660 obedientiu
522 3609 684 3653 t'cstra
719 3595 792 3668 (Ι.
835 3593 953 3648 Cor.
997 3592 1083 3646 10.
1112 3591 1189 3660 6).
1216 3588 1353 3655 Quid
1381 3602 1507 3641 vero
1537 3586 1801 3655 signiﬁcat

206 3696 342 3752 illud
371 3739 385 3760 ,
424 3695 551 3749 Cum
584 3690 803 3746 emiserit
842 3689 895 3743 in
932 3686 1194 3741 victoriam
1212 3681 1510 3753 jndtt'nnn?
1535 3680 1670 3734 Cum
1701 3693 1807 3733 sua

205 3787 391 3841 omnia
414 3784 737 3852 impleverit,
769 3777 939 3846 inquit
962 3817 977 3841 ,
1004 3786 1129 3829 tunc
1161 3773 1450 3826 vindictam
1473 3771 1688 3824 inducet
1708 3811 1724 3834 ,
1747 3777 1803 3822 et

208 3877 469 3931 ultionent
525 3871 832 3940 perfectam.
880 3867 1030 3920 Tunc
1078 3863 1258 3933 gravia
1313 3863 1621 3929 patientur,
1676 3874 1799 3913 cum

207 3963 553 4036 Splendidunt
583 3959 831 4016 statuerit
859 3968 1144 4025 tropieum,
1176 3960 1232 4006 et
1254 3950 1369 4019 ejus
1390 3949 1807 4019 justiﬁcationes

207 4060 445 4115 vicerint
478 4074 492 4121 ;
525 4070 588 4108 ae
637 4069 705 4108 ne
756 4050 1094 4119 impudenter
1140 4044 1357 4114 quidem
1398 4040 1804 4097 contradicendi

209 4165 401 4206 ausam
429 4147 713 4214 relinquet.
733 4140 883 4196 Solet
898 4139 1041 4193 enim
1064 4135 1322 4205 judicium
1350 4133 1517 4202 ipsam
1538 4131 1803 4201 justitiam

209 4240 417 4295 dicere.
445 4237 549 4291 Sed
584 4251 688 4287 non
721 4234 772 4285 iu
803 4232 903 4284 hoc
928 4239 1130 4282 tantum
1158 4225 1416 4281 consistet
1443 4224 1559 4292 ejus
1584 4236 1805 4277 (nconc-

210 4332 323 4386 tnia
346 4371 363 4393 ,
410 4326 551 4398 quod
584 4322 837 4379 increduli
885 4320 1206 4390 puniantur:
1240 4330 1424 4368 verum
1450 4314 1611 4367 etiam
1637 4296 1805 4365 totum

208 4422 405 4477 orbem
430 4418 682 4472 attrahet.
712 4413 1049 4481 Quapropter
1078 4408 1350 4475 subjunxit
1381 4422 1397 4457 :
1426 4403 1494 4457 Et
1516 4406 1571 4457 in
1600 4403 1803 4456 nomine

212 4515 329 4585 ejus
348 4520 517 4583 gentes
537 4506 832 4577 sperabunt.
868 4501 1067 4556 Deinde
1092 4509 1149 4553 ut
1172 4498 1369 4561 discas,
1400 4495 1503 4551 hoc
1531 4494 1690 4549 etiam
1722 4510 1809 4547 se-

218 4584 456 4661 cundum
502 4599 833 4654 voluntatem
878 4592 1051 4647 Patris
1094 4605 1216 4645 esse
1249 4631 1264 4653 ,
1304 4588 1355 4641 in
1389 4587 1505 4656 ipso
1550 4584 1812 4656 principio

219 4698 483 4769 propheta
533 4693 635 4746 hoc
678 4702 801 4743 cum
851 4684 1121 4755 prioribus
1164 4668 1503 4737 conﬁrmavit
1530 4718 1546 4743 ,
1579 4678 1812 4733 dicens:

218 4766 451 4840 Dilectus
481 4797 647 4843 meus,
686 4780 739 4831 in
767 4792 867 4848 quo
906 4774 997 4827 sibi
1025 4771 1334 4841 complacuit
1363 4768 1537 4821 anima
1560 4782 1691 4822 mea.
1720 4766 1815 4820 Et-

216 4877 367 4930 enim
399 4871 571 4941 palam
619 4877 698 4922 est
727 4866 980 4921 dilectmn
1017 4857 1309 4917 secun‘dum
1349 4858 1619 4929 diligentis
1642 4872 1702 4911 se
1726 4872 1817 4907 vu-

220 4968 488 5023 ltmtatem
511 4961 627 5015 hate
642 4959 851 5013 fecisse.
874 4955 963 5009 9'2.
998 4953 1137 5007 Tunc
1161 4952 1443 5006 obtulerunt
1472 4951 1514 5003 ei
1542 4948 1819 5002 dwmonia-

220 5075 365 5121 cunt,
396 5071 584 5109 aecum
613 5063 660 5106 et
690 5060 903 5113 mutum,
932 5058 980 5102 et
1020 5047 1207 5100 curavit
1242 5060 1379 5109 eum,
1412 5045 1482 5095 itu
1508 5051 1559 5094 ut
1584 5056 1743 5094 circus
1770 5048 1821 5093 et

223 5161 401 5205 mutus
430 5147 714 5213 loqueretur
739 5151 785 5195 et
809 5140 1015 5192 rideret.

301 5243 358 5295 5.
402 5237 633 5291 Christus
678 5233 929 5299 beneﬁcus
956 5272 971 5295 ,
1026 5228 1407 5283 Pltaristcorum
1450 5224 1690 5277 invidiam
1735 5240 1822 5277 ex-

225 5336 375 5387 citat.
425 5327 644 5381 lnnidia:
691 5322 888 5377 nullum
944 5338 1037 5391 par
1082 5321 1292 5372 nmium.
1360 5316 1534 5385 Ipsius
1578 5316 1819 5368 remedia.

223 5450 305 5465 -—
340 5421 386 5476 Ο
431 5418 632 5471 malitia
677 5411 983 5469 daamonis!
1032 5408 1321 5477 Utramque
1373 5406 1510 5460 viam
1551 5445 1565 5469 ,
1622 5422 1725 5474 qua
1779 5408 1823 5459 is

226 5511 538 5570 crediturus
568 5514 706 5568 erat.
736 5504 1098 5565 obstruxerat,
1132 5501 1305 5553 vismn
1329 5507 1382 5551 et
1407 5496 1647 5550 auditum
1679 5516 1692 5549 :
1726 5498 1821 5550 sed

231 5616 521 5672 utramque
564 5598 811 5654 Cbtisttts
857 5592 1085 5664 aperuit.
1117 5591 1208 5645 ‘25.
1246 5588 1307 5642 Et
1356 5590 1624 5658 stupebant
1668 5588 1827 5641 turba:

232 5700 459 5752 dicentes
490 5708 511 5745 :
540 5688 804 5758 Numquid
827 5686 908 5739 hic
937 5694 1008 5739 est
1035 5684 1175 5753 ﬁlius
1219 5680 1428 5733 David?
1456 5679 1547 5733 21.
1576 5677 1827 5733 Pharistei

240 5799 418 5846 autem
434 5787 674 5841 dixerunt
710 5797 730 5835 :
764 5768 1542 5844 Hicuonejicitdwmonia,niai
1564 5769 1826 5825 iuBectzc-

1210 388 1272 444 IN
1312 382 1721 443 MATTIIA‘LUM
1763 378 1993 437 uentu
2038 379 2148 435 XL.
2190 378 2261 434 al.
2304 378 2439 432 XLI.
2500 380 2544 411 κ

3372 377 3401 428 4
3418 377 3500 426 5‘2.

1884 493 1982 546 bub
2013 493 2239 563 principe
2257 490 2641 546 dminoniorum.
2662 487 2823 558 Atqui
2852 485 2978 557 quid
2999 488 3175 558 magni
3205 487 3375 542 turbm
3397 492 3477 538 til-

1883 586 2118 642 xeraut?
2148 588 2402 638 Attamen
2432 582 2483 637 id
2516 582 2776 636 Pharisaei
2806 596 2912 634 non
2945 579 3183 633 tulerunt
3212 579 3333 634 :sic
3360 579 3474 643 illi,

1883 689 1938 733 ut
1968 693 2128 747 supra
2159 675 2270 730 disi
2292 715 2307 740 ,
2335 690 2550 742 semper
2575 688 2641 727 ex
2674 672 2950 727 beneﬁciis
2980 671 3229 739 proximo
3259 670 3473 723 Cullutis

1883 771 2200 825 mordentur
2218 809 2234 834 ,
2264 767 2398 822 nihil
2426 766 2500 819 ita
2524 764 2631 819 illis
2655 763 2899 817 dolorem
2929 762 3096 830 parit,
3122 771 3179 813 ut
3201 758 3476 813 hominum

1883 866 2047 920 salus.
2080 863 2416 930 Quamquam
2442 858 2600 915 Jesus
2619 862 2945 921 recesserat,
2968 860 3024 909 et
3052 853 3229 907 locum
3257 850 3481 905 dederat

1886 968 1944 1010 ut
1970 956 2047 1009 ira
2074 952 2395 1009 sedaretur:
2434 948 2528 1005 sed
2560 960 2746 1002 rursus
2787 958 3074 1003 accensum
3104 943 3306 1010 malum
3337 942 3432 995 fuit
3464 980 3479 1005 ,

1885 1046 2008 1116 quia
2041 1057 2229 1100 rursus
2260 1042 2586 1098 beneﬁcium
2630 1039 2829 1094 factum
2856 1044 2969 1101 est,
3014 1035 3199 1103 il-liquc
3228 1034 3478 1103 indigna-

1886 1140 2081 1194 bantur
2107 1137 2227 1206 plus
2246 1150 2406 1205 quam
2430 1135 2544 1204 ipse
2562 1132 2798 1197 daemon,
2818 1129 2908 1200 qui
2934 1138 3232 1183 secesserat
3262 1142 3331 1183 ex
3356 1141 3480 1181 cor-

1888 1244 2020 1298 pore
2043 1270 2058 1294 ,
2086 1237 2142 1283 et
2168 1227 2469 1298 aufugerat,
2517 1224 2647 1278 nihil
2677 1222 2927 1292 loquutus
2955 1236 2973 1285 ;
3001 1219 3087 1273 -hi
3112 1228 3289 1272 autem
3318 1218 3481 1271 modo

1891 1321 2039 1375 illum
2087 1320 2385 1374 interﬁcere
2423 1317 2700 1371 tentabant
2728 1354 2743 1381 ,
2789 1312 2951 1367 modo
2995 1310 3482 1365 calumniabantur.

1889 1411 2025 1478 Quia
2053 1411 2195 1466 enim
2224 1408 2354 1463 illud
2393 1423 2498 1461 non
2536 1415 2683 1461 recte
2712 1401 3038 1475 procedebat
3068 1444 3085 1466 ,
3135 1402 3321 1471 gloria:
3369 1402 3488 1468 ejus

1894 1519 2091 1559 nocere
2113 1502 2380 1557 volebant.
2411 1496 2727 1569 llujusmodi
2758 1510 2847 1550 res
2874 1506 2957 1549 est
2988 1493 3207 1553 invidia,
3244 1494 3328 1547 cui
3358 1494 3479 1546 nul-

1890 1596 2001 1650 lum
2046 1610 2142 1664 par
2182 1593 2403 1647 malum.
2453 1589 2587 1645 Nam
2635 1586 2879 1642 moechus
2921 1586 3249 1655 voluptatem
3296 1586 3488 1640 saltem

1892 1686 2178 1756 quamdam
2203 1683 2431 1754 percipit
2449 1722 2464 1745 ,
2484 1691 2541 1735 et
2567 1664 2723 1735 brevi
2746 1688 2991 1747 tempore
3019 1686 3298 1746 peceatum
3328 1690 3488 1730 suum

1896 1776 2136 1846 perﬁcit:
2166 1775 2377 1829 invidus
2404 1789 2531 1829 vero
2558 1788 2619 1827 se
2650 1771 2795 1841 prius
2825 1784 2985 1839 quam
3016 1784 3139 1825 eum
3168 1769 3258 1838 qui
3289 1737 3504 1823 invideti

1893 1868 2158 1938 supplicio
2183 1865 2368 1930 afﬁcit,
2404 1880 2581 1934 neque
2600 1864 2763 1917 ﬁnem
2786 1876 3041 1930 umquam
3060 1860 3318 1931 peccandi
3344 1859 3487 1923 facit,

1893 1961 2022 2016 etin
2048 1968 2267 2030 peccato
2293 1966 2562 2013 versatur.
2585 1954 2737 2011 Sicut
2761 1969 2852 2009 sus
2879 1953 2933 2008 in
2955 1953 3068 2008 luto
3090 1994 3105 2019 ,
3130 1962 3185 2007 et
3213 1952 3356 2007 sicut
3383 1950 3494 2006 da:-

1896 2067 2084 2107 moues
2109 2052 2176 2105 de
2200 2050 2397 2104 damno
2427 2056 2611 2102 nostro
2640 2046 2890 2100 laetantur
2922 2061 2936 2097 :
2969 2043 3050 2098 sic
3088 2051 3144 2098 et
3182 2040 3401 2097 invidus
3426 2041 3495 2094 de

1898 2144 2126 2215 proximi
2157 2143 2312 2197 malis
2333 2140 2532 2212 gaudet
2561 2158 2576 2193 :
2603 2146 2659 2193 et
2687 2138 2732 2191 si
2763 2134 2891 2206 quid
2923 2135 3025 2204 ipsi
3068 2135 3221 2187 triste
3258 2141 3313 2185 et
3356 2132 3495 2199 inju-

1896 2235 2130 2289 eundum
2159 2232 2395 2296 eveniat,
2416 2239 2543 2284 tunc
2571 2228 2663 2283 ille
2692 2224 2919 2297 quiescit
2944 2233 2998 2279 et
3024 2223 3274 2293 respirat;
3291 2222 3495 2277 alienas

1898 2340 2169 2381 mrumnas
2214 2321 2469 2394 gaudium
2506 2334 2629 2377 esse
2681 2333 2839 2374 suum
2884 2326 3119 2387 putans,
3160 2325 3216 2371 et
3268 2313 3495 2367 aliorum

1897 2419 2037 2473 bona
2075 2418 2351 2487 proprium
2394 2414 2498 2469 sibi
2530 2413 2729 2466 malum
2761 2427 2776 2477 ;
2807 2424 2984 2479 neque
3027 2408 3336 2463 considerat
3370 2406 3496 2474 quid

1900 2509 2000 2563 sihi
2028 2522 2212 2572 suave,
2245 2488 2341 2562 εὲιι
2363 2504 2493 2574 quid
2524 2504 2771 2575 proximo
2796 2514 3159 2555 :crumuosum
3188 2500 3276 2553 sit.
3309 2497 3498 2551 Nonne

1902 2598 2036 2652 tales
2058 2597 2302 2651 homines
2328 2593 2599 2666 lapidandi
2630 2601 2687 2648 et
2710 2588 2989 2660 suppliciis
3018 2588 3302 2659 torquendi
3332 2597 3458 2641 sunt
3482 2629 3497 2648 ,

1900 2700 1959 2744 ut
1987 2706 2149 2745 canes
2170 2689 2341 2743 rabidi
2366 2730 2381 2754 ,
2414 2697 2474 2742 ut
2502 2687 2777 2740 dmmones
2808 2682 2988 2737 infesti
3014 2722 3031 2748 ,
3054 2689 3115 2734 ut
3139 2681 3270 2748 ipsa:
3298 2678 3450 2732 furia:
3478 2677 3501 2728 ‘3

1899 2780 2033 2834 Nam
2057 2762 2507 2847 quemadmodum
2539 2774 2798 2830 scarabaei
2825 2773 2877 2827 in
2909 2771 3037 2827 ﬁmo
3058 2771 3367 2826 nutriuntur
3388 2810 3400 2831 ,
3420 2768 3502 2821 sic

1902 2882 1956 2925 et
1984 2871 2041 2925 hi
2060 2870 2110 2923 in
2134 2870 2323 2923 alienis
2350 2866 2743 2921 calamitatibus
2773 2906 2788 2929 ,
2817 2877 3137 2919 communes
3164 2870 3369 2915 naturm
3398 2859 3504 2913 ini-

1904 2961 2024 3014 mici
2054 2971 2109 3014 et
2144 2959 2349 3012 hostes.
2394 2957 2463 3011 Et
2499 2956 2589 3010 alii
2625 2954 2840 3025 quidem
2884 2955 2930 3007 si
2976 2953 3167 3007 brutas
3192 2951 3500 3004 animantes

1900 3052 2167 3121 jugulalas
2215 3049 2443 3103 viderint
2472 3090 2487 3112 ,
2525 3046 2891 3101 misericordia
2938 3054 3251 3109 moventur;
3281 3051 3335 3097 tu
3366 3058 3495 3095 vero

1906 3142 2176 3195 hominem
2200 3140 2385 3193 videns
2412 3138 2672 3193 beneﬁcio
2702 3136 2976 3200 aﬂ‘eetum,
3003 3135 3267 3198 eiferaris,
3296 3134 3505 3195 tremis,

1907 3233 2079 3301 palles
2104 3232 2129 3283 ἲ
2154 3230 2358 3298 Ecquid
2407 3230 2510 3282 hcc
2554 3227 2735 3281 furore
2756 3227 3001 3280 deterius
3024 3226 3049 3278 ?
3076 3225 3202 3279 ldeo
3231 3222 3505 3278 fornicarii

1906 3333 1961 3378 et
2010 3320 2280 3392 publicani
2326 3320 2378 3373 in
2428 3333 2654 3389 regnum
2704 3317 2909 3372 intrare
2958 3324 3295 3387 potuerunt;
3344 3314 3510 3369 invidi

1907 3431 2058 3481 vero,
2088 3414 2178 3484 qui
2212 3417 2356 3467 intus
2379 3420 2573 3475 erant,
2604 3410 2808 3479 egressi
2830 3418 2957 3464 sunt
2982 3427 2995 3462 ε
3025 3424 3148 3463 nam
3177 3406 3303 3462 Filii
3336 3410 3503 3477 regni,

1910 3505 2103 3574 inquit,
2139 3507 2278 3576 foras
2307 3504 2575 3573 ejicientur
2609 3499 2823 3571 (Matth.
2854 3500 2908 3554 8.
2936 3498 3051 3570 12).
3085 3498 3156 3553 Ει
3184 3500 3258 3552 illi
3284 3498 3503 3568 quidem

1908 3598 1975 3652 ab
2006 3596 2239 3666 nequitia
2262 3591 2598 3665 erepti,’quae
2623 3608 2913 3662 numquam
2931 3600 3515 3661 eXSpectsveranteou-

1910 3689 2119 3759 sequuti
2148 3697 2311 3743 sunt:
2337 3687 2392 3741 hi
2423 3700 2550 3740 vero
2579 3685 2718 3739 bona
2742 3699 2861 3754 qua:
2888 3682 3000 3752 jam
3033 3683 3292 3738 tenebant
3317 3680 3513 3735 amise-

1910 3788 2038 3835 runt
2068 3796 2083 3843 ;
2116 3790 2167 3834 et
2185 3778 2309 3848 jure
2331 3776 2568 3846 quidem.
2591 3774 2703 3829 lloc
2724 3776 2868 3828 enim
2900 3772 3172 3829 diabolum
3203 3788 3271 3827 ex
3294 3771 3516 3825 homine

1911 3871 2076 3937 facit;
2108 3872 2207 3923 hoc
2235 3870 2466 3924 ferocem
2493 3868 2793 3921 dmmunem
2815 3863 3002 3919 efﬁcit.
3038 3863 3127 3918 Sic
3149 3865 3316 3932 prima
3339 3862 3517 3917 caedes

1913 3962 2050 4017 facta
2080 3972 2165 4016 est
2194 3980 2209 4027 ;
2237 3961 2316 4015 sic
2341 3969 2545 4013 natura:
2575 3956 2718 4010 nulla
2749 3954 2931 4009 habita
2957 3955 3096 4009 ratio
3125 3955 3223 4009 fuit
3248 3954 3404 4024 (Gen.
3434 3952 3513 4015 4);

1915 4058 1995 4112 sic
2025 4067 2169 4111 terra
2209 4054 2411 4124 polluta
2455 4062 2575 4115 est;
2606 4050 2685 4103 sic
2732 4056 2917 4117 postea
2962 4062 3025 4101 os
3064 4060 3221 4101 suum
3264 4044 3517 4114 aperiens

1918 4161 2079 4211 terra,
2120 4147 2347 4209 Dathau,
2370 4144 2511 4199 Core
2532 4150 2588 4197 et
2613 4140 2837 4202 Ahirou.
2864 4149 3141 4209 totumque
3172 4138 3321 4192 illum
3345 4152 3517 4207 pepu—

1918 4242 2027 4295 lmu
2057 4240 2268 4307 excepit
2297 4246 2353 4293 et
2378 4235 2603 4306 perdidit
2628 4233 2815 4303 (Num.
2847 4232 2963 4301 16).
2996 4233 3098 4294 At,
3131 4230 3329 4286 dixerit
3353 4231 3513 4300 quis-

1920 4336 2085 4405 piam,
2111 4332 2263 4386 facile
2287 4340 2371 4386 est
2397 4330 2465 4384 de
2491 4327 2687 4383 invidia
2714 4340 2972 4381 accusare
2995 4366 3011 4391 ,
3039 4324 3134 4380 sed
3168 4322 3474 4377 docendum
3498 4323 3512 4355 ³

1920 4442 2028 4496 quo
2052 4419 2209 4493 pacto
2240 4421 2403 4476 invidi
2431 4420 2501 4475 ab
2529 4419 2630 4473 hoc
2667 4417 2859 4471 morbo
2890 4416 3207 4470 liberentur.
3236 4413 3522 4479 Quamodo

1921 4531 2050 4586 ergo
2081 4512 2429 4568 liherabimur
2455 4510 2525 4564 ab
2546 4508 2825 4578 iniquitate
2847 4504 3266 4575 hujuscemodi?
3290 4502 3344 4558 Si
3377 4506 3535 4577 cegi-

1925 4619 2120 4671 tentus,
2143 4606 2282 4659 sicut
2296 4602 2607 4659 fornicatori
2636 4616 2742 4654 non
2770 4601 2895 4655 licet
2916 4599 3115 4652 intrare
3137 4601 3188 4650 iu
3210 4595 3499 4650 ecclesiam
3522 4639 3531 4653 .

1925 4698 2003 4753 sic
2028 4711 2202 4767 neque
2231 4694 2448 4760 invido;
2482 4697 2590 4747 imo
2630 4693 2811 4746 minus
2851 4689 2977 4744 huic
3019 4689 3187 4743 licere
3230 4702 3390 4756 quam
3426 4687 3523 4739 illi.

1924 4789 2078 4845 Nunc
2097 4788 2310 4856 quidem
2333 4785 2530 4841 malum
2561 4783 2691 4837 illud
2719 4782 2869 4851 quasi
2890 4779 3200 4834 indifferens
3229 4792 3350 4832 esse
3380 4776 3527 4829 vide~

1929 4891 2015 4936 tur
2042 4897 2056 4945 ;
2084 4881 2309 4947 ideoque
2335 4876 2623 4946 negligitur
2648 4889 2663 4928 :
2687 4873 2781 4927 sed
2806 4871 2851 4927 si
2881 4869 3225 4925 manifestum
3256 4868 3423 4923 semel
3455 4870 3526 4920 sit

1930 4974 2128 5029 malum
2165 4986 2289 5026 esse
2314 5013 2327 5035 ,
2362 4969 2517 5023 facile
2545 4969 2614 5022 ab
2651 4982 2717 5022 en
2744 4966 3068 5021 resiliemns.
3102 4964 3248 5032 Luge
3279 4964 3438 5031 igitur
3468 4974 3525 5016 et

1930 5062 2261 5134 ingemisce;
2287 5060 2588 5115 lamentare
2615 5064 2669 5111 et
2698 5055 2869 5109 Deum
2904 5067 3147 5124 precare.
3186 5052 3343 5112 Disce
3369 5056 3524 5120 quasi

1935 5158 2003 5213 de
2035 5154 2358 5226 gravissimo
2380 5160 2605 5221 peccato
2642 5148 2813 5215 allici,
2854 5147 3298 5216 etpmuitentiam
3342 5161 3522 5215 agere.

1930 5248 1998 5304 Et
2027 5249 2073 5304 si
2114 5248 2194 5303 sic
2229 5245 2457 5302 affectus
2504 5243 2675 5299 fueris
2702 5282 2717 5306 ,
2753 5242 2863 5296 cito
2905 5240 3103 5294 abhoc
3145 5240 3334 5292 morbo
3385 5237 3525 5290 liber

1935 5338 2147 5395 evades.
2182 5337 2376 5405 Ecquis
2419 5336 2667 5403 ignorat,
2696 5330 2905 5399 inquies
2930 5372 2945 5391 ,
2978 5328 3230 5383 invidiam
3262 5342 3382 5381 esse
3411 5343 3527 5379 tua-

1934 5435 2042 5489 ltnn
2068 5431 2091 5483 ?
2123 5431 2336 5499 ignorat
2375 5428 2591 5495 quidem
2620 5439 2781 5478 nemo
2818 5441 2834 5487 ;
2867 5422 2963 5477 sed
2999 5433 3177 5476 tamen
3207 5434 3313 5475 non
3343 5434 3527 5489 part-tu

1934 5540 2055 5579 esse
2095 5521 2338 5576 morbmn
2368 5526 2555 5587 putant
2582 5514 2924 5569 fornicationi
2964 5521 3020 5568 et
3060 5511 3344 5565 adulterio.
3397 5509 3529 5563 Nam

1935 5618 2053 5687 quis
2075 5626 2324 5683 umquam
2358 5623 2480 5663 sese
2504 5607 2797 5671 damnavit,
2826 5605 2967 5675 quod
3005 5603 3150 5675 gravi
3183 5601 3378 5657 invidia
3424 5602 3535 5655 dtu-

2001 5768 2014 5797 ¹
2039 5768 2175 5832 Lege
2192 5764 2278 5818 sed
2297 5762 2656 5831 inquirendum.
