4104 6308
598 399 706 458 N3

602 522 723 566 etus
743 509 968 566 fuisset?
992 507 1339 576 Qnandonam
1371 509 1488 579 quis
1509 510 1716 577 rogavit
1739 503 1930 572 Deum,
1959 513 2016 560 ut
2038 504 2182 560 circa

604 603 744 656 hunc
765 600 1138 656 morbum‘sibi
1163 600 1420 671 propitius
1447 600 1633 654 esset?
1663 599 1830 654 Nemo
1849 599 2032 668 utique
2059 613 2181 652 um-
2218 614 2228 623 ·

597 705 777 761 quam;
803 690 894 745 sed
914 692 956 745 si
970 691 1172 760 jejunet
1188 706 1248 744 ac
1271 689 1530 744 tantillum
1554 691 1791 758 pecuniae
1812 689 1903 743 det
1933 689 2178 757 pauperi,

597 785 938 852 quantumvis
955 783 1256 846 sitinvidus,
1272 782 1404 836 nihil
1427 797 1486 837 se
1505 797 1663 852 grave
1683 782 1964 836 admisisse
1988 789 2137 850 putat
2161 797 2176 846 ;

601 874 724 927 licet
764 875 1078 943 gravissimo
1117 875 1353 927 omnium
1382 874 1571 928 'morbo
1589 881 1848 927 teneatur.
1901 871 2176 928 Undenam

597 966 727 1019 Cain
749 977 854 1020 tam
868 966 1121 1020 scelestus
1136 965 1355 1022 eﬂectus
1371 967 1487 1021 est?
1507 966 1647 1021 unde
1663 965 1828 1020 Esaia?
1849 966 1988 1020 unde
2007 965 2176 1019 Laba-

599 1059 650 1110 ni
680 1058 807 1112 filii?
827 1060 964 1114 unde
985 1060 1079 1114 filii
1101 1059 1322 1114 Jacobi?
1352 1060 1489 1113 unde
1509 1057 1647 1112 Core
1676 1100 1691 1123 ,
1733 1057 1938 1112 Dathan
1968 1065 2024 1112 et
2045 1056 2175 1110 Abi-

600 1151 734 1201 ron?
764 1149 902 1204 unde
937 1149 1142 1204 Maria?
1170 1149 1308 1203 unde
1333 1150 1508 1202 Aaron
1535 1148 1558 1200 ?
1587 1147 1727 1202 unde
1748 1147 1860 1216 ipse
1890 1144 2176 1199 diabolus?

668 1244 720 1298 ι.
754 1241 886 1297 Cum
924 1241 1010 1295 his
1040 1241 1141 1295 hoc
1185 1240 1344 1294 etiam
1374 1239 1644 1308 perpende
1667 1281 1683 1302 ,
1719 1249 1767 1292 te
1808 1253 1912 1292 non
1940 1251 2062 1291 ettm
2090 1238 2174 1289 cui

599 1333 802 1387 invides
832 1332 1030 1387 lzederc
1059 1372 1074 1396 ,
1108 1331 1201 1386 sed
1242 1331 1291 1384 in
1320 1331 1549 1399 teipsum
1583 1330 1812 1400 gladium
1841 1339 2073 1384 vertere.
2117 1328 2172 1381 in

598 1441 702 1493 quo
729 1427 870 1479 enim
901 1423 1122 1477 Abelum
1145 1421 1275 1476 Cain
1298 1423 1433 1476 laesit
1453 1422 1646 1476 illium
1677 1423 1833 1476 citius
1861 1422 1945 1476 vel
1978 1421 2175 1475 imitus

599 1519 649 1572 in
683 1532 900 1586 regnum
933 1516 1094 1580 misit,
1123 1531 1286 1585 seque
1310 1515 1573 1569 sexcentis
1603 1514 1824 1568 involvit
1853 1513 2026 1567 malis.
2061 1512 2174 1578 Qua

597 1609 650 1661 in
684 1623 743 1662 re
782 1607 980 1661 Jacobo
1011 1607 1188 1660 nocuit
1236 1604 1378 1659 Esau
1407 1607 1430 1657 τ
1459 1618 1636 1657 annon
1679 1604 1766 1658 ille
1791 1604 1941 1658 dives
1976 1611 2093 1656 erat
2122 1611 2176 1655 et

598 1697 741 1750 mille
762 1696 916 1750 bonis
942 1694 1230 1756 fruebatur,
1265 1695 1348 1747 hic
1373 1708 1498 1748 vero
1529 1703 1742 1762 paterna
1772 1692 1932 1747 domo
1953 1692 2170 1757 excidit,

601 1797 654 1841 et
699 1796 816 1856 post
859 1794 1085 1840 structas
1132 1783 1350 1839 insidias
1379 1785 1430 1838 in
1462 1785 1634 1838 aliena
1680 1783 1898 1853 regione
1926 1780 2176 1840 erravit?

601 1877 736 1945 Quid
784 1883 960 1930 autem
991 1875 1174 1930 Jacobi
1219 1875 1310 1929 filii
1338 1876 1359 1929 ?
1392 1891 1460 1929 an
1507 1873 1796 1944 Joscphum
1840 1874 1892 1927 in
1934 1873 2172 1943 pejorcm

595 1978 788 2022 statum
816 1969 1149 2023 adduxerunt
1175 2010 1188 2029 .
1217 1969 1422 2022 etiamsi
1447 1982 1614 2037 usque
1639 1967 1706 2021 ad
1736 1966 2046 2038 sanguinem
2077 1981 2172 2020 vc-

597 2059 801 2112 nisscnt
825 2057 848 2110 ‘l
875 2058 1060 2113 Nonne
1089 2058 1385 2112 istifamcm
1416 2060 1578 2128 passi,
1609 2072 1670 2112 ac
1699 2058 1766 2112 de
1796 2057 2053 2113 extremis
2081 2071 2173 2126 pe-

595 2147 808 2205 riclitati
836 2162 974 2212 sunt.
1008 2151 1095 2205 ille
1120 2165 1246 2204 vero
1275 2166 1366 2206 rex
1399 2152 1449 2203 in
1479 2160 1583 2205 tota
1615 2151 1850 2220 Egypto
1874 2148 2015 2204 fuit?
2039 2149 2173 2204 Nam

595 2253 793 2311 quanto
823 2243 986 2311 magis
1013 2241 1208 2295 invidia
1240 2242 1588 2305 laboraveris,
1622 2249 1776 2296 tanto
1789 2243 1992 2309 majora
2019 2241 2066 2294 ei
2089 2241 2173 2294 cui

596 2333 799 2388 invides
827 2333 961 2386 bona
991 2332 1258 2386 concilias.
1285 2332 1421 2386 Deus
1438 2333 1578 2387 enim
1601 2375 1615 2397 ,
1635 2334 1723 2402 qui
1751 2341 1940 2386 cuncta
1969 2331 2174 2400 perspi-

582 2427 670 2480 'eit
702 2467 715 2490 ,
753 2440 871 2480 eum
894 2425 1037 2478 videt
1059 2439 1179 2478 eum
1204 2423 1323 2478 ltedi
1351 2425 1440 2493 qui
1471 2424 1600 2478 nihil
1631 2424 1789 2491 ltrsit,
1818 2424 1965 2478 illum
1994 2422 2168 2492 erigit,

595 2517 1041 2584 illustrioremque
1080 2515 1280 2581 efficit;
1332 2515 1568 2569 invidum
1611 2530 1741 2571 vero
1789 2516 1990 2584 plectit.
2037 2515 2168 2569 Nam

594 2609 636 2662 si
663 2624 776 2672 eos,
801 2609 889 2679 qui
907 2608 973 2662 de
998 2608 1150 2662 malis
1178 2608 1512 2664 inimicorum
1531 2607 1796 2672 Imlenlnr,
1817 2623 1920 2663 non
1952 2610 2176 2677 impuni-

595 2711 678 2755 tos
723 2702 849 2754 sinit
893 2700 1017 2770 (Ne
1061 2700 1284 2770 gaudeas
1322 2699 1469 2763 enim,
1503 2701 1689 2766 inquit,
1709 2703 1773 2753 de
1801 2717 1919 2753 casu
1945 2701 2172 2752 inimicu-

592 2809 705 2844 rnm
740 2801 1055 2856 tuorum,“
1075 2790 1276 2858 quando
1329 2788 1465 2844 Deus
1516 2791 1697 2856 videat,
1727 2800 1774 2844 et
1816 2789 2078 2859 displiceat
2125 2790 2170 2842 ei

593 2880 772 2954 [Prata
795 2883 884 2936 9.4.
914 2879 1108 2951 17.18]
1134 2882 1152 2950 )
1175 2900 1186 2934 :
1215 2881 1384 2934 multo
1410 2881 1586 2933 minus
1603 2895 1696 2934 eos
1718 2882 1806 2949 qui
1825 2879 2060 2934 invident
2082 2880 2165 2944 iis,

589 2988 618 3023 a
644 2972 836 3041 quibus
859 2971 991 3024 nihil
1018 2971 1130 3023 lmsi
1158 2979 1301 3024 sunt.
1346 2970 1538 3025 Feram
1565 2971 1744 3039 itaque
1775 2969 1910 3025 hanc
1939 3011 1955 3035 ,
1990 2970 2176 3022 multis

591 3063 902 3117 in~tructam
949 3062 1208 3132 capitibus
1237 3101 1253 3126 ,
1295 3063 1690 3118 exscindamus.
1756 3063 1932 3117 Multa:
1975 3063 2174 3132 quippe

588 3164 710 3207 sunt
733 3153 940 3208 invidia:
966 3153 1188 3222 species.
1216 3151 1347 3206 Nam
1373 3154 1416 3206 si
1443 3153 1610 3221 is,qui
1631 3166 1690 3207 se
1717 3162 1982 3206 amantem
2003 3161 2174 3216 amat,

591 3243 722 3296 nt-hil
765 3245 885 3312 plus
914 3243 1094 3303 habet,
1124 3257 1282 3312 quam
1314 3242 1626 3311 publicanus
1650 3282 1669 3306 ,
1698 3243 1784 3311 qui
1831 3257 1890 3296 se
1921 3243 2048 3296 nihil
2079 3243 2172 3295 lte-

590 3335 804 3389 dentem
833 3333 956 3387 odio
987 3333 1176 3395 habet,
1208 3348 1314 3403 quo
1344 3333 1394 3384 in
1421 3332 1536 3386 loco
1563 3331 1766 3386 stabit?
1791 3332 2058 3400 quomodo
2087 3332 2168 3386 ef-

587 3426 750 3494 fugiet
777 3425 1072 3495 gehennam
1095 3467 1110 3489 ,
1154 3439 1274 3478 cum
1304 3423 1532 3478 ethnicis
1568 3424 1719 3493 pejor
1748 3423 1917 3479 factus
1942 3427 2054 3480 sit?
2085 3425 2168 3480 ld-

589 3515 732 3569 circo
797 3514 1080 3567 admodum
1147 3513 1304 3567 doleo
1337 3555 1355 3576 ,
1407 3515 1547 3582 quod
1595 3516 1684 3584 qni
1749 3515 2006 3585 angelos,
2059 3517 2168 3570 imo

588 3604 897 3675 angelorum
931 3604 1207 3657 Dominum
1241 3604 1436 3657 imitari
1461 3605 1591 3671 jussi
1633 3619 1850 3669 sumus,
1898 3606 2166 3662 diabolum

588 3696 876 3750 imitemur.
929 3693 1060 3748 Nam
1107 3694 1271 3748 multa
1314 3705 1367 3771 et
1417 3696 1467 3748 in
1516 3697 1751 3750 Ecclesia
1797 3697 1992 3771 invidia
2044 3707 2165 3761 est;

588 3789 863 3855 multoque
888 3785 1054 3855 magis
1087 3785 1136 3837 in
1170 3786 1325 3840 nobis
1396 3799 1554 3853 quam
1584 3786 1633 3837 in
1666 3770 1917 3841 subditis.
1950 3787 2074 3842 ideo
2099 3789 2166 3842 ad

587 3893 688 3932 nos
715 3892 890 3929 sermo
919 3885 1173 3929 vertatur.
1208 3876 1382 3940 Quare
1408 3915 1421 3937 ,
1453 3875 1539 3928 tlie
1568 3875 1695 3928 mihi
1723 3917 1734 3940 ,
1767 3878 2008 3945 proximo
2030 3877 2169 3931 invi-

588 3968 682 4021 des
706 3967 729 4020 ?
757 3967 886 4034 Quia
914 3965 1114 4018 honore
1143 3973 1193 4017 et
1231 3963 1542 4017 celebritate
1566 3962 1829 4018 fruentem
1856 3967 2036 4020 vides?
2058 3968 2166 4022 Nec

587 4061 789 4128 cogitas
817 4066 1071 4127 quantum
1104 4056 1225 4109 mali
1257 4055 1488 4109 honores
1515 4053 1816 4110 afferantiis
1837 4059 1926 4125 qui
1957 4073 2060 4112 non
2087 4069 2166 4112 at-

587 4149 856 4204 tendunt?
886 4147 940 4200 In
968 4161 1155 4199 vanam
1175 4146 1396 4214 gloriam
1426 4144 1693 4198 extollunt
1721 4186 1734 4207 ,
1767 4146 1819 4199 in
1850 4147 2042 4201 fastum
2070 4190 2084 4213 ,
2111 4148 2166 4202 in

586 4241 966 4310 arrogantiam,
999 4239 1050 4292 in
1077 4236 1382 4307 superbiam
1409 4278 1423 4300 ,
1454 4237 1869 4306 negligentiores
1890 4239 2120 4295 reddunt
2145 4284 2162 4308 ,

587 4348 652 4387 ac
691 4341 883 4402 prmter
920 4331 1032 4382 hate
1079 4329 1216 4381 mala
1250 4369 1264 4392 ,
1309 4325 1464 4382 facile
1513 4337 1869 4390 marcescunt,
1909 4329 2165 4400 Quodque

586 4423 954 4494 gravissimum
977 4429 1079 4484 est,
1101 4417 1235 4473 mala
1261 4417 1386 4472 hinc
1402 4419 1680 4485 importata
1709 4429 1924 4471 manent
1951 4420 2165 4474 immor-

588 4516 709 4571 talia
740 4533 754 4568 :
788 4515 1025 4582 voluptas
1057 4525 1182 4566 vero
1209 4509 1294 4564 ubi
1339 4509 1563 4578 primum
1595 4511 1859 4580 apparuit,
1912 4513 2160 4566 avolavit.

587 4607 753 4663 Hisne
781 4649 796 4672 ,
841 4620 1022 4675 quaaso
1043 4645 1060 4671 ,
1104 4603 1172 4657 de
1211 4603 1385 4657 causis
1432 4601 1687 4657 invides?
1715 4603 1816 4656 Sed
1847 4613 2162 4673 potestatem

589 4701 804 4755 multam
833 4699 989 4752 habet
1016 4697 1101 4751 ille
1116 4684 1254 4765 apud
1277 4696 1645 4764 imperantem,
1675 4696 1851 4748 omnia
1874 4711 1964 4751 sus
1990 4697 2163 4766 deque

588 4801 762 4847 versat
791 4805 882 4860 pro
911 4789 1094 4849 lubito,
1118 4786 1461 4841 adversantes
1479 4785 1576 4840 sibi
1599 4785 1890 4853 ulciscitur,
1919 4788 2161 4842 adulato-

587 4897 677 4938 res
701 4881 971 4936 beneficiis
999 4877 1163 4932 afficit
1188 4920 1201 4940 ,
1221 4892 1529 4948 magnaque
1558 4875 1748 4931 fruitur
1772 4879 2024 4949 potentia.
2053 4880 2165 4935 Sae-

585 4971 843 5026 cularitnn
872 4968 1144 5023 hominum
1174 4967 1284 5021 haec
1309 4966 1468 5020 verba
1490 4975 1634 5020 sunt.
1667 4967 1798 5021 Nam
1828 4968 2156 5037 spiritualem

589 5063 856 5116 hominem
879 5061 1018 5115 nulla
1052 5075 1136 5113 res
1159 5059 1346 5112 dolore
1375 5059 1589 5114 afficere
1626 5068 1820 5128 potest.
1855 5060 1990 5126 Quid
2017 5063 2159 5115 enim

589 5157 659 5210 illi
692 5155 812 5208 tnali
841 5153 1042 5208 faciet?
1070 5168 1138 5205 an
1167 5167 1196 5206 a
1236 5152 1488 5220 dignitate
1516 5151 1727 5220 dejiciet
1752 5153 1774 5203 ?
1814 5153 1880 5206 Et
1905 5153 2026 5221 quid
2061 5154 2163 5209 hoc

585 5259 665 5303 est
693 5250 714 5302 ?
743 5248 797 5304 Si
829 5249 969 5302 enim
995 5248 1137 5316 juste
1160 5288 1175 5311 ,
1218 5246 1269 5299 id
1313 5245 1442 5300 utile
1469 5245 1566 5313 ipsi
1593 5246 1698 5301 erit
1729 5263 1741 5299 :
1771 5245 1901 5300 nihil
1927 5249 2066 5301 enim
2093 5249 2161 5302 ita

590 5344 697 5398 Deo
717 5341 974 5408 displicet,
1008 5354 1163 5406 quam
1195 5339 1238 5392 si
1266 5340 1386 5407 quis
1412 5338 1627 5405 indigne
1657 5337 1959 5391 sacerdotio
1984 5340 2164 5408 funga-

585 5443 689 5485 tur.
715 5430 811 5485 Sin
835 5431 1028 5497 injuste
1053 5471 1066 5495 ,
1113 5430 1263 5497 culpa
1294 5442 1455 5496 penes
1492 5427 1845 5497 deponentem
1883 5430 1985 5482 erit
2012 5471 2027 5495 ,
2059 5446 2162 5483 non

586 5537 750 5593 penes
777 5522 1074 5592 depositum
1109 5539 1121 5574 :
1156 5535 1273 5574 nam
1302 5521 1388 5589 qui
1433 5519 1625 5589 injuste
1666 5519 1793 5589 quid
1845 5521 2041 5588 patitur
2072 5562 2085 5583 ,
2117 5521 2163 5574 si

587 5615 796 5669 fortiter
825 5613 957 5668 ferat
985 5653 1000 5677 ,
1042 5612 1295 5679 majorem
1326 5611 1447 5665 hi'ne
1475 5609 1613 5679 apud
1642 5609 1810 5665 Deum
1840 5612 2166 5665 naneiscitur

586 5705 883 5760 libertatem
915 5718 975 5755 ac
1000 5699 1263 5756 ﬁduciam.
1310 5699 1392 5755 Ne
1415 5699 1592 5771 itaque
1618 5700 1668 5754 id
1692 5701 1742 5752 in
1768 5714 1932 5766 scopo
1963 5699 2157 5754 habea-

589 5810 724 5862 tuns,
753 5803 810 5848 ut
831 5792 1067 5847 fruamur
1091 5791 1340 5861 potentia,
1369 5789 1589 5852 honore.
1622 5789 1954 5853 auctoritate,
1979 5789 2070 5843 sed
2103 5799 2157 5842 ut

1378 381 1436 453 s.‘
1471 393 1746 453 JOANNIS
1782 389 2256 448 cunvsosroau
2298 389 2611 446 ARCIIIEP.
2652 387 3184 447 CONSTANTINOP.

3770 401 3881 456 ιιι

2287 504 2340 556 in
2375 505 2569 557 virtute
2597 515 2755 573 atque
2779 503 3114 573 philosophia
3141 521 3437 563 versemur.
3478 508 3612 566 Nam
3637 511 3873 585 dignita-

2288 602 2366 648 tes
2393 592 2459 647 ad
2488 593 2653 649 multa
2686 595 2794 649 Deo
2815 610 2918 648 non
2948 597 3140 666 placita
3163 601 3418 668 patranda
3447 603 3708 661 inducunt
3732 650 3748 674 ,
3782 618 3872 663 at-

2284 697 2388 752 que
2415 682 2612 753 ingenti
2655 698 2786 753 opus
2811 694 2894 738 est
2937 687 3148 750 animo,
3181 698 3235 743 ut
3269 691 3525 762 dignitate
3561 710 3626 750 ac
3676 708 3876 765 poten-

2285 775 2353 826 tia
2393 785 2538 830 recte
2568 785 2810 829 utamur:
2843 778 2930 845 qui
2975 792 3104 832 vero
3151 794 3179 832 a
3224 781 3478 851 dignitate
3517 786 3872 860 detruditur,

2282 863 2412 918 velit
2441 865 2575 918 nolit
2604 866 3010 936 philosophatur
3042 885 3054 919 :
3086 877 3142 922 at
3166 870 3256 938 qui
3297 873 3384 925 illa
3417 876 3610 930 fruitur
3642 918 3658 940 ,
3688 879 3873 934 simile

2282 956 2408 1026 quid
2434 959 2652 1026 patitur,
2677 973 2737 1012 ac
2761 959 2804 1012 si
2836 959 2956 1028 quis
2980 975 3103 1016 cum
3134 961 3365 1018 formosa
3391 968 3563 1034 puella
3595 969 3869 1036 habitans,

2281 1045 2400 1115 lege
2425 1059 2666 1103 arceatur
2689 1065 2754 1104 ne
2777 1049 2920 1103 illam
2945 1051 3153 1106 lascivis
3174 1069 3422 1124 umquam
3439 1059 3608 1114 oculis
3621 1062 3874 1129 aspiciat.

2283 1137 2426 1194 Talis
2470 1150 2551 1194 est
2577 1141 2835 1210 petentia.
2865 1141 3096 1214 Ideoque
3139 1146 3335 1200 multos
3378 1163 3515 1218 pene
3559 1151 3758 1208 invitos
3803 1155 3878 1210 ad

2281 1233 2658 1286 contumeliam
2685 1233 3013 1290 inferendam
3039 1235 3247 1291 induxit
3268 1279 3283 1300 ,
3315 1239 3382 1293 ad
3417 1239 3558 1297 iram,
3579 1243 3820 1300 incitavit
3849 1286 3879 1312 ,

2281 1319 2473 1390 lingua:
2501 1321 2709 1376 frenum
2742 1324 2873 1394 ipsls
2892 1325 3132 1390 abstulit,
3161 1337 3215 1382 et
3243 1328 3458 1399 januam
3486 1333 3596 1387 oris
3620 1337 3824 1389 avulsit
3851 1376 3876 1401 ,

2283 1412 2424 1466 venti
2447 1413 2614 1467 instar
2637 1415 2875 1470 animum
2899 1417 3313 1490 circumquaque
3341 1423 3502 1492 agitat
3526 1464 3542 1490 ,
3571 1433 3626 1479 et
3660 1427 3712 1480 in
3741 1442 3872 1496 pro-

2281 1503 2494 1557 fundum
2539 1506 2802 1562 malorum
2838 1508 3089 1577 scapham
3135 1510 3416 1582 demergit.
3448 1514 3584 1580 Quid
3616 1517 3781 1586 igitur
3806 1518 3870 1572 in

2281 1601 2428 1647 tanto
2453 1597 2691 1662 periculo
2725 1597 2935 1651 miraris
2960 1607 3012 1652 et
3042 1599 3381 1655 invidendum
3411 1614 3560 1672 putas
3589 1605 3613 1657 τ
3642 1614 3700 1660 et
3716 1621 3871 1676 qu:-

2279 1697 2399 1736 nam
2424 1683 2547 1739 haec-
2565 1695 2647 1740 est
2674 1686 2941 1743 dementia
2965 1688 2991 1741 τ
3018 1690 3148 1743 Cum
3179 1692 3244 1745 iis
3271 1709 3400 1747 vero
3426 1710 3543 1764 qua:
3574 1695 3716 1751 dicta
3744 1707 3874 1753 sunt

2278 1775 2450 1845 cogita
2480 1818 2493 1840 ,
2519 1787 2645 1846 quot
2667 1779 2910 1834 inimicos
2938 1789 2992 1835 et
3016 1793 3374 1849 accusatores,
3401 1796 3533 1855 quos
3557 1787 3870 1845 adulatores

2279 1865 2472 1921 habeat
2491 1881 2550 1921 se
2579 1869 2906 1924 obsidentes.
2937 1871 3182 1927 Haecine
3221 1875 3381 1944 igitur
3408 1917 3421 1934 .
3446 1893 3628 1946 quasso
3652 1920 3666 1940 ,
3707 1879 3878 1950 digna

2277 1967 2403 2012 sunt
2432 1975 2549 2028 qua:
2572 1961 2722 2016 beata
2752 1960 3160 2030 prmdieentur?
3191 1964 3386 2034 Ecquis
3411 1966 3510 2021 hoc
3528 1967 3774 2023 dixerit?
3800 1971 3874 2023 At

2279 2050 2416 2118 apud
2449 2053 2726 2119 populum,
2757 2053 2988 2123 inquies,
3011 2053 3331 2109 celebratur.
3370 2057 3568 2126 Ecquid
3599 2059 3703 2114 hoc
3732 2069 3818 2115 est
3845 2062 3870 2114 2

2278 2139 2461 2208 Neque
2489 2142 2628 2195 enim
2655 2142 2881 2212 populus
2907 2152 2989 2199 est
3018 2144 3154 2199 Deus
3174 2185 3190 2209 ,
3220 2147 3304 2200 cui
3327 2147 3449 2203 vita:
3478 2150 3716 2205 rationes
3741 2152 3863 2207 red-

2278 2232 2486 2288 diturus
2507 2236 2596 2289 sit.
2627 2233 2805 2305 Itaque
2829 2235 3047 2305 quando
3079 2239 3334 2307 populum
3366 2239 3525 2306 dicis,
3556 2242 3691 2296 nihil
3716 2244 3872 2300 aliud

2275 2339 2544 2379 memoras
2572 2367 2584 2387 ,
2615 2339 2774 2395 quam
2802 2325 2984 2382 obices
3013 2366 3029 2392 ,
3061 2327 3312 2394 scopulos
3335 2370 3349 2391 ,
3388 2329 3572 2384 brevia
3593 2374 3608 2396 ,
3649 2333 3872 2389 latentia

2276 2429 2424 2469 saxa.
2460 2415 2548 2469 l‘lla
2583 2417 2724 2471 enim
2756 2417 2808 2471 in
2834 2417 3032 2487 populo
3060 2419 3364 2485 celebritas,
3397 2430 3597 2491 quanto
3617 2425 3865 2493 splendi-

2277 2505 2477 2560 diorem
2509 2505 2706 2569 reddit,
2725 2515 2873 2562 tanto
2899 2509 3191 2576 majoribus
3223 2519 3365 2578 patet
3393 2513 3666 2579 periculis,
3696 2518 3861 2580 euris,

2277 2597 2617 2649 meroribus.
2645 2596 2775 2650 Nam
2795 2598 2883 2667 qui
2912 2598 3033 2652 talis
3051 2607 3153 2662 est,
3182 2615 3280 2654 nec
3306 2610 3448 2656 stare
3471 2617 3571 2658 nec
3597 2607 3868 2675 respirare

2277 2695 2472 2754 potest,
2505 2702 2624 2740 cum
2657 2697 2762 2741 tam
2783 2689 3037 2743 acerbum
3063 2689 3256 2745 habeat
3291 2691 3588 2746 dominum.
3636 2695 3703 2750 Et
3732 2698 3866 2767 quiti

2273 2775 2394 2831 dico
2423 2785 2564 2832 stare
2591 2779 2678 2833 vel
2717 2779 2983 2849 respirare
3007 2783 3032 2835 ἲ
3060 2781 3278 2837 Etiamsi
3325 2785 3370 2838 is
3407 2789 3678 2843 sexcentis
3709 2791 3868 2847 bonis

2273 2869 2523 2938 operibus
2553 2871 2621 2924 sit
2643 2872 2897 2939 praeditus
2917 2913 2930 2934 .
2955 2872 3168 2929 diﬁlcile
3201 2875 3251 2928 in
3281 2891 3500 2948 regnum
3539 2881 3865 2949 ingreditur.

2274 2959 2414 3015 Nihil
2437 2963 2578 3016 enim
2601 2961 2921 3020 labefactare
2951 2966 3087 3019 solet
3116 3008 3130 3032 ,
3177 2976 3235 3021 ut
3265 2970 3557 3025 multorum
3588 2975 3862 3030 existima-

2277 3053 2367 3117 tio,
2401 3069 2516 3123 qutc
2542 3055 2774 3118 timidos,
2809 3057 3096 3112 illiberales
3116 3100 3130 3121 ,
3156 3059 3461 3116 adulatores
3490 3065 3860 3123 simulatores-

2276 3161 2380 3215 que
2406 3145 2550 3200 facit.
2581 3145 2689 3201 Cur
2727 3165 2854 3218 ergo
2883 3149 3133 3206 Pharisaei
3163 3150 3416 3208 dicebant
3440 3155 3716 3213 Christum
3747 3160 3859 3215 dre-

2275 3237 2574 3291 moniacum
2621 3240 2789 3293 esse?
2830 3239 3021 3293 Annon
3065 3242 3185 3308 quia
3229 3243 3368 3313 vulgi
3408 3247 3864 3306 existimatiOnem

2275 3329 2604 3397 captabant?
2631 3327 2740 3383 Cur
2787 3338 2965 3384 autem
3006 3332 3159 3386 multi
3190 3343 3392 3388 rectam
3423 3335 3491 3391 de
3520 3337 3615 3392 illo
3645 3340 3862 3397 senten-

2276 3419 2400 3472 tiam
2442 3419 2736 3476 ferebant?
2773 3420 2961 3476 Nonne
2990 3422 3113 3492 quia
3152 3423 3254 3479 hoc
3283 3424 3478 3480 morbo
3511 3443 3618 3482 non
3651 3430 3860 3488 detine-

2273 3509 2466 3564 hantur
2490 3511 2514 3564 ‘i
2543 3511 2683 3566 Nihil
2713 3512 2855 3566 enim
2879 3553 2894 3577 ,
2920 3513 3052 3567 nihil
3076 3525 3225 3570 certe
3245 3515 3492 3573 homines
3519 3520 3598 3574 sic
3626 3521 3858 3592 iniquos,

2276 3603 2353 3655 sic
2386 3603 2578 3656 stultos
2606 3601 2792 3667 efﬁcit,
2815 3617 2975 3670 quam
2999 3604 3140 3674 quod
3164 3605 3229 3659 ad
3260 3607 3551 3663 multorum
3582 3612 3857 3668 existima-

2278 3695 2473 3748 tionem
2506 3677 2710 3747 inhient
2732 3710 2748 3758 ;
2771 3693 2903 3747 nihil
2931 3694 3002 3748 ita
3029 3695 3283 3763 probatos
3304 3707 3463 3766 atque
3481 3700 3857 3758 adamantinos

2273 3783 2466 3846 reddit,
2501 3791 2559 3836 ut
2588 3783 2778 3837 famam
2795 3783 3096 3852 despicere.
3121 3785 3300 3853 Quare
3327 3786 3618 3846 fortissimo
3636 3793 3862 3866 quisque

2273 3888 2407 3942 opus
2437 3873 2596 3928 habet
2621 3875 2803 3929 animo
2828 3916 2842 3938 ,
2873 3884 2934 3929 ut
2959 3874 3118 3944 hujus
3140 3879 3287 3932 venti
3313 3880 3531 3950 impetui
3560 3893 3614 3938 et
3639 3885 3692 3938 vi
3724 3889 3861 3942 resi-

2272 3979 2414 4021 stere
2438 3967 2624 4035 pessit.
2652 3965 2782 4020 Nam
2812 3966 3025 4036 quando
3046 3981 3304 4036 prospere
3327 3985 3440 4025 rem
3453 3973 3583 4041 agit,
3611 3977 3860 4031 omnibus

2272 4071 2330 4110 sc
2358 4056 2630 4125 anteponit
2660 4072 2675 4119 ;
2716 4069 2837 4111 cum
2867 4057 3134 4111 contraria
3163 4059 3416 4114 accidunt
3441 4102 3456 4126 ,
3485 4063 3725 4133 seipsum
3749 4069 3857 4122 suf-

2271 4147 2451 4201 fodere
2479 4147 2623 4216 cupit
2649 4163 2664 4212 ;
2696 4155 2752 4200 et
2774 4146 2876 4201 hoc
2904 4148 3003 4216 ipsi
3032 4158 3087 4203 et
3101 4149 3347 4219 gehenna
3378 4153 3537 4210 simul
3559 4165 3614 4212 et
3633 4172 3854 4230 regnum

2273 4248 2377 4303 est,
2410 4254 2532 4293 cum
2562 4239 2663 4294 hoc
2683 4239 2846 4293 animi
2875 4240 3060 4295 morbo
3089 4242 3354 4300 obruitur.

2341 4330 2393 4383 5.
2428 4329 2690 4394 Hunccine,
2718 4344 2916 4399 quaso.
2953 4330 3143 4386 invidia
3178 4333 3336 4404 digna
3363 4339 3526 4394 sunt?
3550 4355 3731 4398 nonne
3759 4357 3855 4414 po-

2272 4420 2376 4474 tius
2414 4419 2624 4474 ﬂctibus
2657 4435 2720 4476 ac
2762 4419 3048 4491 lacrymis?
3081 4422 3275 4494 Utique
3310 4427 3360 4481 id
3392 4431 3640 4487 omnibus
3683 4437 3854 4503 palam

2270 4521 2369 4566 est.
2405 4512 2484 4566 Tu
2513 4527 2641 4567 vero
2666 4511 2893 4582 idipsum
2918 4515 3064 4574 facis.
3099 4532 3219 4572 eum
3250 4519 3304 4574 ei
3331 4521 3518 4591 quisic
3554 4525 3856 4584 celebratur

2271 4602 2497 4667 invides,
2524 4618 2585 4658 ae
2614 4605 2656 4658 si
2699 4606 2818 4674 quis
2849 4608 3112 4662 hominem
3148 4610 3338 4666 videns
3377 4613 3608 4671 vinctum
3657 4635 3721 4674 ac
3758 4621 3855 4676 ﬂa-

2269 4694 2421 4763 gellis
2447 4709 2658 4761 caesum,
2693 4697 2760 4750 ab
2795 4696 3190 4769 innumerisqne
3228 4702 3358 4758 feris
3386 4715 3671 4776 raptatum,
3719 4712 3854 4766 invi-

2270 4787 2421 4841 deret
2450 4781 2615 4856 ipsius
2642 4788 2810 4859 plagis
2849 4798 2904 4844 et
2935 4792 3261 4848 vulneribus.
3292 4793 3424 4852 Nam
3453 4809 3582 4868 quot
3612 4800 3854 4859 homines

2269 4879 2321 4932 in
2353 4879 2548 4949 populo
2576 4889 2718 4946 sunt,
2763 4887 2839 4934 tot
2868 4881 3024 4937 habet
3064 4883 3152 4939 hic
3181 4884 3408 4954 vincula,
3446 4898 3522 4946 tot
3558 4891 3852 4950 dominos‘:

2267 4971 2515 5040 quodque
2541 4975 2754 5041 gravius
2775 4981 2878 5038 est,
2908 4972 3132 5030 diversae
3153 4987 3278 5032 sunt
3303 4980 3524 5050 singulis
3549 4988 3846 5052 sententiae,

2268 5074 2322 5120 et
2345 5081 2461 5136 qua:
2482 5067 2646 5121 menti
2679 5078 2993 5122 succurrunt
3017 5069 3083 5123 de
3104 5071 3458 5129 servientibus
3487 5066 3585 5130 sibi
3615 5087 3854 5135 statuunt

2268 5171 2474 5223 omnes,
2507 5157 2635 5211 nihil
2662 5158 3048 5224 examinantes,
3079 5161 3173 5216 sed
3207 5177 3327 5231 qua:
3370 5164 3493 5220 huic
3527 5167 3609 5220 vel
3643 5169 3718 5222 illi
3745 5171 3850 5226 visa

2266 5247 2461 5302 fuerint
2487 5248 2886 5302 cenfirmantes.
2917 5249 3041 5303 Hcce
3061 5252 3251 5318 quibus
3280 5252 3548 5320 ﬂuctibus,
3583 5273 3687 5328 qua
3719 5268 3849 5314 tem-

2267 5346 2472 5403 pestate
2501 5337 2740 5406 graviora
2773 5354 2877 5392 non
2905 5341 3066 5394 sunt?
3097 5341 3303 5397 Etenim
3345 5345 3391 5398 is
3431 5345 3583 5401 facile
3620 5351 3796 5404 statim
3821 5367 3850 5405 a

2266 5428 2536 5496 voluptate
2577 5428 2808 5490 inﬂatur,
2847 5437 2900 5483 et
2941 5430 3092 5486 facile
3136 5448 3346 5488 rursum
3377 5435 3757 5507 submergitur,
3801 5441 3848 5495 in

2269 5509 2390 5572 vita:
2416 5518 2829 5588 inmquabilitate
2857 5535 3089 5587 semper,
3124 5523 3176 5576 in
3205 5525 3384 5593 quiete
3415 5543 3703 5598 numquam
3737 5546 3851 5599 pcr-

2268 5618 2433 5664 slans.
2464 5608 2595 5662 Nam
2636 5620 2916 5680 antequam
2950 5613 3002 5665 In
3041 5613 3314 5669 concionis
3347 5615 3612 5672 theatrum
3655 5622 3849 5688 veniat,

2267 5706 2323 5751 et
2347 5709 2626 5765 antequam
2649 5697 2967 5752 laboriosam
2995 5703 3290 5756 orationem
3319 5703 3555 5774 incipiat,
3584 5708 3775 5764 anxius
3799 5719 3852 5763 et

2269 5799 2502 5844 tremens
2521 5799 2635 5853 cst;
2664 5798 2784 5858 post
2808 5790 3042 5855 solutum
3072 5807 3198 5850 vero
3221 5793 3487 5852 theatrum
3513 5797 3597 5854 vel
3622 5813 3850 5857 uictore
