4104 6308
303 468 509 533 detlcit,
551 465 632 523 vel
670 464 787 521 sine
824 476 1073 519 mensura
1116 460 1357 526 laetatur;
1389 459 1533 529 quod
1572 458 1687 527 ipso
1710 457 1897 513 dolore

302 558 539 613 deterius
564 566 667 611 est.
699 553 849 621 Quod
869 561 1048 606 autem
1079 549 1320 618 voluptas
1356 563 1463 602 non
1488 548 1555 601 sit
1581 546 1756 600 minus
1782 560 1897 599 ma-

303 651 435 713 lum,
466 664 621 717 quam
649 648 823 711 dolor,
854 643 1187 699 manifestum
1226 652 1309 697 est
1335 658 1402 697 ex
1438 642 1600 696 modo
1640 655 1749 711 quo
1773 642 1893 693 ani-

303 759 451 796 mum
477 752 714 797 nostrum
743 738 935 801 afﬁcit;
970 738 1139 792 levem
1167 738 1307 791 enim
1338 735 1484 788 illum
1507 733 1702 796 reddit,
1727 733 1894 787 subli-

302 845 444 886 tnem
470 840 525 886 et
551 831 705 901 quissi
743 830 841 882 alis
871 830 1211 883 instructum.
1250 826 1316 880 Et
1341 826 1444 880 hoc
1468 840 1500 878 a
1531 825 1721 892 priscis
1760 824 1892 878 viris

297 935 525 975 cernere
552 930 654 975 est.
680 916 1027 987 Quandonam
1058 918 1217 987 igitur
1239 915 1438 986 probus
1465 925 1577 969 erat
1602 914 1763 968 David
1780 915 1804 968 ?
1821 928 1890 968 an

298 1028 424 1067 cum
475 1010 776 1081 gaudebat,
842 1025 908 1063 an
965 1024 1088 1064 cum
1140 1009 1191 1062 in
1243 1006 1484 1077 angustia
1540 1005 1892 1060 versabatur?

295 1105 522 1171 Quando
544 1103 793 1160 Iudaicus
816 1101 1081 1175 populus?
1104 1117 1171 1155 an
1193 1115 1315 1155 cum
1341 1097 1625 1167 gemebant
1645 1107 1699 1152 et
1723 1097 1889 1151 Deum

297 1196 638 1259 invocabant,
659 1212 727 1250 an
747 1211 866 1250 cum
897 1195 1210 1250 lauabantur
1242 1193 1293 1246 in
1320 1192 1556 1254 deserto,
1586 1200 1642 1281 9t
1662 1189 1887 1244 vitulum

294 1286 637 1341 adorahant?
675 1286 1009 1355 Quapropter
1041 1282 1317 1347 Salomon,
1365 1282 1457 1350 qui
1502 1283 1731 1335 maxime
1767 1294 1888 1334 om-

296 1378 444 1431 nium
475 1376 675 1434 sciebat
704 1375 833 1447 quid
859 1384 1004 1430 esset
1030 1374 1293 1442 voluptas,
1322 1372 1475 1433 dicit.
1505 1368 1692 1425 Helius
1716 1378 1789 1427 est
1812 1370 1890 1424 ire

293 1468 349 1521 in
377 1468 586 1521 (tantum
623 1468 806 1529 luctus.
835 1482 990 1535 quam
1015 1466 1068 1518 in
1094 1464 1300 1517 domum
1328 1463 1460 1517 risus
1497 1460 1690 1531 (Eccle.
1720 1461 1773 1515 7.
1806 1461 1883 1530 3).

292 1558 363 1613 Et
402 1557 650 1613 Christus
698 1558 818 1613 illos
860 1557 1074 1629 quidem
1118 1556 1303 1611 beatos
1336 1555 1617 1625 prtedicat,
1661 1552 1881 1616 dicens,

1317 344 1385 401 1N
1423 342 1831 401 MATTIleUM
1869 341 2098 400 110311..
2138 342 2276 401 XLI.
2316 344 2387 399 al.
2429 342 2592 400 XLII.

3490 352 3596 406 M6

2000 455 2144 510 Beati
2162 458 2253 525 qui
2276 456 2452 528 lugent
2484 456 2696 525 (Matth.
2718 456 2775 512 5.
2799 456 2877 527 ες),
2904 454 3003 511 hos
3030 471 3158 513 vero
3178 457 3405 515 miseros
3425 461 3593 517 dicit:

2012 545 2100 600 γω
2126 545 2281 609 vobis,
2326 546 2414 616 qui
2452 546 2648 612 ridetis,
2690 546 2811 612 quia
2846 545 3031 616 ﬂebitis
3078 544 3230 616 (Luc.
3275 549 3331 603 6.
3376 549 3489 619 25).
3528 554 3599 609 Et

1994 634 2113 704 jure
2139 634 2354 704 quidem
2383 635 2576 689 merito
2602 652 2617 689 :
2647 650 2769 688 nam
2803 638 2854 688 itt
2877 626 3149 705 Voluptate
3181 637 3394 692 mollior
3421 649 3474 694 et
3502 656 3593 695 so-

1999 726 2162 781 lutior
2189 737 2270 782 est
2297 727 2499 793 anima,
2532 728 2590 781 in
2616 727 2760 781 luctu
2796 727 3157 794 contraltitur,
3184 738 3238 782 et
3278 732 3436 797 sapit,
3472 743 3524 785 et
3562 750 3592 785 tt

1996 817 2247 885 congerie
2274 818 2290 849 ¹
2318 818 2626 873 morborum
2662 818 2824 872 animi
2855 818 3128 884 liberatur,
3161 819 3441 873 sublimior
3466 822 3592 876 item

1996 916 2050 962 et
2093 906 2281 962 fortior
2315 916 2419 964 est.
2446 907 2577 963 ﬂrec
2618 909 2796 963 omnia
2843 923 2965 962 cum
3016 910 3273 977 sciamus,
3328 910 3593 980 fugiamus

1995 997 2139 1053 illam
2181 998 2470 1053 multorum
2506 998 2955 1053 existimationem
2985 998 3209 1069 ejusque
3236 1002 3617 1068 velnptatem,’

1996 1098 2056 1144 ut
2083 1105 2265 1146 veram
2310 1099 2367 1145 et
2413 1100 2719 1145 manentem
2763 1105 2981 1159 semper
3018 1090 3242 1162 gloriam
3292 1106 3591 1162 consequa-

1990 1195 2116 1236 mur
2144 1197 2159 1233 :
2187 1196 2347 1250 quam
2374 1180 2576 1235 utinam
2595 1194 2784 1235 omnes
2808 1183 3120 1247 sortiantur,
3150 1161 3320 1252 'gratia
3348 1192 3403 1237 et
3432 1161 3590 1237 beni-

1991 1273 2195 1343 gnitate
2222 1272 2433 1328 Domini
2475 1272 2644 1328 nostri
2669 1270 2798 1329 Jesu
2836 1271 3065 1338 Christi,
3088 1273 3173 1327 cui
3202 1274 3371 1344 gloria
3402 1284 3455 1329 ct
3484 1274 3588 1329 itu-
3664 1296 3667 1297 ν

1994 1364 2220 1435 perium,
2252 1365 2307 1419 in
2333 1365 2529 1422 satcula
2558 1365 2899 1422 saeculorum.
2927 1366 3118 1421 Amen.

2053 1559 2073 1594 ί
2107 1559 2251 1629 Savli.
2276 1567 2330 1612 et
2346 1560 2512 1613 lioreL
2539 1559 2744 1622 habent,
2765 1559 2971 1619 vinculo,
2995 1573 3102 1622 pro,
3125 1560 3369 1623 congerie.

1451 1760 1803 1825 HOMILIA
1859 1762 2031 1827 XLI.
2076 1763 2166 1826 al.

289 1896 424 1965 Car.
450 1909 535 1965 12.
560 1924 613 1965 v.
637 1910 730 1964 εδ.
754 1907 935 1963 Sciens
962 1916 1129 1960 autem
1154 1906 1305 1960 Iesus
1331 1904 1655 1975 cogitationes
1681 1918 1878 1966 eorum,

360 2002 491 2055 dixit
520 2002 627 2054 eis:
653 1999 816 2053 Omne
852 2014 1061 2069 regnum
1093 2008 1267 2051 contra
1299 2013 1354 2050 se
1371 1996 1607 2056 divisum.
1632 1994 1883 2048 desolabi-

364 2101 447 2142 tur
468 2106 616 2143 :omn
624 2092 665 2143 is
679 2090 852 2143 omitas
863 2098 907 2141 et
925 2088 1104 2141 domus
1118 2098 1294 2139 contra
1309 2103 1363 2140 se
1390 2085 1570 2147 divisa,
1586 2100 1686 2139 uou
1708 2084 1877 2139 stabit.

358 2178 450 2234 26.
487 2180 548 2233 Et
575 2182 621 2235 si
644 2189 847 2234 satanas
874 2192 1105 2233 solonam
1133 2179 1287 2248 ejicit.
1334 2180 1571 2231 adversus
1600 2194 1654 2232 se
1691 2177 1880 2231 divisus

357 2281 453 2326 est.
468 2271 748 2337 ,Quomodo
769 2288 886 2341 ergo
907 2270 1056 2324 stabit
1085 2287 1295 2341 regnum
1320 2270 1427 2339 ejus
1448 2271 1474 2324 ξ’

358 2362 413 2416 1.
443 2359 672 2415 Christus
712 2378 800 2431 per
829 2376 1132 2413 arcanorum
1176 2361 1424 2425 notitiam,
1470 2360 1707 2414 deitatem
1730 2376 1878 2414 suam

285 2453 751 2509 dromon—iatn
783 2462 1166 2508 accusaverant
1193 2452 1361 2514 illum,
1402 2451 1616 2519 quodin
1664 2452 1877 2506 Beelze-

282 2545 394 2600 bub
424 2546 440 2577 ⁸
468 2544 684 2615 ejicerct
706 2544 987 2598 dmntonia.
1014 2542 1120 2598 Sed
1140 2552 1265 2596 tunc
1294 2556 1397 2596 non
1422 2541 1714 2609 increpavit
1742 2556 1871 2605 eos;

283 2650 471 2688 verum
497 2650 561 2689 ex
591 2634 756 2703 signis
784 2633 1024 2702 plurimis
1048 2632 1352 2686 facultatem
1377 2630 1525 2684 dedit
1546 2630 1626 2684 eis
1650 2645 1761 2683 sua:
1783 2644 1875 2685 co-

282 2726 602 2794 gnoscenda:
636 2725 929 2793 poteslatis,
958 2738 1132 2791 exque
1171 2722 1413 2775 doctrina
1452 2720 1872 2791 magnitudinem

282 2830 434 2870 suam
465 2816 693 2871 edocuit.
718 2813 848 2881 Quia
873 2829 998 2867 vero
1018 2812 1206 2866 eadem
1231 2810 1410 2865 dicere
1432 2809 1868 2879 perseverabant,

280 2904 403 2959 illos
429 2905 643 2959 demum
686 2905 924 2973 increpat
952 2920 965 2953 ε
996 2902 1098 2956 hoc
1144 2901 1313 2969 primo
1339 2909 1655 2968 argumento
1696 2899 1872 2954 deita-

280 3004 390 3050 tctn
420 3010 570 3048 suam
610 2993 920 3056 ostendens,
953 2989 1091 3061 quod
1142 3004 1333 3058 nempe
1372 3003 1565 3043 areana
1599 3005 1783 3043 eorum
1818 2990 1870 3043 in

278 3086 517 3140 medium
551 3083 871 3146 adduceret;
898 3082 1133 3136 secundo
1170 3089 1371 3146 autem,
1413 3080 1554 3148 quod
1598 3079 1871 3134 dtemonas

277 3177 437 3233 facile
461 3176 700 3247 ejiceret.
729 3176 1058 3243 Quamquam
1088 3172 1372 3227 admodum
1402 3171 1684 3241 impudens
1707 3188 1870 3227 accn-

276 3269 417 3325 Satio
440 3276 571 3323 erat.
612 3267 766 3331 Nam,
800 3279 859 3320 ut
900 3266 1030 3329 dixi,
1068 3264 1263 3320 invidia
1310 3280 1416 3321 non
1454 3265 1699 3335 explorat
1742 3266 1870 3335 quid

274 3361 439 3423 dicat,
472 3359 567 3415 sed
610 3370 809 3417 temere
839 3359 1091 3429 loquitur.
1136 3360 1380 3411 Attamen
1415 3374 1493 3419 ,ne
1528 3357 1608 3412 sic
1651 3358 1869 3428 quidem

276 3448 499 3522 agentes
520 3451 765 3521 despexit
791 3451 1055 3515 Christus,
1080 3450 1174 3506 sed
1196 3465 1317 3505 cum
1345 3450 1713 3506 moderatione
1732 3466 1867 3505 eou-

272 3540 485 3611 gruenti
512 3556 631 3596 sese
658 3551 865 3611 purgat.
909 3557 1007 3593 nos
1037 3542 1316 3595 instituens
1355 3549 1412 3595 ut
1458 3555 1585 3611 erga
1625 3540 1871 3596 inimicos

275 3631 438 3686 mitts
484 3631 651 3686 simus
689 3649 704 3686 :
749 3632 959 3686 etiamsi
1006 3631 1093 3686 illa
1136 3631 1336 3696 dicant,
1368 3630 1435 3685 de
1477 3631 1671 3700 quibus
1714 3632 1869 3685 nobis

274 3724 481 3778 conscii
509 3740 614 3778 non
642 3739 860 3786 sumus;
906 3733 1067 3792 utque
1114 3737 1218 3777 non
1248 3724 1542 3788 turbemur,
1573 3723 1667 3777 sed
1712 3738 1868 3791 aequo

274 3814 460 3869 animo
488 3814 722 3869 rationes
772 3814 901 3883 ipsis
947 3812 1254 3867 reddamus.
1300 3813 1453 3878 Quod
1487 3822 1543 3866 et
1590 3813 1703 3882 ipse
1745 3824 1868 3867 tunc

274 3908 534 3978 pncclare
571 3906 816 3970 faciebat,
862 3908 1068 3975 signum
1114 3906 1402 3959 maximum
1447 3905 1691 3974 praebens
1734 3904 1867 3961 falsa

275 3998 367 4054 illa
390 4012 513 4053 esse
537 4013 655 4068 qua:
683 3998 751 4052 ab
782 3998 907 4064 ipsis
929 3996 1260 4051 dicebautur.
1288 3994 1473 4064 Neque
1500 3996 1644 4050 enim
1668 3995 1869 4051 dtemo-

275 4092 425 4145 niutn
456 4090 699 4145 habentis
722 4098 839 4144 erat
862 4097 1058 4142 tantam
1080 4089 1335 4142 exhibere
1360 4089 1823 4143 mansuetudinem
1848 4105 1863 4141 :

276 4198 387 4236 non
432 4180 756 4236 dmmonium
806 4180 1050 4233 habentis
1095 4188 1210 4234 erat
1255 4189 1462 4233 secreta
1516 4194 1864 4247 cognoscere.

279 4272 493 4328 Etenim
524 4272 665 4341 quod
704 4271 1010 4339 bujusmodi
1053 4272 1235 4338 opinio
1270 4269 1556 4323 admodum
1588 4269 1867 4338 impudens

277 4375 443 4428 esset,
472 4373 527 4419 et
562 4365 701 4433 quod
746 4364 952 4433 plebem
985 4363 1255 4426 timerent,
1305 4377 1410 4416 non
1458 4361 1727 4415 andi-bant
1771 4361 1869 4414 has

276 4456 647 4510 accusationes
676 4452 885 4523 publice
917 4454 1176 4521 proferre,
1205 4452 1299 4506 sed
1328 4466 1419 4505 eas
1450 4452 1501 4504 in
1534 4463 1713 4506 mente
1742 4467 1865 4506 ver-

279 4546 490 4601 sabant.
519 4546 636 4615 Ipse
659 4559 788 4599 vero
826 4543 1116 4598 ostendens
1144 4544 1292 4612 ipsis,
1334 4557 1393 4597 se
1420 4543 1509 4597 illa
1547 4558 1725 4608 nosse,
1760 4559 1865 4596 non

282 4647 459 4692 tamen
495 4636 704 4690 illorum
748 4635 1141 4689 accusationem
1184 4635 1469 4703 expromit,
1503 4649 1676 4702 neque
1720 4636 1865 4703 ipso-

280 4743 399 4782 rum
429 4727 717 4797 nequitiam
742 4726 1017 4787 declarat;
1050 4725 1143 4778 sed
1173 4726 1493 4779 solutionem
1523 4724 1697 4789 atl‘ert,
1736 4738 1869 4778 con-

282 4818 522 4872 scientia:
570 4817 806 4886 ipsorum
854 4815 1271 4871 coniutationem
1314 4816 1640 4884 relinquens.
1692 4813 1867 4870 Unum

281 4914 426 4967 enim
452 4912 623 4965 solum
650 4912 892 4975 curabat,
924 4918 1231 4979 peccatores
1264 4910 1473 4979 juvare,
1519 4927 1624 4964 non
1654 4911 1705 4963 in
1753 4910 1867 4964 vul-

281 5016 380 5072 gus
405 5003 707 5056 traducere.
734 5003 1064 5071 Quamquam
1087 5002 1130 5055 si
1154 5001 1406 5055 voluisset
1443 5002 1659 5071 longum
1689 5012 1869 5058 texere

214 5135 221 5141 .
282 5109 611 5159 sermonem,
657 5093 882 5163 illosque
929 5095 1181 5149 ridiculos
1224 5093 1498 5155 exhibere,
1549 5095 1870 5163 insuperque

283 5196 553 5240 extremas
582 5185 647 5237 ab
686 5185 789 5239 illis
833 5200 1018 5253 pennas
1043 5199 1352 5253 exposcere,
1396 5185 1527 5238 nihil
1557 5185 1821 5239 officiebat
1851 5204 1865 5240 :

286 5286 652 5328 verumtamen
682 5274 859 5328 missis
887 5275 990 5329 illis
1010 5275 1275 5337 omnibus,
1309 5291 1469 5327 unum
1504 5275 1729 5329 habebat
1752 5289 1872 5329 sco-

286 5381 435 5435 pum,
464 5376 519 5418 ut
552 5381 618 5419 ne
656 5366 773 5418 illos
817 5365 1264 5419 contentiosiores
1306 5369 1520 5429 faceret,
1568 5366 1661 5419 sed
1715 5381 1871 5420 nian-

282 5457 569 5521 suetiores,
619 5467 674 5511 et
726 5457 825 5510 hoc
876 5466 1028 5521 pacto
1068 5456 1134 5509 ad
1175 5456 1599 5510 emendationem
1638 5458 1870 5525 aptiores

283 5551 554 5609 redderet.
606 5550 885 5618 Quomodo
932 5560 1112 5603 autem
1170 5564 1289 5604 sese
1334 5550 1561 5618 purgat?
1612 5549 1755 5604 Nihil
1804 5565 1871 5603 ex

348 5685 366 5717 ι
403 5689 534 5745 Post,
560 5680 835 5743 Beelzebub,
875 5680 1090 5732 nonnulli
1122 5678 1320 5739 addunt,
1352 5680 1570 5743 principe
1606 5678 1867 5731 daemonio-

298 5763 433 5802 runt-
1012 5786 1013 5789 η

1990 1903 2282 1974 Scripturis
2306 1903 2461 1960 all'ert
2502 1905 2703 1975 (neque
2731 1906 2873 1960 enim
2924 1905 2999 1961 illi
3041 1906 3277 1960 animum
3313 1907 3584 1963 adhibuis—

1986 2004 2128 2059 sent,
2160 1994 2254 2050 sed
2303 2011 2467 2066 prave
2516 1997 2913 2066 interpretaturi
2953 1999 3151 2068 erant),
3194 2012 3378 2053 verum
3420 1998 3584 2053 abiis

1986 2101 2105 2155 quze
2130 2087 2287 2157 vulgo
2314 2087 2570 2142 eveniunt
2598 2087 2758 2142 verba
2789 2088 2913 2142 facit
2936 2104 2949 2140 :
2981 2087 3144 2142 Omne
3173 2104 3379 2159 regnum
3406 2098 3583 2142 contra

1983 2177 2205 2245 seipsum
2257 2178 2473 2232 divisum
2524 2194 2627 2232 non
2677 2177 2828 2232 stabit
2884 2193 2903 2234 :
2957 2188 3002 2231 et
3058 2179 3233 2233 civitas
3281 2178 3360 2231 υρι
3402 2181 3583 2233 domus

1983 2266 2218 2332 discissa,
2250 2269 2349 2321 cito
2387 2268 2705 2323 dissolvetur.
2738 2267 2919 2339 Neque
2944 2270 3087 2324 enim
3133 2268 3211 2324 sic
3258 2279 3477 2325 externa
3521 2277 3583 2323 ut

1981 2358 2159 2413 civilia
2187 2360 2325 2416 bella
2359 2370 2575 2415 nocent.
2603 2360 2657 2415 Id
2688 2361 2848 2415 etiam
2876 2361 2927 2414 in
2956 2360 3273 2429 corporibus
3294 2362 3493 2425 evenit,
3524 2362 3578 2416 itt
3658 2416 3660 2419 ,

1956 2450 2339 2521 omnibusque
2381 2451 2563 2506 rebus.
2606 2450 2712 2506 Sed
2755 2451 2967 2505 interim
3011 2466 3041 2504 a
3084 2451 3378 2505 notioribus
3419 2451 3581 2507 rebus

1980 2540 2226 2608 exempla
2255 2541 2489 2595 adducit.
2533 2540 2672 2607 Quid
2708 2541 2855 2596 enim
2908 2541 2959 2595 in
2993 2552 3133 2596 terra
3175 2551 3257 2597 est
3283 2558 3446 2611 regno
3481 2558 3580 2613 po.

1981 2629 2235 2685 tentius?
2292 2629 2459 2685 Nihil.
2519 2632 2772 2686 Attamen
2828 2630 3182 2686 scditionibus
3245 2631 3574 2690 dissolvitur.

1989 2715 2148 2781 Quod
2183 2718 2231 2773 si
2261 2718 2369 2774 illic
2413 2721 2756 2789 negotiorum
2803 2724 2998 2777 molem
3039 2724 3095 2777 in
3140 2740 3306 2780 causa
3338 2742 3461 2782 esse
3486 2729 3573 2782 in-
3642 2792 3645 2793 ν

1991 2808 2194 2875 nuerit,
2221 2809 2351 2879 quia
2380 2824 2579 2880 nempe
2606 2827 2788 2867 secum
2824 2814 3084 2884 decertat.
3115 2817 3246 2884 quid
3270 2819 3476 2873 dixeris
3507 2820 3577 2874 de

1977 2902 2214 2969 civitate,
2242 2912 2343 2957 aut
2357 2902 2425 2958 de
2441 2903 2639 2958 domo?
2656 2904 2789 2959 Nam
2813 2882 2925 2960 sive
2943 2921 3163 2975 parvum
3184 2908 3297 2961 sive
3324 2924 3573 2978 magnum

1976 2991 2107 3061 quid
2146 2993 2323 3057 fuerit,
2355 2997 2400 3049 si
2445 3009 2628 3049 secum
2670 2996 2949 3063 dissideat,
2985 2997 3145 3067 perit.
3193 2996 3249 3053 Si
3282 2999 3440 3070 igitur
3466 2999 3576 3054 die-

1977 3087 2215 3147 monium
2238 3086 2442 3142 habens
2461 3102 2583 3159 ego,
2612 3089 2729 3157 ejus
2755 3105 2858 3160 ope
2886 3090 3162 3146 dannonas
3192 3093 3349 3162 pello,
3380 3094 3575 3149 seditio

1975 3184 2031 3229 et
2053 3192 2227 3246 pugna
2255 3186 2339 3232 est
2362 3177 2500 3231 inter
2525 3179 2821 3241 daemonas,
2851 3180 2992 3248 iique
3029 3190 3175 3236 stant
3201 3182 3353 3238 divisi
3391 3196 3444 3239 et
3474 3186 3574 3239 ad-

1980 3265 2226 3319 versarii.
2256 3264 2312 3321 Si
2342 3265 2431 3321 alii
2471 3278 2659 3322 contra
2688 3268 2825 3323 alios
2862 3277 3029 3335 stant,
3069 3271 3278 3327 illorum
3317 3272 3573 3331 fortitudo

1977 3353 2135 3424 periit
2160 3364 2214 3425 et
2241 3355 2556 3411 labefactata
2584 3364 2687 3412 est.
2731 3357 2793 3413 Si
2815 3358 2960 3415 enim
2988 3371 3196 3415 satanas
3219 3372 3453 3417 solonam
3479 3366 3572 3435 eji-

1973 3448 2039 3500 cit
2078 3448 2209 3514 (non
2256 3447 2409 3512 dixit,
2463 3447 2747 3504 Damonas
2778 3448 2946 3520 ejicit,
3002 3451 3293 3508 ostendens
3346 3454 3567 3508 multam

1973 3553 2093 3594 esse
2120 3540 2259 3594 inter
2278 3538 2403 3594 illos
2427 3538 2818 3610 concordiam),
2862 3541 2917 3595 iu
2945 3540 3165 3609 seipsum
3210 3558 3340 3613 ergo
3378 3544 3571 3600 divisus

1972 3640 2069 3695 est,
2092 3627 2290 3706 inquit.
2320 3630 2374 3685 Si
2400 3630 2602 3686 divisns
2627 3640 2735 3697 est,
2763 3646 2895 3701 ergo
2919 3631 3240 3687 imbecillior
3267 3632 3436 3688 factus
3460 3621 3569 3701 est,

1970 3727 2027 3773 et
2051 3721 2211 3788 periit
2240 3736 2253 3774 :
2288 3721 2561 3789 si'periit,
2597 3720 2869 3792 quomodo
2902 3732 3080 3792 potest
3120 3724 3281 3778 aliutn
3323 3726 3570 3794 ejicere?

1974 3808 2162 3863 Viden‘
2182 3825 2341 3878 quam
2366 3812 2585 3871 ridicula
2617 3813 2686 3865 sit
2710 3812 2997 3877 accusatio,
3022 3828 3181 3881 quam
3204 3815 3382 3878 stulta,
3408 3832 3569 3885 quam

1972 3898 2155 3955 sebum
2176 3900 2290 3969 ipsa
2333 3901 2609 3970 pugnans?
2638 3900 2755 3954 Non
2798 3912 2970 3969 potest
3003 3905 3144 3956 enim
3178 3904 3319 3960 idem
3351 3905 3464 3975 ipse
3488 3907 3573 3961 di-

1972 4005 2116 4055 cere,
2148 4000 2388 4046 satanam
2420 4001 2568 4046 stare
2606 4002 2662 4046 et
2690 3994 2889 4059 ejicere
2918 3993 3211 4059 dremonas,
3253 4012 3317 4050 ac
3351 4007 3571 4065 promer

1974 4081 2102 4136 illud
2131 4092 2300 4146 stare,
2327 4092 2542 4151 prepter
2559 4082 2703 4153 quod
2727 4083 2837 4151 jam
2863 4087 3133 4142 corruisse
3153 4086 3333 4143 debet.
3360 4089 3423 4143 Et
3451 4090 3567 4149 lucc

1973 4182 2056 4233 est
2087 4178 2257 4249 prima
2291 4179 2530 4234 solutio:
2564 4163 2801 4234 secunda
2843 4179 3042 4234 solutio
3085 4182 3228 4237 circa
3274 4184 3570 4255 discipulos
3618 4168 3621 4169 ν

1973 4280 2219 4325 versatur
2245 4287 2263 4349 _:
2292 4284 2465 4340 neque
2489 4270 2633 4325 enim
2659 4286 2767 4325 uno
2794 4277 2997 4325 tantum
3026 4286 3239 4341 semper
3271 4276 3453 4339 modo,
3473 4280 3567 4332 sed

1973 4364 2133 4417 etiam
2161 4362 2401 4418 secundo
2429 4371 2485 4417 et
2516 4363 2675 4418 tertio
2709 4363 3039 4431 objectiones
3068 4365 3247 4433 solvit,
3280 4368 3421 4436 quod
3450 4370 3568 4423 illo.

1974 4469 2092 4508 rum
2130 4452 2515 4523 impudentiam
2558 4467 2622 4508 ex
2653 4452 2944 4508 abundanti
2978 4456 3283 4523 reprimere
3313 4458 3462 4513 velit.
3510 4459 3568 4515 ιιι

1974 4542 2115 4609 quod
2143 4544 2305 4597 etiam
2334 4542 2479 4609 fecit,
2511 4557 2632 4598 cum
2660 4544 2729 4597 de
2759 4544 2981 4598 sabbato
3009 4554 3277 4615 ageretur,
3309 4547 3566 4605 Davidetn

1972 4634 2249 4690 adducens
2276 4635 2328 4689 in
2355 4634 2613 4698 mediutn,
2648 4634 2883 4705 itemque
2911 4637 3219 4693 sacerdotes
3245 4648 3301 4693 et
3330 4642 3593 4697 testitno-l

1976 4726 2123 4783 nium
2162 4743 2268 4798 quo
2309 4727 2525 4793 dicitur,
2560 4725 2959 4781 Misericordiam
3002 4728 3135 4796 colo,
3166 4740 3211 4784 et
3245 4747 3347 4785 non
3374 4735 3574 4803 sacriﬁ-

1975 4822 2108 4873 cium
2140 4818 2294 4891 (Osee
2343 4819 2398 4874 6.
2431 4819 2523 4888 6);
2554 4832 2771 4872 oausam
2813 4818 3044 4887 denique
3082 4820 3153 4873 ob
3188 4836 3347 4889 quam
3381 4824 3575 4877 sabba-

1976 4921 2088 4966 tum
2119 4909 2215 4965 Ittit
2262 4910 2600 4965 institutum:
2628 4908 2848 4976 PrOpter
2876 4908 3129 4964 hominem
3161 4912 3328 4976 enim,
3374 4915 3569 4983 inquit,

1974 5012 2045 5055 est
2072 5002 2335 5055 sabbatum
2364 5000 2555 5069 (Marc.
2583 4998 2639 5052 2.
2668 4997 2763 5070 27)
2796 5016 2809 5053 :
2840 4999 2941 5053 hoc
2970 5015 3098 5070 ergo
3121 5000 3206 5055 hic
3235 5001 3397 5055 etiam
3420 5002 3571 5060 facit.

1974 5093 2106 5148 Nam
2158 5102 2279 5163 post
2330 5093 2553 5159 primam
2600 5091 2927 5145 solutionem
2978 5090 3045 5145 ad
3087 5092 3378 5147 secundam
3428 5095 3575 5149 venit

1978 5186 2154 5254 priore
2179 5184 2482 5239 clariorem.
2514 5183 2603 5237 Ait
2630 5182 2772 5236 enim
2807 5199 2821 5234 :
2848 5181 2941 5237 27.
2974 5181 3036 5236 Si
3077 5199 3167 5253 ego
3197 5184 3251 5237 iu
3295 5184 3572 5239 Beelzebub

1976 5276 2122 5347 rjicio
2148 5276 2419 5337 dwmouia,
2443 5274 2538 5342 lilii
2568 5274 2715 5328 vestri
2741 5274 2792 5326 iu
2819 5290 2917 5344 quo
2946 5274 3151 5345 ejiciuut
3167 5276 3194 5330 Ρ

2050 5365 2103 5419 9..
2138 5366 2232 5420 llic
2274 5380 2490 5435 quoque
2527 5363 2646 5430 ejus
2684 5364 3145 5418 mansuetudinem
3185 5365 3569 5423 animadverte.

1978 5456 2094 5512 Non
2125 5457 2270 5511 enim
2317 5455 2467 5520 dicit,
2513 5454 2770 5525 Discipuli
2816 5452 2943 5519 mei,
2991 5470 3109 5517 nec,
3159 5455 3401 5525 Apostoli
3445 5460 3570 5523 mei,

1977 5548 2096 5612 sed,
2128 5546 2253 5601 Filii
2278 5546 2448 5608 vestri,
2487 5553 2545 5599 ut
2572 5544 2620 5599 si
2652 5544 2821 5599 velint
2859 5544 2927 5599 ad
2956 5544 3200 5617 canitiem
3239 5546 3573 5603 nobilitatem

1980 5638 2182 5703 venire,
2226 5636 2350 5691 hinc
2396 5650 2581 5691 ansom
2610 5635 2868 5706 arripiant
2898 5653 2911 5689 :
2944 5635 3027 5689 sin
3058 5637 3251 5705 ingrati
3292 5637 3345 5691 in
3382 5634 3572 5692 iisdem

1979 5731 2347 5802 pcrsistercnt,
2372 5743 2439 5784 ne
2469 5726 2830 5798 impudentem
2851 5725 3066 5801 quidem
3096 5736 3314 5800 possent
3350 5741 3576 5785 excusa-
