4104 6308
539 410 644 467 N7

535 523 732 575 tionem
779 516 1031 586 proferre.
1079 514 1227 581 Quod
1270 524 1442 568 autem
1482 512 1610 568 dicit
1653 510 1757 564 hoc
1800 505 2103 577 signiﬁcat:

534 608 774 676 Apostoli
820 609 870 661 in
919 621 1024 675 quo
1068 604 1313 675 ejiciunt?
1338 602 1627 657 Jamenim
1669 599 1955 668 ejecerant,
1986 610 2108 650 cum

537 707 851 768 potestatem
881 697 946 752 ab
975 698 1063 751 illo
1089 695 1438 763 accepissent,
1471 706 1644 762 neque
1669 702 1842 744 tamen
1872 689 1991 743 illos
2015 702 2108 741 ac-

535 790 790 844 cusabant
818 807 831 841 :
861 803 1030 858 neque
1055 787 1195 842 enim
1237 795 1419 840 contra
1465 799 1554 839 res
1597 784 1757 853 ipsas,
1787 779 1880 834 sed
1925 787 2108 833 contra

537 894 818 949 personam
860 888 1056 932 tantum
1090 875 1379 945 litigabant.
1417 873 1487 930 Ut
1525 872 1769 927 ostendat
1798 871 1977 942 igitur,
2015 882 2108 923 eos

534 986 601 1024 ex
648 969 839 1022 invidia
888 967 1057 1020 solum
1101 965 1188 1019 illa
1226 965 1442 1030 dixisse,
1469 965 1737 1030 apostolos
1783 962 1834 1015 in
1876 957 2106 1014 medium

535 1059 768 1113 adducit.
798 1056 930 1112 Nam
952 1058 992 1110 si
1020 1073 1118 1125 ego
1145 1057 1220 1111 sic
1241 1057 1413 1125 ejicio,
1445 1054 1610 1108 multo
1640 1053 1804 1123 magis
1842 1051 1937 1118 illi,
1960 1051 2046 1120 qui
2076 1063 2106 1102 a

536 1164 622 1203 me
649 1157 960 1218 potestatem
986 1156 1322 1216 acceperunt.
1353 1149 1599 1201 Attamen
1627 1145 1756 1199 nihil
1776 1143 1946 1198 simile
1974 1141 2108 1197 dixi-

535 1241 632 1294 stis
663 1239 786 1294 illis.
815 1237 921 1294 Cur
941 1255 1067 1308 ergo
1096 1254 1179 1292 me
1203 1239 1482 1300 accusatis,
1515 1240 1599 1308 qui
1626 1246 1808 1292 auctor
1834 1237 1937 1291 illis
1953 1251 2104 1302 sum;

536 1329 656 1383 illos
695 1344 822 1385 vero
865 1331 1085 1384 crimine
1123 1329 1321 1385 liberos
1360 1330 1606 1383 mittitis?
1647 1329 1761 1383 Non
1816 1330 1918 1383 hoc
1946 1343 2042 1383 vos
2077 1344 2106 1384 a

535 1421 794 1490 supplicio
821 1421 1084 1486 liberabit,
1113 1421 1205 1475 sed
1247 1422 1433 1490 majori
1468 1420 1790 1474 damnationi
1817 1420 2059 1487 subjiciet
2090 1435 2104 1470 :

537 1509 661 1566 ideo
683 1511 977 1580 subjunxit,
1005 1511 1113 1580 Ipsi
1129 1511 1330 1582 judices
1357 1513 1503 1565 vestri
1527 1522 1689 1565 erunt.
1712 1509 1843 1565 Cum
1874 1512 2013 1565 enim
2040 1526 2109 1566 ex
2169 1575 2172 1577 λ

534 1603 685 1657 vobis
714 1604 820 1657 sint
849 1606 971 1668 orti,
1002 1615 1055 1658 et
1097 1603 1209 1658 hzec
1237 1613 1543 1668 exerceant,
1575 1620 1694 1659 cum
1734 1603 1861 1657 mihi
1906 1604 2111 1657 obtem-

535 1703 724 1763 perent
753 1703 808 1750 et
841 1693 1108 1759 obediant,
1142 1696 1352 1763 planum
1391 1705 1473 1751 est
1503 1697 1619 1750 illos
1655 1697 2108 1752 condemnaturus

533 1796 654 1837 esse
678 1798 771 1839 eos
799 1785 886 1851 qui
916 1786 1177 1838 contraria
1226 1784 1426 1841 faciunt
1455 1796 1509 1840 et
1553 1787 1753 1842 dicunt.
1794 1788 1881 1844 28.
1927 1787 1990 1842 Si
2010 1805 2100 1840 au-

535 1884 632 1927 tem
660 1875 712 1926 in
760 1875 958 1942 Spiritu
1001 1875 1098 1929 Dei
1126 1877 1374 1929 daemonia
1421 1879 1588 1948 ejicie,
1625 1880 1848 1947 profecto
1890 1875 2108 1948 pervenit

532 1963 588 2017 in
625 1978 708 2018 vos
762 1981 972 2034 regnum
1022 1964 1133 2019 Dei.
1180 1965 1313 2033 Quid
1362 1977 1472 2029 est,
1525 1961 2108 2038 RegnumI'Adventus

535 2067 709 2108 meus.
740 2053 875 2108 Vide
902 2054 1165 2131 quomqu
1193 2071 1376 2111 rursus
1405 2072 1497 2110 eos
1525 2059 1720 2113 alliciat
1760 2071 1814 2114 et
1842 2069 2009 2125 curet,
2043 2059 2106 2112 ad

537 2159 795 2214 suamque
838 2145 1232 2214 cognitionem‘
1259 2148 1549 2218 pertrahat,
1597 2150 1944 2220 ostendatque
1991 2151 2112 2205 illos

535 2235 672 2289 bona
701 2244 796 2289 sua
842 2236 1170 2306 impugnare,
1200 2247 1253 2293 et
1302 2248 1484 2294 contra
1534 2241 1759 2297 salutem
1805 2257 1952 2297 suam
2000 2243 2109 2296 liti-

534 2325 699 2394 gare?
723 2322 852 2380 Cum
899 2335 1186 2394 Oporteret,
1223 2313 1412 2397 inquit,
1456 2329 1686 2398 gaudere
1729 2340 1786 2387 et
1821 2332 2104 2396 exsultare,

534 2415 657 2485 quia
687 2431 874 2486 magna
920 2418 1006 2470 illa
1058 2427 1113 2472 et
1162 2418 1442 2474 ineffabilia
1487 2421 1706 2476 daturus
1727 2421 1965 2488 advenit,
1992 2439 2109 2492 qua:

533 2506 661 2561 olim
691 2507 961 2576 propheta:
990 2508 1316 2574 cecinerunt,
1362 2519 1417 2565 ct
1466 2512 1605 2581 quod
1656 2512 1804 2565 vobis
1850 2512 1987 2568 bene
2015 2529 2105 2582 ge-

538 2595 687 2650 rendi
718 2606 921 2666 tempus
957 2597 1232 2654 advenerit
1260 2615 1273 2652 :
1309 2615 1402 2655 vos
1433 2603 1755 2655 cuntrarium
1785 2601 1974 2666 facitis,
2005 2619 2109 2657 non

535 2685 695 2740 modo
721 2685 856 2740 bona
893 2703 995 2739 non
1039 2684 1500 2758 accipientes,sed
1532 2691 1689 2744 etiam
1729 2691 2111 2746 calumniantes

533 2783 798 2828 etcausas
818 2759 1614 2830 comminiscentes."Mattha‘ns
1652 2779 1862 2848 quidem
1912 2781 2020 2833 ait:
2055 2780 2112 2832 Si

533 2877 699 2917 autem
730 2881 822 2933 ego
844 2866 894 2918 in
921 2865 1115 2933 Spiritu
1142 2865 1231 2921 Dei
1254 2868 1399 2937 ejicio
1428 2884 1445 2929 ,'
1471 2869 1639 2923 Lucas
1666 2886 1792 2923 vero
1823 2888 1834 2922 :
1863 2869 1923 2925 Si
1949 2882 2113 2925 autem

535 2969 629 3022 ego
654 2953 708 3006 in
729 2953 886 3024 digito
913 2953 1002 3007 Dei
1029 2957 1173 3025 cjicia
1199 2957 1446 3011 dientonia
1474 2958 1622 3029 (Luc.
1657 2961 1742 3014 Η.
1771 2961 1862 3030 20)
1893 2980 1905 3015 :
1929 2968 2113 3018 Osten-

536 3043 670 3097 dens
708 3045 955 3098 maximae
998 3047 1244 3111 potentia:
1279 3063 1412 3124 opus
1467 3064 1584 3104 esse
1637 3051 1784 3116 illud,
1844 3052 2113 3107 daunonas

535 3132 751 3202 ejicere,
782 3147 844 3188 ac
872 3135 1053 3204 gratio
1091 3150 1194 3189 non
1230 3135 1478 3206 vulgaris.
1523 3139 1655 3194 Hinc
1693 3149 1868 3194 autem
1898 3144 2112 3196 ratioci-

538 3222 650 3275 nari
679 3223 792 3276 vult
827 3231 881 3276 et
916 3223 1114 3285 dicere,
1146 3224 1203 3278 Si
1250 3226 1348 3278 hoc
1395 3228 1464 3279 ita
1506 3238 1607 3293 est,
1653 3245 1780 3299 ergo
1814 3229 1977 3286 Filius
2021 3233 2112 3288 Dei

536 3312 768 3368 advenit.
827 3313 933 3369 Sed
975 3315 1076 3368 hoc
1109 3330 1219 3369 non
1259 3317 1404 3381 dicit,
1441 3333 1621 3372 verum
1664 3321 1907 3387 obscure,
1949 3323 2018 3377 ita
2059 3335 2117 3378 ut

537 3402 641 3456 illis
662 3417 944 3458 onerosum
971 3419 1074 3458 non
1103 3413 1261 3470 esset,
1297 3405 1347 3460 id
1395 3407 1692 3463 subindicat
1717 3410 1899 3467 dicens
1926 3428 1940 3465 :
1979 3413 2115 3484 Ergo

537 3495 756 3563 pervenit
787 3495 841 3546 in
869 3510 954 3548 vos
978 3512 1186 3566 regnum
1217 3495 1330 3550 Dei.
1360 3495 1542 3553 Viden‘
1569 3501 1880 3569 sapientiam
1922 3503 2111 3574 ingen-

539 3583 688 3638 tem?
720 3584 795 3638 Ex
817 3586 901 3651 iis,
929 3601 1045 3655 qua:
1073 3587 1147 3639 illi
1177 3588 1520 3656 objiciebant,
1561 3594 1843 3660 conspicue
1886 3596 2119 3650 ostendit

538 3672 822 3729 adventum
844 3690 1019 3730 suum.
1050 3676 1248 3732 Deinde
1274 3687 1326 3731 ut
1356 3679 1472 3734 illos
1499 3683 1811 3749 attraheret,
1842 3700 1950 3739 non
1991 3686 2120 3741 dicit

536 3763 869 3833 simpliciter,
895 3765 1130 3821 Pervenit
1156 3783 1382 3837 regnum,
1429 3771 1522 3826 sed
1564 3773 1764 3840 adjicit,
1796 3774 1877 3826 Ad
1902 3791 2026 3841 eos;
2055 3790 2118 3830 ac

537 3853 582 3907 si
612 3853 831 3929 diceret,
868 3854 1029 3909 Vobis
1052 3855 1337 3911 adveniunt
1361 3857 1514 3936 bonag
1545 3860 1652 3914 Cur
1676 3877 1800 3932 ergo
1824 3863 1873 3916 in
1903 3866 2114 3934 propria

539 3943 675 3997 bona
703 3945 819 3998 sine
863 3958 1022 3998 sensu
1064 3946 1232 3999 estis?
1258 3962 1354 4000 cur
1389 3960 1571 4002 contra
1623 3961 1851 4005 vestram
1893 3954 2116 4008 salutem

538 4033 638 4102 ipsi
667 4037 948 4106 pugn'atis?
975 4036 1087 4090 Hoc
1110 4047 1191 4091 est
1219 4047 1423 4108 tempus
1462 4040 1613 4104 illud,
1655 4043 1795 4111 quod
1825 4044 1950 4098 olim
1996 4062 2119 4116 pro-

537 4122 713 4193 pheta:
746 4124 1143 4194 praedixerunt:
1175 4126 1275 4182 hoc
1312 4128 1518 4197 signum
1567 4131 1827 4187 adventus
1868 4151 1961 4204 per
1999 4137 2117 4192 illos

535 4215 822 4284 decantati,
855 4219 994 4288 quod
1039 4235 1231 4289 nempe
1275 4221 1449 4274 divina
1503 4226 1734 4290 potentia
1776 4225 1891 4282 bare
1941 4228 2113 4284 ﬂant‘.

537 4307 668 4363 Nam
695 4310 833 4378 quod
863 4310 1010 4374 (iant,
1041 4325 1136 4365 vos
1163 4311 1369 4376 nostis;
1407 4313 1546 4381 quod
1587 4325 1760 4369 autem
1803 4317 1976 4372 divina
2020 4335 2116 4388 po-

539 4400 726 4463 tentia,
757 4414 843 4454 res
881 4399 1008 4468 ipsa:
1041 4402 1292 4456 clamant.
1324 4402 1504 4472 Neque
1541 4407 1682 4460 enim
1717 4406 1831 4461 ﬁeri
1865 4419 2034 4478 potest
2063 4420 2121 4466 ut

541 4499 755 4545 satanas
783 4506 927 4545 nunc
952 4492 1020 4546 sit
1058 4492 1262 4559 fortior,
1294 4495 1398 4549 imo
1427 4498 1729 4552 necessario
1758 4509 1840 4552 est
1877 4501 2117 4557 imbecil-

538 4579 621 4633 lus
654 4597 668 4632 :
700 4593 804 4634 non
830 4588 1004 4648 potest
1022 4589 1196 4637 autem
1225 4582 1515 4640 imbecillus
1543 4587 1661 4656 quis
1691 4586 1881 4643 fortem
1920 4590 2117 4647 daemo-

538 4671 900 4740 nemejicere.
943 4671 1066 4726 llaec
1103 4688 1261 4742 porro
1286 4675 1514 4742 dicebat,
1538 4680 1770 4734 caritatis
1790 4681 1898 4747 vim
1934 4692 2117 4739 osten—

534 4761 692 4826 dens,
715 4777 774 4815 ac
802 4761 1004 4816 dissidii
1036 4759 1193 4833 atque
1227 4763 1373 4834 litigii
1411 4767 1845 4826 imbecillitatem.
1890 4771 2117 4846 Ideoque

538 4856 652 4932 ipse
682 4853 982 4925 frequenter
1015 4856 1302 4926 discipulos
1343 4858 1485 4914 circa
1523 4863 1798 4917 caritatem
1851 4864 2111 4934 hortatur,

538 4946 881 5014 declaratque
909 4947 1174 5000 diabolum
1205 4947 1332 5002 nihil
1373 4965 1477 5004 non
1514 4966 1673 5021 agere
1703 4962 1760 5008 ιιι
1788 4955 1927 5010 illam
1962 4959 2114 5013 autc-

538 5048 637 5092 rat.
674 5036 798 5091 P0st
830 5037 1114 5092 secundam
1157 5053 1284 5108 ergo
1319 5039 1638 5096 solutionem
1671 5045 1878 5116 tertiam
1904 5061 2114 5118 quoque

542 5124 943 5181 inducitdiccns
977 5128 1102 5182 :29.
1137 5129 1398 5195 Quomodo
1439 5141 1595 5198 potest
1626 5133 1805 5204 aliquis
1845 5136 2035 5192 intrare
2061 5139 2114 5194 in

536 5219 740 5280 domum
766 5218 927 5288 fortis,
959 5227 1004 5271 et
1032 5235 1148 5270 vasa
1172 5219 1308 5273 illius
1334 5221 1570 5290 diripere,
1599 5225 1695 5277 nisi
1725 5227 1864 5296 prius
1889 5228 2114 5304 ligaverit

539 5309 736 5376 fortem,
770 5306 816 5360 et
842 5317 959 5359 tunc
981 5323 1099 5360 vasa
1123 5309 1230 5378 ejus
1267 5311 1474 5380 diripiat
1497 5313 1521 5365 τ’
1545 5312 1694 5381 Quod
1720 5331 1822 5370 non
1845 5320 2011 5386 possit
2029 5335 2114 5377 sa.

537 5405 686 5448 tanas
710 5404 947 5450 satanam
974 5397 1187 5466 ejicere,
1213 5414 1278 5452 ex
1308 5404 1726 5469 prmeedentibus
1757 5407 1948 5477 liquet;
1971 5411 2113 5479 quod

534 5496 712 5540 autem
745 5502 849 5541 non
869 5489 1086 5543 omnino
1117 5491 1281 5559 possit
1309 5495 1428 5561 quis
1457 5495 1602 5548 illum
1629 5496 1846 5565 ejicere,
1881 5501 1982 5556 nisi
2005 5503 2112 5572 pri-

537 5591 679 5631 mum
720 5579 1002 5646 superarit,
1049 5580 1186 5648 apud
1225 5597 1412 5638 omnes
1449 5583 1501 5638 in
1549 5585 1793 5644 confesso
1832 5600 1930 5646 est.
1975 5592 2109 5661 Quid

601 5711 621 5805 ζ
654 5715 845 5805 qqqdam
858 5713 1170 5805 εειξξξιίιηεεοάι
1179 5730 1405 5785 suamque
1426 5725 1719 5775 sentattwm.

654 5772 756 5835 Alii,
773 5781 905 5825 tanta
925 5775 1032 5826 lure
1052 5772 1188 5840 ﬁant.
1327 5772 1362 5820 '.

1242 401 1296 460 S.
1335 397 1612 458 IOANNIS
1648 389 2122 454 CHRYSOSTOSH
2158 387 2472 448 ARCHIEP.
2499 391 3037 450 CONSTANTINOP.

3687 396 3795 451 δικ

2219 502 2374 573 igitur
2394 517 2458 558 ex
2500 504 2582 559 his
2615 504 2930 560 coniicitur?
2967 503 3118 572 Quod
3156 503 3301 574 prius
3330 503 3528 560 dictum
3559 515 3665 574 est,
3699 510 3797 564 scd

2213 594 2367 664 longe
2397 594 2640 649 validius.
2661 595 2886 650 Tantum
2907 594 3078 658 abest,
3104 595 3290 662 inquit,
3316 604 3371 648 ut
3395 595 3643 663 adjutore
3679 606 3798 652 utar

2211 683 2445 752 diabolo,
2475 695 2532 738 ut
2555 700 2675 739 eum
2704 685 2862 738 etiam
2899 684 3200 754 impngnem
3248 695 3304 739 et
3344 686 3610 749 vinciam;
3642 689 3799 757 cujus

2211 773 2289 828 rei
2324 774 2531 844 signum
2562 784 2660 840 est,
2702 774 2843 844 quod
2889 790 3012 828 vasa
3042 777 3158 843 ejus
3185 775 3450 846 diripiam.
3494 778 3625 833 Vide
3660 794 3796 849 qua-

2213 861 2368 917 modo
2393 863 2738 930 contrarium,
2767 878 2924 933 quam
2951 863 3024 918 illi
3064 878 3224 932 supra
3259 875 3494 922 statuere
3521 865 3799 922 conaban-

2213 961 2329 1016 tur,
2382 950 2794 1008 demonstretur.
2845 953 2921 1008 llli
2969 954 3111 1009 enim
3166 956 3452 1011 ostendere
3502 957 3795 1024 volebant,

2213 1042 2386 1110 ipsum
2413 1057 2516 1098 non
2539 1043 2588 1096 vi
2615 1046 2825 1112 propria
2861 1044 3131 1100 daemonas
3166 1046 3360 1114 ejicere
3384 1064 3398 1099 :
3423 1047 3514 1102 ille
3537 1062 3667 1103 vero
3695 1046 3797 1104 dc—

2213 1133 2495 1200 monstrat,
2525 1148 2584 1189 se
2619 1149 2722 1187 non
2759 1135 2920 1189 modo
2951 1136 3241 1203 daemonas,
3273 1138 3366 1192 sed
3406 1137 3616 1193 illorum
3645 1140 3800 1210 prin-

2213 1226 2383 1293 cipem
2410 1224 2625 1294 ligatum
2655 1225 2706 1278 vi
2731 1224 2992 1292 detinere,
3033 1226 3286 1296 illumque
3321 1227 3552 1296 priorem
3581 1229 3801 1299 propria

2215 1326 2472 1386 potestate
2500 1318 2723 1382 vicisse;
2762 1317 2903 1387 quod
2940 1333 2970 1371 a
2998 1317 3158 1372 rebus
3200 1319 3366 1390 gestis
3398 1320 3798 1387 comprobatur.

2212 1407 2340 1462 Nam
2363 1409 2405 1463 si
2437 1409 2521 1464 hic
2545 1409 2790 1478 princeps
2806 1418 2905 1472 est,
2928 1410 3215 1480 caaterique
3234 1408 3428 1465 subditi
3459 1427 3472 1462 :
3500 1409 3794 1479 quomodo,

2213 1497 2302 1552 illo
2333 1513 2446 1568 non
2493 1500 2635 1553 victo
2662 1501 2702 1565 ‘,
2735 1513 2832 1554 nec
2874 1499 3115 1564 cedente,
3165 1499 3217 1553 bi
3261 1498 3661 1568 diriperentur!
3703 1500 3803 1554 llic

2211 1604 2339 1644 vero
2369 1588 2577 1644 videtur
2600 1590 2726 1642 mihi
2758 1590 3030 1659 prophetia
3061 1604 3180 1646 esse
3211 1591 3350 1658 quod
3376 1590 3588 1646 dicitur.
3613 1590 3802 1661 Neque

2212 1682 2355 1735 enim
2381 1681 2541 1738 modo
2559 1682 2832 1737 daemones
2858 1697 2979 1736 vasa
3008 1682 3206 1737 diaboli
3237 1693 3379 1748 sunt,
3403 1684 3497 1739 sed
3529 1684 3688 1739 etiam
3714 1684 3803 1737 ho~

2210 1773 2389 1833 mines
2450 1772 2539 1842 qui
2582 1773 2873 1848 secundum
2917 1775 3086 1842 ipsum
3133 1785 3439 1843 operantur.
3490 1775 3670 1830 Palam
3720 1785 3807 1830 cst

2212 1864 2370 1933 igitur
2402 1862 2489 1916 hic
2518 1862 2619 1918 dici
2651 1879 2771 1919 eum
2801 1880 2906 1918 non
2938 1864 3210 1919 daemonas
3244 1865 3415 1919 solum
3454 1867 3670 1933 ejicere,
3705 1868 3802 1921 scd

2210 1955 2370 2010 etiam
2402 1968 2638 2010 errorem
2671 1970 2734 2009 ex
2763 1964 2878 2009 toto
2915 1956 3046 2010 orbe
3072 1955 3464 2010 eliminaturum
3505 1971 3644 2020 esse,
3680 1956 3800 2009 dia-

2211 2043 2426 2113 bolique
2456 2045 2750 2113 prtestigias
2795 2047 3109 2110 soluturum,
3159 2055 3214 2099 et
3265 2046 3442 2099 omnia
3493 2061 3612 2116 qua:
3659 2046 3800 2101 illius

2213 2146 2338 2188 sunt
2362 2134 2562 2191 inutilia
2602 2133 2951 2189 redditurum.
3003 2135 3186 2205 Neque
3231 2135 3382 2201 dixit,
3433 2135 3642 2206 Rapiet,
3685 2136 3802 2202 sed,

2215 2225 2461 2294 Diripiet;
2484 2225 2762 2281 declamas
2791 2226 2915 2280 illud
2947 2242 3065 2279 cum
3090 2236 3349 2295 potestate
3373 2225 3566 2280 factum
3590 2241 3733 2282 esse.

2283 2319 2336 2373 3.
2370 2318 2583 2372 Fortem
2615 2327 2790 2372 autem
2821 2318 2967 2371 illum
2994 2318 3224 2387 appellat
3250 2360 3264 2382 ,
3295 2333 3401 2374 non
3441 2318 3581 2388 quod
3612 2327 3802 2371 natura

2215 2409 2332 2463 talis
2361 2411 2431 2463 sit
2459 2425 2475 2466 ξ
2508 2408 2680 2473 absit;
2711 2407 2805 2464 sed
2848 2411 3079 2476 priorem
3120 2409 3424 2479 signiﬁcans
3467 2411 3803 2481 tyrannidem

2214 2517 2280 2556 ex
2311 2499 2628 2568 negligentia
2658 2508 2840 2553 nostra
2872 2500 3175 2554 stabilitam.
3209 2500 3296 2555 30.
3329 2501 3430 2567 Qui
3469 2518 3568 2555 non
3597 2512 3670 2555 est
3701 2517 3806 2555 nte-

2216 2607 2349 2655 cum,
2380 2601 2553 2644 centra
2580 2605 2657 2643 me
2683 2599 2790 2653 est;
2822 2599 2869 2644 et
2889 2593 2973 2660 qui
2997 2607 3189 2644 mecum
3213 2609 3314 2645 non
3338 2593 3553 2661 colligit,
3584 2593 3801 2662 spargit.

2216 2680 2355 2734 Ecce
2378 2689 2618 2749 quartam
2645 2680 2986 2739 solutionem.
3009 2681 3146 2748 Quid
3177 2682 3338 2738 volo?
3367 2682 3556 2752 inquit.
3583 2683 3693 2736 Deo
3719 2682 3806 2736 oi-

2218 2768 2355 2824 l'erre
2391 2810 2404 2830 ,
2457 2770 2705 2824 virtutem
2748 2770 2976 2836 doce're,
3021 2787 3241 2840 regnum
3287 2773 3624 2828 annuntiarc.
3670 2774 3806 2839 Quid

2217 2859 2462 2914 diabolus
2487 2869 2541 2914 et
2569 2860 2839 2917 daemones
2859 2861 3078 2915 volunt?
3100 2862 3192 2916 llis
3212 2864 3498 2918 contraria.
3525 2854 3808 2932 Quomodo

2219 2951 2377 3021 igitur
2403 2951 2465 3014 is,
2493 2951 2582 3017 qui
2613 2965 2820 3006 mecum
2851 2966 2955 3005 non
2989 2952 3221 3023 colligit,
3252 2970 3426 3024 neque
3450 2971 3658 3010 mecum
3686 2964 3806 3021 est,

2219 3055 2423 3094 mecum
2467 3050 2782 3110 operaturus
2805 3041 2926 3096 est?
2955 3043 3152 3112 etquid
3196 3043 3316 3099 dico
3361 3061 3571 3100 mecum
3613 3060 3808 3116 opera-

2220 3133 2406 3185 turus?
2456 3132 2567 3186 lmo
2622 3134 2988 3198 contrarium;
3039 3135 3185 3204 cupit
3232 3136 3371 3190 enim
3432 3151 3551 3191 mea
3598 3137 3810 3206 disper-

2219 3239 2362 3291 gere.
2395 3223 2492 3290 Qui
2525 3237 2652 3294 ergo
2691 3238 2798 3278 non
2837 3223 2997 3279 modo
3030 3241 3238 3280 mecum
3268 3242 3372 3281 non
3406 3209 3685 3298 operatur,
3713 3227 3811 3287 sed

2219 3314 2378 3366 etiam
2429 3313 2719 3383 dispergit,
2763 3313 3030 3385 quomodo
3081 3324 3278 3370 tantam
3324 3333 3532 3373 meeum
3582 3335 3813 3378 concor-

2221 3403 2359 3456 diam
2383 3403 2677 3467 exhiberet,
2694 3412 2983 3459 utmecum
3005 3404 3276 3460 daemonas
3305 3408 3563 3475 ejiceret?
3585 3410 3696 3466 lloc
3715 3427 3817 3466 au-

2219 3500 2324 3546 tem
2374 3509 2482 3547 non
2529 3493 2596 3548 de
2638 3492 2851 3549 diabolo
2893 3504 3132 3562 tantum,
3167 3496 3262 3552 sed
3310 3499 3481 3566 ipsum
3523 3499 3591 3554 de
3631 3502 3813 3573 seipso

2219 3578 2508 3637 verisimile
2531 3592 2613 3636 est
2637 3583 2858 3643 dixisse,
2881 3591 3068 3651 utpote
3093 3586 3180 3654 qni
3204 3599 3386 3642 contra
3417 3589 3690 3644 diabolum
3717 3593 3809 3656 sit,

2223 3678 2419 3739 etquae
2458 3671 2767 3726 illius'sunt
2812 3671 3102 3743 dispergat.
3135 3674 3200 3730 Et
3229 3679 3520 3746 quomodo,
3569 3681 3808 3750 inquies,

2222 3761 2309 3828 qui
2341 3774 2443 3813 non
2484 3769 2567 3814 est
2611 3775 2850 3825 mecum,
2883 3772 3067 3816 contra
3108 3778 3193 3818 me
3234 3767 3351 3820 est?
3379 3767 3430 3821 ld
3463 3778 3566 3835 est,
3599 3785 3667 3826 co
3697 3773 3813 3839 ipsi»

2221 3849 2362 3919 quod
2413 3865 2517 3904 non
2560 3851 2795 3922 colligat.
2839 3852 2893 3907 Si
2933 3863 3108 3907 autem
3142 3854 3242 3910 hoc
3283 3872 3464 3912 verum
3492 3872 3606 3927 est,
3641 3862 3814 3916 multo

2221 3944 2388 4012 magis
2411 3943 2499 4011 qui
2528 3952 2715 3997 contra
2757 3944 2927 4012 ipsum
2974 3955 3076 4009 cst,
3107 3960 3228 4001 cum
3268 3948 3356 4002 illo
3398 3965 3504 4005 non
3532 3963 3808 4021 operatur.

2221 4031 2350 4086 Nam
2382 4034 2424 4086 si
2455 4033 2498 4087 is
2524 4032 2611 4101 qui
2644 4048 2764 4088 cum
2814 4033 2906 4087 illo
2935 4049 3041 4089 non
3082 4048 3365 4105 operatur,
3395 4039 3641 4097 inimicus
3678 4058 3758 4100 est
3793 4064 3807 4099 :

2221 4123 2388 4176 multo
2419 4123 2588 4193 magis
2603 4122 2694 4192 qui
2719 4124 3009 4193 impugnat.
3037 4125 3164 4181 “me
3192 4142 3351 4196 porro
3377 4132 3556 4185 omnia
3579 4133 3724 4200 dicit,
3749 4146 3811 4192 ttt

2221 4215 2468 4269 ostendat
2498 4229 2740 4285 magnam
2771 4215 2868 4270 sibi
2901 4231 3020 4271 cum
3048 4216 3260 4272 diabolo
3301 4221 3632 4277 inimicitiam
3659 4239 3802 4280 esse.

2225 4305 2319 4357 Dic
2357 4303 2508 4366 mihi,
2541 4320 2743 4373 quaasu,
2774 4306 2816 4359 si
2839 4329 2841 4332 ⁴
2864 4307 3001 4375 quis,
3031 4323 3152 4361 cum
3195 4309 3264 4362 sit
3305 4311 3642 4379 pugnandum
3667 4356 3680 4378 ,
3713 4315 3805 4370 tibi

2225 4395 2422 4448 auxilio
2453 4409 2570 4449 esse
2598 4395 2756 4460 nolit,
2787 4411 2965 4451 nonne
3003 4397 3086 4453 vel
3114 4414 3180 4454 eo
3208 4399 3325 4470 ipso
3367 4412 3552 4456 contra
3581 4411 3633 4458 te
3661 4406 3762 4458 erit
3783 4407 3808 4458 ?

2224 4485 2374 4552 Quod
2408 4486 2449 4539 si
2478 4487 2598 4539 alibi
2622 4487 2794 4552 dicat,
2829 4488 2926 4552 Qui
2953 4506 3054 4543 non
3097 4500 3169 4545 est
3197 4493 3370 4545 contra
3399 4509 3512 4558 vos,
3555 4511 3646 4564 pro
3671 4496 3808 4551 vobis

2226 4588 2299 4628 est
2325 4574 2475 4647 (Luc.
2506 4577 2556 4630 9.
2586 4576 2700 4644 50),
2731 4593 2838 4630 non
2869 4587 2950 4632 est
2976 4579 3101 4634 huic
3128 4579 3273 4635 dicto
3299 4584 3648 4639 contrarium.
3674 4585 3806 4640 Nam

2224 4667 2310 4722 hic
2339 4668 2698 4723 adverSarium
2729 4670 2806 4724 eis
2833 4671 3086 4738 ostendit,
3120 4672 3228 4727 illic
3254 4689 3382 4728 vero
3409 4689 3473 4730 ex
3504 4687 3660 4746 parte
3705 4678 3804 4731 ad-

2225 4762 2538 4816 versarium.
2583 4761 2736 4826 Nam,
2765 4762 2830 4815 In
2858 4766 3058 4818 nomine
3078 4775 3182 4828 tuo,
3215 4765 3414 4836 inquit,
3450 4768 3660 4838 ejiciunt
3699 4769 3807 4823 dte-

2223 4854 2392 4905 monia
2434 4852 2644 4922 (Matth.
2675 4855 2729 4908 7.
2783 4853 2897 4926 22).
2927 4855 3052 4910 Mihi
3082 4871 3212 4912 vero
3234 4858 3439 4914 videtur
3471 4859 3555 4915 hic
3587 4860 3804 4916 Judmos

2221 4942 2578 5009 subindicare,
2606 4959 2742 5014 quos
2765 4960 2883 4998 cum
2903 4945 3116 5000 diabolo
3140 4950 3436 5004 constituit.
3463 4950 3596 5006 Nam
3625 4962 3680 5007 et
3701 4953 3804 5022 ipsi

2225 5032 2667 5098 adversabantur,
2714 5044 2769 5089 et
2810 5051 2927 5104 qua:
2954 5037 3068 5105 ipse
3112 5051 3488 5111 congregasset
3531 5042 3804 5113 disperge-

2219 5121 2366 5179 bant.
2396 5124 2546 5193 Quod
2592 5127 2734 5180 cnim
2776 5127 2918 5196 ipsos
2960 5128 3357 5196 subindicarct,
3397 5133 3690 5188 declaravit
3719 5134 3801 5190 his

2219 5216 2397 5298 verbis
2422 5234 2435 5269 :
2458 5218 2543 5272 31.
2570 5216 2696 5271 Ideo
2719 5218 2832 5271 dico
2852 5220 3005 5286 vobis,
3029 5218 3190 5274 Omne
3210 5233 3467 5292 peccatum
3489 5234 3536 5280 et
3557 5226 3799 5298 blasphe-

2221 5308 2325 5361 mia
2345 5289 2636 5362 ianittetur
2678 5309 2978 5364 hominibus.
3017 5289 3366 5383 Posteaquam
3396 5317 3538 5370 enim
3571 5289 3797 5386 respon-

2218 5397 2374 5452 derat
2400 5407 2458 5453 et
2491 5399 2845 5468 objectionem
2894 5402 3160 5469 solverat,
3197 5406 3611 5477 ostenderatque
3653 5409 3799 5478 ipsos

2211 5486 2415 5545 fmstra
2434 5489 2768 5560 impudenter
2778 5506 2954 5562 agere,
2980 5493 3192 5550 demum
3213 5505 3395 5553 terret.
3409 5498 3631 5554 Consilii
3653 5501 3793 5555 enim

2217 5579 2662 5636 tat-correctionis
2708 5582 2823 5637 hrrc
2867 5598 2971 5639 non
3017 5588 3316 5654 spernenda
3363 5603 3490 5660 pars
3535 5600 3636 5657 est,
3685 5605 3796 5646 non

2218 5671 2376 5727 modo
2401 5671 2624 5741 objectis
2666 5675 2991 5742 respondere
3017 5683 3073 5732 et
3115 5679 3459 5750 persuadere.
3489 5680 3586 5738 sed
3630 5681 3790 5738 etiam

2280 5783 2294 5813 ¹
2322 5789 2440 5853 Alii,
2456 5785 2542 5838 illo
2557 5798 2650 5838 nm
2665 5793 2835 5839 vincto.
