4104 6308
375 399 732 463 comminari.
762 395 904 471 quod
931 396 1025 453 ille
1050 394 1370 467 plerumque
1410 390 1541 457 facit
1564 390 1692 447 dum
1728 387 1875 459 leges
1913 396 1967 442 et

374 494 597 551 consilia
623 489 848 562 profert.

448 584 563 648 Quo
584 598 732 637 sensu
753 576 1068 649 blasphemia
1087 576 1315 649 Spiritus
1332 590 1436 630 non
1457 573 1764 629 remittatur.
1782 598 1855 612 --
1874 567 1968 623 Vi-

373 675 532 730 tletur
558 682 735 729 autem
779 672 830 726 id
858 670 1001 741 quod
1044 668 1245 723 dictum
1286 677 1371 724 est
1397 667 1685 721 obscurum
1729 676 1851 719 esse
1876 678 1891 714 :
1920 660 1965 715 si

360 782 505 821 vero
552 764 912 827 attendamus,
957 760 1128 815 facilis
1170 760 1275 815 erit
1319 758 1540 813 solutio.
1584 756 1766 811 Primo
1808 753 1969 824 igitur

376 859 496 925 ejus
516 864 644 910 sunt
664 852 931 909 audienda
960 851 1122 907 verba
1152 870 1165 906 :
1193 850 1357 905 Omne
1381 859 1642 918 peccatum
1666 856 1713 901 et
1728 845 1967 916 blasphe-

374 951 479 1000 mia
502 946 782 1007 remittetur
803 942 1090 997 hominibus
1106 956 1125 997 :
1142 940 1459 1011 blasphemia
1480 956 1596 993 vero
1618 938 1845 1007 Spiritus
1859 951 1968 1003 non

371 1038 655 1092 remittetur
677 1037 768 1089 eis.
799 1034 887 1090 52.
921 1034 985 1088 Et
1012 1034 1316 1105 quicumque
1344 1032 1533 1085 dixerit
1561 1032 1765 1085 verbum
1790 1016 1966 1083 c'ontra

376 1125 827 1200 Fitiuttiltomtuis
846 1168 862 1194 ,
894 1126 1173 1181 remittetur
1194 1129 1241 1180 ei
1265 1141 1282 1179 :
1304 1126 1607 1195 quicumque
1642 1139 1757 1176 vero
1783 1121 1968 1175 dixerit

371 1231 555 1276 contra
579 1214 1104 1291 Spirituur'sanctum,
1122 1234 1224 1271 non
1248 1217 1527 1271 remittetur
1548 1216 1594 1268 ei
1620 1229 1779 1286 neque
1797 1214 1849 1266 in
1873 1212 1967 1266 lto..-

372 1306 593 1378 sacculo,
625 1328 783 1383 neque
818 1312 873 1364 in
904 1312 1098 1381 futuro.
1125 1307 1262 1377 Quid
1310 1307 1410 1363 sibi
1456 1308 1573 1361 vult
1608 1320 1736 1375 ergo
1756 1305 1780 1358 ἲ
1804 1305 1966 1359 Multa

371 1412 558 1456 contra
591 1417 677 1455 me
705 1400 915 1456 dixiStis
936 1440 950 1465 ,
983 1398 1323 1454 seductorem
1356 1398 1575 1465 Deoque
1599 1395 1965 1449 adversarium

368 1494 623 1549 vocastis.
649 1491 775 1547 llaec
795 1491 946 1545 vobis
974 1489 1358 1559 paenitentibus
1380 1488 1617 1552 remitto,
1651 1501 1825 1555 nerine
1853 1500 1969 1554 pte-

370 1599 470 1639 nas
493 1593 722 1653 expeto;
751 1583 1082 1651 blasphemia
1127 1589 1307 1635 autem
1346 1579 1577 1650 Spiritus
1623 1594 1731 1633 non
1778 1578 1963 1632 remit-

370 1677 522 1737 titur,
546 1690 615 1729 ne
645 1675 1026 1743 parnitentibus
1051 1672 1286 1742 quidem.
1327 1672 1396 1726 Et
1433 1685 1536 1741 qua
1576 1672 1783 1725 ratione
1821 1679 1964 1726 stare

367 1766 544 1836 possit
582 1764 751 1818 illud?
772 1764 907 1818 Nam
932 1771 985 1818 et
1014 1763 1117 1818 hoc
1154 1770 1429 1832 peccatqu
1462 1761 1846 1832 ptenitentibus
1873 1776 1963 1815 rc-

367 1859 594 1912 Inissum
632 1854 751 1911 fuit.
792 1855 941 1911 Multi
974 1855 1117 1910 enim
1152 1868 1359 1918 eorum,
1395 1853 1486 1923 qui
1531 1852 1653 1907 talia
1688 1851 1960 1915 dixerunt,

363 1960 553 2020 postea
572 1949 939 2013 crediderunt,
966 1947 1253 2017 omniaque
1273 1946 1401 2013 ipsis
1418 1945 1640 2000 remissa
1661 1954 1804 1999 sunt.
1824 1944 1964 2012 Quid

366 2042 529 2110 igitur
565 2040 655 2097 hic
687 2039 846 2095 dicit?
884 2035 1088 2108 Nempe
1139 2038 1247 2093 hoc
1294 2043 1583 2108 peccatum
1640 2037 1965 2107 praemoni-

350 2130 472 2184 bus
498 2130 651 2185 venia
675 2142 884 2183 carere.
916 2130 1027 2198 Qua
1050 2127 1118 2181 de
1134 2125 1329 2181 causa?
1344 2125 1478 2193 Quia
1500 2127 1619 2196 quis
1634 2135 1779 2182 esset
1806 2125 1963 2181 Cbri-

362 2235 483 2279 stus
514 2224 825 2295 ignorabant
852 2243 865 2279 :
912 2225 1145 2291 Spiritus
1166 2238 1293 2279 vero
1318 2234 1700 2295 congruentem
1723 2225 1832 2295 jam
1858 2241 1959 2280 no-

364 2315 537 2368 titiam
559 2325 895 2383 acceperant.
921 2313 1192 2384 Siquidem
1213 2329 1310 2385 per
1330 2330 1454 2370 cum
1482 2316 1757 2385 prolshetas
1778 2317 1960 2387 loque-

363 2408 581 2473 bantur,
611 2418 663 2461 et
688 2408 743 2461 in
765 2408 932 2462 veteri
962 2407 1079 2477 lege
1103 2422 1291 2461 omnes
1315 2407 1479 2461 multa
1497 2407 1567 2462 de
1593 2408 1708 2477 ipso
1734 2423 1955 2478 accepe-

359 2505 487 2551 rant
516 2498 857 2553 documenta.
885 2497 997 2553 lloe
1036 2498 1193 2569 igitur
1210 2500 1324 2552 vult
1350 2500 1530 2554 dicere
1557 2515 1571 2553 :
1615 2500 1764 2564 Esto,
1795 2501 1845 2553 in
1871 2516 1958 2556 mo

360 2600 583 2660 promer
601 2606 931 2659 assumptum
953 2608 1171 2647 carnem
1193 2592 1461 2648 offenditis
1481 2611 1493 2646 ι
1516 2610 1642 2649 num
1662 2596 1822 2650 etiam
1839 2595 1959 2664 Spi-

362 2682 527 2735 ritum
555 2692 797 2738 sanctum
830 2698 925 2737 vos
952 2698 1057 2737 non
1096 2683 1310 2737 novisse
1338 2683 1529 2738 dicturi
1560 2684 1724 2740 estis?
1753 2683 1958 2742 idcirco

360 2772 521 2842 hujus
547 2774 893 2841 blasphemia:
922 2772 1075 2829 venia
1105 2788 1213 2832 non
1247 2774 1460 2828 dabitur
1483 2775 1636 2830 vobis
1664 2793 1679 2829 :
1714 2788 1766 2831 ct
1794 2776 1880 2832 hic
1897 2774 1957 2833 'et

359 2864 469 2918 illic
502 2879 685 2933 patnas
716 2858 932 2919 dabitis.
963 2865 1111 2919 Multi
1154 2866 1369 2935 quidem
1413 2866 1501 2920 hic
1531 2876 1735 2925 tantum
1768 2883 1955 2936 pinnas

357 2953 645 3015 dederunt,
679 2964 735 3007 ut
766 2954 856 3008 ille
885 2955 973 3024 qui
1011 2954 1305 3008 fornicatus
1329 2965 1466 3021 erat,
1489 2965 1551 3009 ut
1591 2957 1729 3026 apud
1761 2958 1954 3012 Corin-

357 3044 502 3099 thios
529 3046 560 3102 ij
588 3046 676 3123 qui
719 3045 932 3113 indigne
985 3047 1358 3117 mysteriorum
1411 3058 1695 3111 causortes
1743 3048 1955 3105 fuerant

354 3144 431 3214 (οὶ.
454 3145 572 3200 Cor.
594 3148 645 3200 2.
672 3155 717 3200 et
742 3148 789 3201 l.
812 3139 928 3201 Cor.
946 3140 964 3195 l
984 3138 1029 3217 Ι)
1051 3154 1172 3202 :vos
1188 3151 1364 3197 autem
1383 3150 1434 3196 et
1452 3142 1535 3196 hic
1555 3150 1610 3199 et
1640 3144 1746 3201 illic
1767 3159 1951 3214 pmnas

349 3236 565 3289 dabitis.
619 3236 976 3307 Qumcumque
998 3252 1128 3308 ergo
1161 3250 1347 3294 contra
1390 3256 1476 3294 me
1515 3250 1795 3311 antequam
1829 3258 1949 3297 cru-

356 3329 606 3395 ciligerer
630 3318 1058 3399 blasphemastis,
1085 3335 1335 3387 remitto:
1363 3336 1468 3387 imo
1485 3336 1645 3387 etiam
1668 3336 1727 3387 iis
1746 3337 1834 3405 qui
1862 3352 1948 3389 me

351 3418 705 3488 ct'uciligent;
737 3433 912 3489 neque
960 3435 1057 3489 pro
1098 3420 1471 3477 incredulitate
1512 3424 1627 3477 sola
1669 3423 1947 3478 damnabi-

338 3508 502 3561 Jllitti.
535 3508 720 3577 Neque
759 3510 905 3564 enim
950 3508 987 3564 ii
1030 3512 1119 3580 qui
1151 3522 1276 3566 ante
1325 3528 1538 3567 crucem
1576 3513 1941 3583 crediderunt,

348 3598 563 3666 plenam
592 3599 753 3652 [idem
783 3598 1049 3654 habebant
1075 3619 1087 3652 :
1111 3602 1401 3669 multisque
1433 3604 1484 3655 in
1512 3603 1642 3657 locis
1666 3605 1939 3669 admonet,

347 3704 417 3743 nc
438 3697 562 3742 ante
573 3689 885 3759 passionem
907 3692 1029 3761 quis
1056 3691 1170 3760 ipse
1200 3692 1270 3746 sit
1294 3693 1602 3751 declarent:
1626 3704 1682 3748 et
1706 3696 1757 3747 in
1782 3711 1943 3751 cruce

336 3780 576 3843 dicebat,
609 3789 666 3834 ut
690 3782 795 3837 illis
820 3782 923 3837 hoc
943 3792 1223 3852 peccatum
1246 3787 1629 3863 remitteretur.
1656 3788 1787 3856 Quae
1807 3804 1941 3845 vero

342 3871 413 3925 de
441 3871 642 3941 Spiritu
682 3872 925 3934 dixistis.
958 3874 1169 3929 veniam
1215 3892 1321 3930 non
1374 3877 1746 3945 impetrabunt.
1785 3878 1938 3948 Quod

343 3971 525 4016 autem
554 3963 622 4018 de
651 3963 735 4027 iis,
760 3980 878 4035 quae
909 3975 1033 4019 ante
1055 3981 1271 4022 crucem
1302 3968 1441 4021 dicta
1470 3969 1685 4034 fuerint,
1717 3971 1831 4026 hrec
1858 3972 1939 4026 in-

343 4051 568 4121 telligat,
604 4053 653 4106 id
707 4053 944 4109 declarat
986 4070 1109 4110 cum
1140 4057 1320 4127 adjicit
1351 4078 1361 4110 :
1397 4060 1708 4131 Quicumque
1750 4062 1936 4117 dixerit

340 4141 545 4193 rubum
571 4153 749 4196 contra
776 4143 972 4198 Filium
999 4146 1218 4201 hominis
1235 4190 1249 4211 ,
1281 4152 1561 4204 remittetur
1580 4154 1627 4206 ei
1650 4169 1668 4217 ;
1696 4157 1932 4222 quicum-

330 4248 433 4294 que
457 4242 624 4288 autem
654 4233 837 4289 dixerit
862 4248 1039 4291 contra
1064 4237 1320 4309 Spiritum
1350 4252 1608 4309 sanctum,
1642 4259 1749 4300 non
1779 4248 1927 4303 item.

332 4320 549 4386 Quare?
589 4324 722 4391 Quia
765 4324 993 4395 Spiritus
1043 4339 1260 4385 sanctus
1308 4343 1467 4387 notus
1513 4336 1663 4390 vobis
1707 4348 1825 4401 est;
1874 4349 1929 4395 et

333 4420 520 4466 contra
542 4429 654 4467 rem
682 4416 1015 4473 manifestam
1046 4418 1382 4489 impudenter
1407 4423 1579 4493 agitis.
1612 4425 1747 4482 Nam
1775 4430 1815 4481 si
1840 4445 1926 4484 me

331 4517 428 4557 vos
470 4504 719 4574 ignorare
757 4507 953 4575 dicitis,
1005 4510 1134 4565 illud
1163 4521 1310 4567 certe
1352 4530 1458 4568 non
1507 4517 1779 4586 ignoratis,
1809 4520 1921 4575 du:-

327 4608 519 4647 monas
546 4595 744 4664 ejieere
774 4607 827 4651 et
864 4598 1084 4655 morbos
1114 4617 1306 4657 curare
1344 4603 1579 4673 Spiritus
1605 4610 1776 4663 sancti
1800 4626 1922 4667 esse

317 4696 481 4752 opus.
508 4680 623 4737 Non
644 4700 773 4755 ergo
799 4702 887 4743 me
910 4696 1112 4743 tantum
1136 4695 1462 4750 contumelia
1489 4697 1718 4763 efﬁcitis,
1744 4702 1836 4755 sed
1865 4710 1920 4755 ct

310 4775 455 4842 Spiri
469 4780 579 4828 tum
604 4788 868 4833 Sanctum.
898 4780 1234 4852 Quapropter
1254 4796 1308 4841 et
1335 4786 1420 4843 hic
1444 4798 1497 4845 et
1523 4790 1629 4845 illic
1652 4795 1768 4847 sine
1809 4796 1913 4849 ulla

317 4868 473 4919 \‘t‘llla
512 4882 699 4936 punias
732 4870 944 4926 dabitis.
972 4874 1105 4929 Nam
1136 4893 1206 4931 ex
1236 4879 1542 4938 hominibus
1563 4886 1653 4939 alii
1677 4895 1730 4940 et
1757 4886 1843 4943 hic
1860 4898 1914 4943 et

314 4958 423 5008 illic
456 4960 777 5027 supplicium
810 4964 994 5018 luunt:
1027 4967 1115 5021 alii
1145 4969 1231 5023 hic
1260 4979 1462 5026 tantum
1484 5014 1500 5039 ,
1533 4976 1619 5030 alii
1653 4978 1761 5033 illic
1792 4988 1910 5035 tan-

313 5060 424 5102 tum
453 5068 472 5112 ;
503 5052 589 5105 alii
619 5069 792 5125 neque
838 5054 925 5112 hic
956 5074 1130 5130 neque
1160 5062 1267 5118 illic
1299 5080 1313 5116 :
1348 5065 1436 5121 hic
1466 5076 1523 5122 et
1570 5070 1677 5125 illic
1710 5072 1822 5139 alii,
1854 5086 1911 5129 ut

314 5140 389 5191 illi
426 5142 545 5209 ipsi.
579 5143 709 5199 Nan:
736 5158 789 5199 et
817 5147 902 5201 hic
924 5148 1187 5206 dederunt
1210 5169 1418 5223 prunas,
1441 5160 1655 5227 quando
1680 5162 1732 5215 in
1758 5164 1907 5220 urbis

315 5232 525 5287 excidio
557 5233 911 5292 intolerabilia
946 5242 1086 5309 passi
1117 5254 1277 5309 sunt;
1308 5255 1363 5300 et
1387 5248 1499 5303 illic
1527 5253 1906 5319 gravissimum

313 5322 631 5391 supplicium
652 5327 819 5393 luent,
845 5339 901 5382 ut
925 5331 1234 5398 Sodomita,
1262 5344 1319 5390 et
1342 5336 1431 5391 alii
1454 5340 1627 5394 multi.
1650 5340 1761 5398 lllie
1778 5358 1907 5400 vero

314 5419 539 5476 tantum,
569 5422 627 5467 ut
653 5415 805 5472 dives
835 5417 923 5474 ille
951 5422 1040 5490 qui
1073 5423 1123 5477 in
1152 5423 1363 5480 flamma
1390 5430 1661 5485 cruciatus
1687 5448 1755 5489 ne
1783 5437 1899 5491 stil-

312 5502 419 5557 lam
447 5505 662 5581 quidem
692 5522 846 5578 aqua:
874 5509 1076 5568 habuit.
1111 5514 1208 5570 llic
1235 5532 1386 5582 vero,
1421 5529 1480 5574 ut
1510 5521 1599 5577 illc
1624 5525 1764 5593 apud
1792 5526 1902 5582 Cn-

310 5593 561 5662 rinthios,
608 5599 696 5667 qui
728 5600 1021 5659 fornicatus
1054 5620 1189 5660 erat.
1222 5606 1405 5679 Neque
1435 5610 1523 5667 hic
1553 5629 1727 5686 neque
1758 5617 1895 5684 illic,

310 5697 368 5742 ut
397 5689 656 5758 apostoli,
692 5702 747 5743 ut
780 5692 1071 5764 prephette,
1108 5707 1163 5750 ut
1203 5699 1388 5755 beatus
1426 5702 1528 5759 Job
1562 5724 1573 5760 :
1608 5721 1730 5762 nam
1774 5724 1893 5778 ane

1402 276 1471 335 lN
1504 272 1914 334 nmmum
1952 271 2185 330 uouit.
2217 271 2357 330 xu.
2394 232 2469 328 al.
2507 271 2667 331 XLII.

3572 277 3679 338 £50

2078 384 2155 441 illi
2176 388 2317 455 passi
2338 394 2483 453 sunt,
2505 402 2613 443 non
2641 386 2962 459 supplicium
2982 394 3157 453 erant,
3179 385 3275 445 sed
3298 390 3590 447 certamina
3613 401 3682 450 et

2072 491 2283 548 pugnae.

2144 573 2198 626 4.
2234 572 2501 640 Quomodo
2527 573 2590 627 de
2604 573 2749 628 nobis
2762 572 3005 644 judicare
3022 588 3309 643 perennius.
3339 572 3679 640 Campum-tio

2070 677 2189 717 uera
2211 680 2344 731 quae.
2366 694 2439 705 --
2464 665 2788 721 Studeamus
2817 678 2947 735 ergo
2988 676 3049 720 ut
3088 666 3141 733 iu
3186 665 3379 721 eadem
3424 668 3677 736 portione

2070 754 2240 808 simus
2267 771 2282 808 :
2317 755 2361 809 si
2391 771 2497 810 non
2528 756 2741 822 horum,
2776 756 2966 811 saltem
2996 771 3186 811 eorum
3216 759 3305 826 qui
3336 756 3423 812 hic
3454 772 3672 827 peccata

2070 847 2168 899 sua
2200 846 2504 915 expiarunt.
2546 847 2677 901 Nam
2721 847 2960 902 terribile
2992 846 3119 901 illud
3158 847 3419 916 judicium
3463 859 3568 909 est.
3618 861 3674 903 et

2072 936 2384 993 inevitabile
2413 938 2736 1007 supplicium
2779 939 3255 1009 intolerabilesque
3295 955 3486 1008 pusum.
3518 939 3675 1006 Quod

2070 1027 2115 1081 si
2147 1028 2285 1083 nolis
2302 1025 2393 1082 hic
2418 1043 2610 1098 pinnas
2628 1028 2781 1092 dare,
2812 1029 2880 1083 de
2907 1030 3079 1098 teipso
3100 1029 3300 1098 iudica,
3333 1045 3363 1084 a
3396 1033 3571 1101 teipse
3593 1048 3676 1084 ra-

2071 1118 2245 1173 tiones
2287 1130 2502 1191 expete.
2547 1120 2683 1174 Audi
2726 1121 2946 1175 Paulum
2988 1122 3254 1177 dicentem
3288 1123 3594 1189 :‘Quouiam
3630 1122 3676 1175 si

2071 1212 2402 1281 nosmetipsos
2449 1213 2842 1281 judicaremus,
2921 1230 3023 1267 non
3084 1215 3258 1281 utique
3324 1214 3702 1283 iudicaremur.

2073 1300 2148 1373 (l.
2180 1301 2300 1355 Car.
2333 1302 2419 1356 ll.
2449 1304 2561 1375 51).
2592 1304 2647 1356 Si
2681 1304 2731 1356 id
2764 1302 2974 1362 feceris.
3002 1302 3257 1372 paulatim
3290 1305 3666 1377 progrediens,

2071 1392 2137 1446 ad
2169 1408 2426 1467 coronam
2472 1394 2679 1448 venies.
2728 1394 2796 1448 Et
2823 1395 3128 1463 quomodo,
3160 1394 3389 1464 inquies,
3424 1396 3489 1447 de
3516 1396 3670 1451 nobis

2064 1483 2461 1554 jndieabimus,
2507 1495 2557 1540 et
2604 1501 2634 1540 a
2682 1485 2837 1539 nobis
2881 1486 3117 1540 rationes
3164 1488 3516 1555 expetemus?
3565 1487 3670 1542 Lu-

2067 1590 2161 1645 ge,
2214 1576 2405 1631 acerbe
2450 1578 2775 1645 ingemisce,
2829 1579 3057 1647 teipsum
3110 1577 3333 1633 humilia
3374 1588 3429 1634 et
3467 1579 3667 1651 afﬂigc,

2069 1667 2352 1721 recordare
2390 1679 2735 1737 peccatorum
2784 1678 2997 1724 tuorum
3036 1672 3335 1738 Speciatim.
3378 1671 3493 1727 Non
3542 1689 3668 1743 par-

2066 1776 2165 1815 vus
2212 1769 2296 1815 est
2344 1761 2432 1816 hic
2478 1762 2748 1816 cruciatus
2795 1762 2979 1816 animi.
3034 1762 3087 1817 Si
3137 1762 3258 1833 quis
3304 1764 3356 1817 in
3404 1780 3668 1833 compun-

2066 1855 2246 1908 ctione
2311 1854 2441 1919 fuit,
2504 1855 2653 1909 novit
2708 1854 2945 1908 animum
3010 1855 3108 1909 hac
3164 1856 3398 1910 maxime
3461 1859 3669 1913 ratione

2066 1944 2313 1999 cruciari.
2363 1945 2417 2000 Si
2463 1946 2583 2015 quis
2630 1954 2850 2015 peccata
2898 1947 2951 1999 in
2998 1946 3317 2000 memoriam
3362 1949 3665 2016 revocavit,

2068 2038 2216 2090 novit
2282 2038 2557 2093 dolorem'
2590 2039 2681 2109 qui
2748 2039 2870 2093 inde
2932 2039 3257 2109 concipitur.
3324 2039 3667 2111 Quapropter

2066 2126 2377 2197 lntjusmodi
2421 2130 2754 2198 pmoitentize
2797 2130 2936 2185 Deus
2974 2130 3239 2199 justitiam
3286 2130 3339 2186 in
3383 2134 3665 2203 prmmium

2062 2222 2375 2285 constituit,
2428 2221 2668 2297 dicens:
2728 2222 2827 2276 Dic
2877 2234 2929 2277 tu
2989 2225 3129 2292 prior
3168 2239 3374 2292 peccata
3423 2236 3551 2293 tua,
3610 2236 3665 2281 ut

2053 2310 2354 2378 justi/ireris
2393 2310 2548 2381 (Isai.
2594 2315 2682 2368 45.
2729 2312 2855 2384 26).
2904 2314 3020 2369 Non
3073 2317 3215 2369 enim
3256 2327 3379 2384 est,
3427 2332 3534 2371 non
3582 2329 3665 2374 est

2064 2404 2249 2471 utique
2295 2419 2453 2473 parva
2504 2405 2570 2459 ad
2618 2406 3051 2462 emendationem
3110 2410 3290 2473 ratio,
3343 2410 3389 2463 si
3444 2423 3663 2477 peccata

2060 2494 2237 2547 omnia
2300 2496 2595 2550 secundum
2648 2498 2882 2567 Speciem
2926 2498 3153 2553 collecta
3203 2500 3256 2555 in
3303 2502 3492 2555 animo
3541 2519 3663 2558 ver-

2061 2596 2149 2638 ses
2174 2593 2227 2639 et
2258 2585 2459 2639 volvas.
2497 2586 2630 2641 Nam
2659 2589 2747 2657 qui
2778 2587 2878 2642 hoc
2903 2589 3047 2653 facit,
3078 2590 3148 2644 ita
3172 2604 3585 2661 compungetur,
3610 2605 3663 2647 ut

2060 2692 2131 2732 ne
2156 2678 2262 2732 vita
2291 2677 2503 2747 quidem
2534 2694 2593 2733 se
2621 2679 2841 2749 dignum
2873 2680 3165 2736 existimet.
3205 2683 3307 2748 Qui
3350 2693 3528 2737 autem
3563 2683 3664 2741 huc

2059 2770 2331 2825 existimat
2355 2810 2370 2833 ,
2401 2783 2523 2824 cera
2558 2770 2772 2824 mollior
2800 2769 3012 2825 evadet.
3043 2770 3122 2825 Ne
3145 2773 3275 2824 mihi
3301 2773 3472 2826 solum
3504 2774 3664 2828 dixe-

2062 2862 2133 2915 ris
2162 2860 2579 2922 l‘ornicationes,
2612 2861 2696 2915 rel
2728 2853 2990 2916 adulteria
3023 2870 3079 2917 ei
3107 2864 3324 2927 similia,
3360 2882 3534 2936 neque
3558 2868 3661 2921 alia

2057 2968 2177 3021 qua:
2201 2953 2381 3021 gravia
2412 2967 2533 3006 esse
2560 2954 2699 3022 apud
2732 2969 2924 3007 omnes
2959 2953 3011 3006 in
3040 2955 3286 3009 confesso
3313 2965 3395 3011 est
3420 2974 3434 3021 ;
3475 2974 3661 3014 verum

2056 3041 2218 3095 etiam
2246 3042 2475 3097 latentes
2500 3043 2742 3105 insidias,
2772 3044 3094 3107 calumnias,
3126 3046 3428 3111 maledicta,
3462 3065 3652 3104 vanam

2054 3130 2278 3199 gloriam
2305 3174 2319 3195 ,
2360 3133 2612 3187 invidiam
2640 3174 2653 3193 .
2703 3142 3009 3202 ctetemquc
3056 3138 3235 3189 omnia
3279 3139 3492 3207 collige.
3537 3141 3665 3196 lltec

2051 3225 2249 3296 quippe
2278 3241 2387 3301 nep
2420 3240 2584 3296 parvo
2608 3227 2873 3297 supplicio
2899 3224 3232 3300 plectemur:
3256 3243 3375 3278 nam
3393 3232 3652 3282 convicia.

2054 3330 2139 3373 tor
2168 3322 2216 3381 in
2250 3322 2553 3390 gehennam
2584 3322 2801 3385 incidet,
2834 3321 3188 3392 curiosusque
3217 3323 3346 3375 nihil
3372 3339 3665 3381 cnmnmuc

2050 3410 2357 3465 habetcum
2390 3427 2577 3481 regno,
2602 3424 2654 3467 et
2681 3414 2769 3483 qui
2802 3430 2911 3467 non
2941 3423 3085 3467 amat
3114 3415 3438 3483 proximum,
3467 3418 3544 3472 sic
3572 3420 3652 3472 nf-

2050 3499 2220 3556 fendit
2242 3501 2432 3566 Deum,
2457 3513 2513 3557 ut
2542 3518 2718 3573 neque
2744 3505 3005 3576 martyrio
3039 3505 3279 3575 juvetur.
3307 3507 3373 3561 Et
3402 3510 3491 3577 qui
3525 3523 3653 3577 pro-

2047 3594 2277 3663 pinquos
2304 3595 2547 3663 negligit,
2579 3595 2738 3651 fidem
2761 3605 2940 3667 negat,
2971 3607 3024 3652 et
3050 3598 3139 3666 qui
3177 3614 3444 3667 pauperes
3467 3599 3649 3669 despi-

2045 3683 2153 3748 cit,
2180 3683 2232 3736 in
2265 3683 2441 3753 ignem
2469 3686 2715 3738 mittitur.
2743 3684 2823 3740 Ne
2855 3701 3014 3755 parra
3046 3702 3176 3757 ergo
3200 3687 3291 3742 illa
3324 3698 3480 3758 putes
3501 3733 3517 3755 ,
3551 3691 3649 3745 sed

2044 3775 2223 3827 omnia
2255 3773 2466 3843 collige.
2498 3784 2552 3830 et
2578 3774 2730 3843 quasi
2758 3776 2814 3829 in
2842 3775 2977 3830 libro
3002 3777 3199 3831 scribe.
3220 3777 3353 3833 Nam
3373 3779 3416 3833 si
3438 3789 3491 3835 tu
3518 3781 3645 3836 sei-i-

2043 3864 2237 3933 pseris,
2263 3863 2405 3919 Deus
2429 3863 2664 3929 delebit;
2687 3876 2873 3920 contra
2901 3866 2944 3919 si
2974 3874 3027 3919 tu
3049 3883 3154 3922 non
3177 3870 3480 3940 scripseris,
3509 3872 3645 3929 Deus

2042 3954 2128 4007 illa
2150 3954 2437 4020 deseribet,
2472 3970 2765 4025 pinnasque
2791 3966 3015 4028 repetet.
3049 3958 3233 4031 Longe
3267 3978 3427 4031 porro
3454 3966 3643 4023 melius

2038 4054 2124 4099 est
2151 4054 2209 4099 ut
2237 4044 2351 4101 haec
2379 4061 2409 4100 a
2434 4048 2594 4101 nobis
2619 4048 2927 4103 scribantur
2947 4090 2963 4114 ,
2989 4051 3116 4106 etin
3143 4053 3295 4109 caelis
3319 4054 3605 4113 deleantur
3623 4102 3641 4127 ,

2035 4152 2195 4208 quam
2226 4138 2271 4193 si
2320 4139 2475 4193 nobis
2504 4139 2898 4197 occultantibus
2922 4183 2938 4207 ,
2986 4141 3129 4197 Deus
3159 4144 3211 4199 in
3253 4144 3347 4199 illo
3387 4146 3477 4203 die
3513 4159 3644 4207 ante

2034 4229 2459 4307 oculosnostros
2480 4246 2539 4283 ea
2567 4228 2791 4309 deferat.
2813 4230 2894 4287 No
2921 4233 3080 4301 igitur
3102 4232 3205 4289 hoc
3225 4235 3456 4304 accidat,
3481 4254 3641 4295 acco-

2032 4328 2148 4374 rate
2176 4305 2355 4374 munia
2385 4305 2724 4390 colligamus,
2756 4329 2813 4377 et
2838 4336 2937 4377 nos
2965 4324 3259 4380 multorum
3286 4343 3409 4384 reos
3437 4328 3635 4398 depre-

2031 4411 2348 4468 hendemus.
2391 4412 2523 4480 Quis
2563 4412 2709 4467 enim
2753 4413 2821 4467 alt
2862 4416 3088 4471 avaritia
3136 4419 3369 4475 mundus
3404 4422 3532 4477 est?
3563 4423 3639 4481 Ne

2029 4502 2157 4555 mihi
2189 4502 2330 4556 enim
2355 4502 2575 4565 dixeris,
2611 4513 2663 4559 te
2694 4502 3041 4560 mediocriter
3067 4491 3289 4563 ararum
3315 4524 3476 4568 esse:
3509 4529 3647 4591 nam,

2027 4606 2127 4663 pro
2150 4590 2361 4646 modico
2391 4592 2551 4647 etiam
2581 4608 2768 4662 poenas
2792 4594 3065 4652 dabimus.
3093 4597 3220 4652 llaec
3239 4603 3434 4673 cogita,
3460 4612 3511 4657 el
3536 4588 3687 4675 age“,

2022 4683 2413 4753 pceuitentiam.
2439 4684 2570 4753 Quis
2596 4699 2702 4739 non
2726 4700 2851 4742 reus
2873 4687 3031 4742 illata:
3054 4694 3393 4747 contumelia:
3408 4694 3431 4746 ἳ
3448 4708 3503 4749 et
3529 4695 3632 4749 hoc
3727 4686 3735 4693 ’

2020 4776 2181 4830 etiam
2223 4776 2275 4831 iu
2328 4777 2628 4847 gehennam
2680 4778 2920 4848 conjicit.
2971 4780 3102 4848 Quis
3147 4800 3255 4838 non
3312 4786 3516 4842 occulat
3560 4789 3626 4841 ate

2021 4868 2264 4934 proximo
2293 4867 2433 4922 male
2481 4868 2653 4922 dixit?
2682 4878 2737 4923 et
2787 4870 2889 4924 hoc
2921 4872 3082 4925 etiam
3115 4887 3144 4925 a
3178 4889 3345 4945 regno
3386 4877 3550 4947 exigit
3580 4881 3621 4933 ‘.

2017 4957 2146 5022 Quis
2178 4959 2427 5027 superbia
2460 4976 2562 5012 non
2598 4961 2892 5015 intumuit?
2941 4962 3039 5018 llic
3071 4979 3200 5019 vero
3243 4967 3481 5022 omnium
3522 4972 3617 5025 im-

2015 5050 2400 5105 mundissimus
2428 5062 2531 5107 est.
2559 5052 2690 5121 Quis
2722 5054 3005 5124 impudicis
3033 5058 3204 5113 oculis
3236 5074 3341 5113 non
3373 5064 3622 5132 aspeuit‘P

2013 5143 2109 5199 llic
2141 5161 2303 5213 porro
2335 5146 2581 5202 intechus
2610 5148 2831 5201 omnino
2860 5159 2964 5204 est.
2996 5148 3127 5217 Quis
3164 5166 3269 5205 non
3311 5152 3429 5208 sine
3453 5170 3614 5211 causa

2009 5236 2157 5294 fratri
2184 5254 2282 5293 suo
2311 5239 2476 5292 iratus
2503 5239 2633 5295 est?
2664 5239 2760 5296 Hie
2786 5256 2918 5296 vero
2942 5257 3069 5296 reus
3092 5252 3173 5297 est
3198 5244 3449 5299 concilio.
3482 5248 3615 5315 Quis

2009 5345 2117 5383 non
2140 5330 2379 5397 juravit?
2408 5329 2522 5386 lloc
2559 5340 2738 5387 autem
2785 5347 2815 5387 a
2856 5333 3001 5387 malo
3027 5345 3129 5389 est.
3155 5334 3285 5401 Quis
3317 5353 3423 5393 non
3457 5341 3613 5409 peje-

2006 5420 2187 5474 ravit?
2214 5420 2312 5475 llic
2343 5436 2503 5491 porro
2526 5422 2645 5491 plus
2674 5438 2835 5493 quam
2861 5439 2890 5477 a
2919 5425 3061 5480 malo
3080 5436 3181 5482 est.
3203 5426 3337 5494 Quis
3367 5444 3474 5483 non
3503 5446 3608 5486 scr.

2007 5513 2135 5567 tit-it
2175 5514 2483 5569 mamonae?
2511 5513 2609 5570 Hic
2645 5529 2774 5570 vero
2809 5531 2837 5569 a
2864 5516 3075 5572 sincera
3106 5516 3303 5573 Christi
3348 5525 3606 5575 servitute

2003 5604 2221 5660 excidit.
2256 5605 2373 5659 Alia
2416 5604 2502 5659 his
2546 5608 2748 5676 majora
2794 5606 3036 5677 proferre
3066 5623 3279 5679 possem
3310 5625 3325 5665 :
3360 5609 3454 5666 sed
3485 5609 3602 5667 huic

2071 5719 2085 5749 ι
2121 5719 2411 5782 tumultos
2434 5720 2580 5772 etiam
2601 5733 2632 5770 a
2655 5732 2803 5785 regno
2821 5719 2990 5784 exigit,
3016 5723 3063 5771 in
3087 5722 3244 5772 tribus
3264 5729 3371 5771 ttss.
3394 5720 3605 5773 desunt.
