4104 6308
547 279 645 338 35!
1160 344 1165 347 ν
1242 279 1300 323 δ.
1342 279 1617 322 luamus
1650 279 2115 318 ωιιιιδυδιυιι

547 367 681 427 satis
706 371 830 423 sunt
847 404 863 431 ,
887 371 944 421 et
982 368 1199 435 possent
1235 357 1302 414 ad
1322 354 1785 426 eompunctiouem
1810 350 2074 407 deducere
2097 391 2115 417 ,

546 458 654 515 nisi
674 456 793 527 quis
818 452 1058 523 lapideus
1076 450 1185 513 sit,
1213 457 1270 503 et
1294 444 1439 501 omni
1480 456 1700 514 prorsus
1728 456 1891 497 sensu
1918 449 2118 497 careat.

543 545 606 605 Si
632 547 775 602 enim
800 557 985 601 eorum
1009 540 1213 609 singula
1238 538 1290 592 in
1314 534 1611 607 gehennam
1636 530 1927 601 conjiciunt
1950 572 1963 593 ,
1993 528 2120 601 quid

551 652 659 692 non
686 638 877 692 facient
901 630 1075 687 omnia
1106 627 1266 684 simul
1288 622 1612 695 conjuncta?
1637 619 1919 689 Quomodo
1942 619 2117 690 igitur,

551 728 778 798 inquies.
806 725 1027 779 salutem
1056 718 1308 788 consequi
1334 712 1658 785 possumus?
1685 711 1740 767 Si
1766 711 2007 783 opposita
2038 708 2120 763 his

552 815 783 875 remedia
823 813 1172 869 adhibeamus
1193 848 1209 873 ,
1248 808 1644 876 elcemosynam
1670 845 1684 867 ,
1712 816 1899 872 preces
1922 841 1939 867 ,
1965 812 2117 867 com-

549 907 886 979 punctionem
911 944 926 967 ,
958 900 1322 972 penitentiam
1345 936 1359 961 ,
1391 894 1742 951 humilitatem
1762 932 1775 955 ,
1803 903 1899 946 cor
1916 886 2121 945 contri-

551 1008 683 1064 tum,
713 1011 887 1053 rerum
910 993 1246 1065 praiseutium
1268 994 1649 1055 contemptum.
1669 984 1959 1039 Sexcentas
1978 979 2122 1035 enim

549 1091 736 1147 salutis
764 1103 876 1160 vias
896 1088 1037 1143 Deus
1064 1082 1309 1155 aperuit,
1340 1083 1385 1135 si
1410 1076 1688 1133 attendere
1718 1074 1963 1131 velimus.
1994 1068 2126 1126 Ani-

1242 267 1300 323 s.
1342 260 1617 322 ruamus
1650 257 2129 318 CHRYSOSTOIl
2163 254 2483 315 ARCHIEP.
2521 232 3061 311 consumma.

3696 249 3811 304 45⁵3

2222 362 2369 404 mum
2400 345 2748 400 adhibeamus
2783 356 2911 411 ergo
2934 383 2950 408 ,
2982 349 3034 396 et
3077 353 3170 410 per
3197 338 3312 395 hate
3335 339 3516 395 omnia
3558 353 3815 396 curemn.

2223 439 2466 503 vulnera,
2493 437 2889 503 cleemosynam
2910 442 3213 503 erogantes,
3243 432 3375 487 iram
3401 432 3571 488 ineos
3597 433 3685 503 qui
3712 447 3817 489 nos

2224 529 2480 585 lzeserunt
2504 528 2874 597 reprimentes,
2907 537 3003 592 pro
3021 523 3271 578 omnibus
3295 523 3405 577 Deo
3427 524 3627 593 gratias
3650 539 3818 593 agen-

2225 629 2306 675 tes
2324 660 2338 683 ,
2372 634 2472 688 pro
2500 617 2701 671 viribus
2724 614 3048 683 jejunantes,
3076 612 3286 669 sincero
3313 614 3476 669 corde
3505 624 3814 681 precantes,

2224 710 2425 766 amicos
2464 706 2619 762 nobis
2666 704 2921 759 iacientes
2945 719 3010 758 ex
3055 718 3306 759 mamona
3358 704 3670 774 iniquitatis.
3721 703 3818 759 Sic

2226 800 2369 853 enim
2403 799 2693 869 poterimus
2720 804 2774 850 et
2800 796 3009 850 veniam
3053 802 3394 863 peccatorum
3420 836 3437 861 ,
3467 804 3522 850 et
3550 783 3819 863 promissa

2226 888 2483 958 consequi
2509 887 2646 943 bona
2673 902 2689 939 :
2720 885 2870 955 queis
2898 884 3100 939 utinam
3132 898 3230 938 nos
3257 899 3448 940 omnes
3490 885 3776 955 dignemur
3796 924 3816 949 ,

2226 979 2396 1050 gratia
2424 987 2478 1033 et
2503 978 2827 1045 benignitate
2867 976 3079 1031 Domini
3109 976 3278 1031 nostri
3302 975 3430 1032 Iesu
3460 977 3659 1043 Christi
3677 1018 3696 1043 ,
3724 977 3819 1034 cui

2227 1070 2399 1141 gloria
2425 1079 2479 1124 et
2505 1068 2786 1141 imperium
2838 1067 2893 1124 in
2920 1066 3115 1123 saecula
3145 1068 3487 1125 seculorum.
3513 1068 3705 1131 Amen.

558 1195 3818 1239 ΝΜ

1700 1280 2049 1345 HOMILIA
2092 1277 2289 1338 XLII.
2336 1278 2423 1340 al.
2472 1270 2698 1341 XLIII.

548 1439 676 1496 Car.
705 1436 792 1494 12.
832 1451 884 1489 ν.
914 1436 1005 1490 33.
1036 1434 1136 1487 Aut
1162 1432 1313 1502 facile
1338 1428 1563 1482 arborem
1592 1426 1771 1478 bonam
1791 1461 1807 1487 ,
1835 1430 1880 1474 et
1906 1423 2124 1489 fructum

618 1530 727 1600 ejus
752 1529 971 1587 bonum;
1009 1532 1096 1577 aut
1126 1522 1275 1591 facile
1313 1519 1542 1572 arborem
1572 1514 1758 1568 malam
1781 1554 1794 1575 ,
1826 1521 1870 1563 et
1902 1514 2125 1581 fructum

616 1621 726 1692 ejus
753 1618 975 1673 malum:
1000 1630 1063 1669 ea:
1090 1615 1257 1684 fructu
1279 1611 1411 1665 enim
1440 1610 1588 1661 arbor
1613 1604 1945 1676 cognoscitur.

618 1690 670 1765 l.
697 1708 901 1762 Rursus
930 1704 1049 1758 illus
1076 1702 1275 1772 pudore
1303 1700 1468 1753 afficit
1491 1740 1503 1759 .
1539 1711 1636 1750 nec
1663 1704 1786 1749 sunt
1829 1693 1901 1745 illi
1949 1690 2123 1760 priora

548 1806 855 1869 argumenta
885 1794 1035 1848 satis.
1068 1791 1177 1845 Hoc
1197 1799 1373 1843 autem
1399 1786 1563 1852 facit,
1595 1799 1699 1838 non
1740 1792 1796 1836 ut
1828 1796 1886 1836 se
1913 1796 1942 1835 a
1972 1781 2125 1849 culpa

540 1889 801 1958 defendat
826 1885 977 1957 (satis
998 1883 1145 1938 enim
1172 1889 1352 1936 essent
1378 1894 1495 1947 qua:
1516 1879 1626 1947 jam
1662 1875 1808 1929 dicta
1837 1871 2003 1943 sunt),
2031 1870 2126 1926 sed

552 1990 610 2033 ut
631 1980 749 2034 illos
772 1977 837 2030 ad
868 1974 1293 2031 emendationem
1319 1971 1564 2025 deducat.
1592 1962 1744 2037 Quod
1777 1974 1950 2018 autem
1978 1962 2126 2026 dicit,

550 2069 653 2124 hoc
687 2066 943 2137 significat
972 2082 987 2120 :
1019 2063 1188 2119 Nemo
1223 2071 1459 2117 vestrum
1489 2067 1705 2119 curatos
1748 2052 2126 2123 reprehendit,

549 2160 701 2231 quasi
726 2174 850 2213 vere
875 2156 1043 2211 curati
1072 2170 1176 2208 non
1206 2161 1404 2214 essent,
1432 2164 1603 2220 neque
1620 2148 1774 2210 dixit,
1801 2146 1991 2200 malam
2016 2158 2126 2198 rem

550 2266 671 2308 esse
705 2264 738 2305 a
776 2250 1019 2304 daemone
1070 2244 1317 2299 liberare.
1428 2240 1599 2295 tiamsi
1648 2240 1791 2294 enim
1844 2233 2127 2289 admodum

552 2340 884 2388 imnudenles
914 2346 1096 2388 essent
1120 2374 1135 2388 .
1169 2334 1270 2388 hoc
1314 2241 1493 2388 dii“:
1535 2344 1640 2384 non
1687 2333 1951 2388 poterant.
1996 2322 2127 2388 Quia

552 2340 884 2411 impudentes
914 2346 1135 2399 essent,
1169 2334 1270 2388 hoc
1314 2322 1493 2407 dicere
1535 2344 1640 2384 non
1687 2333 1951 2397 poterant.
1996 2322 2129 2396 Quia

552 2447 680 2502 ergo
701 2444 863 2500 opera
888 2431 1000 2498 ipsa
1024 2426 1299 2481 traducere
1326 2437 1433 2490 non
1464 2420 1730 2483 valebant,
1759 2417 1851 2471 sed
1880 2416 1992 2469 inec
2011 2428 2132 2482 epe-

559 2533 766 2577 rantem
813 2519 1271 2575 calumniabantur
1301 2516 1315 2546 ί
1341 2556 1357 2579 ,
1385 2513 1715 2567 demonstrat
1739 2509 2130 2563 accusationem

554 2622 608 2666 et
627 2627 745 2666 eum
776 2609 1045 2665 communi
1076 2605 1582 2669 ratiocinio,etcum
1610 2615 1786 2655 rerum
1807 2611 2132 2666 consequent.

556 2705 628 2760 tia
648 2701 1056 2775 pugnare.Qimd
1079 2699 1305 2771 ingentis
1329 2695 1669 2767 impudentia:
1690 2703 1792 2759 est,
1814 2706 2004 2763 nempe
2022 2704 2125 2746 non

557 2795 717 2851 modo
744 2796 969 2862 maligne
996 2808 1171 2861 agere,
1207 2790 1301 2845 sed
1321 2790 1481 2845 etiam
1500 2788 1586 2843 illa
1613 2786 1937 2841 comminisci
1968 2824 1983 2847 ,
2011 2800 2131 2854 quae

560 2892 744 2939 contra
765 2896 1099 2937 communem
1120 2880 1354 2933 omnium
1383 2886 1612 2931 mentem
1634 2884 1883 2945 pugnant.
1917 2876 1991 2928 Ac
2013 2873 2133 2929 vide

557 2982 876 3043 quamextra
897 2962 1290 3027 Contentioue'm
1309 2968 1376 3021 sit
1395 2966 1445 3021 id
1456 2965 1596 3037 quod
1614 2966 1829 3036 profert.
1848 2964 1961 3019 Non
1989 2966 2132 3021 enim

557 3064 687 3120 dicit
712 3080 725 3115 :
758 3062 938 3116 Facite
963 3062 1211 3114 arborem
1240 3044 1434 3125 bonam
1460 3098 1475 3123 ,
1504 3058 1750 3125 quoniam
1783 3055 1986 3110 fructus
2015 3056 2133 3124 ejus

558 3156 727 3209 bonus
753 3162 872 3217 est;
919 3151 1010 3205 sed
1039 3153 1251 3219 egregie
1278 3149 1396 3203 illos
1419 3160 1674 3203 coercens
1695 3189 1709 3213 ,
1739 3157 1793 3201 et
1823 3156 2129 3202 mansuetu-

558 3247 739 3300 dinem
771 3258 919 3298 suam
946 3253 998 3296 et
1020 3242 1400 3310 impudentiam
1421 3256 1609 3295 eorum
1632 3240 2003 3295 demonstrans
2024 3240 2131 3298 ait:

558 3339 613 3394 Si
651 3354 810 3408 opera
844 3338 999 3390 vultis
1027 3335 1417 3404 reprehendere
1444 3375 1458 3397 ,
1492 3350 1598 3388 non
1631 3333 1926 3404 prohibeo:
1959 3334 2133 3387 solum

562 3446 630 3485 ne
658 3432 723 3484 de
754 3430 817 3481 iis
847 3444 962 3495 quae
992 3442 1091 3480 nec
1128 3428 1423 3479 consistere
1445 3466 1459 3487 ,
1487 3440 1587 3479 nec
1617 3433 2007 3492 consequenter
2032 3424 2135 3477 diei

565 3529 786 3591 possunt
808 3558 821 3581 ,
856 3533 941 3571 me
972 3517 1253 3570 aceusetis.
1287 3515 1373 3570 Sic
1417 3516 1559 3569 enim
1583 3514 1779 3567 clarius
1808 3512 2137 3583 deprehendi

563 3617 807 3679 poterant
830 3615 1010 3659 contra
1036 3620 1121 3657 res
1137 3605 1591 3657 manifestissimas
1613 3602 1947 3671 impudenter
1968 3600 2132 3670 loqui.

566 3703 745 3772 Itaque
777 3699 971 3752 frustra
1003 3693 1383 3764 malignamini,
1410 3694 1599 3763 inquit,
1628 3708 1725 3746 nec
1756 3692 2136 3760 consequentia

563 3790 857 3861 loquimini.
887 3787 1017 3842 Nam
1051 3785 1299 3839 arborum
1329 3779 1623 3838 differentia
1652 3797 1715 3837 ex
1748 3781 1918 3836 fructu
1950 3780 2141 3851 digno-

562 3885 745 3946 scitur,
788 3895 891 3933 non
924 3885 1097 3932 autem
1126 3875 1326 3930 fructus
1351 3874 1635 3929 abzarhore
1666 3892 1677 3926 :
1711 3890 1807 3929 vos
1834 3889 1964 3928 vero
1991 3888 2139 3927 con—

569 3972 786 4026 trarium
812 3968 1003 4022 tacitis.
1034 3966 1253 4021 Etiamsi
1280 3967 1419 4019 enim
1442 3964 1604 4020 arbor
1633 3963 1835 4018 fruetus
1854 3964 1924 4018 sit
1950 3978 2133 4028 causa,

564 4070 796 4117 attamen
827 4060 1031 4113 fructus
1056 4056 1263 4112 arboris
1306 4055 1538 4123 speciem
1576 4054 1828 4109 declarat.
1852 4056 1918 4109 At
1944 4069 2135 4109 conse-

566 4168 731 4224 quens
758 4163 893 4217 erat,
926 4160 981 4205 ut
1008 4152 1120 4219 ipsa
1167 4162 1333 4217 Opera
1363 4154 1415 4201 et
1458 4159 1557 4200 nos
1597 4145 1753 4199 simul
1780 4146 2135 4213 reprehende-

566 4248 695 4301 retis
717 4287 733 4312 ,
761 4244 842 4299 vel
875 4244 919 4297 si
941 4256 1101 4314 opera
1132 4238 1435 4302 laudaretis,
1469 4251 1565 4292 nos
1586 4245 1867 4305 operantes
1897 4251 1961 4291 ne
1988 4236 2139 4291 incu-

566 4338 776 4392 saretis.
792 4334 939 4388 Nunc
959 4347 1085 4387 vero
1104 4331 1426 4385 contrarium
1446 4326 1615 4381 facitis
1636 4344 1647 4377 :
1670 4341 1792 4380 nam
1815 4342 1934 4381 cum
1955 4342 2135 4396 Opera,

566 4444 688 4499 qua:
718 4435 840 4481 sunt
869 4425 1099 4483 fructus.
1132 4420 1439 4476 calumniari
1472 4418 1744 4487 nequeatis
1765 4458 1780 4482 ,
1812 4419 2140 4473 contrarium

566 4528 750 4575 contra
766 4517 1013 4572 arborem
1040 4513 1188 4567 fertis
1209 4511 1491 4575 calculum,
1508 4508 1632 4563 dum
1652 4525 1735 4566 me
1755 4509 2139 4565 daemoniacum

570 4612 792 4672 vocatis,
822 4609 960 4678 quod
983 4616 1235 4660 extrema:
1264 4614 1344 4659 est
1369 4602 1668 4658 dementiae.
1692 4602 1819 4657 Nam
1836 4602 1976 4673 quod
1998 4605 2142 4673 prius

568 4704 776 4759 dicebat
799 4742 811 4766 ,
842 4700 939 4755 hoc
970 4701 1123 4755 etiam
1154 4712 1294 4752 nunc
1320 4697 1510 4751 asserit
1537 4737 1551 4759 ,
1585 4709 1687 4749 non
1716 4711 1868 4763 posse
1893 4696 2141 4751 arborem

572 4799 762 4853 bonam
807 4794 1007 4847 fructus
1044 4792 1207 4845 malos
1247 4789 1463 4853 facere,
1513 4804 1686 4857 neque
1735 4788 1921 4841 malam
1975 4790 2141 4843 bonos

572 4890 784 4959 iitattlt.
817 4889 870 4940 7.
903 4886 1012 4954 18}.
1042 4886 1221 4952 itaque
1249 4882 1613 4937 accusationes
1653 4897 1833 4937 eorum
1864 4884 2031 4949 paiam
2061 4895 2142 4937 ρει

573 4981 701 5035 nihil
735 4992 1083 5046 consequens,
1119 4975 1252 5027 nihil
1280 4974 1567 5029 secundant
1593 4984 1833 5029 naturam
1863 4989 2035 5028 rerum
2056 4979 2141 5027 ita»

570 5072 716 5127 bere.
748 5068 945 5122 Deinde
985 5066 1102 5135 quia
1130 5080 1235 5117 non
1271 5080 1362 5132 pro
1390 5079 1447 5118 se
1473 5106 1485 5127 ,
1515 5067 1606 5119 sed
1638 5080 1731 5131 pro
1752 5064 1949 5132 Spiritu
1982 5065 2138 5118 verba

573 5163 695 5217 facit
718 5200 733 5225 ,
767 5160 958 5214 acriter
986 5157 1251 5211 invehitur
1280 5157 1493 5210 dicens:
1523 5156 1613 5211 34.
1640 5155 1913 5227 Progenies
1941 5157 2137 5223 vipera-

572 5269 704 5316 rum,
732 5252 980 5319 quomodo
1011 5249 1211 5317 potestis
1240 5248 1367 5300 bona
1388 5246 1541 5318 loqui,
1570 5264 1681 5300 cum
1712 5250 1819 5301 silis
1846 5249 1967 5301 mali
1989 5250 2011 5300 ζ’
2032 5248 2142 5304 Hoc

574 5358 702 5397 vero
730 5342 884 5395 simul
911 5350 966 5395 et
985 5334 1282 5393 accusantis
1310 5349 1409 5402 est,
1442 5348 1494 5393 et
1521 5338 1779 5394 dictorum
1809 5340 2141 5394 demonstra-

572 5442 770 5491 tionem
802 5435 923 5488 inde
955 5434 1253 5502 pra-beatis.
1297 5433 1434 5487 Ecce
1478 5448 1703 5501 namque
1752 5448 1844 5487 vos
1870 5475 1883 5499 ,
1930 5433 2138 5501 inquit,

572 5544 693 5581 cum
722 5528 835 5581 sitis
862 5526 1079 5580 arbores
1109 5524 1296 5589 malae,
1329 5539 1433 5577 non
1479 5524 1698 5593 potestis
1738 5524 1874 5579 ferre
1916 5523 2139 5578 fructum

636 5664 652 5694 ³
690 5666 832 5713 Unus,
864 5659 1100 5709 diabolum
1123 5672 1221 5708 esse
1242 5658 1473 5707 dicebam.

2229 1415 2447 1470 bonum.
2481 1416 2596 1473 Non
2628 1419 2794 1473 miror
2819 1434 2969 1489 ergo,
2995 1421 3137 1491 quod
3165 1410 3284 1475 talia
3313 1421 3603 1491 loquamini
3627 1436 3643 1487 ;
3673 1421 3819 1477 male

2227 1508 2425 1577 quippe
2451 1508 2660 1564 educati
2680 1512 2831 1576 estis,
2851 1525 2882 1564 a
2903 1510 3058 1565 malis
3080 1512 3509 1582 progenitoribus
3525 1513 3647 1578 orti,
3670 1527 3823 1566 men—

2227 1606 2444 1668 temque
2471 1600 2666 1655 malam
2693 1599 2920 1655 habetis.
2950 1600 3018 1655 Et
3040 1602 3162 1659 vide
3190 1617 3345 1671 quam
3372 1613 3618 1657 accurate
3641 1643 3657 1666 ,
3686 1603 3817 1656 nul-

2230 1686 2333 1741 lam
2380 1688 2622 1758 praebens
2649 1689 2753 1744 illis
2779 1704 2966 1743 ansam
2995 1731 3012 1756 ,
3059 1692 3424 1747 accusationes
3466 1691 3813 1761 disposuerit.

2229 1778 2344 1834 Non
2380 1782 2521 1835 enim
2551 1780 2684 1835 dixit
2717 1799 2732 1834 :
2762 1781 3042 1849 Quomodo
3069 1782 3453 1851 potestis‘bona
3485 1782 3666 1852 loqui,
3688 1798 3817 1838 cum

2231 1870 2349 1925 sitis
2389 1871 2653 1941 genimina
2682 1872 3028 1941 viperarum?
3064 1872 3165 1928 hoc
3207 1874 3350 1927 enim
3381 1874 3510 1927 nihil
3537 1874 3604 1928 ad
3648 1874 3815 1935 illud;

2232 1960 2345 2025 sed,
2379 1961 2644 2027 Quomodo
2671 1965 2875 2032 potestis
2903 1965 3034 2019 bona
3058 1964 3217 2035 loqui,
3246 1968 3369 2020 mali
3392 1983 3507 2020 cum
3532 1968 3642 2021 sitis
3662 1968 3689 2021 .’
3711 1966 3820 2023 Ge-

2232 2054 2431 2108 nimina
2460 2064 2637 2109 autem
2670 2056 2971 2125 viperarum
3014 2058 3162 2126 ipsos
3184 2058 3416 2123 vocavit,
3445 2059 3566 2128 quia
3591 2058 3661 2113 de
3686 2074 3818 2129 pro-

2230 2146 2561 2215 genitoribus
2585 2146 2973 2216 gloriabantur.
3021 2147 3323 2204 Ostendens
3348 2150 3510 2219 igitur
3548 2148 3681 2203 nihil
3714 2151 3817 2206 sibi

2232 2236 2356 2291 inde
2385 2237 2591 2291 lucrum
2632 2239 2911 2307 provenire
2934 2280 2951 2307 ,
2979 2253 3047 2294 ex
3079 2239 3305 2295 Abrahae
3346 2241 3665 2309 cognatione
3694 2242 3819 2296 illos

2233 2328 2388 2398 ejecit
2408 2346 2422 2393 ;
2445 2331 2811 2400 progenitores
2828 2340 3007 2386 autem
3033 2331 3271 2400 ejusdem
3302 2331 3495 2385 indolis
3522 2332 3615 2385 dat
3634 2331 3763 2397 illis,
3788 2347 3817 2385 a

2233 2419 2509 2475 nobilitate
2539 2420 2758 2489 pristina
2800 2423 3029 2477 nudatis.
3062 2421 3202 2476 Nam
3227 2439 3291 2477 ea:
3313 2424 3625 2477 abundantis
3650 2425 3820 2479 cordis

2234 2526 2289 2565 os
2340 2510 2577 2579 loquitur.
2629 2510 2726 2565 llic
2769 2525 2980 2583 quoque
3026 2529 3233 2567 rursum
3283 2512 3618 2569 divinitatem
3663 2529 3818 2569 suam

2233 2612 2618 2655 commonstrat
2642 2643 2655 2665 ,
2681 2617 2799 2670 quae
2820 2614 3023 2657 secreta
3049 2614 3368 2673 cognoscat;
3406 2604 3647 2675 sciatque
3674 2605 3821 2673 ipsos

2233 2706 2341 2748 non
2367 2693 2649 2749 verborum
2681 2703 2906 2759 tantum,
2936 2695 3030 2752 sed
3054 2696 3214 2753 etiam
3245 2696 3506 2752 malarum
3534 2696 3821 2769 cogitatio-

2234 2800 2362 2841 num
2407 2785 2669 2841 rationem
2718 2786 3019 2841 reddituros
3038 2802 3191 2850 esse;
3227 2778 3499 2859 Deumque
3541 2790 3688 2855 ipsas
3730 2803 3827 2857 cu-j

2202 2866 2212 2877 “
2234 2889 2512 2949 gnoscere.
2536 2875 2673 2929 Dicit
2693 2890 2839 2939 vero,
2864 2890 3019 2944 posse
3037 2876 3196 2932 etiam
3218 2878 3459 2932 homines
3481 2877 3599 2933 lucc
3625 2892 3820 2943 nosse;

2238 2963 2359 3035 quia
2394 2966 2507 3019 haec
2536 2976 2740 3020 natura:
2770 2968 3147 3036 consequentia
3172 2979 3274 3031 est,
3303 2977 3359 3021 ut
3384 2969 3431 3023 si
3467 2968 3610 3023 intus
3634 2970 3824 3039 nequi-

2238 3057 2309 3109 tia
2354 3056 2786 3123 superabundet,
2833 3072 2927 3126 per
2968 3059 3078 3111 oris
3116 3059 3273 3112 verba
3324 3058 3451 3114 foris
3499 3059 3820 3116 cll‘undatnr.

2240 3144 2423 3215 Itaque
2452 3160 2570 3199 cum
2612 3146 2847 3200 audieris
2874 3148 3146 3202 hominem
3190 3149 3327 3203 mala
3355 3150 3688 3219 loquentem,
3717 3168 3825 3208 non

2237 3237 2499 3306 atqualem
2528 3236 2698 3291 solum
2742 3238 2789 3291 ei
2838 3239 3125 3307 nequitiam
3162 3240 3216 3293 in
3257 3240 3372 3308 ipso
3423 3234 3601 3296 messe
3630 3253 3824 3311 putes,

2237 3342 2394 3397 quam
2414 3328 2573 3383 verba
2588 3327 2867 3391 exhibent;
2886 3328 2980 3383 sed
2997 3329 3150 3399 longe
3172 3330 3424 3402 majorem
3446 3346 3567 3388 esse
3583 3334 3791 3401 conjire
3810 3352 3825 3390 :

2242 3418 2380 3485 quod
2412 3418 2555 3472 enim
2580 3428 2733 3471 extra
2765 3416 3051 3486 profertur,
3084 3420 3225 3475 intus
3253 3420 3608 3489 supereflluit.
3640 3423 3829 3478 Viden’

2243 3516 2399 3573 quam
2426 3507 2620 3560 acriter
2649 3507 2766 3559 illos
2795 3507 3071 3576 tetigerit?
3094 3506 3225 3561 Nam
3256 3509 3301 3562 si
3329 3509 3466 3564 dicta
3499 3526 3688 3565 eorum
3719 3523 3828 3567 tam

2243 3613 2403 3667 prava
2449 3609 2606 3663 sunt,
2638 3608 2692 3654 et
2730 3598 3022 3654 secundum
3066 3598 3265 3655 diaboli
3306 3612 3562 3665 mentem,
3591 3604 3743 3659 radix
3772 3614 3829 3659 et

2244 3690 2381 3753 fons,
2400 3704 2515 3759 qua:
2540 3690 2647 3743 sint
2669 3690 2860 3759 cogita.
2884 3690 2997 3745 lloe
3020 3703 3199 3745 autem
3222 3691 3299 3746 sic
3318 3694 3629 3763 contingere
3649 3696 3821 3756 solet;

2245 3779 2419 3850 lingua
2440 3792 2582 3847 saepe
2611 3778 2810 3849 pudore
2833 3780 3069 3847 detenta,
3105 3795 3208 3836 non
3241 3775 3438 3836 tan'tam
3467 3782 3626 3837 simul
3651 3787 3831 3855 nequi-

2246 3870 2369 3925 tiam
2404 3868 2663 3925 effundit:
2708 3859 3061 3937 cor'autem,
3106 3873 3189 3926 cui
3235 3874 3412 3927 nullus
3464 3874 3625 3928 homo
3678 3878 3831 3935 testis

2241 3964 2432 4030 adest,
2480 3963 2597 4019 sine
2644 3972 2789 4016 metu
2858 3978 3205 4033 quiecutnque
3253 3964 3380 4019 velit
3425 3967 3561 4019 mala
3615 3969 3827 4038 gignit;

2245 4054 2413 4109 Deum
2442 4055 2637 4125 quippe
2672 4053 2802 4107 nihil
2845 4062 3019 4110 curat.
3046 4054 3306 4121 Quoniam
3345 4071 3473 4127 ergo
3503 4073 3564 4112 ea
3596 4075 3715 4129 qua:
3741 4060 3825 4115 di.

2244 4156 2456 4210 cuntur,
2482 4147 2534 4201 in
2558 4160 2781 4201 examen
2812 4144 3027 4200 veniunt
3052 4155 3105 4199 et
3132 4146 3379 4201 omnibus
3409 4159 3532 4203 sunt
3560 4151 3824 4219 exposita,

2246 4251 2341 4291 cor
2370 4248 2544 4293 autem
2572 4240 2698 4292 iatet
2739 4247 2791 4291 ct
2816 4237 2966 4308 quasi
2996 4236 3179 4290 umbra
3214 4236 3524 4292 obvolutum
3554 4250 3636 4294 est
3659 4283 3674 4307 ,
3709 4241 3830 4298 ideo

2248 4329 2452 4381 minora
2492 4336 2616 4383 sunt
2659 4343 2777 4397 qua:
2822 4343 2888 4382 ex
2934 4328 3108 4398 lingua
3150 4328 3597 4398 proficiscuntur,
3628 4346 3747 4401 qua:
3776 4333 3827 4388 in

2249 4418 2409 4475 corde
2436 4420 2599 4474 latent
2642 4422 2864 4488 majora.
2898 4416 3030 4474 Cum
3076 4429 3255 4473 autem
3290 4420 3476 4489 ingens
3503 4424 3658 4492 copia
3686 4424 3829 4479 intus

2248 4521 2330 4567 est
2354 4524 2503 4595 ,tuin
2534 4526 2724 4579 magno
2756 4513 2955 4580 impetu
3002 4511 3264 4582 prodeunt
3307 4514 3392 4567 illa
3425 4529 3543 4583 quas
3571 4516 3828 4573 hactenus

2250 4590 2451 4659 occulta
2475 4610 2644 4658 erant.
2676 4604 2752 4658 Ae
2774 4603 2914 4659 sicut
2939 4602 2975 4657 ii
3000 4602 3091 4672 qui
3118 4612 3368 4679 votnnut,
3402 4603 3551 4659 initio
3582 4605 3827 4661 ridentur

2248 4697 2553 4751 exsilientes
2592 4694 2842 4751 humores
2882 4695 2930 4749 vi
2984 4693 3214 4750 retinere
3261 4693 3441 4760 velle;
3483 4711 3606 4750 cum
3650 4706 3826 4753 autem

2248 4791 2326 4843 vis
2350 4789 2436 4842 illa
2465 4788 2663 4847 deﬁcit.
2682 4798 2807 4842 tunc
2838 4786 2974 4843 {aede
2998 4786 3283 4841 admodum
3311 4785 3609 4856 prodeunt:
3640 4788 3718 4843 sic
3740 4791 3826 4858 qui

2250 4880 2423 4948 pravis
2447 4880 2684 4933 consiliis
2714 4879 2849 4947 pleni
2880 4888 3042 4945 sunt,
3074 4878 3373 4949 proximum
3401 4878 3825 4936 maledictis-im-

2249 4984 2455 5043 petum.
2488 4972 2575 5027 55.
2606 4970 2779 5024 Bonus
2811 4973 2977 5035 homo,
3007 4971 3196 5041 inquit,
3224 4971 3431 5025 talione
3461 4980 3699 5026 thesauro
3718 4990 3825 5027 cor-

2248 5066 2329 5120 dis
2353 5065 2431 5119 sui
2461 5063 2653 5134 pro{ert
2683 5064 2846 5117 bona:
2876 5074 2921 5117 et
2962 5064 3125 5117 malus
3164 5063 3314 5118 hante
3343 5080 3407 5119 ea:
3430 5065 3565 5119 man
3592 5065 3827 5120 thesauro

2251 5156 2419 5212 cordis
2447 5156 2528 5209 sui
2554 5160 2742 5225 profert
2770 5157 2925 5208 malo.

2308 5253 2375 5328 ἲ.
2405 5270 2483 5325 Ne
2511 5282 2681 5340 putes,
2710 5271 2897 5339 inquit,
2935 5269 2985 5324 id
3018 5270 3067 5323 in
3100 5269 3251 5323 malis
3278 5278 3480 5323 tantum
3504 5269 3753 5331 evenire;
3775 5269 3823 5325 in

2248 5364 2403 5420 bonis
2444 5363 2639 5434 quippe
2683 5361 2909 5432 idipsum
2961 5360 3188 5416 accidit:
3239 5362 3440 5415 etenim
3468 5360 3642 5431 major
3679 5362 3822 5416 intus

2250 5458 2418 5512 virtus
2441 5464 2543 5521 est,
2574 5470 2730 5525 quam
2757 5454 2915 5508 verba
2938 5452 3240 5507 exhibeant.
3262 5451 3412 5508 Unde
3431 5453 3691 5523 arguitur,
3712 5452 3827 5509 illos

2250 5550 2456 5621 pejores
2469 5548 2627 5605 etiam
2639 5547 2979 5613 fuisse,quam
2991 5543 3148 5599 verba
3162 5552 3514 5598 monstrarent
3524 5577 3539 5604 .
3554 5541 3828 5614 ipsumque

2251 5645 2546 5707 meliorem,
2568 5658 2722 5713 quam
2741 5656 2800 5695 cx
2830 5639 2984 5694 dictis
3011 5638 3123 5709 ejus
3148 5646 3478 5711 argueretur.
3498 5633 3825 5693 Thesaurum
