4104 6308
341 367 447 423 455

341 493 518 538 autem
560 484 859 540 memorat,
893 485 1135 541 magnam
1185 469 1394 538 copiam
1442 467 1702 521 indit-aus.
1731 464 1934 518 Deinde

341 586 528 627 rursus
558 582 807 638 magnum
836 565 1037 620 excitat
1067 561 1335 614 timorem.
1367 557 1444 613 Ne
1476 558 1691 626 putetis,
1727 557 1932 624 inquit,

340 678 449 716 non
478 661 617 715 ultra
648 656 886 728 procedi,
916 655 1076 722 inque
1105 651 1228 705 facti
1258 648 1717 714 condemnatione
1736 647 1931 700 sistcnv

337 752 467 808 dum
515 766 635 807 esse
678 749 988 818 negotium:
1037 759 1161 799 nam
1207 751 1476 798 extremas
1511 740 1714 794 dabunt
1747 752 1932 809 pmnas

337 851 602 913 quotquot
650 840 771 893 talia
819 836 1199 907 perpetrariut.
1228 833 1412 901 Neque
1439 831 1610 896 dixit,
1640 830 1748 884 Vos
1775 847 1788 892 ;
1822 841 1931 882 tum

337 945 397 989 ut
425 947 612 990 omnes
640 930 896 996 erudiret,
918 937 1027 983 tum
1050 942 1118 982 ne
1143 925 1424 981 onerosior
1447 938 1625 979 sermo
1645 932 1809 978 esset.
1840 921 1928 978 36.

337 1025 470 1080 Dico
497 1033 663 1078 autem
684 1022 839 1087 vobis,
860 1020 1097 1091 quoniam
1117 1034 1262 1072 omne
1286 1017 1492 1070 cubum
1517 1015 1752 1077 otiosum,
1779 1013 1934 1084 quod-

338 1132 554 1187 cumque
603 1115 870 1184 loquentur
894 1111 1122 1166 homines
1139 1150 1156 1177 ,
1184 1110 1373 1163 dabunt
1393 1108 1457 1163 de
1490 1108 1580 1162 illo
1608 1109 1854 1161 rationem
1880 1107 1932 1160 in

337 1208 422 1261 die
447 1205 656 1276 judicii.
695 1205 935 1260 Otiosum
976 1213 1174 1268 autem,
1199 1200 1342 1269 quod
1368 1201 1444 1254 rei
1485 1214 1590 1254 non
1636 1198 1886 1252 convenit
1910 1238 1925 1257 .

339 1296 594 1363 ttieudax,
623 1295 1025 1365 sycophantiam
1049 1293 1330 1348 continens
1355 1306 1369 1356 ;
1400 1292 1506 1345 imo
1537 1291 1716 1357 inane,
1743 1299 1798 1342 ut
1814 1289 1930 1357 qui-

335 1388 462 1443 dam
489 1388 696 1454 dicunt,
722 1386 864 1456 quod
892 1384 1165 1456 profusum
1195 1385 1360 1437 risum
1385 1391 1617 1446 moveat,
1642 1380 1725 1436 vel
1755 1391 1927 1448 turpe,

339 1477 644 1548 impudens,
667 1477 948 1533 illiberale.
982 1477 1072 1531 57.
1107 1475 1188 1528 Er
1212 1475 1372 1528 verbis
1401 1473 1532 1527 enim
1560 1473 1658 1527 tuis
1671 1472 1932 1541 justi/ica-

336 1573 492 1637 bcris,
518 1581 564 1625 et
590 1588 653 1625 ea:
677 1571 837 1624 verbis
862 1570 958 1623 tuis
977 1567 1406 1622 condemnaberis.
1439 1565 1625 1620 Viden‘
1653 1579 1757 1618 non
1807 1578 1928 1618 mo-

339 1665 531 1719 lestum
558 1663 838 1732 judicium,
869 1663 1118 1729 levesque
1150 1660 1373 1728 poenas?
1402 1658 1584 1727 Neque
1603 1658 1746 1711 enim
1771 1672 1836 1710 ex
1865 1657 1929 1710 iis

335 1771 456 1825 qua:
491 1755 630 1808 alius
658 1753 724 1808 de
761 1762 813 1807 te
841 1753 1011 1815 dixit,
1044 1751 1140 1806 sed
1187 1766 1250 1803 ex
1283 1751 1347 1803 iis
1377 1765 1496 1819 qua;
1538 1749 1650 1819 ipse
1679 1750 1929 1817 loquutus

333 1861 394 1902 es
413 1887 427 1911 ,
456 1845 624 1914 judex
653 1845 918 1898 calculum
947 1842 1114 1907 feret;
1147 1841 1286 1910 quod
1331 1840 1568 1895 omnium
1597 1841 1925 1909 estjus:issi-

333 1952 505 1992 mum.
540 1936 620 2004 Tu
645 1935 788 1990 enim
813 1943 869 1990 et
895 1932 1106 1988 dicendi
1137 1943 1192 1988 et
1217 1948 1321 1987 non
1365 1932 1575 1988 dicendi
1607 1942 1925 2002 pote5tatem

334 2028 521 2084 habes.
546 2027 660 2082 Non
691 2027 851 2096 igitur
875 2040 970 2080 eos
996 2026 1086 2095 qui
1116 2023 1402 2078 «mltmmiis
1445 2024 1776 2092 impetuntur
1803 2025 1924 2094 angi

330 2129 388 2174 et
418 2119 606 2174 timere
632 2132 727 2189 par
766 2126 851 2172 est
872 2159 887 2180 ,
916 2115 1011 2171 sed
1048 2129 1142 2171 eos
1167 2115 1258 2185 qui
1301 2114 1711 2169 calumniantur.
1743 2114 1926 2183 Neque

331 2212 476 2267 enim
507 2209 581 2263 illi
610 2217 872 2278 coguntur
895 2222 1014 2262 sese
1038 2221 1284 2276 purgare,
1306 2205 1449 2274 quod
1468 2205 1607 2259 male
1627 2203 1922 2270 audierint;

329 2300 429 2356 sed
459 2299 533 2364 bi,
564 2297 708 2370 quod
730 2299 868 2353 male
893 2297 1159 2352 dixerint:
1185 2297 1423 2367 ipsisque
1445 2311 1606 2351 omne
1631 2296 1922 2365 periculum

330 2390 597 2444 imminet.
624 2389 804 2454 Quare
829 2401 924 2442 eos
963 2387 1056 2456 qui
1087 2385 1226 2442 male
1265 2385 1536 2441 audierint
1577 2385 1707 2439 nihil
1735 2400 1925 2440 curare

325 2488 578 2552 Oportet:
616 2493 789 2550 neque
819 2479 959 2533 enim
995 2490 1184 2548 pmnas
1229 2476 1434 2533 dabunt
1483 2491 1582 2545 pro
1624 2474 1924 2530 maledictis

325 2573 593 2635 aliorum;
624 2585 718 2626 eos
746 2579 923 2624 autem
949 2570 1040 2639 qui
1066 2567 1446 2624 maledixerint
1472 2566 1661 2622 anxios
1687 2580 1807 2621 esse
1830 2581 1925 2636 par

325 2670 414 2716 est
440 2673 494 2716 et
527 2669 756 2715 tremere
774 2699 789 2725 ,
816 2667 1000 2729 utpote
1031 2660 1081 2713 in
1102 2658 1357 2728 judicium
1388 2659 1492 2713 hac
1522 2657 1591 2714 de
1620 2672 1680 2713 re
1705 2658 1924 2714 trahen-

327 2752 446 2807 dos.
478 2751 612 2806 Nam
637 2750 938 2806 diabolicus
961 2759 1044 2804 est
1071 2749 1292 2820 laqueus
1316 2757 1594 2818 peceatum
1621 2749 1747 2804 illud
1777 2751 1920 2820 quod

325 2843 526 2897 nullam
556 2841 714 2895 habet
741 2840 1066 2910 voluptatem
1087 2881 1102 2907 ,
1133 2839 1227 2894 sed
1272 2837 1611 2894 solummodo
1643 2839 1920 2900 damnum.

326 2932 462 2988 Nam
494 2932 614 2986 talis
641 2930 803 2984 homo
825 2930 1022 2996 malum
1051 2931 1104 2984 in
1135 2929 1316 2984 animo
1347 2930 1652 2986 thesaurum
1676 2932 1916 3002 deponit.

324 3022 385 3076 Si
419 3035 549 3076 vero
579 3020 626 3075 is
664 3020 753 3091 qui
781 3034 1006 3091 pravum
1037 3019 1199 3074 habet
1240 3020 1519 3074 humorem
1544 3060 1560 3086 ,
1594 3021 1646 3073 in
1673 3021 1917 3077 morbum

294 3115 440 3184 .ipse
471 3112 656 3166 incidit
681 3153 695 3174 ,
727 3113 893 3165 multo
922 3112 1092 3182 magis
1121 3111 1211 3165 ille
1237 3112 1326 3180 qui
1358 3111 1462 3165 bile
1488 3111 1748 3167 acriorem
1781 3113 1830 3166 iu
1859 3128 1919 3169 se

323 3206 616 3275 nequitiam
643 3203 984 3268 thesaurizat,
1016 3212 1252 3257 extrema
1276 3203 1527 3272 patietur,
1545 3203 1668 3273 quia
1696 3217 1916 3273 gravem

321 3297 427 3350 sibi
477 3295 722 3350 morbum
767 3295 991 3363 paravit.
1033 3293 1196 3363 idque
1242 3291 1582 3348 manifestum
1621 3300 1705 3347 est
1745 3307 1810 3347 ex
1851 3293 1917 3348 iis

324 3402 446 3456 quae
477 3388 591 3456 ipse
615 3395 846 3441 eructat.
883 3385 1016 3440 Nam
1046 3386 1090 3440 si
1128 3385 1266 3440 alios
1314 3393 1460 3440 tanto
1501 3385 1688 3441 dolore
1716 3386 1912 3454 afficit,

319 3478 490 3532 multo
517 3470 683 3547 magis
710 3478 941 3530 animam
973 3492 1124 3531 suam
1157 3477 1245 3531 illa
1275 3479 1593 3546 parientem.
1639 3480 1736 3545 Qui
1767 3479 1912 3533 enim

320 3568 541 3623 insidias
566 3576 735 3639 parat,
770 3569 1003 3636 seipsum
1026 3567 1256 3636 primum
1277 3568 1502 3622 occidit:
1541 3568 1805 3636 siquidem
1823 3569 1914 3637 qui

319 3660 496 3731 ignem
598 3663 794 3728 calcat,
866 3660 1100 3729 seipsum
1132 3658 1396 3713 comburit
1425 3675 1438 3722 ;
1468 3667 1521 3713 et
1539 3659 1629 3728 qui
1657 3660 1912 3714 adamano

320 3757 428 3804 tem
458 3749 702 3817 percutit,
730 3748 829 3801 sibi
859 3748 956 3816 ipsi
989 3757 1364 3803 nocumentum
1387 3749 1523 3816 parit
1547 3765 1561 3814 ;
1589 3763 1650 3802 ac
1673 3751 1761 3818 qui
1784 3764 1912 3804 con-

319 3848 400 3893 tra
431 3839 702 3892 stimulum
734 3837 996 3902 calcitrat,
1026 3837 1261 3906 seipsum
1287 3845 1550 3892 cruentat.

390 3928 645 4000 lnjuriam
684 3929 946 3998 inferentis
988 3928 1145 3980 multo
1189 3929 1331 3998 pejor
1369 3939 1441 3981 est
1479 3930 1704 3984 conditio
1745 3947 1900 3998 quam

320 4021 574 4088 patientis.
600 4049 673 4058 —
693 4018 902 4072 Etenim
933 4017 1021 4088 qui
1055 4018 1212 4072 laesus
1243 4019 1450 4074 fortiter
1489 4021 1735 4089 iujuriam
1769 4024 1908 4078 ferre

320 4111 488 4173 novit,
519 4109 564 4162 is
589 4117 671 4162 est
695 4107 937 4173 adamas,
980 4107 1229 4162 stimulus
1256 4117 1311 4163 et
1343 4109 1477 4179 ignis
1510 4127 1522 4162 :
1552 4114 1640 4180 qui
1673 4127 1801 4166 vero
1828 4113 1908 4166 in-

313 4203 506 4273 juriam
537 4201 678 4256 ferre
707 4201 1012 4263 meditatur.
1037 4200 1148 4254 luto
1171 4201 1488 4256 imbecillior
1515 4211 1616 4257 est.
1640 4203 1756 4258 Non
1779 4220 1907 4275 ergo

319 4292 680 4362 injuriaaftici
725 4291 923 4346 malum
967 4301 1071 4356 est,
1113 4292 1207 4346 sed
1258 4291 1506 4362 injuriam
1539 4295 1754 4356 inferre.
1808 4312 1907 4351 nec

316 4400 478 4453 posse
535 4383 780 4452 injuriam
837 4382 999 4437 ferre.
1043 4382 1313 4449 Quantum
1365 4385 1525 4439 laesus
1568 4397 1651 4440 est
1706 4387 1907 4441 David?

313 4476 580 4544 Quantum
622 4474 758 4528 laesit
803 4474 970 4528 Saul?
1015 4475 1146 4542 Quis
1191 4491 1320 4545 ergo
1366 4476 1552 4530 fortior
1598 4479 1906 4548 heatiorque

313 4567 454 4622 fuit?
485 4569 602 4637 quis
649 4569 932 4623 miserior?
962 4567 1148 4622 Nonne
1187 4569 1232 4622 is
1276 4571 1364 4638 qui
1396 4571 1570 4624 Iresit?
1611 4570 1742 4625 Rem
1779 4588 1905 4626 vero

314 4658 607 4728 perpende.
643 4657 919 4712 Pollicitus
965 4667 1050 4712 est
1089 4658 1217 4713 Saul
1265 4661 1308 4714 si
1353 4659 1520 4714 David
1550 4660 1902 4732 alienigenam

313 4753 570 4816 vinceret,
612 4767 670 4808 se
701 4753 872 4820 ipsum
904 4753 957 4806 in
997 4767 1252 4822 generum
1292 4761 1709 4821 assumpturum,
1749 4771 1812 4808 ac
1840 4755 1904 4809 fio

314 4845 438 4898 liam
483 4861 637 4898 suam
694 4845 768 4898 illi
825 4844 1179 4899 libentissime
1226 4843 1474 4899 daturum
1533 4847 1626 4916 (l.
1660 4848 1897 4917 Reg.l7.

311 4947 358 4990 ct
388 4936 500 5007 l8).
539 4936 902 5005 Alienigenam
935 4936 1022 4988 ille
1049 4935 1245 4990 occidit
1279 4952 1292 4988 :
1318 4936 1441 4990 Sat'tl
1461 4951 1588 4990 vero
1613 4949 1763 5006 pacta
1785 4939 1902 4992 vio-

311 5030 441 5084 lavit
465 5046 479 5086 :
507 5043 606 5082 nec
628 5028 788 5082 modo
812 5041 917 5080 non
945 5026 1091 5081 dedit
1123 5027 1287 5081 tiliam
1307 5025 1404 5097 (ιι),
1429 5029 1522 5082 sed
1556 5044 1741 5084 necem
1768 5045 1903 5100 quoa

306 5137 412 5190 que
457 5121 556 5190 ipsi
601 5118 1024 5174 machinabatur.
1067 5117 1199 5185 Quis
1243 5131 1370 5186 ergo
1400 5119 1728 5188 splendidior
1768 5121 1904 5176 fuit?

311 5215 503 5265 Annon
535 5211 622 5263 ille
651 5224 880 5265 maerore
907 5209 1070 5262 animi
1114 5217 1168 5263 et
1192 5223 1359 5279 pravo
1384 5209 1630 5264 daemone
1671 5210 1902 5267 sull‘oea-

312 5300 488 5366 batur,
537 5301 622 5353 hic
658 5315 787 5354 vero
819 5301 1034 5369 tropzeis
1077 5308 1132 5356 et
1159 5301 1326 5372 gratia
1371 5301 1546 5356 divina
1579 5303 1698 5372 plus
1740 5319 1899 5374 quam

371 5541 444 5600 (α)
479 5542 617 5602 Atqui
636 5540 773 5607 dedit
791 5539 956 5590 Miami
981 5541 1124 5607 tiliam
1145 5553 1281 5607 suam
1303 5543 1352 5590 in
1371 5543 1650 5605 coniugem.
1670 5543 1762 5593 sed
1781 5550 1900 5607 puto

307 5602 703 5664 Citrysostoumm
722 5603 797 5650 hic
818 5616 1022 5664 proinon
1041 5603 1152 5664 data
1173 5603 1358 5652 habere
1393 5602 1651 5664 eaquuze
1672 5602 1900 5655 simulate

309 5662 495 5711 tantum
536 5663 647 5709 data
683 5662 791 5721 fuit,
821 5662 883 5711 ut
911 5663 1004 5712 hoc
1039 5662 1244 5712 allectus
1273 5665 1512 5714 benefwio
1532 5662 1686 5714 David
1713 5667 1900 5720 facilius

306 5730 827 5778 συὶ-ιεἰτιιιςιῑυιιιικαν
842 5730 919 5778 ide
947 5733 1116 5779 Ααηυι.
1149 5732 1303 5779 Held.
1332 5733 1390 5780 ad
1415 5747 1525 5796 pag.
1558 5731 1665 5778 454.

1305 354 1368 408 ΙΝ
1409 349 1816 408 MATTHJEUM
1859 350 2089 407 llOMlL.
2134 350 2294 408 XLII.
2335 353 2406 406 al.
2453 353 2632 408 XLlll.

3538 354 3640 407 453

2043 465 2125 520 sol
2145 465 2464 535 Splendebat
2481 467 2504 518 ?
2524 466 2728 522 Rursus
2751 467 2890 520 circa
2916 464 3196 522 mulierum
3216 465 3437 540 chorum
3463 479 3640 520 nonne

2043 555 2132 609 ille
2174 557 2371 611 invidia
2401 555 2809 626 prmfncabatur,
2857 554 2944 608 hic
2988 555 3203 609 silentio
3231 555 3409 610 ferens
3435 557 3636 618 onmia,

2038 661 2229 701 omnes
2257 649 2494 709 attraxit,
2527 647 2737 718 sibique
2758 645 3073 711 conjunxit?
3101 645 3235 700 Cum
3263 659 3441 701 autem
3477 648 3637 702 David

2041 736 2189 792 illum
2217 753 2328 807 pra:
2357 738 2601 793 manibus
2628 737 2831 798 habuit.
2850 738 3056 806 ipsique
3083 738 3344 806 pepercit,
3372 741 3491 807 quis
3517 756 3638 793 rur-
3672 737 3683 750 ⁸

2040 842 2157 897 smn
2187 829 2374 882 beatus
2401 840 2536 891 erat,
2580 831 2700 897 quis
2731 827 2931 882 miser?
2959 829 3079 896 quis
3124 827 3482 882 imbecillior?
3519 829 3638 898 quis

1980 932 1994 948 °
2040 918 2264 973 fortior“!
2279 918 2466 974 Nonne
2487 920 2672 983 David,
2691 921 2780 988 qui
2798 920 2945 972 illum
2971 933 3074 973 non
3093 919 3237 974 ultus
3253 930 3354 983 est,
3371 921 3474 975 etsi
3493 920 3638 990 juste

2040 1011 2256 1080 posset?
2284 1009 2349 1065 Et
2373 1010 2494 1079 jure
2522 1009 2758 1080 quidem.
2784 1009 2913 1064 Nam
2939 1009 3027 1063 ille
3055 1019 3290 1064 armatos
3316 1010 3515 1065 milites
3545 1010 3640 1064 ba-

2039 1101 2222 1168 bebat,
2268 1100 2355 1156 hic
2381 1103 2640 1170 justitiam
2693 1101 2961 1156 sexcentis
2989 1101 3315 1155 exercitibus
3360 1100 3637 1156 fortiorem

2038 1194 2429 1249 auxiliatricem
2459 1194 2664 1247 habuit.
2709 1193 2942 1264 Ideoque
2966 1193 3173 1249 insidiis
3200 1193 3396 1262 injuste
3426 1195 3639 1264 impeti-

2039 1291 2146 1350 tus,
2178 1301 2246 1339 ne
2263 1284 2408 1354 juste
2446 1284 2660 1353 quidem
2691 1283 2856 1337 voluit
2885 1277 3092 1337 hostem
3121 1283 3386 1337 occidere.
3423 1283 3643 1339 Sciebat

2037 1377 2180 1431 enim
2207 1391 2274 1433 ex
2308 1377 2374 1431 iis
2407 1391 2527 1446 qua:
2555 1385 2681 1431 ante
2715 1375 3042 1436 acciderant,
3073 1391 3178 1428 non
3220 1390 3342 1429 cum
3374 1376 3462 1446 qui
3497 1376 3638 1430 man

2037 1464 2184 1532 facit,
2227 1465 2322 1523 sed
2349 1481 2470 1523 eum
2501 1468 2593 1536 qui
2633 1467 2773 1522 male
2807 1467 3023 1536 patitur,
3072 1465 3299 1520 evadere
3331 1466 3632 1522 fortiorem.

2035 1556 2190 1623 Quod
2217 1565 2273 1614 et
2319 1558 2371 1611 in
2415 1556 2732 1627 corporibus
2779 1566 2836 1611 et
2886 1557 2938 1609 in
2979 1555 3264 1609 arboribus
3302 1555 3487 1612 videre
3527 1566 3631 1636 est.

2034 1646 2172 1714 Quid
2196 1661 2326 1716 ergo
2349 1648 2554 1703 Jacob?
2577 1663 2756 1701 annon
2782 1649 2941 1702 Lusus
2971 1659 3050 1700 est
3080 1662 3109 1700 a
3140 1646 3376 1708 Labano,
3403 1657 3455 1701 et
3495 1648 3636 1703 male

2037 1754 2225 1808 passus
2252 1741 2378 1795 est?
2411 1740 2540 1808 Quis
2569 1755 2699 1809 ergo
2738 1739 2968 1794 fortior?
3005 1755 3070 1793 an
3103 1741 3146 1792 is
3171 1741 3260 1808 qui
3291 1742 3432 1810 cepit
3463 1742 3632 1808 illum,

2035 1847 2135 1888 nec
2161 1848 2330 1888 ausus
2348 1845 2432 1888 est
2473 1844 2710 1903 tangere,
2742 1832 2836 1886 sed
2867 1831 3044 1886 timuit
3073 1847 3135 1885 ac
3167 1835 3400 1893 tremuit,
3435 1850 3503 1888 an
3545 1835 3634 1888 hie

2032 1924 2122 1992 qui
2148 1923 2265 1978 siue
2303 1924 2468 1978 armis
2491 1937 2555 1978 ac
2585 1922 2839 1977 militibus
2871 1923 2990 1992 plus
3020 1923 3094 1975 illi
3125 1921 3481 1978 formidabilis
3507 1923 3630 1991 fuit,

2031 2027 2190 2083 quam
2218 2027 2374 2083 reges
2402 2013 2548 2068 mille
2577 2011 2837 2067 fuissent?

2104 2106 2158 2161 5.
2201 2103 2541 2174 Conﬁrmatur
2567 2106 2740 2158 eadem
2791 2107 2961 2159 thesis.
2999 2104 3131 2159 Vitia
3159 2109 3404 2179 proximi,
3438 2110 3632 2162 etiamsi

2030 2211 2168 2262 vera,
2195 2213 2296 2251 non
2324 2197 2614 2250 revetentia.
2644 2195 2872 2250 Erantet:
2902 2199 3242 2252 conscientia.
3272 2229 3338 2238 —
3369 2197 3440 2255 Ut
3462 2200 3631 2268 majo-

2030 2303 2143 2344 rem
2193 2298 2372 2344 autem
2425 2288 2689 2345 dictorum
2737 2290 3255 2346 demoostrationcm
3301 2293 3452 2347 vobis
3494 2308 3630 2363 prm-

2029 2378 2206 2444 beam,
2246 2379 2314 2434 ad
2356 2380 2528 2450 ipsum
2574 2381 2766 2436 iterum
2811 2380 3000 2448 David,
3033 2382 3124 2438 sed
3165 2385 3439 2438 contrario
3465 2385 3630 2440 modo

2028 2478 2346 2538 spectatum,
2379 2485 2686 2528 sermonem
2709 2481 3111 2528 convertemus.
3137 2473 3270 2528 Nam
3303 2475 3390 2530 hic
3417 2477 3507 2547 qui
3537 2477 3631 2532 lae-

2028 2572 2121 2614 sus
2161 2560 2460 2628 praevaluit,
2508 2575 2632 2615 cum
2674 2561 2811 2618 lazsit
2850 2572 3058 2633 postea,
3098 2564 3422 2620 imbecillior
3461 2567 3632 2623 factus

2026 2659 2126 2705 est.
2157 2651 2384 2718 Quando
2413 2652 2574 2722 igitur
2599 2652 2785 2709 Uriam
2827 2654 2987 2720 laesit,
3020 2665 3261 2712 mutatus
3282 2668 3367 2714 est
3391 2659 3546 2725 ordo,
3577 2670 3632 2717 et

2027 2741 2366 2799 imbecillitas
2411 2745 2464 2799 in
2513 2745 2837 2811 lardentem,
2889 2749 3060 2803 virtus
3106 2761 3286 2805 autem
3337 2752 3389 2806 in
3441 2743 3628 2809 ltsum

2026 2835 2273 2890 transivit
2321 2837 2398 2909 (2.
2423 2837 2554 2909 Reg.
2587 2839 2677 2908 il)
2708 2857 2721 2893 :
2751 2854 2874 2894 nam
2923 2852 3170 2897 mortuus
3211 2843 3364 2898 Urias
3407 2845 3628 2903 Davidis

2023 2925 2242 2979 domum
2273 2927 2548 2996 expilavit.
2578 2928 2644 2983 Et
2684 2928 2770 3009 hic
2795 2930 3013 2999 quidem
3043 2945 3162 2987 cum
3202 2948 3294 2987 rex
3323 2943 3377 2988 et
3409 2935 3461 2989 in
3491 2937 3626 2992 vivis

2023 3024 2190 3081 esset,
2221 3017 2358 3072 nihil
2376 3021 2548 3089 potuit
2572 3037 2586 3084 ;
2623 3021 2712 3075 ille
2737 3035 2870 3076 vero
2890 3036 3011 3076 cum
3041 3023 3194 3078 miles
3220 3035 3382 3094 atque
3408 3027 3628 3082 interfe-

2022 3117 2141 3164 ctus
2166 3119 2332 3173 esset,
2362 3111 2506 3165 illius
2529 3114 2708 3166 omnia
2736 3114 3019 3170 subvertit.
3053 3115 3294 3171 Vultisne
3326 3126 3384 3172 ut
3411 3120 3627 3177 aliunde

2023 3213 2136 3252 rem
2167 3199 2316 3254 vobis
2336 3200 2618 3256 clariorem
2644 3201 2921 3258 efficiam?
2947 3203 3306 3274 Exploremus
3326 3223 3424 3263 eos
3449 3211 3538 3280 qui
3564 3227 3626 3266 se

2022 3288 2258 3360 legitime
2285 3291 2382 3346 ulti
2411 3301 2558 3347 sunt.
2587 3291 2721 3347 Nam
2757 3307 2874 3361 eos,
2902 3295 2992 3364 qui
3023 3295 3221 3365 injuste
3248 3297 3473 3364 laedunt,
3501 3315 3624 3356 om-

2022 3381 2168 3435 nium
2198 3394 2320 3436 esse
2348 3381 2659 3448 vilissimas,
2687 3383 2781 3454 qui
2809 3384 3046 3439 animam
3087 3400 3242 3440 suam
3270 3387 3486 3456 hcdant,
3521 3407 3622 3446 ne-

2020 3471 2150 3525 mini
2191 3486 2297 3526 non
2329 3474 2501 3542 palam
2531 3484 2634 3528 est.
2671 3474 2868 3530 Verum
2907 3478 3024 3546 quis
3056 3492 3116 3533 se
3134 3476 3284 3547 juste
3332 3481 3474 3537 ultus
3512 3495 3618 3549 εει,

2021 3561 2407 3633 iunumeraque
2431 3565 2685 3619 excitavit
2710 3566 2876 3631 mala.
2897 3567 3187 3637 multisque
3217 3570 3452 3637 seipsum
3475 3573 3622 3625 cala-
3649 3588 3708 3613 μ’

2019 3654 2293 3710 mitatibus
2337 3654 2722 3726 doloribusque
2753 3658 3014 3713 involvit?
3047 3660 3261 3716 Davidis
3288 3661 3614 3737 dux_(Joab).

2019 3744 2116 3805 llic
2141 3746 2284 3798 enim
2312 3761 2478 3815 grave
2507 3748 2705 3801 bellum
2733 3751 3042 3817 concitavit,
3076 3763 3130 3806 et
3178 3738 3457 3809 innumera
3491 3771 3616 3825 pas—

2017 3850 2110 3890 sus
2134 3844 2219 3889 est
2245 3837 2405 3900 mala,
2439 3853 2664 3906 quorum
2692 3855 2762 3895 ne
2793 3856 2959 3896 unum
2988 3843 3203 3912 quidem
3229 3845 3541 3913 accidisset,
3572 3851 3616 3903 si

2017 3923 2134 3993 ipse
2161 3925 2406 3980 scivissct
2445 3927 2832 3996 philosophari.
2881 3929 3171 4000 Fugiamus
3215 3935 3392 4004 itaque
3423 3951 3613 4006 pecca-

2017 4025 2128 4070 tum
2167 4018 2297 4071 illud
2331 4036 2343 4068 :
2375 4033 2438 4072 ac
2463 4033 2562 4074 nec
2591 4019 2790 4085 verbis,
2817 4036 2917 4076 nec
2943 4023 3096 4080 factis
3137 4028 3383 4095 proximo
3423 4044 3617 4085 nocea-

2016 4123 2155 4164 mus.
2182 4108 2366 4179 Neque
2397 4111 2539 4165 enim
2568 4111 2723 4177 dixit,
2773 4111 2832 4168 Si
2875 4119 3216 4172 accusaveris
3245 4131 3298 4174 et
3319 4121 3407 4188 jus
3436 4122 3617 4179 dicere

2012 4201 2372 4270 compuleris;
2399 4201 2491 4257 sed
2525 4203 2866 4271 simpliciter,
2895 4205 2950 4259 Si
2981 4205 3119 4261 male
3147 4207 3368 4274 dixeris,
3403 4213 3612 4268 etiamsi

2014 4291 2264 4356 scorsim,
2309 4303 2581 4348 extremas
2606 4293 2761 4348 dabis
2794 4310 3003 4364 poenas.
3038 4296 3259 4354 Etiamsi
3303 4301 3354 4355 id
3383 4303 3524 4372 quod
3559 4315 3615 4362 tu

2012 4382 2146 4446 dicis
2166 4397 2351 4437 verum
2380 4385 2467 4448 sit,
2497 4385 2705 4439 etiamsi
2729 4399 2793 4440 ea
2823 4387 2891 4441 de
2913 4402 2974 4443 re
3003 4403 3294 4462 persuasus
3323 4394 3396 4448 sis
3421 4397 3458 4460 ί,
3495 4411 3608 4466 pue-

2013 4487 2110 4526 nas
2137 4484 2313 4528 tamen
2341 4474 2514 4528 dabis.
2545 4474 2661 4529 Non
2690 4477 2834 4531 enim
2861 4493 2926 4533 ex
2959 4480 3024 4534 iis
3066 4496 3186 4550 qua:
3215 4483 3305 4538 ille
3333 4484 3476 4550 fecit,
3516 4490 3610 4543 sed

2011 4581 2077 4620 ex
2105 4567 2168 4620 iis
2191 4582 2310 4636 quze
2341 4575 2395 4622 tu
2423 4567 2626 4632 dixisti,
2655 4571 2980 4625 sententiam
3010 4573 3152 4628 feret
3176 4575 3314 4631 Deus
3341 4594 3354 4631 :
3383 4577 3522 4632 Nam
3549 4599 3612 4636 ea:

2009 4657 2170 4711 verbis
2210 4662 2309 4711 tuis
2353 4658 2786 4727 condemnaberis,
2832 4662 3024 4732 inquit.
3066 4663 3184 4720 Non
3223 4668 3378 4724 audis
3425 4670 3612 4728 Phari-

2009 4761 2176 4802 sazum
2204 4764 2329 4804 vera
2353 4750 2630 4821 loquutum
2657 4767 2798 4814 esse,
2834 4756 3191 4827 omnibusque
3217 4769 3363 4824 nota,
3394 4778 3494 4818 nec
3515 4780 3610 4819 oc~

2009 4840 2152 4894 culta
2189 4842 2498 4897 revelasse?
2539 4843 2648 4899 Sed
2695 4854 2878 4901 tamen
2909 4856 3183 4903 extremas
3208 4850 3356 4906 dedit
3399 4869 3608 4922 poenas.

2010 4927 2068 4983 Si
2095 4945 2224 4984 vero
2247 4930 2315 4986 de
2345 4931 2409 4986 iis
2432 4949 2551 5002 qua:
2570 4936 2855 5005 perspicua
2877 4947 3006 4992 sunt
3034 4953 3140 4993 non
3173 4940 3297 4996 licet
3327 4957 3607 5011 accusare,

1947 5018 1957 5026 “
2009 5022 2178 5076 multo
2220 5024 2399 5080 minus
2441 5024 2512 5081 de
2554 5025 2771 5082 dubiis:
2804 5042 2926 5082 nam
2967 5029 3203 5098 judiccm
3236 5031 3396 5088 habet
3434 5033 3481 5090 is
3519 5042 3608 5106 qui

2009 5114 2276 5181 peccavit.
2303 5113 2384 5170 Ne
2421 5116 2702 5187 praeripias
2729 5132 2860 5189 ergo
2891 5118 3161 5192 Unigeniti
3206 5127 3604 5183 auctoritatem.

2011 5204 2089 5257 Illi
2119 5204 2311 5258 solium
2339 5206 2522 5275 judieii
2554 5219 2885 5266 reservatum
2926 5223 3028 5266 est.
3071 5213 3176 5268 Sed
3221 5215 3300 5269 vis
3323 5217 3603 5284 judicare!

2007 5294 2104 5350 Est
2133 5296 2225 5351 tibi
2252 5297 2532 5366 judicium,
2561 5299 2787 5354 multum
2813 5314 3074 5371 qumstum
3107 5306 3372 5374 praebens,
3396 5319 3451 5364 et
3477 5313 3605 5367 nulli

2006 5385 2297 5441 obnoxium
2327 5390 2561 5444 crimini.
2591 5391 2648 5446 ln
2693 5394 3020 5449 conscientia
3053 5405 3142 5451 tua
3187 5399 3452 5455 rationem
3493 5415 3605 5458 sta-

2008 5488 2098 5534 tue
2118 5479 2470 5549 judicantem,
2499 5485 2551 5539 in
2597 5486 2938 5558 mcdimnque
2965 5490 3138 5546 adduc
3169 5494 3351 5548 omnia
3381 5507 3598 5565 peccata

2010 5579 2116 5625 tua.
2163 5574 2371 5629 Animae
2418 5582 2521 5629 tua:
2551 5588 2768 5646 peccata
2814 5582 3088 5647 examina,
3140 5595 3328 5641 exacte
3370 5588 3601 5645 rationes

2071 5737 2085 5764 ι
2123 5734 2310 5797 borch,
2335 5736 2486 5787 Etiam
2510 5736 2552 5787 si
2575 5737 2662 5789 tibi
2683 5739 2861 5792 dicenti
2893 5755 2984 5792 non
3006 5744 3246 5795 creditum
3271 5746 3349 5797 sit.
