4050 6356
541 338 612 396 15
1991 341 2372 400 ΡΙΏΕΕΑΤΙΟ.
3401 349 3410 356 ’
3733 337 3826 400 16

541 462 746 518 autem
771 457 1064 536 persaepe)
1099 473 1278 536 opus,
1325 455 1394 518 in
1434 455 1594 516 cives
1629 460 1894 533 egestate
1921 473 2167 534 pressos
2197 456 2461 532 largiter
2486 457 2732 536 argenti
2769 457 3130 520 contulerit.
3161 455 3308 520 Herc
3339 472 3473 518 cum
3503 455 3576 517 de
3605 454 3825 538 majo-

542 555 718 618 ribus
763 555 1209 629 tuis,,Victori
1259 551 1514 616 Amedee
1544 551 2008 629 rexfdicimus,
2059 554 2130 614 de
2179 563 2233 615 te
2267 555 2557 632 dicimus,
2589 555 2767 634 cujus
2805 564 2896 614 tot
2933 554 3321 616 celebrantur
3354 562 3421 613 ut
3455 551 3816 632 religionis,

539 657 822 738 pietatis,
853 656 1036 734 inque
1072 653 1298 716 tuenda
1320 654 1682 734 disciplina,
1715 655 2118 723 constantiae;
2150 656 2242 717 ita
2273 656 2636 730 clementiae,
2674 657 3084 736 beneﬁcentia
3106 703 3124 730 ,
3168 655 3569 718 liberalitatis
3595 701 3614 728 ,
3645 672 3817 734 prte-

547 757 760 818 sertim
787 757 856 816 in
885 757 1140 816 miseros
1168 762 1558 832 argumenta,
1587 760 1660 814 ut
1687 753 1904 815 tulisse
1937 771 2278 832 nunquam,
2307 755 2478 817 vinci
2523 762 2581 815 te
2611 756 2842 816 virtute
2866 753 2942 814 ab
2987 772 3197 815 eorum
3221 755 3354 816 ulla
3388 753 3653 814 videare.
3695 755 3824 812 Ve-

547 862 888 917 rumtamen
916 871 992 915 ne
1025 853 1137 916 illa
1165 853 1532 933 singulatim
1563 853 2004 932 aggrediamur
2029 897 2047 926 ,
2078 853 2492 934 distincteque
2533 853 2894 930 describere,
2943 854 3201 934 impedit
3245 860 3594 932 perspecta,
3629 861 3828 934 atque

548 956 880 1035 explorata
900 953 1082 1015 nobis
1103 953 1404 1015 modestia
1431 953 1776 1032 singularis
1807 962 1940 1024 tua,
1963 969 2146 1032 quam
2166 969 2241 1012 ne
2269 951 2411 1013 laedi
2434 951 2760 1024 arbitrere,
2785 952 3034 1034 privari
3070 960 3126 1011 te
3159 952 3375 1029 potius
3406 947 3608 1010 debito
3641 949 3820 1010 testi-

551 1056 760 1118 monio
777 1054 1110 1135 patiemur.
1136 1055 1380 1115 Interea
1404 1054 1632 1130 cernis,
1659 1069 1955 1132 quorsum
1975 1059 2196 1112 nostra
2215 1051 2340 1113 hac
2370 1053 2568 1114 omnis
2600 1051 2815 1114 evadat
2839 1053 3070 1115 oratio.
3102 1052 3359 1113 Scilicet
3391 1069 3528 1110 cum
3553 1059 3720 1111 recta
3744 1048 3815 1110 in

551 1157 845 1218 doctrina
860 1154 1214 1233 religionis,
1229 1156 1412 1234 inque
1437 1138 1776 1232 disciplina
1795 1172 2037 1214 morum
2063 1154 2381 1216 institutio
2404 1154 2694 1215 traducta
2718 1155 2782 1216 in
2801 1163 3086 1233 posteros
3108 1151 3468 1230 vigilantia,
3491 1147 3822 1226 diligentia

551 1257 784 1329 labore,
817 1273 1006 1334 opera
1027 1256 1232 1316 sancti
1252 1255 1529 1317 Maximi
1549 1257 1779 1335 fuerit;
1801 1255 2063 1336 indeque
2081 1239 2195 1335 per
2217 1257 2481 1335 majores
2505 1265 2644 1316 tuos
2664 1254 2730 1314 in
2757 1263 2813 1314 te
2843 1255 3041 1333 ipsum
3063 1253 3150 1314 ita
3173 1249 3466 1322 manarit,
3497 1257 3561 1307 ut
3586 1265 3823 1308 umma

545 1375 788 1438 ,semper
812 1359 1126 1432 cautione,
1161 1375 1296 1436 ope,
1327 1343 1540 1418 studio
1568 1365 1813 1418 servata
1851 1358 2124 1435 integra,
2171 1365 2354 1435 atque
2387 1353 2718 1416 incolumis
2747 1355 2858 1432 sit,
2886 1353 3240 1430 servarique
3266 1355 3484 1427 pergat
3511 1368 3530 1416 ;
3573 1345 3638 1408 id
3669 1353 3820 1414 tan.-

552 1460 684 1520 dem
715 1475 1049 1538 superesse,
1087 1465 1158 1518 ut
1189 1473 1322 1536 qua:
1351 1457 1404 1518 is
1441 1458 1699 1518 antistes
1733 1457 1990 1536 reliquit
2019 1465 2417 1516 monumenta
2450 1453 2711 1531 ingenii,
2746 1450 3125 1513 eruditionis
3148 1492 3164 1520 ,
3199 1445 3640 1526 sapientiaque
3668 1463 3820 1513 sua,

551 1577 623 1618 ea
653 1558 830 1638 juris
877 1575 1002 1616 esse
1051 1556 1148 1617 tui
1202 1555 1660 1616 existimentur.
1695 1553 2009 1630 Quocirca
2055 1554 2336 1629 illorum,
2385 1571 2517 1632 qua:
2555 1553 2818 1631 reperiri
2849 1551 3145 1612 hactenus
3174 1556 3544 1627 potuerunt,
3589 1545 3824 1622 omnia,

548 1658 732 1740 jussu
783 1664 1030 1730 nostro,
1077 1655 1620 1726 annotationibus,
1670 1652 2250 1727 admonitionibus,
2293 1653 2665 1732 pra/aliane
2714 1651 3058 1720 illustrnta,
3113 1648 3363 1708 redacta
3417 1647 3484 1705 in
3539 1643 3826 1705 volumen

553 1739 748 1814 unum
773 1800 790 1829 ,
828 1754 1110 1832 tgpisque
1139 1771 1392 1829 excusa,
1423 1761 1476 1812 et
1507 1753 1562 1814 si
1595 1750 1710 1813 tibi
1738 1769 1866 1810 non
1903 1761 2024 1811 tam
2055 1751 2220 1812 dono
2257 1753 2522 1822 mittere,
2550 1767 2732 1828 quam
2765 1749 3094 1810 restituere
3125 1743 3480 1811 videamur;
3511 1739 3688 1802 nobis
3720 1749 3828 1800 ta-

552 1869 688 1912 men
718 1851 1072 1912 humanitas
1125 1851 1471 1930 singularis
1509 1858 1642 1926 tua,
1679 1858 1862 1929 atque
1908 1851 2153 1929 egregia
2186 1850 2253 1912 in
2301 1849 2707 1928 apostolicam
2752 1847 2948 1908 sedem
2983 1847 3298 1912 voluntas,
3336 1853 3390 1902 et
3429 1841 3828 1904 observantia

554 1951 921 2030 pollicetur,
954 1950 1018 2012 id
1049 1949 1356 2030 quidquid
1385 1958 1470 2010 est
1507 1949 1632 2009 sive
1662 1948 2113 2025 restitutionis,
2149 1948 2277 2009 sive
2306 1948 2458 2010 doni
2477 1995 2488 2016 .
2527 1947 2723 2008 veluti
2751 1947 3053 2024 specimen
3086 1943 3394 2024 quoddam
3434 1943 3652 2002 summi
3677 1959 3830 2020 erga

556 2029 613 2111 te
639 2049 866 2122 studii,
899 2048 1448 2126 benevolentiaque
1473 2029 2084 2122 nostrte,..!!ajestati
2117 2047 2265 2106 Tute
2290 2054 2652 2123 pergratum
2679 2045 2840 2123 fore.
2873 2041 3058 2116 Quod
3092 2059 3226 2101 cum
3259 2037 3438 2098 nobis
3465 2040 3651 2116 plane
3672 2053 3831 2116 per-

555 2167 801 2213 suasum
829 2148 955 2214 sit;
994 2157 1123 2208 tum
1153 2145 1291 2218 tibi,
1325 2146 1695 2226 familiteque
1723 2147 1910 2223 regite
1938 2147 2236 2207 universis
2265 2156 2383 2205 tute
2419 2145 2564 2205 bene
2591 2145 2862 2224 precati,
2912 2142 3396 2204 benedictionem
3422 2141 3828 2219 apostolicam
3875 2147 3885 2151 ’

555 2246 970 2308 amantissime
1004 2245 1416 2323 impertimur.

635 2347 861 2405 Datum
895 2345 1096 2403 Roma'
1125 2342 1292 2419 apud
1315 2341 1608 2402 Sanctam
1647 2344 1918 2403 Mariam
1954 2343 2256 2422 Majorem
2289 2360 2342 2402 rt
2376 2342 2516 2402 idus
2544 2342 2708 2402 Julii
2741 2359 2905 2400 anno
2936 2339 3159 2400 salutis
3193 2336 3344 2399 178’s
3367 2385 3384 2406 ,
3415 2340 3826 2417 pontiﬁcatus

557 2457 756 2506 ﬂOSlrl
795 2459 960 2502 anno
997 2459 1058 2502 Χ.

571 2605 680 2621 ..ι’-ξ

1801 2673 2574 2848 ΡΒΑΞΡΑΤΙΟ.

636 3029 772 3106 [χιιι]
807 3029 847 3084 1.
889 3028 1102 3096 Qualito
1131 3027 1184 3082 in
1211 3025 1406 3096 pretio,
1433 3032 1740 3094 quantaque
1768 3023 1820 3075 in
1847 3020 2159 3076 celebritate
2178 3020 2428 3086 homilize,
2457 3036 2753 3088 sermones,
2799 3035 3100 3096 emteraqne
3139 3030 3391 3097 opuscula
3415 3028 3584 3085 sancti
3615 3026 3827 3084 Maximi

563 3121 909 3176 Taurinensis
955 3117 1192 3188 episcOpi
1232 3115 1447 3179 fuerint,
1480 3113 1704 3182 intelligi
1743 3126 1812 3166 ex
1839 3126 1906 3166 eo
1935 3109 2248 3178 cumprimis
2283 3118 2483 3178 potest,
2515 3112 2658 3180 quod
2684 3113 2769 3168 vix
2801 3113 2889 3169 ille
2916 3115 3199 3170 mortalem
3227 3116 3366 3170 hanc
3394 3116 3556 3169 vitam
3585 3130 3707 3169 cum
3731 3115 3828 3168 im-

564 3213 778 3270 mortali
806 3211 963 3282 plena
991 3209 1176 3279 gloriae
1204 3212 1578 3269 eommutarat,
1610 3218 1732 3258 cum
1759 3201 2068 3256 Gennadius
2094 3200 2327 3270 scriptor
2353 3209 2408 3256 et
2430 3203 2750 3272 conspicuus
2770 3205 3084 3259 eruditionis
3107 3205 3281 3270 laude,
3305 3214 3360 3258 et
3385 3205 3604 3274 aequalis
3627 3213 3826 3275 tempo-

563 3319 684 3362 rum
712 3303 926 3358 illorum
950 3302 1004 3355 in
1032 3300 1187 3365 libro,
1217 3312 1379 3368 quem
1407 3295 1679 3366 inscripsit
1697 3293 1762 3346 de
1799 3291 1937 3347 Viris
1965 3289 2271 3354 illustribus,
2297 3306 2360 3345 ea
2383 3306 2488 3346 non
2517 3294 2848 3348 recensuerit
2874 3294 3057 3357 modo,
3088 3309 3270 3349 verum
3299 3295 3462 3348 etiam
3489 3296 3826 3349 commenda-

555 3394 654 3459 rit,
687 3392 848 3448 veluti
870 3391 938 3446 ab
962 3389 1186 3444 doctore
1215 3386 1476 3458 proiecta,
1505 3385 1598 3455 qui
1621 3385 1752 3438 satis
1783 3383 1938 3454 fuerit
1993 3382 2224 3436 intentus
2249 3383 2302 3435 in
2331 3383 2520 3436 divinis
2549 3381 2856 3455 Scriptuiis,
2880 3395 2929 3439 et
2950 3386 3204 3456 suspiciens
3232 3389 3300 3440 ad
3327 3385 3612 3440 docendam
3639 3386 3825 3454 plebem

555 3497 628 3536 eo:
657 3489 903 3547 tempore.
929 3479 1103 3547 Atque
1123 3477 1170 3532 is
1195 3468 1503 3530 Gennadius
1531 3471 1841 3526 earumdem
1867 3470 2226 3535 homiliarum,
2257 3473 2676 3544 eorumdemque
2703 3490 3008 3530 sermonum
3031 3483 3086 3532 et
3112 3477 3491 3546 opusculorum
3519 3493 3624 3532 non
3641 3489 3822 3547 pauca,

565 3571 732 3626 titulis
761 3571 998 3640 ipsorum
1027 3565 1462 3637 argumentisque
1508 3561 1773 3625 indicatis,
1805 3561 2057 3616 distincte
2092 3565 2574 3632 commemoravit,
2607 3565 2808 3638 reliqua
2847 3569 3176 3636 generatim;
3218 3578 3504 3640 propterea
3551 3567 3824 3637 quodluec

467 3647 480 3660 ’
564 3661 849 3731 aliquando
870 3659 1076 3728 legisset
1101 3655 1336 3728 quidem,
1368 3653 1464 3709 sed
1489 3653 1708 3707 minime
1737 3653 2052 3710 retinuisset.

635 3753 697 3809 11.
741 3753 944 3806 Horum
971 3751 1224 3819 deinceps
1247 3765 1370 3819 pars
1393 3762 1587 3817 magna
1613 3762 1736 3802 cum
1765 3747 2048 3803 commodo
2073 3746 2450 3814 Ecclesiarum,
2493 3750 2780 3820 separatim
2803 3753 3032 3808 exscribi
3049 3793 3066 3819 ,
3101 3767 3166 3808 ac
3191 3751 3379 3807 referri
3408 3752 3462 3805 in
3491 3750 3706 3810 codices
3725 3767 3825 3808 nua
3851 3804 3862 3812 ,

565 3843 723 3902 simul
751 3857 872 3898 cum
895 3841 1054 3896 variis
1082 3840 1307 3894 aliorum
1348 3835 1565 3891 Patrum
1587 3837 1820 3892 homiliis
1847 3839 2291 3908 sermonibusque
2316 3839 2485 3893 multo
2524 3847 2649 3894 ante
2675 3846 2889 3894 aetatem
2929 3840 3107 3896 Albini
3145 3840 3342 3905 Flacci,
3372 3856 3468 3894 seu
3493 3839 3702 3894 Alcuini
3731 3840 3809 3894 Be

569 3932 822 3990 nedictini
845 3929 1116 3996 monachi,
1149 3928 1432 3997 coepisset;
1461 3924 1658 3980 factum
1706 3927 1828 3981 inde
1858 3929 2052 3998 partim
2083 3931 2385 3993 oscitantia,
2416 3930 2611 3999 partim
2640 3931 2906 4001 imperitia
2946 3931 3283 3986 librariorum
3312 3939 3415 3996 est,
3439 3939 3497 3984 ut
3521 3930 3604 3984 vel
3631 3931 3825 3985 nullum

518 4055 526 4063 -
567 4024 880 4098 pmicrrent
907 4021 1141 4076 auctoris
1191 4033 1419 4086 nomen,
1463 4019 1548 4074 vel
1595 4018 1843 4083 aliorum,
1874 4035 1980 4074 non
2031 4017 2264 4085 Maximi,
2291 4019 2358 4073 ad
2402 4020 2728 4090 epigraphen
2775 4020 2992 4075 nomine
3027 4021 3292 4090 ascripto,
3341 4019 3821 4075 circumferrentur.

559 4115 746 4182 Quare
775 4113 828 4168 in
858 4112 942 4167 his
986 4108 1382 4180 dignoseendis,
1407 4108 1855 4180 secernendisque
1887 4110 1954 4164 ab
1983 4109 2191 4176 alienis,
2225 4125 2285 4164 ac
2313 4109 2545 4164 Maximo
2588 4111 2948 4180 restituendis,
2979 4113 3082 4169 dici
3127 4114 3211 4168 vix
3241 4121 3435 4186 potest,
3467 4122 3722 4183 quantum
3753 4113 3807 4168 iu

559 4205 888 4276 sumpserim
921 4200 1176 4274 temporis
1196 4199 1259 4256 ac
1279 4200 1494 4256 laboris.
2272 4195 2283 4204 '

2009 4349 2252 4426 PARS
2330 4351 2390 4426 Ι.
2427 4373 2434 4381 ’

655 4508 922 4588 Quibus
949 4509 1330 4588 scriptorum
1352 4513 1406 4566 et
1436 4505 1724 4566 codicum
1755 4503 2150 4586 adiumentis,
2185 4514 2390 4588 etquo
2423 4506 2640 4569 ordine
2673 4510 2751 4571 sit
2787 4463 2911 4570 hac
2941 4529 2978 4568 a
3017 4507 3192 4570 nobis
3230 4510 3503 4589 per/ecta
3539 4508 3727 4572 editio

627 4694 770 4768 ,[xtv']
792 4695 893 4750 .lll.
936 4694 1206 4766 Principio
1233 4693 1612 4750 attendendum
1641 4691 2006 4762 summo°mihi
2026 4709 2191 4764 opere
2219 4709 2340 4764 esse
2362 4694 2509 4759 duxi,
2541 4696 2668 4766 quid
2697 4695 2900 4751 ferrent
2941 4697 2974 4750 ii
3003 4697 3094 4766 qui
3118 4697 3347 4753 antehac
3375 4697 3475 4753 sibi
3505 4693 3842 4757 edendorun‘

571 4788 741 4844 sancti
769 4786 1007 4855 pnusulis
1034 4799 1257 4854 operum
1285 4799 1422 4839 onus
1449 4797 1742 4852 curamque
1767 4791 2132 4852 susceperant,
2165 4791 2221 4838 ct
2239 4783 2434 4852 quibus
2461 4785 2822 4838 monumentis
2847 4785 3280 4854 argumentisque
3301 4784 3440 4852 treti,
3471 4799 3658 4840 eorum
3683 4799 3839 4854 qua:-

574 4881 699 4934 dam
727 4879 780 4933 in
808 4877 1052 4945 genuinis
1075 4875 1446 4938 numeranda,
1475 4876 1577 4930 alia
1605 4883 1794 4931 contra
1821 4877 1876 4931 in
1906 4876 2191 4932 dubiorum
2221 4875 2576 4932 nothorumve
2596 4870 2821 4932 classem
2850 4877 3136 4947 rejicienda
3157 4892 3277 4932 csse
3295 4877 3618 4947 judicarant.
3649 4877 3839 4948 itaque

575 4971 838 5026 editiones
861 4982 1083 5038 operum
1107 4965 1342 5032 Maximi,
1373 4975 1638 5036 quotquot
1665 4976 1862 5022 curatae
1882 4969 2142 5026 hactenus
2170 4967 2339 5034 fuere,
2369 4969 2500 5024 mihi
2523 4960 2760 5026 subsidio
2787 4969 3117 5039 comparavi,
3138 4984 3244 5024 non
3265 4984 3359 5023 eas
3383 4969 3558 5025 solum
3585 4983 3707 5038 quae
3732 4969 3838 5023 bo-
3883 4969 3888 4976 ’

575 5061 752 5116 milias
779 5072 1164 5128 sermonesque
1184 5072 1392 5121 omnes,
1415 5057 1507 5125 qui
1536 5065 1663 5112 tunc
1689 5058 2008 5126 inquirendo
2045 5060 2271 5130 reperiri
2285 5068 2592 5130 potuerant,
2617 5060 2985 5124 continerent;
3015 5059 3222 5114 sedeas
3247 5060 3409 5114 etiam
3436 5075 3556 5131 quae
3588 5060 3837 5115 humilia:

574 5151 832 5222 quasdam
857 5163 1203 5206 sermonesve
1230 5149 1432 5219 aliquot
1456 5148 1792 5214 exhiberem,
1811 5149 1898 5216 qui
1919 5149 2003 5203 vel
2032 5150 2376 5227 prmtermissi
2406 5149 2474 5204 ab
2499 5150 2618 5204 aliis
2639 5149 2880 5212 fuissent,
2900 5151 2984 5203 vel
3004 5149 3219 5218 antiqua
3245 5149 3564 5214 collectione
3583 5150 3836 5220 quapiam

576 5241 1178 5314 comprehenderentur,
1202 5253 1363 5309 quam
1382 5239 1622 5294 editores
1650 5237 1752 5308 ipsi
1780 5238 2086 5308 superiores
2111 5247 2204 5292 aut
2229 5239 2484 5296 vidissent
2512 5254 2807 5309 nunquam,
2839 5248 2932 5294 aut
2955 5255 3022 5295 ex
3051 5249 3234 5295 vetere
3260 5240 3444 5296 codice
3471 5241 3648 5296 minus
3664 5232 3842 5298 'accn-

577 5342 694 5389 rate
714 5333 1008 5402 descriptas
1034 5330 1469 5400 publicavissent.
1498 5326 1742 5397 Cumque
1773 5342 1986 5392 eorum,
2015 5327 2104 5396 qui
2135 5328 2292 5397 primi
2319 5330 2557 5384 omnium
2588 5328 2836 5384 homilias
2860 5329 3034 5384 sancti
3060 5328 3178 5397 ejus
3203 5329 3458 5383 antistitis
3488 5329 3627 5400 typis
3651 5329 3840 5399 vulga-

577 5431 724 5490 runt,
745 5421 1048 5478 diuturnam
1079 5411 1279 5475 iisdem'
1293 5418 1604 5488 colligendis
1629 5433 1848 5490 operam
1870 5425 2178 5482 navassent,
2205 5433 2368 5472 unum
2389 5417 2704 5472 Damianum
2732 5417 3050 5473 monachum
3079 5416 3480 5472 Benedictinum
3507 5419 3840 5475 Ascendieu-

575 5527 692 5572 sem
727 5511 890 5568 fuisse
915 5525 1251 5580 cognossem,
1279 5517 1441 5578 atque
1459 5507 1842 5578 comperissem
1862 5507 1978 5577 ejus
2004 5507 2402 5573 collectionem,
2427 5521 2586 5576 quam
2607 5509 2739 5578 ipse,
2773 5515 3066 5578 prmreptus
3091 5517 3284 5575 morte,
3305 5510 3552 5566 emittere
3581 5511 3634 5564 in
3665 5511 3841 5568 lucem
3869 5575 3880 5584 ,

575 5605 913 5678 nequiverat,
945 5619 976 5658 a
1003 5601 1210 5658 Joanne
1237 5601 1497 5674 Gymnico
1518 5601 1715 5656 editam
1743 5600 1957 5655 demum
1985 5583 2147 5654 fuisse
2183 5597 2424 5655 Coloniie
2449 5614 2591 5657 anno
2615 5598 2772 5667 1555,
2801 5601 2868 5655 ad
2906 5616 3025 5656 eam
3048 5601 3461 5672 pervolvendam
3492 5603 3840 5673 studioseqnn

575 5697 950 5765 exponendam
980 5707 1065 5751 me
1092 5693 1323 5760 contuli;
1353 5707 1419 5748 ac
1461 5691 1688 5763 legendo
1716 5689 2067 5746 animadverti
2097 5687 2228 5745 nihil
2269 5688 2326 5745 in
2353 5703 2417 5744 ea
2443 5703 2763 5760 comparare
2809 5689 3216 5746 annotationum
3265 5689 3529 5758 Damiani,
3557 5689 3652 5746 sed
3681 5690 3842 5766 hujus
