4050 6356
1080 279 1087 285 ⁴
1118 284 1388 296 ’.ς-η--άσυ---ρ

235 376 305 436 t!
804 322 815 341 ’
1637 346 1649 359 ’
1675 367 2054 431 ρηηενελτισ.
3443 360 3516 425 t8

236 490 350 549 ﬁeri
382 499 586 548 tantum
610 491 679 547 in
690 488 914 563 epistola
936 487 1267 546 dedicatoria
1290 504 1497 545 summa
1526 504 1646 543 cum
1676 488 1835 544 laude
1865 489 2215 547 mentionem.
2234 490 2523 555 propterea
2544 482 2691 551 quod
2716 476 3009 539 Ecelesiam
3040 479 3316 536 illustrarit
3342 479 3516 536 sancti

232 580 446 637 Maximi
478 581 823 638 Taurineusis
849 580 1122 650 operibus.
1154 579 1285 635 Inde
1312 595 1435 636 cum
1486 579 1750 635 editiones
1776 577 2055 642 Galesinii,
2089 576 2372 647 Theophili
2412 571 2693 647 Rayuaudi
2714 610 2731 639 ,
2777 573 3062 636 Gallandii,
3095 588 3350 644 perquam
3388 571 3514 628 dili-

232 680 421 742 genter
444 674 783 738 lustrassem;
815 687 1040 742 quaeque
1059 670 1287 726 ‘Maximi
1310 670 1550 741 ejusdem
1580 680 1927 726 monumenta
1954 670 2153 739 ingenii
2202 668 2483 739 sejunctint
2513 684 2543 721 a
2573 656 2784 722 caneris
2812 663 3095 720 ediderunt
3138 662 3513 731 Combelisius,

233 769 467 826 Joannes
495 768 852 832 Mabillonius,
878 766 1184 822 Ludovicus
1210 766 1472 821 Antonius
1492 764 1837 828 Muratorius.
1865 763 2179 820 Edmuzidus
2208 761 2505 817 Marteuius
2533 756 2694 831 (quid
2742 767 2923 813 autem
2951 772 3140 813 omnes
3184 770 3516 811 commemo-

234 862 448 933 rem?),
470 862 660 919 diurna
687 871 1060 929 nocturnaque
1081 875 1242 914 manu
1271 874 1599 924 versassem;
1630 858 1697 913 ad
1726 857 1925 926 scripta
1945 858 2184 911 virorum
2217 854 2531 916 illustrium,
2564 850 2804 906 historia:
2834 850 3141 918 critiechue
3164 847 3296 901 artis
3317 846 3516 917 perito-

234 948 353 1007 rum
387 952 708 1022 perlegenda
737 951 978 1005 animum
998 948 1188 1018 adjeci,
1218 949 1310 1019 qui
1339 957 1486 1005 certe
1506 949 1605 1004 viri
1635 948 1702 1004 de
1722 948 1997 1020 opusculis
2025 946 2197 1002 sancti
2226 945 2367 1001 illius
2394 943 2640 1016 praesulis
2661 958 2768 997 non
2790 949 3016 1011 egerunt
3040 940 3234 1006 solum,
3265 939 3358 994 sed
3388 937 3518 1008 quid
3594 1018 3601 1033 ε

234 1044 395 1099 etiam
419 1044 656 1112 judicato
676 1044 747 1098 sit
775 1060 912 1114 opus
939 1043 1349 1098 constituerunt.
1421 1045 1435 1057 ‘
2908 1096 2925 1117 .

306 1135 393 1189 IV.
435 1135 491 1191 In
513 1137 704 1192 horum
734 1144 861 1191 sunt
890 1151 1111 1190 numero
1137 1143 1258 1205 post
1276 1134 1614 1190 Geuuadium
1641 1143 1696 1187 ct
1725 1133 2020 1188 Honorium
2051 1131 2609 1201 Augustoduneusem,
2631 1128 2868 1185 Joannes
2896 1127 3240 1191 'I'rithemins,
3265 1125 3520 1180 Erasmus

238 1225 653 1290 Roterodamus,
684 1226 868 1280 Sixtus
895 1225 1167 1290 Senensis,
1186 1225 1416 1278 Latinus
1445 1222 1704 1288 Latinius,
1730 1222 1999 1278 Robcrtus
2020 1221 2308 1277 cardinalis
2334 1221 2709 1286 Bellarminus,
2731 1218 2912 1277 Caesar
2930 1217 3218 1274 cardiualis
3234 1216 3519 1278 Baronius,

238 1312 515 1395 Philippus
536 1314 802 1379 Labbeus,
822 1316 1069 1370 monachi
1092 1313 1427 1369 Beuedictini
1448 1313 1882 1381 congregationis
1902 1313 2084 1368 Sancti
2114 1311 2282 1367 Mauri
2296 1319 2606 1367 sanctorum
2618 1311 2889 1367 Ambrosii
2916 1316 2972 1365 et
2990 1309 3273 1376 Augustini
3293 1322 3521 1379 operum

239 1405 494 1473 editores,
514 1406 719 1460 Natalis
735 1404 1052 1471 Alexander,
1068 1406 1307 1461 Joannes
1317 1403 1566 1460 Albertus
1582 1404 1875 1471 Fabricius,
1889 1404 2208 1462 Guillelmus
2216 1404 2442 1471 Caveas,
2457 1404 2762 1462 Ludovicus
2774 1404 2919 1461 Elies
2930 1404 3207 1475 Dupinius,
3225 1401 3521 1458 Casimirus

238 1494 632 1569 Ondinus,|ng]
659 1496 1008 1551 Sebastianus
1035 1496 1423 1561 Tillemontius,
1458 1495 1748 1565 Remigius,
1774 1494 2071 1564 Ceillcrius,
2091 1497 2284 1554 Petrus
2310 1515 2374 1556 ac
2401 1498 2756 1571 Hieronymus
2777 1495 3049 1552 Ballariuii
3079 1493 3291 1559 fratres,
3322 1493 3522 1561 aliique

241 1604 379 1657 quos
410 1604 476 1643 ne
506 1590 782 1644 nominare
802 1590 1018 1659 quidem
1048 1597 1235 1654 vacat;
1258 1604 1483 1660 quorum
1512 1596 1689 1644 tamen
1717 1588 1908 1645 studiis
1936 1591 2220 1660 plurimum
2243 1589 2558 1662 profecisse,
2578 1591 2751 1647 libens
2768 1597 3057 1661 gratusque
3076 1585 3356 1658 proﬁteor.
3380 1582 3517 1638 Nam

244 1675 431 1746 primo,
462 1694 558 1732 cur
577 1676 808 1732 Maximo
833 1677 1013 1748 plures
1033 1677 1278 1734 homilias
1297 1693 1680 1747 sermonesque
1700 1680 1936 1750 acceptis
1966 1679 2154 1736 referri
2170 1689 2461 1752 opportere
2486 1690 2801 1746 statuerem,
2833 1680 2957 1737 fecit
2976 1693 3180 1735 summa
3202 1675 3518 1734 earumdem

240 1766 473 1821 virorum
504 1768 557 1821 in
587 1767 689 1822 illis
709 1769 981 1838 opusculis
1008 1767 1240 1823 Maximo
1271 1768 1370 1839 ipsi
1393 1769 1721 1826 ascribendis
1748 1773 2053 1828 consensio.
2069 1771 2337 1840 Secundo,
2354 1781 2413 1828 ut
2432 1782 2621 1831 sancto
2646 1774 2820 1831 eidem
2844 1773 3069 1829 antistiti
3085 1786 3248 1842 opera
3272 1769 3516 1839 quaedam

239 1871 378 1909 nunc
406 1855 620 1911 demum
646 1866 860 1928 reperta
885 1858 1232 1924 ascriberem,
1256 1859 1307 1913 hi
1339 1875 1426 1914 me
1448 1860 1547 1930 ipsi
1574 1872 1960 1931 permoverunt
1991 1864 2302 1934 scriptores,
2325 1865 2418 1934 qui
2445 1865 2548 1920 etsi
2577 1866 2664 1920 illa
2691 1881 2799 1921 non
2826 1865 3088 1928 viderant,
3120 1862 3262 1918 docti
3284 1868 3462 1917 tamen
3484 1876 3517 1915 a

239 1946 546 2020 majoribus,
576 1949 713 2004 satis
750 1949 1017 2020 explicate
1036 1949 1337 2003 ‘tribuenda
1378 1965 1499 2006 esse
1535 1950 1766 2007 Maximo
1806 1952 2158 2008 tradiderunt.
2191 1952 2395 2018 Tertio,
2432 1954 2499 2009 ab
2535 1953 2723 2009 iisdem
2755 1970 2842 2009 me
2873 1946 3223 2024 scriptoribus
3263 1951 3516 2007 didicisse

239 2037 425 2105 lateor,
453 2053 612 2108 quam
634 2040 793 2094 fuerit
814 2039 1098 2107 singularis
1123 2040 1293 2094 sancti
1316 2038 1662 2098 Taurinensis
1678 2042 1914 2114 episcopi
1938 2042 2161 2098 famdtas
2179 2043 2548 2099 habendarum
2574 2059 2639 2099 ex
2666 2054 2912 2115 tempore
2936 2044 3289 2107 concinnum;
3318 2057 3514 2111 quam-

236 2130 421 2186 obrem
452 2130 644 2186 mirum
675 2146 781 2186 non
830 2146 969 2195 esse,
999 2130 1045 2186 si
1077 2138 1224 2185 tanta
1253 2138 1337 2186 est
1385 2147 1694 2188 sermonum
1721 2132 1983 2202 ejusmodi
2015 2133 2464 2204 homiliarumque
2493 2135 2573 2189 vis
2592 2143 2754 2204 atque
2781 2134 2957 2204 copia,
2988 2149 3107 2204 qua:
3133 2131 3348 2187 Maximi
3376 2130 3519 2200 ejus-

236 2222 358 2277 dem
399 2223 660 2290 insiguita:
688 2223 797 2278 sint
823 2223 1060 2277 nomine.
1093 2221 1318 2289 Quarto,
1355 2232 1527 2278 testor
1564 2223 1815 2293 denique,
1846 2240 2034 2279 eormn
2079 2239 2165 2279 me
2204 2225 2528 2295 scriptorum
2575 2224 2900 2293 adjumentis
2936 2225 3088 2294 plura
3129 2224 3299 2279 sancti
3345 2221 3515 2277 nostri

240 2315 479 2381 praesulis
516 2315 656 2376 loca,
688 2329 809 2383 quae
838 2313 977 2368 fmde
1014 2322 1139 2368 ante
1179 2315 1363 2368 vitiata
1401 2314 1631 2381 fuerant,
1663 2317 1985 2371 correxisse.
2023 2317 2141 2383 Quo
2173 2317 2226 2371 in
2254 2331 2452 2385 genere
2485 2315 2694 2370 Erasmi
2719 2315 3080 2385 potissimum,
3120 2312 3291 2366 Latini
3321 2310 3516 2365 Latinii

243 2404 622 2470 Viterbiensis,
669 2406 1055 2459 monachorum
1119 2404 1586 2459 Benedictinorum
1634 2408 2066 2475 congregationis
2107 2397 2290 2461 Sancti
2330 2406 2520 2473 Maui-i,
2567 2406 2896 2475 fratrumque
2939 2404 3347 2460 Ballariniorum
3390 2400 3520 2456 mihi

237 2493 416 2548 studia
445 2493 781 2563 profuerunt.
814 2493 988 2562 Atque
1016 2494 1242 2559 Erasmi,
1281 2511 1402 2564 qua:
1430 2495 1585 2550 fuerit
1619 2497 1671 2550 in
1703 2499 1974 2567 opusculis
2006 2498 2221 2553 Maximi
2248 2499 2658 2567 distinguendis,
2698 2507 2754 2554 et
2788 2498 2855 2554 ad
2884 2497 3279 2566 manuscriptos
3306 2494 3520 2549 codices

232 2584 515 2654 exigendis
551 2584 828 2650 industria,
865 2585 1086 2654 intelligi
1121 2600 1337 2660 cumex
1364 2585 1481 2640 aliis
1502 2603 1637 2641 sane
1657 2587 1856 2650 niultis,
1890 2595 2000 2641 tum
2032 2605 2100 2643 ex
2131 2587 2395 2645 Casimiro
2417 2588 2629 2657 Oudino
2651 2597 2848 2659 potest,
2879 2588 2969 2658 qui
3002 2588 3054 2642 in
3076 2588 3250 2641 altero
3277 2586 3342 2638 de
3369 2583 3519 2639 Srri~

230 2674 473 2737 oloribus
493 2675 863 2728 ecclesiasticis
903 2683 1048 2730 tome
1079 2676 1225 2731 edito
1245 2676 1583 2733 Francofurti
1612 2694 1756 2733 anno
1792 2678 1924 2731 I722
1956 2680 2023 2734 de
2050 2680 2287 2737 editione
2316 2680 2548 2752 Operum
2576 2682 2747 2736 sancti
2774 2678 3042 2734 Ambrosii
3072 2675 3518 2733 IIoterodamensi

232 2778 383 2818 anno
414 2762 566 2825 I527,
596 2770 770 2832 empta
801 2764 868 2818 ab
902 2762 1127 2819 Erasmo
1154 2766 1269 2835 ipso
1299 2774 1461 2836 atque
1489 2767 1558 2821 ab
1582 2766 1811 2823 Custero
1835 2760 2090 2838 perfecta,
2116 2771 2407 2836 disserens,
2438 2777 2637 2842 praeter
2663 2780 2858 2826 caetera
2891 2788 2903 2823 :
2944 2788 2961 2821 ι
2993 2767 3296 2831 Orationes,
3328 2765 3518 2835 inquit,

231 2853 494 2923 epistolas
522 2860 577 2907 et
604 2853 892 2908 conciones
920 2852 986 2907 ad
1017 2855 1290 2925 populum,
1316 2856 1508 2910 breves
1535 2857 1931 2927 complectitur,
1961 2873 2095 2928 quas
2120 2860 2332 2914 ultimas
2361 2859 2618 2914 Erasmus
2648 2859 2779 2913 nihil
2808 2858 3088 2913 addubitat
3122 2872 3240 2912 esse
3268 2856 3516 2926 supposi-

230 2946 405 3011 titias,
429 2946 480 3000 in
513 2961 619 3015 qua
649 2946 777 3000 nihil
811 2947 925 3016 ipse
954 2946 1319 3003 Ambrosianum
1348 2964 1516 3013 venae,
1552 2948 1742 3017 inquit,
1774 2957 1832 3003 ut
1857 2951 2019 3005 etiam
2050 2951 2288 3007 Joannes
2314 2950 2572 3007 Custcrus
2602 2952 2654 3006 in
2686 2950 2921 3006 editione
2944 2965 3166 3021 cperum
3193 2949 3361 3003 sancti
3392 2948 3517 3002 Ain-

229 3035 426 3101 brosii,
457 3036 562 3105 qui.
578 3050 766 3091 omnes
786 3036 1007 3091 omnino
1032 3045 1221 3092 sancto
1250 3036 1484 3092 Maximo
1505 3037 1821 3093 Taurinensi
1851 3028 2125 3110 episcopo,
2156 3048 2268 3096 tum
2297 3057 2364 3096 ex
2385 3057 2512 3096 mss.
2539 3041 2786 3097 e‘odiCuln
2817 3039 2943 3105 ﬁde,
2974 3047 3085 3095 tum
3123 3055 3190 3094 ex
3219 3036 3516 3107 impressis,

226 3127 502 3182 attribuit.
550 3148 568 3179 ι
603 3127 679 3183 De
708 3126 900 3184 Latino
920 3127 1132 3184 Latinio
1158 3130 1263 3185 hoc
1290 3129 1455 3185 breve
1483 3130 1675 3186 dicam.
1711 3131 1759 3186 ls
1785 3132 2030 3187 absoluta
2054 3132 2289 3203 Operum
2318 3133 2654 3199 Tertulliani,
2698 3134 2752 3189 in
2792 3134 2988 3203 quibus
3023 3131 3357 3200 colligendis.
3396 3131 3517 3185 illn-

222 3218 577 3288 strandisque
604 3217 929 3285 diuturnam,
962 3235 1191 3291 eamque
1215 3219 1523 3289 diligentem
1552 3234 1775 3291 cperam
1804 3220 2113 3291 collocarat,
2143 3224 2410 3291 editione;
2434 3240 2554 3280 cuzn
2580 3224 2843 3294 Gregorio
2870 3222 2983 3278 XIII
3013 3223 3253 3295 pontiﬁci
3281 3222 3516 3278 maximo

223 3311 727 3380 obtemperaturus,
751 3316 873 3365 Sese
900 3308 967 3363 ad
993 3309 1362 3373 tractationes,
1405 3319 1565 3378 atque
1605 3310 1862 3381 epistolas
1901 3313 2074 3368 sancti
2099 3313 2353 3385 Cypriani
2381 3323 2650 3378 accurate,
2681 3329 2744 3369 ac
2773 3307 2984 3377 ordine,
3009 3312 3145 3381 juris
3186 3328 3396 3366 rursum
3441 3310 3517 3365 fa-

218 3401 455 3457 ciendas
482 3401 703 3471 publici,
741 3403 1126 3466 convertisset;
1171 3416 1498 3471 magnasque
1540 3402 1663 3457 inde
1705 3412 1892 3458 nactus
1931 3411 2072 3459 esset
2114 3406 2546 3475 opportunitates
2588 3404 2959 3474 legendorum,
3004 3400 3516 3457 consideramlorum

216 3494 787 3565 expone-itlorumque
809 3500 1135 3562 eorum-qua:
1156 3494 1247 3549 alii
1270 3510 1376 3549 non
1399 3495 1553 3565 pauci
1583 3493 1771 3552 Patres
1792 3497 2090 3553 litterarum
2121 3498 2439 3553 mandaram
2466 3497 2848 3558 monumentis,
2873 3496 3038 3549 multa
3069 3495 3138 3549 ab
3162 3511 3220 3549 se
3242 3495 3293 3548 in
3326 3494 3516 3548 iisdem

216 3583 610 3639 animadversa
654 3582 706 3636 in
745 3582 1175 3639 Commentarios
1211 3584 1412 3648 retulit,
1454 3584 1544 3653 qui
1582 3600 1724 3640 anno
1755 3587 1972 3642 tandem
2012 3586 2148 3641 1676
2178 3588 2317 3658 typis
2349 3588 2548 3656 vulgati
2577 3587 2792 3641 fuerunt
2830 3587 2934 3642 hoc
2966 3586 3120 3642 titulo
3154 3605 3165 3640 :
3200 3585 3518 3642 Bibliotheca

213 3698 379 3736 sacra
406 3689 457 3734 et
480 3681 728 3751 profana.
755 3678 867 3733 Hac
889 3679 941 3733 in
972 3679 1301 3734 Bibliotheca
1328 3695 1448 3734 cum
1470 3680 1719 3735 homilias
1739 3680 2019 3747 quasdam,
2048 3678 2165 3749 t'juc‘e
2193 3688 2287 3735 aut
2309 3680 2476 3735 titulis
2499 3687 2765 3743 carerent,
2798 3687 2891 3734 aut
2919 3679 3297 3757 pseudonyma:
3316 3688 3517 3741 essent,

210 3771 469 3832 restituit
499 3772 767 3837 Maximo;
800 3779 910 3826 tam
934 3788 1028 3827 eas
1047 3773 1210 3828 variis
1232 3772 1283 3827 iu
1308 3773 1439 3828 locis
1458 3774 1865 3827 amanuensium
1896 3773 2027 3827 vitio
2048 3775 2329 3842 corruptas
2350 3772 2653 3827 emendavit
2674 3781 2797 3843 apte
2817 3773 2883 3828 ad
2909 3772 3064 3829 ﬁdem
3086 3773 3521 3844 pncstantiormu

208 3871 479 3927 codicum
511 3867 1029 3936 manuscriptoi-um;
1055 3866 1359 3936 effecitque,
1392 3875 1450 3921 ut
1477 3867 1693 3936 prodire
1744 3859 1795 3922 i'u
1830 3867 2110 3923 hominum
2158 3867 2350 3934 lucem,
2380 3868 2669 3937 genuinum
2703 3869 2934 3925 nitorem
2966 3875 3245 3929 assecuta:,
3270 3875 3513 3935 possent.

211 3961 358 4016 Post
381 3956 647 4012 monachi
679 3954 1008 4010 Benedictini
1037 3956 1472 4024 congregationis
1495 3956 1676 4012 Sancti
1707 3956 1875 4012 Mauri
1906 3957 1958 4012 iu
1987 3958 2372 4030 appendicibus
2394 3958 2461 4015 ad
2494 3975 2659 4031 opera
2688 3960 2860 4016 sancti
2893 3958 3178 4023 Ambrosii,
3210 3954 3342 4030 [xvi]
3369 3965 3422 4010 et
3450 3957 3517 4011 ad

206 4054 487 4110 Volumeu
522 4049 567 4103 ν
595 4049 829 4121 Operam
858 4052 1029 4105 sancti
1064 4051 1362 4120 Augustini,
1394 4051 1651 4121 quidquid
1678 4051 1974 4107 attulerunt
2002 4052 2344 4108 homiliarum
2372 4061 2536 4124 atque
2571 4068 2881 4109 sermonum
2923 4050 3159 4115 Maximi,
3191 4066 3299 4105 non
3331 4034 3516 4112 modo,

199 4164 382 4219 quam
417 4152 746 4218 potuerunt,
778 4144 1189 4213 castigatissime
1217 4143 1400 4200 formis
1428 4145 1618 4201 excudi
1647 4153 1922 4209 curarunt,
1953 4146 2048 4202 sed
2077 4147 2338 4218 appositis
2360 4148 2523 4204 etiam
2553 4146 2736 4212 variis,
2758 4161 2893 4216 quas
2915 4145 2968 4199 in
2994 4145 3217 4199 vetustis
3241 4144 3516 4199 codicibus

197 4234 724 4310 deprehenderant,
770 4234 1106 4300 lectionibus,
1155 4234 1522 4302 ostenderunt,
1552 4250 1673 4304 qua:
1700 4244 1902 4297 essent,
1947 4235 2182 4305 ipsorum
2229 4235 2447 4304 quidem
2483 4234 2704 4304 judicio,
2732 4234 2988 4304 potiores.
3021 4232 3138 4300 Qua
3171 4232 3222 4286 in
3251 4248 3308 4287 re
3334 4231 3512 4296 video,

197 4328 650 4386 Ballariniorum
669 4324 721 4378 iu
750 4323 1044 4395 appendice
1067 4324 1135 4379 ad
1156 4340 1434 4380 sermones
1460 4325 1632 4380 sancti
1658 4324 1854 4381 Leonis
1882 4325 2215 4395 diligentiam
2245 4326 2409 4382 fuisse
2430 4342 2635 4395 parem.

272 4417 344 4476 V.
380 4420 598 4476 Verum
626 4416 837 4472 tametsi
862 4416 1213 4486 scriptoribus
1238 4430 1376 4484 quos
1401 4429 1563 4486 supra
1591 4418 1862 4472 nominavi
1887 4418 2193 4488 plurimum,
2219 4419 2293 4473 uti
2324 4434 2410 4473 me
2431 4418 2629 4474 dixisse
2658 4419 2896 4483 memini,
2924 4417 3170 4482 debeam,
3195 4433 3300 4472 non
3333 4425 3512 4473 tamen
3582 4422 3591 4475 ἱ

194 4511 342 4569 adeo
386 4510 460 4565 iis
489 4520 624 4565 esse
652 4503 782 4558 mihi
825 4502 1174 4559 insistendum
1217 4505 1418 4573 putavi,
1449 4505 1580 4575 quin
1626 4505 1741 4575 ipse
1774 4520 1991 4576 quoque
2028 4506 2245 4563 codices
2272 4522 2437 4562 manu
2466 4515 2720 4563 exaratos
2758 4507 3154 4577 eonquirerem,
3188 4505 3511 4568 invenirem,
3581 4500 3587 4567 ἶ

193 4607 472 4677 legerem,
501 4602 767 4672 ipsosque
798 4599 938 4653 inter
956 4614 1017 4654 se
1041 4596 1374 4662 conferrem;
1399 4598 1483 4653 vel
1508 4599 1551 4653 si
1579 4606 1853 4655 exstarent
1874 4600 1926 4654 in
1949 4600 2160 4655 urbium
2186 4600 2544 4661 bibliothecis,
2560 4615 2678 4668 qua:
2700 4600 2826 4654 hinc
2845 4606 3026 4654 essent
3048 4596 3252 4664 magnis
3268 4597 3509 4650 locorum

195 4672 516 4756 intervallis
546 4689 856 4759 disjunetm,
881 4704 911 4743 a
941 4687 1090 4754 viris,
1112 4702 1342 4756 quorum
1373 4687 1425 4742 in
1447 4688 1593 4744 hisce
1612 4687 1805 4743 studiis
1830 4688 2157 4744 existimatio
2180 4688 2405 4754 insignis
2429 4695 2594 4750 esset,
2618 4685 3078 4755 pervolverentur,
3106 4692 3270 4752 atque
3289 4683 3357 4736 ad
3388 4699 3507 4749 nos,
3578 4672 3586 4741 ἒ

192 4791 239 4845 si
267 4786 409 4858 quid
438 4785 498 4839 in
531 4778 821 4838 codicibus
850 4776 1037 4833 iisdem
1056 4785 1202 4832 esset
1224 4776 1616 4847 deprehensum
1636 4778 1704 4832 ab
1728 4777 1956 4845 vulgatis
1984 4776 2311 4831 editionibus
2337 4775 2669 4844 discrepans,
2701 4773 3012 4830 referretur.
3043 4773 3298 4830 Codicum
3330 4783 3512 4831 autem
3576 4770 3584 4841 ξ

190 4878 474 4953 ejusmodi
518 4872 835 4949 praecipuos
869 4885 990 4926 esse
1017 4871 1247 4938 cognovi
1276 4870 1497 4925 omnino
1537 4879 1667 4925 tres.
1698 4868 1899 4923 Horum
1929 4877 2013 4922 est
2040 4867 2190 4936 prior
2217 4867 2530 4921 monasterii
2560 4866 2744 4923 Sancti
2771 4864 2908 4921 Galli
2938 4866 3076 4936 apud
3102 4865 3402 4933 Helvetios;
3443 4867 3511 4922 de

187 4990 305 5045 quo
332 4970 576 5041 quidem
606 4959 802 5020 codice
829 4962 943 5017 hate
971 4960 1038 5015 ad
1066 4976 1167 5016 nos
1198 4959 1257 5014 P.
1290 4959 1351 5013 D.
1383 4959 1603 5027 Magnus
1624 4956 2100 5029 IIungenblykcrus
2116 4956 2488 5012 San-Gallensi
2508 4955 2844 5013 bibliothecae
2870 4955 3169 5025 praefectus,
3206 4957 3505 5013 monachus

188 5062 472 5137 imprimis
495 5053 779 5117 eruditus,
811 5051 967 5107 nonis
992 5050 1259 5106 Januariis
1287 5066 1432 5106 anno
1469 5048 1607 5103 I779
1627 5049 1871 5113 comiter,
1904 5049 1981 5103 uti
2010 5049 2169 5111 solet,
2202 5048 2435 5119 scripsit,
2467 5048 2717 5104 assentiri
2748 5064 2806 5104 se
2834 5047 3029 5104 Joanni
3064 5047 3374 5103 Mabillonio
3404 5049 3504 5104 im-

188 5157 415 5215 mortali
442 5147 728 5210 memoria
750 5146 887 5211 viro,
911 5153 968 5202 et
986 5145 1214 5201 Martiae
1229 5144 1494 5201 Gcrberto
1515 5143 1694 5199 abbati
1721 5142 2033 5201 doctissimo
2058 5144 2242 5200 Sancti
2271 5143 2453 5209 Blasii,
2484 5144 2767 5212 eidemque
2788 5144 3037 5214 principi,
3065 5142 3305 5199 codicem
3332 5144 3506 5214 ipsum

189 5246 705 5305 membranaceum
733 5230 939 5292 iu-lolio
958 5237 1151 5293 litteris
1178 5235 1599 5305 Longobardicis
1626 5244 1905 5292 exaratum
1934 5252 2041 5293 non
2075 5252 2194 5293 esse
2220 5244 2416 5292 octavo
2439 5237 2636 5292 steculo
2664 5236 3020 5292 recentiorem
3051 5235 3348 5302 aientibus;
3379 5251 3504 5292 eum

187 5344 387 5400 codice
416 5340 573 5395 falso
604 5329 789 5388 sancti
842 5329 1122 5398 Augustini
1174 5329 1428 5399 praeferre
1456 5343 1683 5394 nomen;
1715 5328 1848 5383 nihil
1878 5330 2035 5389 enim
2069 5344 2137 5385 eo
2174 5327 2439 5385 contineri
2487 5327 2830 5383 homiliarum
2866 5336 2958 5382 aut
3003 5341 3335 5391 sermonum,
3363 5329 3507 5397 quod

187 5442 489 5506 acceptum
534 5421 857 5492 Augustino
883 5420 953 5474 sit
983 5418 1353 5483 referendum;
1385 5426 1635 5474 constare
1664 5418 1717 5473 id
1755 5418 1961 5475 scilicet
1987 5434 2053 5474 ex
2083 5419 2255 5474 altero
2282 5416 2525 5486 ejusdem
2554 5417 2895 5473 bibliotheca:
2932 5418 3059 5472 noni
3104 5419 3283 5480 accepti
3320 5417 3508 5473 codice

186 5505 652 5591 Langobardicis
683 5507 1248 5565 itemvcharacteribus
1283 5507 1484 5577 scripto
1511 5508 1596 5563 cui
1627 5509 1741 5563 hanc
1772 5516 1859 5563 est
1890 5508 2104 5578 praeﬁxa
2134 5507 2429 5578 epigraphe
2457 5523 2470 5559 :
2512 5505 2867 5562 Hostiliorum
2897 5506 3122 5562 ﬂamina
3160 5510 3386 5579 episcopi
3415 5524 3508 5577 per

185 5627 358 5675 totum
388 5623 613 5669 anitum
642 5603 719 5656 de
744 5600 962 5656 diversis
991 5597 1357 5669 festivitatibus
1379 5598 1615 5654 volumen
1644 5600 1793 5654 valde
1822 5608 1985 5653 vetus.
2020 5600 2150 5655 Nam
2178 5614 2299 5655 eum
2329 5597 2532 5654 eadem
2551 5612 2774 5667 prorsus
2800 5597 3032 5654 homilias
3065 5598 3117 5652 in
3147 5598 3251 5652 hoc
3268 5603 3431 5662 atque
3453 5596 3507 5650 in

185 5709 505 5777 vetustiore
538 5698 642 5755 illo
666 5691 863 5756 codice
890 5691 1289 5751 contineantur.
1326 5704 1519 5757 magno
1548 5689 1600 5742 id
1627 5699 1773 5745 certe
1808 5699 2123 5758 argumento
2159 5706 2280 5746 esse
2301 5695 2813 5758 oportere,.errasse
2834 5689 3182 5744 vehementer
3206 5684 3504 5753 librarium,

186 5775 737 5871 imi—opusculorum
770 5780 981 5836 Maximi
1012 5779 1362 5849 Augustinum
1384 5778 1720 5834 constituerit
1751 5790 2042 5836 auctorem.
2070 5781 2124 5838 In
2146 5797 2223 5838 eo.
2242 5794 2406 5850 porro
2428 5776 2687 5834 dissidere
2712 5796 2741 5835 a
2770 5779 3080 5836 Habillonio
3110 5792 3187 5839 sc,
3217 5775 3360 5841 tl“0d
3390 5778 3504 5848 ipsa
