4050 6356
475 323 477 330 ·
535 293 600 350 If)
1979 299 2074 358 PR

2206 303 2359 360 me.
3245 295 3260 316 ‘
3729 307 3805 376 20

532 409 778 464 homilias
807 407 1018 464 Maximi
1042 424 1146 462 non
1182 409 1300 478 plus
1328 410 1616 479 nonaginta
1644 412 1696 464 in
1726 419 1956 483 utroque
1986 416 2078 469 illo
2101 416 2286 474 codice
2326 425 2590 484 numeret,
2621 417 2962 474 Mabillonius
2985 431 3120 476 vero
3151 427 3360 492 septem
3388 435 3452 476 ac
3484 430 3799 492 nonaginta.

428 503 432 508 ’
531 500 636 557 Sed
674 517 772 556 cur
799 502 870 554 ita
900 499 1238 556 Mabillonius
1265 502 1553 570 censuerit,
1585 504 1724 560 hanc
1761 519 1923 560 unam
1954 504 2120 562 fuisse
2159 523 2399 576 causam,
2431 508 2579 578 quod
2607 508 2675 566 de
2709 511 3060 566 sacramentis
3089 510 3256 566 libros
3283 517 3512 581 septem,
3542 511 3636 582 qui
3674 511 3803 569 Am-

533 599 734 668 brosio,
764 602 955 667 minus,
989 610 1048 656 ut
1072 602 1332 668 arbitror,
1355 612 1520 668 recte,
1557 602 1756 658 ascribi
1798 603 2053 666 solerent,
2089 604 2310 660 totidem
2333 620 2453 660 esse
2480 603 2696 660 Maximi
2725 605 2974 660 bomilias
2998 605 3340 668 existimarit,
3373 618 3480 674 qua
3509 603 3578 660 de
3612 605 3805 662 re‘alio

535 692 780 763 equidem
812 695 934 750 loco
963 703 1268 765 opportune
1303 693 1505 750 videro.

603 785 690 840 Vl.
727 786 877 841 Alter
905 795 988 842 est
1016 785 1429 856 pnecipuorum,
1451 800 1587 855 quos
1608 785 1738 848 dixi,
1770 787 1941 841 codex
1967 785 2326 844 Nonantulani
2352 783 2479 842 olim
2501 786 2812 842 monasterii
2843 787 2896 841 in
2916 799 3054 854 agro
3087 783 3393 848 Mutinensi,
3435 800 3578 840 nunc
3608 784 3804 841 Bonna-

533 895 614 934 na:
641 878 980 936 bibliothecae
1000 877 1436 934 Cisterciensium
1464 879 1851 936 monachorum
1891 879 2101 935 Sanctae
2130 878 2318 938 Crucis
2351 881 2404 934 in
2432 868 2750 936 Jerusalem.
2776 878 2844 934 Et
2871 881 2917 937 is
2940 878 3110 935 codex
3144 877 3586 935 membranaceus
3623 879 3802 936 in—fol.

533 982 751 1030 notatus
805 992 954 1031 num.
1013 977 1081 1032 90
1105 1021 1118 1045 ,
1172 988 1228 1034 ut
1283 978 1432 1034 frons
1486 980 1722 1035 exterior
1767 980 2056 1036 voluminis
2099 981 2349 1046 exhibet,
2381 995 2684 1050 quanquam
2725 979 2869 1035 intus
2905 991 3056 1049 pag.,
3084 975 3110 1030 1
3141 991 3252 1047 prae
3292 991 3352 1031 se
3391 989 3672 1032 numerum
3706 975 3808 1031 134

533 1065 694 1132 ferat;
749 1070 1063 1138 ueterisque
1111 1071 1229 1141 ejus
1288 1072 1624 1128 bibliotheae
1677 1070 1950 1126 codicibus
2003 1083 2062 1125 ut
2113 1071 2458 1142 antiquitate,
2523 1073 2594 1126 ita
2651 1067 2825 1144 [xvn]
2879 1069 3213 1144 accuratiore
3272 1069 3549 1137 scriptura:
3600 1067 3806 1124 ratione

533 1156 946 1228 integritateque
1000 1164 1286 1232 praecellit,
1343 1173 1658 1234 spectatque
1713 1163 1781 1218 ad
1845 1179 1916 1219 vn
1972 1165 2055 1218 vel
2115 1179 2382 1220 summum
2441 1163 2508 1218 ad
2561 1180 2652 1219 vui
2703 1162 2957 1220 Ecclesite
3007 1161 3281 1219 steculum.
3341 1161 3542 1217 Ductus
3604 1161 3807 1216 littera-
3844 1170 3857 1174 ’

533 1267 650 1304 rum
703 1253 754 1306 in
793 1269 861 1309 eo
888 1253 1164 1314 Rullianus
1201 1268 1302 1326 est,
1345 1261 1542 1323 aetatis,
1586 1268 1645 1314 ut
1699 1259 1867 1324 aiunt,
1921 1258 2171 1316 secundae
2216 1258 2490 1330 paululum
2535 1271 2761 1326 vergens
2815 1255 2882 1310 ad
2929 1252 3412 1322 Longohardicum.
3463 1253 3509 1309 A
3547 1267 3671 1326 pag.
3706 1252 3809 1308 429

534 1347 600 1403 ad
637 1347 740 1400 169
795 1351 1072 1420 sexaginta
1107 1342 1299 1424 partim
1357 1356 1621 1420 homilias,
1651 1357 1847 1427 partim
1898 1371 2178 1413 sermones
2226 1356 2619 1427 complectitur,
2671 1353 2738 1409 de
2791 1354 2986 1424 quibus
3033 1347 3486 1408 eminentissimus
3523 1345 3808 1412 cardinalis

535 1438 782 1502 [lesutius
828 1444 880 1498 in
937 1444 1110 1502 indice
1158 1446 1494 1527 bibliothecze
1543 1448 1756 1527 Sancta:
1797 1447 1984 1504 Crucis
2033 1450 2112 1504 sic
2149 1449 2338 1504 statuit
2371 1467 2382 1501 :
2429 1449 2705 1502 Auctorem
2745 1446 2955 1501 eosdem
2992 1441 3180 1498 habere
3219 1448 3453 1496 sanctum
3487 1435 3802 1502 Maximum,

536 1535 660 1590 mihi
699 1545 892 1594 certum
944 1549 1039 1595 est.
1101 1540 1252 1597 llunc
1297 1557 1398 1611 ego
1443 1544 1684 1600 codicem
1734 1559 1855 1600 cum
1902 1560 1932 1600 a
1978 1543 2287 1600 Mabillonio
2334 1542 2756 1610 Blanchinioque
2803 1538 3067 1595 celebrari
3120 1536 3380 1599 viderem,
3431 1548 3691 1604 perquam
3725 1531 3806 1587 di-

536 1623 762 1693 ligenter
803 1628 946 1696 legi,
996 1629 1227 1702 indeque
1283 1633 1562 1702 (adjutore
1623 1649 1749 1690 usus
1793 1633 2157 1689 eruditissimo
2198 1632 2693 1702 humanissimoque
2737 1628 2797 1684 P.
2841 1629 2905 1684 D.
2953 1628 3226 1700 Cypriano
3273 1625 3572 1680 Travacato
3619 1623 3807 1692 lingua:

535 1709 731 1768 firmae
760 1717 812 1770 in
836 1709 1051 1774 Sanctae
1091 1718 1280 1776 Crucis
1307 1721 1554 1777 emnohio
1602 1722 1924 1793 professors,
1957 1715 2256 1794 eodemque
2300 1723 2640 1778 bibliotheca:
2679 1721 2974 1778 doctissimi
3018 1718 3076 1774 Ρ.
3122 1717 3345 1774 Abbatis
3375 1715 3599 1770 Rancati
3631 1713 3806 1770 studio

538 1811 699 1870 atque
727 1820 890 1876 opera
920 1809 1227 1865 constitutae
1253 1811 1531 1884 przefecto)
1577 1815 1780 1870 contuli
1819 1831 1941 1870 cum
1971 1815 2144 1870 altero
2183 1813 2422 1884 ejusdem
2475 1813 2814 1872 bibliotheca:
2856 1813 2983 1866 item
3026 1809 3438 1864 membranaceo
3483 1807 3764 1874 in-quarto
3787 1842 3803 1866 ,

537 1893 768 1962 eleganti
798 1895 1044 1955 Romano
1068 1901 1304 1958 rotundo
1332 1905 1646 1960 charactere
1676 1907 1974 1976 perscripto
2002 1906 2206 1972 codice,
2228 1907 2320 1976 qui
2346 1920 2570 1961 numero
2599 1912 2682 1960 est
2707 1903 2795 1969 96,
2819 1902 2920 1958 etsi
2949 1904 3094 1957 intus
3117 1917 3266 1956 num.
3288 1907 3441 1969 gerat
3467 1897 3557 1963 67,
3587 1896 3802 1968 quique,

538 1992 675 2040 teste
702 1987 960 2055 cardinali
1002 1991 1250 2060 Besutio,
1283 1996 1348 2048 ad
1396 1999 1648 2053 saeculum
1693 1998 1942 2054 Ecclesia)
1979 2017 2051 2054 xu
2093 2001 2341 2071 pertinet.
2375 2001 2548 2070 Atque
2581 2001 2625 2055 is
2667 1997 2934 2054 secundus
2963 1996 3232 2051 recentior
3278 1991 3494 2064 quidem
3523 1999 3706 2056 certe,
3753 1997 3808 2044 at

538 2073 748 2164 plurimi
779 2087 956 2138 tamen
1001 2085 1312 2153 pendendus
1342 2088 1533 2153 codex,
1563 2090 1825 2160 principio
1855 2094 2175 2149 exorcismos
2220 2109 2374 2163 super
2414 2104 2789 2164 eucrgunteuos
2829 2088 3099 2152 continet;
3131 2084 3326 2142 deinde
3351 2084 3608 2156 epistolas
3633 2081 3806 2153 ponti-

541 2163 653 2220 licis
678 2172 896 2225 maximi
941 2173 1030 2237 Α..
1061 2175 1328 2239 videlicet,
1377 2187 1435 2235 ut
1464 2192 1564 2247 ego
1593 2180 1845 2248 arbitror,
1877 2180 2165 2238 Alexandri
2209 2181 2297 2247 ill,
2327 2183 2480 2245 duas,
2512 2196 2738 2250 quarum
2777 2187 2861 2234 est
2887 2178 3037 2249 prior
3064 2176 3130 2232 ad
3160 2175 3456 2232 monachos
3483 2171 3667 2229 Sancti
3705 2170 3808 2226 Be-

539 2255 736 2312 nedicti
777 2257 1224 2330 l’adilironcnses,
1259 2266 1426 2320 altera
1469 2269 1535 2324 ad
1564 2268 1628 2323 A.
1657 2270 1956 2326 antistitem
1986 2269 2287 2340 Rheginum
2313 2270 2458 2335 data,
2492 2276 2720 2338 utraque
2746 2277 2927 2325 autem
2955 2267 3155 2336 scripta
3186 2264 3285 2320 fuit
3311 2279 3474 2320 causa
3500 2259 3808 2317 dirimenda;

537 2357 677 2420 litis,
713 2373 832 2428 qua:
873 2362 938 2416 de
971 2371 1114 2416 curte
1154 2366 1326 2420 sancti
1353 2363 1571 2423 Cwsarii
1603 2367 1742 2422 inter
1768 2367 2062 2423 monachos
2089 2367 2307 2424 eosdem
2348 2367 2813 2432 Padilironenses,
2847 2373 2905 2420 et
2943 2362 3351 2419 Nonantulanos
3383 2368 3571 2416 exorta
3600 2360 3805 2425 fuerat;

538 2456 810 2516 postremo
839 2466 870 2504 a
897 2465 1017 2522 pag.
1052 2451 1086 2504 5
1111 2453 1176 2508 ad
1215 2453 1316 2508 165
1345 2457 1594 2512 boinilias
1620 2473 1967 2514 sermonesve
2004 2460 2176 2514 sancti
2204 2459 2422 2516 Maximi
2450 2458 2538 2516 96.
2569 2458 2628 2517 in
2663 2459 2856 2513 horum
2875 2464 3002 2511 sunt
3023 2469 3247 2512 numero
3275 2468 3552 2510 sermones
3578 2451 3806 2521 quadra-
3850 2533 3856 2539 θ

537 2539 684 2604 ginta
712 2547 768 2594 et
787 2549 930 2606 octo,
957 2541 1010 2597 in
1039 2543 1233 2612 quibus
1253 2545 1341 2604 vix
1361 2547 1649 2617 quidquam
1677 2547 2097 2619 deprehenditur
2122 2551 2189 2605 ab
2209 2550 2296 2616 iis,
2317 2565 2455 2621 quos
2482 2549 2552 2604 90
2580 2547 2751 2604 codex
2777 2545 3014 2608 exhibet,
3045 2543 3377 2613 discrepans.
3399 2541 3514 2598 Jam
3535 2555 3660 2596 vero
3681 2553 3804 2596 cuin

539 2628 594 2682 in
623 2635 866 2700 utroque-
879 2631 1064 2688 codice
1091 2634 1251 2689 iidem
1281 2639 1588 2692 sermonum
1615 2638 1752 2696 tituli
1782 2640 1889 2694 sint
1916 2641 2211 2710 eademque
2240 2641 2410 2705 initia,
2433 2639 2786 2700 dubitandum
2818 2653 2924 2694 non
2953 2645 3054 2701 est,
3085 2636 3215 2705 quin
3241 2643 3491 2706 oporteat
3515 2633 3805 2693 Maximum

540 2733 727 2774 eorum
753 2721 938 2778 haberi
961 2732 1258 2780 auctorem.
1291 2725 1412 2782 Fuit
1439 2728 1554 2785 haec
1581 2731 1709 2788 item
1731 2731 2018 2788 cardinalis
2046 2731 2267 2800 Besmii,
2293 2734 2370 2788 rei
2391 2734 2706 2804 antiquaria:
2729 2733 2870 2788 bene
2895 2731 3055 2802 periti
3083 2730 3348 2786 sententia
3367 2747 3383 2796 ;
3405 2724 3566 2798 quam
3591 2727 3807 2797 quidem

538 2813 861 2868 sententiam
894 2813 1051 2883 plane
1081 2816 1398 2872 conﬁrmant
1443 2833 1565 2887 qun:
1601 2819 1653 2876 in
1695 2820 1934 2878 secundo
1962 2821 2148 2879 codice
2187 2832 2313 2878 ante
2341 2823 2594 2884 homilias
2619 2835 3000 2890 sermonesque
3028 2821 3294 2890 leguntur.
3325 2819 3458 2874 Nam
3488 2819 3667 2888 priore
3687 2816 3806 2874 loco

543 2901 654 2956 hzcc
681 2911 803 2956 sunt
833 2902 883 2959 in
926 2903 1200 2978 proposita
1230 2907 1466 2960 carmina
1507 2926 1519 2962 :
3543 2906 3547 2910 ⁴

820 3053 848 3078 ⁵
888 3069 891 3072 ’
1277 3068 1405 3133 Ecce
1428 3068 1554 3133 liber
1581 3069 1778 3133 plenus,
1799 3080 1849 3121 et
1864 3085 2051 3122 summo
2076 3081 2274 3123 nectare
2293 3074 2432 3124 latus

1278 3130 1472 3194 Maximi
1490 3130 1658 3194 dictis,
1687 3130 1792 3181 riam
1812 3133 1990 3183 fertilis
2010 3137 2185 3184 emicat
2209 3135 2318 3184 illis.

1273 3191 1368 3258 ille
1383 3192 1596 3258 prudens
1610 3191 1786 3250 lector,
1810 3207 1994 3258 morum
2016 3197 2196 3258 virtute
2221 3203 2447 3258 repertor

1279 3253 1498 3316 Nutritur
1515 3253 1624 3316 cibo
1642 3268 1905 3316 puerorum
1927 3256 2052 3306 lacte
2071 3256 2278 3313 referto,

1275 3315 1437 3382 Atque
1455 3315 1566 3382 cibo
1587 3314 1942 3382 ﬁrmo,_perfect
1952 3318 1992 3366 is
2015 3319 2186 3382 utique
2209 3319 2390 3380 «ligno;

1277 3375 1329 3438 Si
1353 3375 1461 3426 vice
1483 3377 1545 3425 sit
1569 3375 1878 3438 prima'fOrtis
1894 3375 2119 3428 tractatio
2139 3381 2238 3429 visa
2257 3375 2270 3438 ζ

1273 3434 1380 3504 1300
1394 3434 1760 3504 tamenevitet,
1784 3441 1835 3504 si
1849 3440 2014 3501 lapsus
2031 3434 2268 3504 palpebra
2278 3442 2418 3500 vitet,

1278 3496 1511 3560 genique
1530 3501 1573 3548 si
1593 3496 1776 3560 studet,
1796 3501 1836 3548 si
1862 3496 2002 3550 triens
2020 3496 2268 3551 non'ebria
2301 3496 2457 3557 nutet.

1271 3557 1479 3610 Hauriat
1502 3559 1612 3610 hinc
1631 3557 1804 3623 magna
1829 3562 1990 3612 multis
2009 3563 2270 3614 virtutibus
2291 3575 2418 3624 apta.

541 3673 837 3730 Barbaricis
866 3677 1012 3731 hisce
1040 3681 1366 3737 carminibus
1408 3682 1620 3737 additur
1642 3700 1765 3743 mox
1795 3686 2057 3752 unefatio,
2103 3688 2188 3744 cui
2225 3689 2462 3745 succedit
2493 3690 2675 3746 titulus
2707 3709 2720 3744 :
2754 3689 3020 3764 Incipiunt
3043 3707 3332 3745 .sermones
3377 3691 3544 3744 sancti
3585 3684 3802 3742 Maximi

539 3765 876 3825 Taurinensis
901 3772 1158 3842 episcopi.

604 3857 717 3915 VII.
750 3860 856 3916 Sed
885 3863 1137 3932 quoniam
1159 3865 1227 3920 de
1255 3867 1529 3922 codicibus
1556 3869 1894 3926 bibliotheca:
1923 3871 2134 3932 Sancta?
2153 3872 2340 3929 Crucis
2359 3873 2536 3930 dicere
2562 3876 2840 3945 cmpimus,
2876 3891 2982 3928 non
3012 3875 3244 3930 alienum
3272 3873 3484 3927 videtur
3512 3885 3650 3934 esse,
3683 3870 3801 3924 bre-

536 3949 675 4004 viter
698 3948 766 4005 de
790 3951 1117 4009 lectionariis
1137 3954 1348 4010 duobus
1377 3957 1526 4013 libris
1544 3959 1635 4028 qui
1657 3961 1710 4014 in
1736 3960 1924 4014 eadem
1948 3969 2249 4028 servantur,
2273 3963 2557 4018 disserere.
2590 3964 2728 4020 Sunt
2752 3965 2805 4018 bi
2827 3965 3220 4020 membranacei
3252 3961 3488 4018 in-folio.
3520 3959 3799 4030 grandius-

533 4039 672 4096 cnlis
699 4041 1062 4111 semigothicis
1082 4085 1096 4108 ,
1139 4053 1198 4098 ut
1239 4045 1390 4100 aiunt
1414 4086 1431 4111 ,
1475 4047 1668 4103 litteris
1693 4050 1920 4104 exarati.
1950 4049 2243 4108 Continent
2281 4049 2452 4124 [xviii]
2494 4067 2773 4107 sermones
2797 4054 2968 4108 sancti
3007 4052 3221 4106 Maximi
3250 4051 3470 4106 omnino
3498 4047 3797 4104 duodecim.

537 4125 664 4185 Inde
690 4145 792 4200 ego
820 4132 974 4202 plura
1018 4133 1259 4204 decerpsi
1289 4135 1446 4206 plena
1477 4139 1722 4194 utilitatis
1747 4141 2014 4211 planeque
2042 4141 2200 4212 digna
2217 4183 2233 4206 ,
2273 4157 2394 4212 quae
2420 4143 2474 4198 in
2503 4143 2644 4200 hanc
2683 4154 2926 4199 nostram
2955 4145 3334 4199 collectionem
3361 4141 3801 4197 transferrentur.

607 4217 740 4273 Vill.
773 4219 982 4285 Restat,
1014 4230 1087 4276 .ut
1111 4223 1180 4278 de
1216 4224 1406 4281 codice
1433 4227 1640 4297 loquar,
1680 4243 1860 4298 quem,
1893 4246 2054 4302 supra
2079 4228 2298 4296 'monui,
2329 4231 2669 4288 statuendum
2710 4247 2830 4291 esse
2867 4235 3083 4290 tertium
3123 4235 3535 4306 praecipuorum.
3581 4230 3676 4286 Est
3713 4228 3801 4284 ille

537 4309 874 4393 bibliothecas
899 4312 1266 4370 Ambrosianus
1293 4315 1704 4375 Mediolanensis
1732 4319 1925 4376 litteris
1959 4305 2742 4393 Longobardicisperseriptus
2769 4332 2963 4380 octavo
2997 4323 3288 4380 Christiani
3315 4321 3548 4378 nominis
3583 4318 3798 4382 saeculo,

536 4392 881 4486 signatusque
911 4400 1091 4458 littera
1117 4402 1180 4468 C,
1211 4420 1358 4460 num.
1391 4405 1478 4462 98.
1522 4405 1686 4470 Pendi
1715 4417 1894 4466 autem
1925 4425 2046 4466 eum
2088 4427 2119 4466 a
2149 4413 2372 4466 summis
2401 4413 2530 4467 viris
2567 4392 2864 4484 permagni,
2907 4417 3202 4486 prmsertim
3239 4429 3370 4470 vero
3411 4428 3440 4467 a
3471 4408 3799 4472 Mahillunio,

535 4484 938 4562 Muratorioque
965 4490 1225 4561 intelligo.
1254 4491 1374 4561 Quo
1403 4497 1573 4566 magis
1598 4497 1888 4554 dolendum
1912 4509 2014 4564 est,
2047 4515 2295 4556 mancum
2326 4501 2498 4571 ipsum
2528 4504 2771 4572 pluribus
2793 4484 2928 4562 locis
2951 4521 3089 4571 esse.
3115 4513 3276 4576 atque
3305 4503 3459 4560 initio
3484 4499 3800 4573 postremis-

533 4593 639 4648 que
676 4581 884 4650 paginis
908 4593 1204 4640 carentem.
1235 4585 1370 4644 Hinc
1406 4589 1533 4645 ilan
1562 4599 1646 4645 est
1689 4591 2016 4646 incommodi
2053 4601 2422 4658 consecutum,
2464 4607 2524 4648 ut
2562 4597 2817 4665 opuscula
2845 4597 3088 4666 quietiam
3113 4595 3304 4652 eodem
3333 4593 3519 4651 codice
3551 4603 3800 4662 compre-

535 4673 722 4738 hensa,
747 4672 848 4727 nisi
875 4673 1058 4732 multis
1084 4679 1396 4747 magnisque
1421 4680 1530 4736 suis
1551 4680 1792 4750 partibus
1810 4679 2091 4747 diminuta,
2116 4680 2292 4742 efferri
2323 4683 2375 4744 in
2404 4681 2576 4738 lucem
2600 4686 2954 4754 nequiverint.
2981 4685 3055 4741 De
3073 4699 3182 4754 quo
3209 4683 3425 4754 quidem
3445 4680 3656 4745 codice,
3676 4693 3799 4734 cum

536 4780 604 4820 ex
631 4761 839 4820 Joanne
866 4765 1101 4836 Baptista
1131 4768 1336 4826 Branca
1365 4771 1482 4826 viro
1509 4787 1640 4827 sane
1666 4772 1831 4830 docto
1855 4786 1921 4828 ac
1951 4771 2213 4841 diligenti,
2235 4775 2326 4842 qui
2348 4781 2496 4829 tanta
2531 4776 2612 4832 sui
2639 4777 2796 4832 laude
2834 4777 3121 4843 substituti,
3151 4784 3214 4832 ut
3240 4777 3408 4842 aiunt,
3439 4773 3694 4846 praefecto
3721 4769 3802 4827 hi~

536 4853 819 4910 bliotheca:
839 4852 1075 4924 fungitur
1089 4873 1330 4924 munere,
1359 4861 1688 4928 qumsissem,
1705 4861 1783 4918 sic
1802 4864 1976 4934 reperi
1999 4883 2021 4918 .:
2049 4865 2368 4933 pertinuisse
2387 4866 2628 4924 codicem
2649 4868 2821 4938 ipsum
2845 4868 2972 4926 olim
3001 4866 3068 4923 ad
3092 4869 3477 4924 monasterium
3509 4865 3803 4926 Bobiense;

538 4942 802 4998 excidisse
828 4943 980 5012 inde;
1006 4961 1310 5016 magnoque
1336 4947 1424 5002 diu
1455 4958 1578 5019 post
1604 4951 1779 5019 pretio
1808 4954 1877 5008 ab
1923 4954 2351 5012 eminentissimo
2388 4959 2694 5028 eximiaque
2737 4959 2981 5015 doctrina
3010 4975 3074 5015 ac
3117 4960 3318 5015 virtute
3345 4939 3659 5015 clarissimo
3686 4956 3804 5010 viro

537 5033 796 5092 cardinali
817 5034 1105 5094 Frederico
1125 5038 1422 5094 Borromco
1443 5049 1655 5108 partum
1677 5040 1859 5108 fuisse,
1891 5044 2202 5114 illatumque
2234 5049 2288 5102 in
2308 5049 2675 5118 percelebrem
2701 5050 3108 5106 Ambrosianam
3129 5051 3530 5116 bibliothecam,
3553 5063 3673 5119 quas
3697 5062 3805 5102 non

536 5127 824 5184 Mediolani
865 5131 1059 5197 solum,
1089 5130 1185 5186 sed
1212 5129 1376 5185 Italite
1404 5131 1565 5186 etiam
1595 5132 1857 5190 universae
1885 5135 2094 5202 insigne
2120 5145 2203 5192 est
2243 5125 2408 5194 decus
2454 5147 2511 5193 et
2537 5149 2932 5196 ornamentum.
2963 5140 3256 5197 Sermones
3296 5141 3350 5196 in
3392 5141 3584 5196 eodem
3619 5139 3806 5196 codice

535 5223 738 5293 plures,
767 5222 863 5278 sed
898 5237 1147 5292 magnam
1178 5230 1386 5291 partem
1411 5222 1799 5292 deplorandum
1831 5225 1882 5280 in
1913 5226 2128 5281 modum
2165 5227 2465 5300 discerptus
2495 5238 2657 5300 atque
2693 5230 3001 5288 decurtatos
3037 5234 3206 5290 cerni.
3237 5233 3440 5289 Horum
3473 5231 3685 5301 aliquos
3710 5244 3808 5284 au-

536 5321 745 5370 ctorum
774 5315 990 5370 nomina
1018 5313 1302 5382 prtel'erre;
1327 5321 1552 5368 caeteros
1577 5321 1766 5370 contra
1789 5331 1896 5370 non
1927 5317 2073 5374 item.
2097 5316 2421 5376 Eorumdem
2439 5335 2562 5380 esse
2582 5323 2868 5381 nonnullos
2887 5326 3150 5396 ascriptos
3169 5323 3425 5380 Maximo.
3450 5323 3584 5378 Tam
3609 5321 3810 5378 veteris

535 5413 752 5475 tamque
780 5405 981 5472 egregii
1017 5404 1219 5460 codicis
1244 5403 1626 5473 przedicatores
1654 5421 1718 5460 ac
1757 5405 1994 5462 vindices
2023 5423 2130 5464 non
2162 5411 2295 5465 tanti
2340 5411 2456 5479 ejus
2483 5425 2604 5468 esse
2645 5414 2803 5473 Iidem
2841 5397 3048 5484 putare,
3077 5423 3138 5471 ut
3160 5430 3266 5470 una
3291 5415 3458 5486 ipsius
3483 5413 3811 5470 auctoritate

536 5494 816 5564 dijudicari
849 5493 1120 5562 statuique
1147 5493 1338 5562 possit.
1369 5493 1580 5547 cuinam
1611 5492 1828 5550 Patrum
1855 5511 2123 5566 quemque
2149 5513 2453 5555 sermonem
2491 5509 2768 5572 acceptum
2799 5503 3001 5560 referre
3028 5512 3298 5576 oporteat.
3337 5503 3669 5560 Ludovicum
3698 5501 3813 5556 An-

537 5591 743 5646 tonium
775 5584 1125 5642 Muratorium
1153 5603 1220 5643 cx
1257 5601 1325 5642 co
1372 5603 1648 5645 sermones
1677 5592 2020 5661 exscripsissc
2049 5602 2252 5664 septem
2283 5611 2344 5650 ac
2389 5597 2748 5666 septuaginta,
2797 5611 3092 5666 eorumque
3126 5599 3306 5669 plures
3343 5598 3433 5666 qui
3473 5595 3603 5651 editi
3646 5601 3816 5650 ante!

535 5697 643 5735 non
675 5678 894 5733 fuissent
917 5677 1202 5734 inseruisse
1221 5683 1415 5746 quarto
1437 5683 1583 5736 tomo
1598 5679 2019 5736 Anccdotorum.
2043 5681 2157 5738 Jam
2183 5683 2250 5738 de
2279 5682 2346 5738 98
2366 5684 2702 5741 bibliotheca:
2725 5685 3090 5740 Ambrosiam:
3113 5685 3298 5741 codice
3319 5686 3452 5741 satis
3470 5683 3674 5740 dictum
3701 5687 3815 5742 est.
