4050 6356
264 339 331 403 21
1687 319 2070 381 ΡηιῐεΑτια
3451 308 3483 362 2
3498 309 3520 362 3

335 455 411 510 De
438 451 657 522 reliquis
682 449 934 519 deinceps
955 459 1129 515 agam,
1161 459 1283 514 quae
1311 455 1508 511 magno
1559 439 1690 494 mihi
1720 439 1840 494 usui
1880 438 2128 498 fuerunt;
2177 449 2330 500 agam
2371 439 2550 489 autem
2598 449 2759 503 quam
2791 447 3102 489 nrevtsstme
3120 439 3330 504 potero.
3355 439 3535 504 nume

265 545 412 601 illum
438 542 620 614 priore
648 540 769 595 loco
789 536 1244 598 commemorabo,
1273 533 1365 604 qui
1395 546 1565 601 nuper
1593 528 2092 598 Ambrosius-ipsi
2133 523 2474 582 bibliotheca:
2511 534 2858 595 comparatus
2894 535 2994 591 cst,
3023 539 3293 596 quemque
3329 525 3532 583 saeculo

265 650 318 690 xt
347 632 511 688 fuisse
539 631 794 700 scriptum
823 627 1146 698 accepimus.
1192 624 1287 680 Est
1330 623 1376 678 is
1419 621 1880 682 membranaoeus,
1910 619 2258 688 continetque
2287 615 2564 671 homiliam
2594 615 2827 672 Ilaximo
2853 618 3164 673 attributam
3189 617 3255 671 de
3293 615 3532 689 Synhali

266 719 582 775 Traditione.
611 716 760 773 Hanc
786 717 908 773 inde
935 716 1226 772 canonicos
1249 711 1487 768 Joannes
1514 711 1754 780 Baptista
1785 707 2195 778 Branratcujus
2240 707 2485 778 proxime
2509 707 2873 771 meminimus,
2902 709 3205 778 descripsit,
3235 717 3296 764 et-
3327 707 3394 763 ad
3429 723 3530 765 nos

263 827 367 866 una
391 791 522 866 cum
549 809 868 866 variantibus
895 806 1098 864 codicis
1125 804 1194 859 98
1219 804 1538 860 lectionibus
1565 802 1704 857 mitti
1730 800 1960 856 curauit.
1987 799 2140 868 Quod
2163 814 2231 853 eo
2253 797 2498 864 dicimus,
2533 807 2592 854 ut
2609 799 2838 868 quisque
2867 817 2968 858 nos
2989 815 3114 869 erga
3143 802 3314 856 virum
3342 800 3528 868 singu-

262 901 358 955 lari
386 901 627 958 doctrina
652 898 1092 968 humanitateque
1121 894 1401 966 praeditum
1431 901 1728 964 pernoscat-
1749 907 1868 950 esse
1895 890 2245 962 gratissimos.

331 990 447 1046 Jam
474 991 543 1047 de
568 989 778 1047 caneris
796 987 1072 1044 codicibus
1101 983 1586 1040 Mediolanensibus
1608 982 1686 1038 sic
1707 983 1882 1040 lector
1901 981 2118 1036 habeat.
2149 979 2350 1035 llorum
2383 980 2483 1042 (uti
2505 996 2608 1036 nos
2635 981 2925 1052 imperialis
2951 982 3184 1040 basilica:
3213 985 3529 1060 Modrntien-

260 1089 336 1142 sis
365 1087 658 1144 canonicos
690 1083 972 1152 theologus
1001 1065 1265 1138 Antonius
1297 1079 1615 1136 Frauciscus
1642 1077 1864 1142 Frisios,
1888 1077 1970 1132 vir
1990 1075 2271 1146 splendido
2307 1077 2523 1145 ingenio
2551 1077 2924 1148 exquisitaque
2950 1077 3251 1134 eruditione
3285 1079 3525 1146 illustris,

261 1180 523 1236 certiores
543 1177 692 1248 fecit)
725 1178 940 1240 horum.
969 1175 1206 1246 inquam,
1239 1175 1387 1230 fuere
1417 1173 1468 1228 in
1500 1170 1634 1244 [xtxl
1665 1170 2016 1228 Ambrosiam
2045 1169 2266 1224 basilica
2297 1168 2695 1226 membranacei
2716 1168 2826 1257 duo
2854 1167 3086 1234 in-folio,
3110 1183 3249 1238 quos
3269 1185 3354 1230 an.
3391 1169 3526 1224 1516

259 1268 548 1339 exscripsit
573 1267 867 1324 canonicos
884 1265 1094 1321 Casula.
1124 1263 1276 1320 Alter
1293 1271 1481 1318 manet.
1503 1261 1858 1326 adhuc,,alter
1879 1259 2160 1316 intercidit
2171 1259 2362 1329 injuria
2390 1268 2726 1330 temporum;
2758 1268 2814 1316 at
2834 1260 2994 1331 hujus
3015 1268 3192 1316 tamen
3221 1263 3526 1333 exemplum

261 1359 588 1416 Casulanum
617 1353 814 1413 exstat.
841 1355 920 1412 Ex
949 1365 1177 1428 utroque
1217 1355 1425 1411 Frisios
1451 1353 1702 1409 homilias
1741 1352 1947 1421 aliquot
1976 1367 2172 1408 nomen
2203 1351 2417 1408 Πειιίιηὶ
2446 1352 2792 1424 prmferentes
2820 1354 3050 1424 excepit,
3081 1369 3306 1424 quarum
3335 1370 3418 1422 ea,
3450 1357 3529 1416 uti

262 1450 394 1506 mihi
421 1449 640 1518 quidem
661 1449 888 1514 videtur,
915 1449 1210 1518 principem
1239 1447 1416 1501 locum
1445 1445 1676 1510 obtinet,
1705 1459 1824 1516 quae
1851 1443 1915 1498 de
1946 1445 2294 1515 Reparatione
2319 1441 2566 1500 Ercluic
2594 1444 2812 1516 majoris
2843 1443 3247 1500 Mrdiolanensis
3282 1445 3528 1502 inscribi-

264 1545 372 1593 tur.
409 1540 522 1596 Non
549 1539 693 1596 enim
723 1538 1064 1595 mediocriter
1089 1538 1156 1594 ad
1182 1545 1396 1593 aetatem
1419 1535 1633 1592 Maximi
1671 1535 2012 1592 statuendam
2055 1535 2283 1592 confert.
2313 1535 2389 1590 De
2430 1537 2639 1592 caeteris
2669 1537 2722 1592 in
2751 1535 3210 1594 admonitionibus
3239 1537 3526 1612 disseram,

267 1645 405 1697 quas
429 1630 623 1699 cuique
651 1629 881 1684 homilia:
913 1637 1076 1697 atque
1108 1627 1340 1684 sermoni
1373 1626 1692 1696 praemittam
1726 1633 2030 1696 opportune
2069 1640 2133 1680 ac
2163 1625 2414 1696 tempori.
2443 1625 2673 1682 Codices
2700 1635 2960 1698 prteterea
3003 1627 3144 1683 idem
3182 1629 3297 1698 ipse
3330 1628 3530 1686 Frisios

257 1720 532 1775 consuluit
549 1719 746 1774 saeculo
776 1735 827 1773 xt
848 1719 1174 1788 perscriptus
1193 1718 1414 1774 omnino
1443 1726 1578 1779 tres.
1605 1731 1833 1786 quorum
1863 1717 2071 1786 priores
2090 1717 2198 1771 duo
2226 1715 2293 1772 ad
2321 1716 2672 1774 Modtntiense
2700 1719 2994 1790 capitulum
3015 1720 3308 1789 pertinent,
3340 1721 3531 1776 tertius

263 1807 327 1862 ad
355 1808 731 1864 bibliothecam
753 1806 1006 1864 Ecclesia:
1025 1807 1453 1878 metropolitanze
1479 1806 1909 1862 Mediolanensis.
1932 1806 2064 1874 Quae
2085 1807 2140 1861 in
2167 1805 2353 1862 iisdem
2377 1807 2466 1862 ille
2493 1807 2872 1864 animadvertit
2894 1808 3052 1878 digna
3075 1827 3239 1882 opere
3261 1828 3325 1866 ac
3345 1813 3531 1870 labore

263 1910 466 1968 nostro,
499 1901 740 1960 sedulam
777 1919 1022 1978 operam,
1052 1911 1111 1958 ut
1135 1901 1424 1971 diligenter
1452 1900 1940 1958 transcriberentur
1963 1907 2032 1957 ct.
2057 1899 2126 1954 ad
2161 1915 2260 1960 nos
2285 1907 2402 1962 tuto
2424 1899 2806 1971 perferrentur,
2837 1899 3006 1959 dedit.
3036 1900 3142 1956 Sed
3173 1901 3242 1956 dc
3270 1902 3528 1960 Mediola-

262 1993 511 2054 nensibus
538 1993 1086 2064 Modmtiensibusque
1104 1993 1381 2052 codicibus
1400 1994 1688 2052 hactenus.

329 2089 418 2142 IX.
459 2089 608 2146 Nunc
632 2091 702 2148 de
729 2092 1054 2161 Subalpinis.
1087 2091 1290 2148 Horum
1319 2092 1520 2161 aliquot
1550 2090 1836 2161 (beneﬁcio
1869 2091 2088 2162 ἔδεαι)δὶ
2119 2090 2435 2153 Veroante.
2465 2090 2627 2148 duino
2655 2091 2806 2154 Alba,
2838 2089 2937 2144 viri
2972 2089 3172 2146 noliilis
3199 2088 3528 2146 studiosissb

259 2180 438 2248 Inique
463 2181 864 2251 antiquitatum)
891 2190 976 2238 est
999 2181 1069 2238 ad
1095 2198 1196 2238 nos
1223 2182 1428 2252 perlata
1458 2183 1668 2236 notitia.
1700 2181 1750 2236 is
1765 2177 1828 2238 ut
1851 2182 2080 2250 primum
2111 2181 2452 2247 intellexit,a
2483 2181 2578 2238 Pio
2608 2181 2671 2236 VI
2703 2179 2940 2252 pontifici
2969 2179 3204 2236 tnaximo
3225 2179 3530 2250 impositum

259 2273 418 2327 nobis
442 2274 604 2330 fuisse
633 2275 805 2329 sancti
830 2273 1046 2330 Maximi
1073 2289 1298 2344 operum
1327 2275 1748 2342 colligendorum
1776 2283 1940 2344 atque
1986 2276 2315 2334 edendorum
2355 2293 2512 2342 onus,
2546 2275 2829 2332 Fraucisco
2874 2275 3212 2346 Meyranesio
3248 2275 3532 2332 academim

263 2357 606 2415 Taurinensis
628 2361 901 2428 theologo,
932 2361 1109 2416 amico
1135 2377 1235 2416 suo
1257 2362 1443 2430 reique
1469 2362 1774 2426 christiana!
1797 2367 2118 2433 antiquaria;
2135 2366 2482 2434 peritissimo,
2505 2369 2792 2435 persuasit,
2824 2374 2882 2420 ut
2907 2383 3027 2437 quae
3054 2367 3308 2422 diuturno
3334 2368 3532 2432 studio,

263 2449 701 2512 illustrandorum
731 2452 900 2508 sancti
932 2451 1186 2506 antistitis
1213 2461 1683 2514 monumentorum
1711 2471 1894 2520 causa,
1914 2465 2278 2524 compararat,
2311 2457 2466 2511 nobis
2503 2457 2631 2527 ipsis
2669 2457 2721 2511 in
2763 2465 3086 2529 potestatem
3127 2458 3440 2528 permittere
3469 2473 3538 2512 ac

261 2548 591 2605 gravaretur.
625 2541 867 2607 Quatuor
886 2541 1000 2610 jam
1029 2543 1244 2604 codices
1273 2545 1479 2602 viderat
1510 2545 1898 2618 Meyranesins,
1923 2565 2123 2618 eosque
2144 2566 2265 2608 eum
2291 2549 2450 2608 editis
2470 2549 2807 2606 considerate
2829 2565 2893 2606 ac
2911 2549 3194 2618 diligenter
3211 2549 3530 2610 contulerat.

258 2629 534 2714 multaque
561 2630 685 2688 inde
713 2631 984 2697 hauserat,
1013 2649 1134 2702 qua:
1161 2633 1383 2696 editioni
1415 2636 1479 2705 (si
1509 2651 1614 2705 qua
1642 2635 1856 2695 domum
1897 2639 2200 2702 accuratior
2227 2638 2530 2710 pararetur)
2561 2648 2768 2709 partem
2798 2638 2990 2694 aﬂ’erre
3015 2637 3417 2694 commodorum
3446 2646 3532 2690 at-

256 2741 363 2794 que
389 2727 690 2782 ornamenti
729 2737 965 2797 possent.
1017 2727 1141 2784 llaec
1183 2730 1270 2785 ille
1308 2745 1421 2786 rem
1460 2740 1518 2786 et
1553 2733 1730 2790 amico
1769 2742 1978 2802 gratam
2026 2742 2081 2790 et
2119 2733 2370 2792 Ecclesia:
2399 2734 2584 2789 utilem
2630 2731 2882 2795 facturus,
2916 2731 3192 2787 nobiscum
3242 2730 3531 2785 liberaliter
3563 2801 3572 2810 ο

254 2818 689 2874 communicavit.
731 2816 988 2877 Codicum
1036 2829 1216 2876 autem
1262 2821 1474 2878 illorum
1519 2830 1752 2892 quatuor
1797 2825 1945 2894 prior
1989 2834 2074 2882 est
2111 2824 2485 2888 Taurinensis;
2536 2825 2674 2880 alter
2709 2840 2774 2880 ac
2813 2822 3006 2878 tertius
3045 2822 3358 2880 monasterii
3402 2823 3530 2878 olim

139 2969 154 2982 .
254 2903 478 2960 frter-um
501 2906 672 2962 sancti
717 2907 965 2964 Dalmatii
1013 2906 1378 2976 Pedouensis;
1404 2912 1724 2980 quartusad
1769 2915 2064 2982 primatum
2103 2914 2170 2970 de
2199 2913 2474 2985 Appannis
2513 2915 2816 2986 spectabat,
2843 2915 2932 2985 qui
2983 2914 3035 2968 in
3063 2928 3193 2983 agro
3227 2921 3346 2971 erat
3373 2913 3529 2968 Salu-

251 2993 475 3048 tiarum.

323 3083 501 3140 Priori
532 3086 644 3144 haec
671 3097 754 3145 est
780 3090 1026 3160 apposita
1056 3092 1358 3148 recentiore
1397 3107 1558 3150 manu
1590 3095 1868 3166 inscriptio
1901 3115 1912 3149 :
1944 3096 2025 3148 Ad
2061 3112 2210 3150 nsum
2253 3095 2468 3166 majoris
2521 3095 2771 3152 Ecclesite
2819 3094 3173 3150 Tanrinensis.
3205 3093 3459 3152 Continct
3485 3094 3530 3150 is

203 3182 210 3192 ’
248 3179 452 3248 partim
474 3179 737 3247 homilias,
767 3182 961 3250 partim
989 3197 1267 3239 sermones
1296 3183 1512 3240 Maximi
1541 3185 1642 3238 ηε
1677 3202 1906 3255 quorum
1938 3187 2116 3258 plures
2155 3186 2391 3242 nondum
2431 3187 2699 3257 publicam
2744 3186 2918 3242 lucem
2958 3191 3298 3258 aspexerunt.
3333 3184 3531 3242 Eorum

245 3269 598 3339 pestmodum
629 3269 857 3328 indicem
883 3271 1044 3335 dabo,
1075 3288 1138 3329 ac
1165 3274 1396 3330 homilite
1424 3275 1681 3346 cujusque
1709 3284 1871 3346 attpte
1909 3275 2174 3332 sermonis
2207 3277 2392 3332 titulos
2428 3285 2482 3331 et
2512 3277 2663 3332 initia
2691 3275 3011 3341 describam,
3043 3275 3308 3342 simulque
3349 3283 3531 3330 osten~

245 3365 396 3428 dam,
428 3363 604 3420 multo
625 3364 805 3434 plures
823 3366 1032 3422 habitas
1059 3367 1224 3424 fuisse
1259 3369 1532 3426 orationes
1558 3386 1589 3424 a
1631 3369 1883 3436 Maximo.
1909 3387 2028 3442 quae
2056 3373 2322 3429 edacitate
2351 3371 2630 3426 vetustatis
2659 3368 2835 3426 invida
2864 3369 3156 3440 perierunt.
3190 3367 3396 3422 Interea
3428 3367 3531 3422 hoc

243 3452 491 3507 monebo
525 3471 536 3504 :
571 3452 623 3506 in
649 3453 754 3508 hoc
781 3453 971 3510 eodem
998 3455 1180 3524 priore
1201 3456 1406 3522 codice,
1439 3467 1497 3513 ut
1523 3459 1576 3514 in
1604 3460 1824 3530 reliquis
1847 3460 2016 3517 tribus
2045 3461 2243 3518 formas
2283 3461 2596 3531 plerumque
2623 3460 2995 3515 characterum
3022 3465 3115 3512 aut
3155 3472 3393 3527 prorsus,
3435 3462 3528 3510 aut

241 3559 387 3614 pene
428 3560 556 3599 esse
581 3545 804 3608 deletas,
835 3546 924 3600 vix
954 3555 1012 3602 ut
1048 3547 1345 3616 fragmenta
1373 3550 1616 3619 quaedam
1644 3561 1978 3613 remaneant,
2009 3567 2128 3621 quae
2172 3551 2395 3620 intelligi
2426 3550 2598 3616 facile,
2641 3559 2734 3605 aut
2762 3565 2868 3604 non
2909 3547 3193 3604 diﬂlculter
3228 3547 3465 3616 suppleri
3493 3562 3524 3598 a

239 3632 428 3702 perito
459 3633 666 3688 lectore
696 3643 914 3702 queant.
939 3633 1035 3692 Est
1054 3636 1099 3690 is
1121 3636 1290 3693 codex
1321 3639 1762 3696 membrauaceus
1784 3639 1983 3705 in-fol.;
2013 3655 2242 3710 cumque
2263 3642 2375 3710 jam
2407 3657 2574 3710 usque
2594 3640 2662 3694 ab
2692 3656 2742 3694 xi
2764 3637 3052 3694 Christiani
3081 3637 3313 3693 nominis
3333 3636 3528 3694 saeculo

239 3725 490 3794 scriptus
511 3723 692 3788 fuerit,
716 3733 775 3780 ut
797 3727 915 3781 usui
941 3736 1085 3784 esset
1104 3726 1357 3786 Ecclesiae
1378 3715 1714 3796 Taurinensi,
1739 3732 1812 3785 nil
1836 3732 2056 3802 impedit
2077 3731 2320 3801 profecto
2347 3733 2475 3800 quin
2503 3749 2568 3787 ex
2598 3732 2817 3804 optimis
2845 3730 3241 3802 exemplaribus
3265 3738 3522 3800 exceptus

239 3815 416 3870 fuisse
455 3814 726 3874 videatur.
757 3815 912 3882 Quod
953 3828 1133 3876 autem
1171 3821 1295 3876 huic
1339 3831 1423 3875 est
1465 3821 1638 3878 codici
1675 3823 1967 3891 peculiare,
2015 3823 2184 3878 series
2221 3823 2338 3896 [xx]
2381 3833 2465 3880 est
2493 3826 2766 3892 continua,
2798 3835 2853 3880 ct
2879 3824 3151 3892 colligatio
3179 3823 3524 3880 homiliarum

238 3905 648 3974 mulorumque
676 3906 1045 3975 appositurum
1073 3909 1206 3963 satis
1237 3911 1494 3977 castigate
1522 3911 1756 3982 perfecta
1785 3911 2095 3984 descriptio.

314 3993 776 4048 Membranaceus
803 3993 933 4048 item
963 3994 1136 4050 in-l'ol.
1163 3996 1300 4051 alter
1319 4005 1402 4052 est
1428 3997 1619 4063 codex,
1639 4014 1796 4067 quem
1825 4002 2136 4058 monasterii
2161 4001 2346 4057 Sancti
2371 4002 2618 4057 Dalmatii
2641 4001 2907 4074 Martyris,
2939 4002 3270 4059 Pedoneusis
3299 4007 3522 4064 tractus,

233 4084 412 4139 fuisse
433 4083 694 4138 diximus.
718 4084 820 4150 Qui
848 4099 978 4139 sane
999 4092 1200 4140 tractus
1224 4086 1369 4157 (post
1395 4102 1635 4144 eversam
1667 4087 1938 4145 Pedonam
1959 4091 2147 4148 urbem
2169 4077 2325 4147 sitam
2355 4091 2481 4146 olim
2513 4091 2580 4146 ad
2607 4091 2772 4162 pedes
2799 4091 3032 4162 Alpium)
3053 4092 3357 4158 attributus,
3381 4087 3526 4147 sedis

227 4177 572 4253 apostolicae
599 4177 940 4242 auctoritate,
969 4177 1065 4232 fuit
1114 4177 1310 4234 Montis
1362 4178 1576 4248 Regalis
1601 4181 1876 4252 episcopo.
1907 4181 2224 4251 Quanquam
2268 4197 2399 4238 vero
2428 4182 2646 4237 mutilus
2673 4181 2854 4236 multis
2879 4181 2990 4236 suis
3016 4181 3260 4254 partibus
3287 4183 3331 4238 is
3357 4182 3523 4237 etiam

225 4275 413 4334 codex
445 4275 558 4340 est,
585 4290 651 4329 ex
675 4270 910 4332 numeris
939 4278 1121 4332 tamen
1145 4271 1402 4345 appositis
1427 4272 1586 4344 plane
1623 4272 1955 4342 dignoscitur
1981 4273 2395 4343 comprehensas
2425 4271 2613 4328 eodem
2643 4271 2806 4330 fuisse
2828 4272 3078 4330 humilius
3104 4273 3208 4328 2η
3233 4283 3288 4326 et
3316 4285 3523 4326 sermo-

223 4383 329 4425 nes
358 4366 454 4422 ξω.
487 4364 606 4420 Sed
626 4363 976 4444 deest‘index,
999 4380 1158 4435 quem
1179 4365 1450 4421 sublatum
1474 4361 1597 4422 inde
1623 4371 1785 4436 atque
1812 4363 2052 4422 avulsum
2084 4361 2247 4420 fuisse
2276 4363 2525 4420 arbitror.
2557 4363 2616 4418 lu
2645 4363 2820 4420 fronte
2852 4364 3047 4434 prioris
3067 4355 3302 4418 humilia:
3329 4360 3523 4416 litteris

220 4459 566 4533 majusculis
598 4458 854 4528 scriptum
884 4465 967 4511 est
1009 4474 1021 4510 τ
1056 4455 1122 4510 1η
1149 4456 1344 4511 Christi
1373 4459 1600 4512 nomine.
1641 4457 1823 4511 Amen.
1861 4456 2124 4528 Incipiunt
2154 4457 2379 4511 humilia:
2415 4458 2585 4510 sancti
2627 4455 2851 4510 Maximi
2893 4457 3120 4526 episcopi
3163 4453 3520 4508 Taurinensis.

219 4553 442 4611 i’rioris
475 4549 730 4620 ejusdem
758 4548 992 4604 homiliaa
1020 4547 1132 4604 haec
1156 4554 1239 4604 est
1268 4548 1545 4618 inscriptio
1576 4567 1589 4601 :
1629 4547 1691 4602 In
1717 4549 1906 4621 vigiliis
1930 4547 2236 4603 Natiritatis
2257 4547 2490 4604 Domini.
2522 4547 2713 4616 Incipit
2735 4554 2912 4601 autem
2941 4546 3045 4600 hoc
3076 4543 3236 4598 modo
3270 4561 3284 4596 :
3316 4541 3524 4596 Lamia

218 4655 430 4719 quanta
458 4652 565 4706 est,
599 4650 924 4712 quantusque
954 4639 1647 4708 concursus.chuebantur
1672 4653 1836 4709 porro
1865 4639 2096 4694 homilize
2124 4640 2188 4692 de
2205 4637 2256 4691 Ν
2261 4639 2496 4694 atiritate
2510 4636 2743 4700 Domini,
2759 4636 2824 4688 de
2839 4636 3155 4706 Epiphania,
3179 4633 3244 4685 de
3262 4631 3525 4700 Baptistae

216 4739 446 4802 Christi,
479 4737 551 4790 de
580 4733 1022 4804 Quadragesima.
1054 4733 1118 4785 de
1148 4731 1376 4794 Pascha,
1401 4730 1464 4784 de
1490 4729 1801 4784 Ascensione
1830 4728 2060 4791 Domini,
2089 4728 2154 4780 de
2175 4726 2496 4782 Pentecoste.
2531 4725 2625 4779 llis
2652 4723 2943 4779 succedunt
2974 4736 3270 4785 sermones,
3293 4734 3523 4790 quorum

219 4835 308 4882 cst
327 4839 358 4882 a
385 4825 556 4880 nobis
579 4820 749 4892 paulo
775 4828 902 4875 ante
933 4819 1068 4884 [acta
1095 4818 1318 4874 mentio.
1349 4817 1465 4885 Qua
1497 4832 1624 4872 vero
1649 4824 1809 4872 actate
1837 4818 2168 4887 perscriptus
2192 4816 2235 4870 is
2255 4814 2422 4870 codex
2447 4814 2628 4878 fuerit,
2659 4812 2910 4882 cognosci
2935 4815 3001 4868 ex
3025 4811 3108 4868 his
3130 4827 3249 4865 una:
3280 4827 3403 4866 mox
3430 4809 3522 4868 θά-
3631 4873 3638 4888 ,

215 4917 346 4972 dam
373 4907 593 4986 potest,
629 4918 858 4978 quasque
891 4909 942 4962 in
973 4917 1216 4964 extremo
1244 4909 1360 4978 ipso
1389 4905 1575 4962 codice
1600 4906 1725 4962 licet
1752 4905 1930 4973 legere
1958 4923 1970 4957 :

999 5030 1197 5090 Accipe,
1225 5027 1430 5090 Delmati
1455 5033 1655 5087 martyr,
1677 5025 1804 5086 quod
1823 5027 1966 5090 trado
1986 5025 2338 5090 munusculum,

1002 5089 1262 5140 Monachus
1283 5089 1519 5150 Atpcrtus
1543 5090 1588 5136 in
1616 5093 1702 5150 tuo
1725 5089 2056 5150 carnoblarcba

998 5151 1176 5200 Sancto
1197 5151 1493 5199 monasterio
1515 5149 1579 5197 de
1602 5149 1796 5197 civitate
1824 5149 2036 5198 l’edona.

999 5211 1232 5262 Maximus
1248 5212 1338 5262 hoc
1355 5212 1546 5274 scrth
1563 5209 1740 5273 [trasul
1757 5209 1822 5260 de
1844 5212 2044 5261 civitate
2066 5210 2275 5262 Taurina

291 5350 602 5418 Quondam
689 5381 702 5393 .
783 5380 795 5392 .
877 5379 889 5392 .
965 5339 1328 5411 (rescripsimus
1364 5348 1413 5391 et
1454 5354 1548 5392 nos
1624 5375 1637 5388 .
1718 5375 1730 5388 .
1811 5377 1823 5389 .
1904 5333 2135 5406 Imperio
2182 5337 2347 5391 nostri
2393 5335 2696 5390 t'cnerabilis
2750 5333 2910 5386 abbas
2967 5331 3242 5399 Rntprrtns
3320 5363 3330 5379 .
3414 5369 3424 5379 .
3505 5366 3518 5379 .

211 5449 486 5518 regnante
526 5433 765 5492 Domino
798 5439 975 5484 nostro
1001 5428 1198 5484 Karulo
1223 5445 1340 5500 rcgc
1377 5426 1835 5500 Langobardorum
1857 5433 1905 5480 et
1939 5425 2285 5490 Francorum,
2309 5443 2451 5480 anno
2527 5465 2540 5477 .
2621 5465 2633 5478 .
2714 5465 2726 5478 .
2806 5423 2862 5477 In
2892 5431 3140 5477 octavum
3169 5419 3330 5486 igitur
3357 5433 3519 5472 stuen-

213 5507 330 5594 lmvn
380 5523 780 5602 conjiciendus
809 5523 853 5576 is
875 5521 1046 5578 codex
1075 5531 1172 5574 est.
1207 5520 1336 5574 Nam
1365 5519 1580 5574 aliunde
1607 5527 1838 5583 constat,
1870 5519 2185 5592 Ratpcrtum
2214 5534 2281 5574 eo
2327 5527 2569 5587 tempore
2611 5515 2889 5588 praefuisse
2918 5513 3168 5570 emnobio
3201 5507 3521 5602 Pedoncnsi.

209 5646 330 5703 quo
358 5597 629 5695 tempore
661 5631 844 5671 rerum
874 5614 1178 5683 potiebatur
1203 5611 1430 5666 Carolus
1465 5611 1704 5679 Magnus.
1739 5609 1788 5665 ls
1821 5617 2000 5666 autem
2030 5623 2256 5674 regnare
2279 5608 2440 5677 conpit
2469 5622 2556 5660 an.
2594 5606 2714 5674 768,
2744 5624 2805 5662 ac
2835 5605 3112 5661 redimitus
3136 5597 3398 5667 imperiali
3425 5611 3518 5654 co-
3561 5613 3569 5622 ‘

209 5699 357 5786 retia
386 5718 494 5774 fuit
520 5715 596 5769 ab
629 5709 818 5762 Leone
845 5705 907 5759 Ill
940 5703 998 5757 P.
1023 5702 1091 5756 Μ.
1123 5720 1208 5756 an.
1236 5702 1358 5767 800,
1382 5701 1581 5756 Christi
1608 5699 1912 5756 Servatoris
1941 5699 2105 5766 natali
2133 5699 2237 5752 dic.
