4050 6356
470 285 550 349 9.3
1902 295 2285 364 PREFATIO.
3666 305 3759 370 9/1

530 407 755 467 .Tertius
776 412 967 479 codex,
994 426 1155 485 quem
1190 410 1523 477 Pedoueusis
1560 419 1801 489 ejusdem
1829 426 2143 482 monasterii
2175 427 2337 482 fuisse
2365 413 2667 492 docuimus,
2692 435 2944 485 exaratos
2972 443 3042 485 an
3066 429 3300 500 soscpho
3328 431 3595 488 monacho
3620 430 3747 500 fuit.

472 512 581 571 quo
609 511 850 573 tempore
876 504 1042 562 abbas
1067 505 1327 566 Henricus
1356 515 1684 568 monasterio
1712 515 1813 584 ipsi
1840 525 2087 584 praeerat,
2119 530 2324 587 rexque
2351 515 2613 572 Henricus
2642 518 2694 572 in
2722 517 2874 574 Italia
2903 520 3178 576 obtinebat
3205 520 3577 591 principatum.
3607 520 3748 591 Nam

473 591 537 649 iu
550 602 794 651 extremo
813 596 1009 652 eodem
1026 599 1212 656 codice
1237 602 1316 657 sic
1335 603 1568 658 habetur
1597 623 1609 656 :
2396 628 2401 633 τ

1215 718 1396 793 {oseph
1421 726 1973 793 monasticnslibrarius,
1999 736 2150 793 atque
2178 730 2365 791 peritus

1216 786 1382 854 floriba
1402 785 1661 854 descripsit
1675 787 1880 854 librum,
1905 803 2053 854 quem
2067 785 2233 852 'vide's,
2254 791 2468 841 maxime
2494 791 2686 854 praesul,

1213 846 1463 913 Iaurinas,
1493 846 1647 909 Urbe,
1675 846 1887 900 Henrico
1904 846 2083 913 abbate
2108 846 2370 913 regnante,

1214 907 1432 975 ljedoua,
1459 922 1515 958 ac
1538 907 1868 975 armariocum
1884 912 2061 975 multis
2081 907 2280 975 quu'qne
2304 907 2482 962 libellis

1213 970 1423 1033 Semper
1438 971 1714 1031 condendo;
1740 971 1958 1024 Henrico
1981 970 2179 1037 quoque
2200 970 2325 1036 rege
2347 983 2603 1036 regnante.

542 1079 681 1144 Hinc
718 1085 872 1147 lacile
916 1090 1254 1163 perSpicitur,
1286 1091 1472 1149 referri
1502 1095 1741 1151 codicem
1775 1098 1919 1150 illum
1965 1099 2016 1151 in
2048 1115 2099 1151 XI
2146 1100 2396 1153 szcculum
2430 1108 2700 1169 oportere.
2734 1098 3174 1158 Membrauaceus
3212 1104 3257 1157 is
3276 1116 3491 1175 quoque
3519 1111 3622 1170 est,
3653 1103 3743 1160 iu-

470 1191 682 1251 quarto.
715 1179 772 1240 In
795 1201 882 1251 eo,
912 1187 1014 1241 etsi
1040 1203 1144 1243 non
1176 1184 1383 1254 ordine,
1416 1194 1630 1245 exstant
1659 1190 1891 1246 ΙιοιιιὶΙίίρ
1930 1190 2047 1254 I70,
2081 1205 2359 1247 sermones
2382 1192 2466 1246 40.
2501 1190 2632 1262 Ejus
2660 1202 2742 1247 est
2764 1192 2923 1249 l'ronti
2954 1193 3148 1250 litteris
3177 1211 3209 1249 e
3238 1196 3404 1249 minio
3435 1196 3745 1266 majusculis

469 1276 639 1330 sancti
668 1275 883 1331 Maximi
911 1277 1223 1349 inscriptum
1253 1297 1469 1337 nomen.
1504 1276 1690 1337 Priore
1720 1281 1840 1337 loco
1870 1281 2143 1337 homiliam
2174 1281 2412 1345 exhibet,
2437 1282 2591 1352 cujus
2613 1282 2718 1339 hoc
2746 1290 2829 1337 est
2856 1283 3066 1338 initium
3092 1303 3105 1337 :
3128 1284 3261 1338 Ante
3279 1272 3391 1339 dies
3412 1301 3741 1341 commonue-

470 1376 583 1418 ram
602 1367 872 1433 caritatem
900 1378 1137 1433 vestram,
1168 1373 1379 1442 fratres,
1408 1380 1462 1425 ut
1484 1381 1733 1442 tanquam
1754 1370 2002 1443 religiosi,
2022 1379 2072 1425 et
2087 1371 2277 1436 sancti,
2299 1370 2703 1444 [xxl]idolorum
2716 1389 2919 1426 omnem
2942 1352 3306 1443 pollutionem,
3329 1382 3434 1427 etc.
3455 1372 3608 1427 Edita
3628 1374 3743 1430 hac

473 1454 574 1510 fuit
599 1456 652 1512 in
675 1454 747 1512 IV
768 1459 1164 1517 Anecdotorum
1194 1460 1465 1517 volumine
1497 1478 1528 1517 a
1554 1458 1867 1518 Muratorio.
1902 1460 2179 1516 Postrema
2210 1469 2293 1516 est
2313 1459 2555 1527 homilia,
2583 1476 2704 1530 qua:
2725 1462 2912 1532 incipit
2946 1480 2958 1515 :
2995 1460 3118 1517 Non
3142 1463 3466 1516 incommode
3484 1471 3605 1515 ante
3632 1463 3745 1518 dies

468 1558 658 1614 paucos
686 1552 941 1619 prosecuti
966 1566 1141 1606 sumus
1164 1554 1480 1623 [unctionem
1503 1553 1636 1607 hanc
1657 1552 2049 1613 sacerdotalem.
2076 1560 2179 1607 etc.
2207 1549 2357 1608 Hanc
2383 1559 2563 1606 autem
2597 1550 2869 1606 homiliam
2900 1551 3238 1607 Mabillonius
3266 1566 3331 1606 ex
3362 1550 3743 1607 Sau-Gallensi

469 1638 658 1695 codice
684 1639 1007 1713 descriptam
1040 1643 1219 1699 intulit
1248 1645 1299 1699 in
1327 1645 1560 1716 priorem
1589 1638 1756 1698 Italici
1793 1641 1961 1697 Musei
1986 1649 2208 1697 tomum.

541 1724 709 1784 Venio
732 1730 798 1784 ad
827 1740 1075 1800 quartum
1100 1730 1360 1787 codicem.
1394 1729 1829 1785 Membranacens
1854 1729 1899 1784 is
1920 1744 2139 1799 quoque
2159 1737 2240 1782 est
2266 1727 2477 1799 in-l'olio
2498 1742 2683 1798 parvo.
2708 1726 2850 1782 luris
2871 1727 2997 1782 olim
3028 1728 3216 1792 fuerat,
3252 1728 3323 1781 uti
3349 1743 3507 1797 supra
3536 1730 3738 1794 monui,

468 1816 737 1889 prioratus
767 1816 1223 1892 Appanniensium
1265 1822 1671 1888 monachorum,
1704 1822 1857 1892 cujus
1897 1820 2113 1891 quidem
2139 1821 2410 1892 prioratus
2429 1820 2620 1876 mdium
2656 1836 2720 1877 ac
2742 1820 3083 1891 praediorum,
3108 1837 3175 1877 ex
3204 1821 3384 1877 edicto
3406 1821 3737 1892 pontiﬁcum,
3818 1822 3829 1827 “

466 1914 589 1967 data
615 1924 740 1984 post
767 1914 866 1970 fuit
893 1915 1149 1986 episcOpo
1178 1915 1464 1971 Salutiensi
1492 1915 1780 1985 possessio.
1814 1913 2205 1985 Compleetitur
2224 1913 2269 1968 is
2296 1912 2513 1967 Maximi
2554 1928 2831 1970 sermones
2856 1912 2916 1968 5i
2952 1912 3307 1982 homiliasque
3335 1912 3421 1976 70,
3453 1922 3511 1966 ut
3538 1929 3604 1968 ex
3636 1929 3736 1967 nu-

466 2007 629 2061 meris
656 2006 722 2061 ad
750 2021 1028 2063 sermones
1056 2008 1147 2077 qui
1187 2016 1475 2077 supersunt
1502 2014 1557 2063 et
1584 2007 1649 2061 ad
1680 2007 1926 2062 homilias
1971 2006 2218 2076 ascriptis
2264 2007 2459 2077 liquet;
2491 2015 2548 2061 at
2575 2006 2642 2061 ab
2664 2022 2825 2074 saeva,
2859 2010 3040 2063 nescio
3068 2007 3241 2076 cujus,
3292 2022 3465 2077 eaque
3522 2008 3737 2064 indocta

465 2111 647 2165 manu,
679 2097 859 2154 multis
887 2098 1012 2155 inde
1037 2099 1234 2155 avulsis
1279 2097 1641 2169 detractisque
1670 2098 1828 2163 foliis,
1860 2100 2206 2156 commissum
2238 2107 2336 2166 est,
2389 2110 2449 2155 ut
2486 2115 2574 2156 res
2602 2102 2861 2156 litteraria
2913 2101 3123 2171 publica
3162 2115 3370 2170 magna:
3398 2098 3737 2157 homiliarum

461 2188 775 2243 earumdem
803 2202 1217 2259 sermonumque
1248 2189 1415 2259 partis
1437 2188 1700 2259 iacturam
1730 2189 1949 2245 faceret.
1982 2189 2138 2245 Initio
2166 2189 2367 2247 codicis
2408 2192 2523 2247 haec
2565 2201 2742 2246 exstat
2780 2193 2955 2246 rubris
2982 2192 3383 2247 characteribus
3403 2193 3600 2262 scripta
3623 2195 3737 2263 cpi-

461 2280 664 2350 graphe
688 2299 707 2333 τ
736 2278 801 2335 In
823 2281 1014 2336 C‘nristl
1042 2264 1268 2337 nomine.
1299 2284 1481 2338 Amen.
1510 2282 1757 2337 Romilius
1776 2284 1946 2337 sancti
1969 2281 2191 2337 Maximi
2219 2285 2449 2356 episcopi
2476 2284 2834 2339 Taurineusis.
2868 2285 2923 2338 lu
2954 2292 3198 2339 extremo
3219 2284 3348 2338 l'olio
3377 2284 3455 2339 sic
3474 2283 3733 2339 habetur:

464 2372 652 2440 Accipe
679 2382 998 2445 congestum,
1027 2374 1164 2445 quod
1192 2381 1247 2427 tu
1267 2374 1443 2441 petisti
1465 2374 1692 2427 libellum
1717 2371 1957 2437 Maximi,
1994 2372 2229 2440 Taurini,
2253 2390 2383 2447 quas
2406 2375 2686 2445 scripserat
2714 2375 2978 2437 humilius,
3014 2384 3066 2427 ut
3116 2373 3259 2445 legas
3337 2409 3352 2426 .
3428 2411 3440 2425 .
3524 2412 3535 2425 .
3617 2413 3629 2424 .
3714 2412 3728 2426 .

463 2462 1563 2535 monachus,untranscripsitWaldus
1639 2505 1652 2517 .
1735 2504 1749 2519 .
1830 2502 1841 2515 .
1925 2504 1937 2517 .
2018 2504 2029 2516 .
2113 2506 2124 2517 .
2210 2502 2223 2519 .
2304 2501 2316 2517 .
2400 2504 2410 2517 .
2492 2506 2503 2518 .
2588 2507 2600 2520 .
2681 2507 2693 2519 .
2774 2507 2786 2518 .
2870 2507 2880 2517 .
2964 2505 2974 2517 .
3058 2506 3069 2517 .
3153 2506 3165 2519 .
3246 2504 3257 2518 .
3341 2505 3350 2518 .
3434 2506 3445 2516 .
3527 2505 3539 2517 .
3620 2505 3633 2518 .
3713 2504 3729 2519 .

571 2592 587 2605 Ι
673 2592 692 2606 ο
783 2592 801 2606 υ
876 2591 890 2606 l
971 2592 985 2609 0
1063 2593 1076 2608 0
1158 2595 1169 2608 ι
1252 2594 1264 2607 0
1347 2593 1359 2607 0
1442 2593 1455 2609 ο
1539 2595 1549 2606 ο
1632 2596 1644 2608 ο
1725 2595 1737 2607 ο
1818 2593 1829 2606 ι
1910 2596 1922 2607 0
2009 2593 2021 2607 0
2103 2594 2115 2607 ο
2196 2592 2208 2607 0
2295 2590 2307 2607 4
2391 2592 2404 2608 0
2484 2595 2496 2607 ο
2582 2593 2593 2608 ο
2676 2597 2686 2607 0
2770 2597 2781 2607 0
2864 2595 2875 2607 α
2961 2594 2971 2607 s
3053 2597 3065 2608 ι
3149 2596 3161 2607 0
3244 2597 3253 2607 0
3337 2595 3347 2607 ι
3431 2596 3441 2606 ι
3522 2594 3536 2608 0
3617 2594 3628 2605 ι
3710 2593 3724 2606 I

779 2686 793 2700 .
878 2650 1107 2702 armario
1151 2659 1384 2703 nostrum
1462 2689 1475 2701 .
1554 2689 1567 2701 .
1649 2688 1660 2701 .
1742 2690 1755 2702 .
1833 2688 1846 2700 .
1929 2689 1940 2702 .
2024 2688 2036 2699 .
2118 2688 2130 2700 .
2212 2687 2225 2701 .
2308 2688 2320 2701 .

3376 2646 3401 2659 ς

2125 2688 2130 2700 I
2212 2687 2225 2701 0
2308 2688 2320 2701 0
2403 2691 2415 2702 ο
2496 2686 2509 2701 0
2590 2687 2602 2700 0
2683 2690 2695 2701 ι
2778 2688 2789 2701 0
2870 2687 2882 2699 ο
2964 2687 2973 2699 ο
3059 2685 3071 2700 ο
3153 2688 3164 2700 0
3247 2688 3258 2700 0
3342 2688 3354 2699 ο
3433 2687 3446 2702 0
3526 2687 3541 2700 ο
3618 2686 3633 2701 ο
3710 2685 3724 2701 ο

757 2778 770 2791 .
848 2738 1170 2810 reliquasque
1190 2738 1819 2808 rescribam.-Imperaute
1837 2739 2080 2794 dominus
2108 2747 2284 2793 noster
2312 2738 2612 2793 Lotharius.
2662 2737 2882 2807 Spectat
2931 2739 2974 2792 is
3004 2738 3164 2805 igitur
3185 2738 3351 2793 codex
3383 2737 3450 2792 ad
3478 2718 3728 2793 szeculum

462 2825 718 2883 Ecclesia:
740 2843 959 2891 nonum,
991 2828 1075 2903 vel
1103 2842 1369 2883 summum
1399 2827 1465 2881 ad
1491 2827 1777 2883 decimum.
1808 2828 1941 2883 Nam
1968 2829 2153 2884 forma:
2181 2830 2552 2885 characterum
2574 2831 2732 2900 plane
2758 2828 3129 2885 demonstrant
3156 2830 3328 2898 ipsum
3358 2845 3465 2886 non
3495 2845 3614 2885 esse
3641 2844 3728 2885 re-

462 2910 779 2975 centiorem.
803 2919 1001 2974 Verum
1027 2918 1125 2973 sub
1155 2916 1412 2973 Lothario
1442 2933 1508 2973 ne
1537 2918 1555 2972 l
1579 2918 1833 2974 Ludovici
1874 2917 1951 2974 Pii
1982 2918 2113 2987 ﬁlio,
2144 2921 2235 2991 qui
2264 2936 2408 2977 anno
2451 2920 2575 2986 841,
2608 2937 2676 2976 an
2703 2920 2804 2976 sub
2832 2920 3003 2977 altero
3027 2921 3117 2992 qui
3144 2937 3233 2977 an.
3266 2920 3370 2975 947
3398 2921 3600 2992 potitus
3627 2921 3728 2975 im-

460 3007 614 3076 perio
634 3015 739 3072 est,
765 3007 1096 3078 perscriptus
1125 3007 1170 3061 is
1193 3006 1367 3062 codex
1389 3006 1568 3071 fuerit,
1601 3023 1707 3062 non
1738 3007 1870 3062 satis
1896 3017 2126 3064 constat.

528 3096 649 3154 Jahn
699 3114 831 3155 vero
877 3114 999 3154 cum
1029 3098 1222 3154 horum
1247 3098 1494 3154 codicum
1520 3088 1754 3167 quatuor
1781 3100 2002 3169 insignis
2030 3110 2269 3156 vetustas
2295 3103 2384 3164 sit,
2414 3108 2470 3155 et
2499 3101 2552 3155 in
2586 3102 2838 3169 homiliis,
2871 3095 3003 3166 etc.,
3047 3101 3263 3159 Maximi
3291 3104 3498 3159 auctori
3523 3120 3622 3159 suo
3642 3118 3727 3157 as-

460 3190 728 3247 cribendis
757 3191 889 3246 mira
915 3191 1231 3256 consensio;
1275 3206 1383 3245 non
1412 3198 1527 3245 erat
1555 3191 1802 3262 profecto
1852 3206 1948 3248 cur
1994 3191 2295 3247 dubitarem
2345 3192 2604 3262 opuscula
2630 3193 2874 3263 quaedam
2903 3192 3139 3247 nottdum
3170 3193 3333 3259 edita,
3365 3209 3484 3263 qua:
3512 3192 3724 3247 Maximi

458 3280 700 3350 ejusdem
748 3281 802 3336 in
842 3281 1118 3338 codicibus
1154 3281 1257 3337 illis
1285 3280 1596 3352 przel'erreat
1642 3297 1858 3347 nomen,
1884 3283 1984 3354 ipsi
2015 3298 2133 3338 esse
2167 3282 2401 3339 Maximo
2428 3284 2796 3354 adjudicauda.
2830 3286 2887 3339 In
2910 3285 3100 3339 borqu
3128 3294 3254 3340 sunt
3281 3301 3504 3341 numero
3528 3286 3726 3355 egregii

458 3380 723 3429 tractatus
750 3373 815 3429 de
846 3372 1110 3445 Baptismo
1132 3383 1260 3441 tres,
1285 3390 1422 3445 quos
1442 3374 1689 3443 equidem
1711 3382 1836 3445 post
1855 3374 2104 3433 homilias
2123 3383 2178 3429 et
2203 3390 2479 3431 sermones
2500 3376 2598 3448 (uti
2628 3378 2919 3447 specimen,
2971 3376 3306 3432 Maximianus
3339 3393 3446 3433 non
3468 3378 3727 3435 doctrinae

461 3464 653 3531 solum,
685 3464 779 3522 sed
809 3467 973 3523 etiam
1000 3468 1205 3538 peritia:
1227 3469 1427 3524 rituum
1454 3468 1752 3536 sacrorum)
1782 3466 1941 3523 dabo.

531 3559 597 3614 X.
640 3559 945 3632 Subalpinis
969 3561 1118 3620 hisce
1136 3562 1521 3633 annumerandi
1541 3569 1667 3618 sunt
1691 3560 2056 3618 Vercellenses
2084 3560 2318 3627 codices,
2348 3576 2576 3631 quorum
2599 3568 2706 3614 tres
2728 3557 3128 3613 accuratissima
3175 3557 3447 3623 diligentia
3494 3560 3725 3615 versavit

458 3652 828 3721 pet-volvitque
850 3657 1160 3711 canonicus.
1195 3654 1316 3710 Ant.
1352 3653 1540 3710 Franc.
1571 3652 1792 3719 Frisios,
1825 3652 1978 3723 cujus
2002 3660 2086 3709 est
2112 3660 2238 3708 ante
2258 3669 2288 3707 a
2318 3653 2472 3708 nobis
2490 3666 2620 3721 .cum
2648 3650 2805 3703 laude
2828 3648 2967 3703 facta
2995 3647 3470 3712 commemoratio;
3498 3665 3725 3718 quaeque

457 3743 514 3797 in
543 3742 608 3798 iis
632 3742 986 3814 deprehendit
1007 3754 1191 3799 notatu
1220 3745 1399 3814 digna,
1434 3746 1708 3801 mandavit
1732 3746 1940 3811 litteris,
1965 3746 2181 3816 egitque
2201 3746 2409 3811 sedulo,
2442 3754 2495 3800 ut
2527 3758 2715 3800 eorum
2749 3756 2836 3796 me
2854 3739 3169 3811 participem
3211 3738 3427 3793 faceret.
3463 3739 3617 3794 Prior
3640 3751 3723 3796 est

460 3833 653 3888 horum
672 3833 1007 3888 homiliarius
1021 3834 1190 3889 codex
1208 3852 1355 3889 num.
1383 3834 1450 3887 66
1480 3836 1691 3891 in-folio
1712 3838 1946 3892 maximo
1965 3838 2144 3894 saeculi
2165 3855 2259 3905 xu,
2287 3839 2372 3893 vel
2395 3853 2504 3901 xm,
2525 3836 2577 3891 in
2609 3832 2872 3890 tabulario
2900 3830 3223 3887 cathedralis
3251 3829 3490 3886 ecclesia:
3516 3831 3724 3898 integer

458 3932 703 3994 servatus
749 3940 869 3979 cum
900 3924 1037 3989 aliis,
1066 3940 1293 3994 quorum
1322 3936 1403 3980 est
1433 3926 1627 3979 ibidem
1667 3926 1888 3994 insignis
1915 3931 2093 3997 copia.
2114 3930 2170 3984 In
2192 3946 2258 3985 eo
2286 3931 2471 3985 codice
2491 3927 2710 3983 homilia
2741 3925 2828 3982 illa
2852 3925 3047 3995 legitur
3065 3924 3232 3980 sancti
3265 3924 3430 3979 nostri
3459 3923 3716 3996 praesulis,

458 4031 578 4085 qua:
601 4026 683 4074 est
703 4018 955 4087 inscripta
978 4015 1041 4070 de
1069 4015 1418 4070 Mirabilibus.
1439 4014 1589 4070 lianc
1617 4026 2061 4086 mox.sequuntur
2080 4018 2147 4073 de
2174 4028 2361 4074 sancto
2376 4018 2605 4073 Eusebio
2635 4018 2888 4088 episcopo
2917 4014 3241 4072 Vercellensi
3261 4029 3538 4073 sermones
3564 4015 3722 4085 quin-

453 4106 808 4179 que,duoque
829 4107 953 4160 inde
976 4121 1251 4161 sermones
1271 4105 1334 4161 dc
1360 4107 1529 4161 sancti
1549 4103 1819 4159 Laurentii
1842 4108 2087 4176 martyris
2118 4106 2438 4161 Festicitate.
2908 4140 2915 4143 τ
3480 4178 3489 4185 ι

529 4192 690 4271 [xxu]
710 4195 860 4250 Alter
878 4195 1068 4261 codex,
1094 4195 1145 4249 in
1170 4196 1307 4250 serie
1319 4194 1735 4250 Vercellensium
1765 4196 2016 4251 tabularii
2041 4198 2279 4252 ecclesia:
2291 4197 2613 4252 cathedralis
2639 4207 2721 4251 est
2747 4198 3005 4267 septimus
3028 4213 3270 4261 numero,
3287 4201 3722 4256 membranaceus

454 4290 677 4363 perinde
706 4286 918 4347 in-l'olio
948 4274 1182 4342 maximo
1208 4296 1520 4358 spectatque
1560 4286 1625 4341 ad
1656 4303 1707 4341 xi
1750 4288 2020 4342 sarculum.
2067 4287 2236 4343 Unam
2268 4289 2312 4343 is
2332 4289 2570 4344 continet
2600 4288 2873 4343 homiliam
2899 4289 3068 4343 sancti
3100 4287 3314 4343 Maximi
3348 4289 3719 4359 przefercutem

456 4397 674 4447 neuneu,
704 4380 856 4451 cujus
877 4379 991 4435 lucc
1019 4385 1102 4434 cst
1123 4378 1396 4450 inscriptio
1422 4397 1435 4431 :
1464 4377 1527 4433 In
1559 4388 1740 4433 octava
1756 4378 1995 4444 Domini,
2021 4380 2071 4435 id
2094 4388 2193 4445 est,
2217 4380 2322 4434 kal.
2343 4379 2606 4434 Januarii.
2628 4379 2758 4434 Eam
2780 4376 3088 4452 Gymnicus,
3110 4380 3470 4449 deincepsque
3497 4381 3585 4435 alii
3607 4381 3722 4437 edi-

451 4473 667 4529 derunt.

522 4562 599 4618 De
626 4561 812 4627 tertio,
837 4560 892 4616 id
916 4575 1018 4630 ego
1048 4559 1397 4616 animadverti
1427 4560 1549 4615 volo
1575 4577 1587 4612 :
1621 4560 2090 4614 membranaccum
2117 4575 2330 4630 quoque
2359 4560 2528 4629 ipsum
2554 4575 2690 4623 esse,
2714 4559 3091 4629 pertinereque
3112 4558 3178 4613 ad
3206 4559 3347 4616 idem
3375 4576 3426 4615 x1
3446 4561 3716 4626 sacculum,

353 4648 363 4689 "
450 4674 519 4714 ac
540 4656 790 4712 lmmilias
809 4654 1093 4726 complecti
1125 4651 1214 4719 {8,
1234 4667 1388 4725 quas,
1420 4652 1519 4709 etsi
1536 4650 1742 4721 jamdiu
1766 4650 1906 4723 typis
1926 4650 2186 4720 volgatas,
2221 4651 2263 4705 is
2293 4658 2470 4705 tamen
2500 4649 2670 4705 codex
2696 4648 2955 4719 majorem
2997 4649 3049 4704 in
3081 4649 3296 4705 modqu
3325 4648 3607 4706 conﬁrmat
3634 4660 3718 4707 at-

348 4762 360 4786 ί
452 4747 613 4804 tribui
642 4745 874 4803 Maximo
903 4756 1174 4817 oportere.

358 4870 371 4910 ,-
521 4837 611 4894 XI.
655 4838 799 4894 Idem
824 4856 923 4894 nos
949 4838 1149 4894 Frisius
1177 4838 1435 4894 certiores
1463 4836 1609 4901 fecit,
1641 4854 1719 4905 se,
1751 4845 1944 4908 praeter
1968 4836 2308 4918 Subalpinos,
2343 4833 2537 4889 vidisse
2583 4834 2718 4890 alios
2745 4833 3078 4889 homiliarios
3100 4833 3265 4888 libros
3288 4840 3519 4901 quatuor
3542 4831 3594 4885 iu
3636 4831 3717 4887 bi-

356 4934 362 4949 ’
448 4930 807 5002 bliophylacio
836 4929 1076 4985 ecclesia:
1104 4929 1422 4984 cathedralis
1451 4928 1711 4996 Novarizn,
1745 4944 1919 4999 exque
1946 4930 2009 4983 iis
2037 4928 2184 4983 velut
2206 4941 2239 4981 e
2258 4925 2493 4981 fontibus
2518 4923 2686 4979 multa
2706 4924 2968 4988 hausisse,
2993 4938 3113 4993 qua:
3136 4920 3499 4991 prospexisset
3523 4934 3719 4988 magno
3814 4938 3819 4941 ·

448 5023 672 5079 editioni
699 5022 826 5077 huic
853 5029 1051 5077 nostra:
1076 5028 1396 5075 ornamento
1425 5030 1588 5090 atque
1613 5019 1829 5074 utilitati
1857 5019 1989 5073 fore.
2021 5016 2547 5087 Cujusmodiautem
2576 5014 2628 5070 hi
2658 5015 2767 5070 sint
2785 5014 3019 5076 codices,
3043 5012 3227 5083 paucis
3255 5025 3540 5081 exponam.
3568 5008 3721 5065 Prior

449 5124 533 5171 est
559 5114 1003 5170 membranaceus
1027 5112 1250 5177 in-lolio,
1273 5120 1465 5182 estque
1494 5112 1546 5165 in
1574 5112 1713 5167 serie
1741 5111 1988 5167 codicum
2016 5110 2131 5180 ejus
2158 5110 2399 5166 ecclesia:
2424 5109 2907 5181 manuscriptorum
2938 5122 3192 5173 numerus
3218 5106 3493 5177 septimus.
3529 5105 3717 5161 Conti-

454 5214 546 5262 net
566 5206 734 5262 sancti
764 5205 978 5260 Maximi
1008 5203 1257 5262 homilias
1278 5202 1411 5259 duas
1438 5204 1721 5273 inscriptas
1735 5203 1799 5257 de
1818 5201 2086 5255 Cmnmuni
2106 5201 2448 5271 plurimorum
2468 5209 2772 5272 martyrum,
2803 5213 3027 5270 quarum
3049 5197 3262 5269 quidem
3294 5198 3488 5269 prioris
3515 5197 3618 5252 hoc
3636 5205 3720 5252 est

450 5296 658 5351 initium
690 5314 703 5350 :
736 5296 943 5351 Corona
961 5296 1314 5349 uniuersorum
1344 5302 1629 5364 martyrum
1658 5292 1837 5365 fulget,
1870 5300 2009 5357 etc.;
2034 5292 2254 5347 alterius
2280 5308 2410 5348 vero
2433 5310 2445 5345 :
2468 5291 2714 5363 Suﬂicere
2735 5290 2882 5345 nobis
2909 5289 3111 5343 deberet
3132 5291 3202 5343 ml
3221 5292 3506 5360 profectum
3528 5298 3721 5342 nostri:

450 5388 654 5453 salutis,
681 5396 786 5444 etc.
813 5386 1002 5443 Exstat
1023 5394 1249 5456 utraque
1271 5386 1325 5440 iu
1356 5385 1516 5440 variis
1536 5400 1662 5438 mss.
1696 5382 1992 5446 codicibus,
2021 5384 2113 5452 qui
2139 5382 2206 5437 ab
2235 5383 2338 5437 hoc
2366 5382 2685 5438 Vercelleusi
2722 5379 3036 5451 quibusdam
3068 5379 3119 5433 in
3154 5380 3284 5433 locis
3307 5378 3627 5445 discrepant,
3663 5386 3719 5431 ut

449 5488 752 5553 Opportune
772 5496 802 5533 a
829 5478 1003 5541 nobis.
1030 5478 1155 5534 dmn
1187 5486 1397 5547 tempus
1426 5476 1711 5539 monuerit,
1745 5474 2107 5529 annotabitux.
2133 5474 2281 5528 Alter
2300 5473 2492 5539 codex,
2516 5474 2955 5529 melubranaccus
2985 5472 3112 5526 item
3137 5469 3351 5523 iri-lolio
3380 5466 3557 5522 saeculi
3578 5468 3720 5536 ejus-

447 5570 571 5627 dem
594 5588 686 5637 xu,
708 5583 872 5626 unam
893 5566 1332 5624 illamhomiliam
1359 5566 1601 5631 exhibet,
1626 5563 1777 5633 cujus
1798 5580 1918 5620 esse
1945 5564 2154 5620 initium
2185 5563 2416 5621 diximus
2449 5583 2460 5617 :
2494 5565 2738 5635 Su/ﬁccrc
2767 5564 2913 5619 nobis
2942 5561 3167 5622 deberet,
3200 5564 3304 5613 etc.
3340 5557 3611 5612 Vetustior
3642 5566 3719 5613 est

447 5664 658 5731 tertius,
686 5662 1127 5721 luetubrauaceus
1153 5659 1376 5732 perinde
1405 5657 1641 5724 invfoIio,
1672 5657 1910 5729 signatus
1958 5672 2103 5714 num.
2136 5656 2204 5710 27
2253 5664 2305 5713 et
2335 5658 2624 5713 initialibus
2655 5658 2846 5714 litteris
2877 5655 3025 5710 vario
3070 5652 3253 5707 colore
3302 5651 3523 5723 pulchre
3556 5660 3717 5722 atque
