  <div class='ocr_page' id='page_1' title='image "/cluster/home/n/w/nwhite01/storage/ocr_20150623/57/hvd.32044015471618/019.png"; bbox 0 0 4050 6356; ppageno 0'>
   <div class='ocr_carea' id='block_1_1' title="bbox 527 249 3801 326">
    <p class='ocr_par' dir='ltr' id='par_1_1' title="bbox 527 249 3801 326">
     <span class='ocr_line' id='line_1_1' title="bbox 527 249 3801 326; baseline -0.002 -12"><span class='ocrx_word' id='word_1_1' title='bbox 527 261 593 316; x_wconf 76' lang='lat'><strong>27</strong></span> <span class='ocrx_word' id='word_1_2' title='bbox 1797 255 1810 268; x_wconf 68' lang='grc' dir='ltr'><strong><em>ο</em></strong></span> <span class='ocrx_word' id='word_1_3' title='bbox 1977 249 2356 308; x_wconf 62' lang='lat' dir='ltr'><strong>ramulo.</strong></span> <span class='ocrx_word' id='word_1_4' title='bbox 3719 260 3801 326; x_wconf 64' lang='grc' dir='ltr'>ω</span> 
     </span>
    </p>
   </div>
   <div class='ocr_carea' id='block_1_2' title="bbox 525 353 3790 445">
    <p class='ocr_par' dir='ltr' id='par_1_2' title="bbox 525 353 3790 445">
     <span class='ocr_line' id='line_1_2' title="bbox 525 353 3790 445; baseline 0.002 -19"><span class='ocrx_word' id='word_1_5' title='bbox 525 379 744 445; x_wconf 86' lang='lat' dir='ltr'><strong>paratos</strong></span> <span class='ocrx_word' id='word_1_6' title='bbox 771 370 1020 434; x_wconf 79' lang='lat' dir='ltr'><strong>arbitror,</strong></span> <span class='ocrx_word' id='word_1_7' title='bbox 1042 367 1240 439; x_wconf 85' lang='lat' dir='ltr'><strong>quique</strong></span> <span class='ocrx_word' id='word_1_8' title='bbox 1268 366 1320 420; x_wconf 92' lang='lat' dir='ltr'><strong>in</strong></span> <span class='ocrx_word' id='word_1_9' title='bbox 1343 359 1540 420; x_wconf 82' lang='lat' dir='ltr'><strong>litteris</strong></span> <span class='ocrx_word' id='word_1_10' title='bbox 1577 353 1869 418; x_wconf 73' lang='lat' dir='ltr'><strong>initialib&#39;us</strong></span> <span class='ocrx_word' id='word_1_11' title='bbox 1897 367 2044 420; x_wconf 89' lang='lat' dir='ltr'><strong>varia</strong></span> <span class='ocrx_word' id='word_1_12' title='bbox 2073 367 2394 420; x_wconf 84' lang='lat' dir='ltr'><strong>emblemata</strong></span> <span class='ocrx_word' id='word_1_13' title='bbox 2423 366 2698 434; x_wconf 74' lang='lat' dir='ltr'><strong>religionis</strong></span> <span class='ocrx_word' id='word_1_14' title='bbox 2724 365 3028 423; x_wconf 69' lang='lat' dir='ltr'><strong>christiana:</strong></span> <span class='ocrx_word' id='word_1_15' title='bbox 3055 372 3267 441; x_wconf 85' lang='lat' dir='ltr'><strong>egregie</strong></span> <span class='ocrx_word' id='word_1_16' title='bbox 3309 374 3448 444; x_wconf 88' lang='lat' dir='ltr'><strong>picta</strong></span> <span class='ocrx_word' id='word_1_17' title='bbox 3489 377 3743 436; x_wconf 80' lang='lat' dir='ltr'><strong>exhibent</strong></span> <span class='ocrx_word' id='word_1_18' title='bbox 3773 397 3790 436; x_wconf 90' lang='lat'><strong>:</strong></span> 
     </span>
    </p>
   </div>
   <div class='ocr_carea' id='block_1_3' title="bbox 526 455 3795 533">
    <p class='ocr_par' dir='ltr' id='par_1_3' title="bbox 526 455 3795 533">
     <span class='ocr_line' id='line_1_3' title="bbox 526 455 3795 533; baseline 0.003 -13"><span class='ocrx_word' id='word_1_19' title='bbox 526 467 579 520; x_wconf 86' lang='lat' dir='ltr'><strong>hi</strong></span> <span class='ocrx_word' id='word_1_20' title='bbox 611 463 824 520; x_wconf 83' lang='lat' dir='ltr'><strong>codices</strong></span> <span class='ocrx_word' id='word_1_21' title='bbox 850 463 956 517; x_wconf 89' lang='lat' dir='ltr'><strong>duo</strong></span> <span class='ocrx_word' id='word_1_22' title='bbox 984 460 1052 516; x_wconf 91' lang='lat' dir='ltr'><strong>ad</strong></span> <span class='ocrx_word' id='word_1_23' title='bbox 1078 459 1455 515; x_wconf 80' lang='lat' dir='ltr'><strong>bibliothecam</strong></span> <span class='ocrx_word' id='word_1_24' title='bbox 1495 456 1654 512; x_wconf 92' lang='lat' dir='ltr'><strong>modo</strong></span> <span class='ocrx_word' id='word_1_25' title='bbox 1697 455 2108 511; x_wconf 81' lang='lat' dir='ltr'><strong>Laurentiauam</strong></span> <span class='ocrx_word' id='word_1_26' title='bbox 2148 457 2448 527; x_wconf 86' lang='lat' dir='ltr'><strong>pertinent;</strong></span> <span class='ocrx_word' id='word_1_27' title='bbox 2476 458 2540 510; x_wconf 75' lang='grc'><strong>4⁸</strong></span> <span class='ocrx_word' id='word_1_28' title='bbox 2562 459 2737 514; x_wconf 79' lang='lat' dir='ltr'><strong>codex</strong></span> <span class='ocrx_word' id='word_1_29' title='bbox 2771 462 2950 518; x_wconf 63' lang='lat' dir='ltr'><strong>seculi</strong></span> <span class='ocrx_word' id='word_1_30' title='bbox 2979 477 3086 528; x_wconf 77' lang='lat' dir='ltr'><strong>xiv,</strong></span> <span class='ocrx_word' id='word_1_31' title='bbox 3117 463 3172 517; x_wconf 84' lang='lat' dir='ltr'><strong>in</strong></span> <span class='ocrx_word' id='word_1_32' title='bbox 3197 479 3306 533; x_wconf 88' lang='lat' dir='ltr'><strong>quo</strong></span> <span class='ocrx_word' id='word_1_33' title='bbox 3335 475 3460 522; x_wconf 80' lang='lat' dir='ltr'><strong>sunt</strong></span> <span class='ocrx_word' id='word_1_34' title='bbox 3479 469 3795 530; x_wconf 71' lang='lat' dir='ltr'><strong>lmmilizeea</strong></span> 
     </span>
    </p>
   </div>
   <div class='ocr_carea' id='block_1_4' title="bbox 525 537 3798 632">
    <p class='ocr_par' dir='ltr' id='par_1_4' title="bbox 525 537 3798 632">
     <span class='ocr_line' id='line_1_4' title="bbox 525 537 3798 632; baseline 0.001 -23"><span class='ocrx_word' id='word_1_35' title='bbox 525 537 668 610; x_wconf 76' lang='lat' dir='ltr'><strong>serie</strong></span> <span class='ocrx_word' id='word_1_36' title='bbox 695 568 871 624; x_wconf 89' lang='lat' dir='ltr'><strong>eoque</strong></span> <span class='ocrx_word' id='word_1_37' title='bbox 896 551 1084 608; x_wconf 84' lang='lat' dir='ltr'><strong>ordine</strong></span> <span class='ocrx_word' id='word_1_38' title='bbox 1110 549 1410 606; x_wconf 55' lang='lat' dir='ltr'><strong>distributas</strong></span> <span class='ocrx_word' id='word_1_39' title='bbox 1445 562 1554 616; x_wconf 89' lang='lat' dir='ltr'><strong>quo</strong></span> <span class='ocrx_word' id='word_1_40' title='bbox 1583 555 1959 618; x_wconf 89' lang='lat' dir='ltr'><strong>proponuntur</strong></span> <span class='ocrx_word' id='word_1_41' title='bbox 1983 547 2038 602; x_wconf 92' lang='lat' dir='ltr'><strong>in</strong></span> <span class='ocrx_word' id='word_1_42' title='bbox 2076 545 2146 600; x_wconf 88' lang='lat'><strong>99</strong></span> <span class='ocrx_word' id='word_1_43' title='bbox 2171 547 2362 603; x_wconf 89' lang='lat' dir='ltr'><strong>codice</strong></span> <span class='ocrx_word' id='word_1_44' title='bbox 2398 548 2612 605; x_wconf 63' lang='lat' dir='ltr'><strong>Sanctae</strong></span> <span class='ocrx_word' id='word_1_45' title='bbox 2649 549 2837 607; x_wconf 88' lang='lat' dir='ltr'><strong>Crucis</strong></span> <span class='ocrx_word' id='word_1_46' title='bbox 2865 552 2918 608; x_wconf 90' lang='lat' dir='ltr'><strong>in</strong></span> <span class='ocrx_word' id='word_1_47' title='bbox 2945 551 3262 619; x_wconf 75' lang='lat' dir='ltr'><strong>Jerusalem,</strong></span> <span class='ocrx_word' id='word_1_48' title='bbox 3283 555 3354 611; x_wconf 90' lang='lat' dir='ltr'><strong>de</strong></span> <span class='ocrx_word' id='word_1_49' title='bbox 3379 570 3488 626; x_wconf 86' lang='lat' dir='ltr'><strong>quo</strong></span> <span class='ocrx_word' id='word_1_50' title='bbox 3516 573 3604 628; x_wconf 81' lang='lat' dir='ltr'><strong>me</strong></span> <span class='ocrx_word' id='word_1_51' title='bbox 3634 575 3798 632; x_wconf 76' lang='lat' dir='ltr'><strong>supra</strong></span> 
     </span>
    </p>
   </div>
   <div class='ocr_carea' id='block_1_5' title="bbox 523 639 3802 724">
    <p class='ocr_par' dir='ltr' id='par_1_5' title="bbox 523 639 3802 724">
     <span class='ocr_line' id='line_1_5' title="bbox 523 639 3802 724; baseline 0.003 -22"><span class='ocrx_word' id='word_1_52' title='bbox 523 648 724 702; x_wconf 84' lang='lat' dir='ltr'><strong>dixisse</strong></span> <span class='ocrx_word' id='word_1_53' title='bbox 752 643 986 701; x_wconf 91' lang='lat' dir='ltr'><strong>memini.</strong></span> <span class='ocrx_word' id='word_1_54' title='bbox 1019 642 1098 698; x_wconf 89' lang='lat' dir='ltr'><strong>De</strong></span> <span class='ocrx_word' id='word_1_55' title='bbox 1128 639 1473 724; x_wconf 78' lang='lat' dir='ltr'><strong>Lucensibus,</strong></span> <span class='ocrx_word' id='word_1_56' title='bbox 1505 639 1680 708; x_wconf 83' lang='lat' dir='ltr'><strong>deque</strong></span> <span class='ocrx_word' id='word_1_57' title='bbox 1707 639 2025 694; x_wconf 72' lang='lat' dir='ltr'><strong>monasterii</strong></span> <span class='ocrx_word' id='word_1_58' title='bbox 2037 639 2220 696; x_wconf 88' lang='lat' dir='ltr'><strong>Sancti</strong></span> <span class='ocrx_word' id='word_1_59' title='bbox 2241 639 2538 696; x_wconf 86' lang='lat' dir='ltr'><strong>Salvatoris</strong></span> <span class='ocrx_word' id='word_1_60' title='bbox 2562 641 2758 698; x_wconf 76' lang='lat' dir='ltr'><strong>Montis</strong></span> <span class='ocrx_word' id='word_1_61' title='bbox 2783 642 3008 700; x_wconf 60' lang='lat' dir='ltr'><strong>Amiano</strong></span> <span class='ocrx_word' id='word_1_62' title='bbox 3027 649 3414 704; x_wconf 82' lang='lat' dir='ltr'><strong>monachorum</strong></span> <span class='ocrx_word' id='word_1_63' title='bbox 3439 651 3802 712; x_wconf 68' lang='lat' dir='ltr'><strong>olim&#39;Cister-</strong></span> 
     </span>
    </p>
   </div>
   <div class='ocr_carea' id='block_1_6' title="bbox 521 733 3797 812">
    <p class='ocr_par' dir='ltr' id='par_1_6' title="bbox 521 733 3797 812">
     <span class='ocr_line' id='line_1_6' title="bbox 521 733 3797 812; baseline 0.004 -19"><span class='ocrx_word' id='word_1_64' title='bbox 521 740 781 795; x_wconf 75' lang='lat' dir='ltr'><strong>cienslum</strong></span> <span class='ocrx_word' id='word_1_65' title='bbox 811 737 864 792; x_wconf 91' lang='lat' dir='ltr'><strong>in</strong></span> <span class='ocrx_word' id='word_1_66' title='bbox 893 753 1024 806; x_wconf 87' lang='lat' dir='ltr'><strong>agro</strong></span> <span class='ocrx_word' id='word_1_67' title='bbox 1051 735 1276 806; x_wconf 78' lang='lat' dir='ltr'><strong>Senensi</strong></span> <span class='ocrx_word' id='word_1_68' title='bbox 1303 733 1596 798; x_wconf 86' lang='lat' dir='ltr'><strong>codicibus,</strong></span> <span class='ocrx_word' id='word_1_69' title='bbox 1619 749 1652 788; x_wconf 90' lang='lat' dir='ltr'><strong>e</strong></span> <span class='ocrx_word' id='word_1_70' title='bbox 1677 733 1872 803; x_wconf 82' lang='lat' dir='ltr'><strong>quibus</strong></span> <span class='ocrx_word' id='word_1_71' title='bbox 1901 733 2145 788; x_wconf 87' lang='lat' dir='ltr'><strong>nonnihil</strong></span> <span class='ocrx_word' id='word_1_72' title='bbox 2173 741 2256 788; x_wconf 88' lang='lat' dir='ltr'><strong>est</strong></span> <span class='ocrx_word' id='word_1_73' title='bbox 2281 733 2570 802; x_wconf 84' lang='lat' dir='ltr'><strong>aliquando</strong></span> <span class='ocrx_word' id='word_1_74' title='bbox 2590 737 2806 792; x_wconf 88' lang='lat' dir='ltr'><strong>luminis</strong></span> <span class='ocrx_word' id='word_1_75' title='bbox 2831 749 3120 794; x_wconf 81' lang='lat' dir='ltr'><strong>consecuta</strong></span> <span class='ocrx_word' id='word_1_76' title='bbox 3145 750 3326 797; x_wconf 88' lang='lat' dir='ltr'><strong>nostra</strong></span> <span class='ocrx_word' id='word_1_77' title='bbox 3347 743 3616 812; x_wconf 87' lang='lat' dir='ltr'><strong>collectio,</strong></span> <span class='ocrx_word' id='word_1_78' title='bbox 3643 748 3797 807; x_wconf 81' lang='lat' dir='ltr'><strong>alias.</strong></span> 
     </span>
    </p>
   </div>
   <div class='ocr_carea' id='block_1_7' title="bbox 593 824 3802 906">
    <p class='ocr_par' dir='ltr' id='par_1_7' title="bbox 593 824 3802 906">
     <span class='ocr_line' id='line_1_7' title="bbox 593 824 3802 906; baseline 0.004 -26"><span class='ocrx_word' id='word_1_79' title='bbox 593 826 726 882; x_wconf 81' lang='lat' dir='ltr'><strong>XIII.</strong></span> <span class='ocrx_word' id='word_1_80' title='bbox 749 826 996 883; x_wconf 86' lang='lat' dir='ltr'><strong>Postulat</strong></span> <span class='ocrx_word' id='word_1_81' title='bbox 1024 842 1166 881; x_wconf 83' lang='lat' dir='ltr'><strong>nunc</strong></span> <span class='ocrx_word' id='word_1_82' title='bbox 1191 826 1332 880; x_wconf 83' lang='lat' dir='ltr'><strong>ratio</strong></span> <span class='ocrx_word' id='word_1_83' title='bbox 1357 833 1418 879; x_wconf 91' lang='lat' dir='ltr'><strong>ut</strong></span> <span class='ocrx_word' id='word_1_84' title='bbox 1443 824 1511 878; x_wconf 88' lang='lat' dir='ltr'><strong>de</strong></span> <span class='ocrx_word' id='word_1_85' title='bbox 1539 824 1814 880; x_wconf 81' lang='lat' dir='ltr'><strong>codicibus</strong></span> <span class='ocrx_word' id='word_1_86' title='bbox 1836 824 2092 880; x_wconf 79' lang='lat' dir='ltr'><strong>Romanis</strong></span> <span class='ocrx_word' id='word_1_87' title='bbox 2121 840 2296 894; x_wconf 81' lang='lat' dir='ltr'><strong>agam.</strong></span> <span class='ocrx_word' id='word_1_88' title='bbox 2319 825 2438 880; x_wconf 68' lang='lat' dir='ltr'><strong>Iam</strong></span> <span class='ocrx_word' id='word_1_89' title='bbox 2468 835 2526 882; x_wconf 90' lang='lat' dir='ltr'><strong>ut</strong></span> <span class='ocrx_word' id='word_1_90' title='bbox 2548 828 2776 898; x_wconf 83' lang='lat' dir='ltr'><strong>primum</strong></span> <span class='ocrx_word' id='word_1_91' title='bbox 2802 829 2999 884; x_wconf 90' lang='lat' dir='ltr'><strong>elatum</strong></span> <span class='ocrx_word' id='word_1_92' title='bbox 3027 832 3464 906; x_wconf 86' lang='lat' dir='ltr'><strong>divulgatumque</strong></span> <span class='ocrx_word' id='word_1_93' title='bbox 3491 844 3592 902; x_wconf 88' lang='lat' dir='ltr'><strong>est,</strong></span> <span class='ocrx_word' id='word_1_94' title='bbox 3615 837 3802 897; x_wconf 86' lang='lat' dir='ltr'><strong>datum</strong></span> 
     </span>
    </p>
   </div>
   <div class='ocr_carea' id='block_1_8' title="bbox 521 915 3804 1005">
    <p class='ocr_par' dir='ltr' id='par_1_8' title="bbox 521 915 3804 1005">
     <span class='ocr_line' id='line_1_8' title="bbox 521 915 3804 1005; baseline 0.005 -33"><span class='ocrx_word' id='word_1_95' title='bbox 521 918 676 973; x_wconf 89' lang='lat' dir='ltr'><strong>nobis</strong></span> <span class='ocrx_word' id='word_1_96' title='bbox 705 934 734 972; x_wconf 90' lang='lat' dir='ltr'><strong>a</strong></span> <span class='ocrx_word' id='word_1_97' title='bbox 765 916 861 973; x_wconf 73' lang='lat' dir='ltr'><strong>Pio</strong></span> <span class='ocrx_word' id='word_1_98' title='bbox 889 926 1044 973; x_wconf 87' lang='lat' dir='ltr'><strong>sexto</strong></span> <span class='ocrx_word' id='word_1_99' title='bbox 1073 915 1326 987; x_wconf 77' lang='lat' dir='ltr'><strong>pontifice</strong></span> <span class='ocrx_word' id='word_1_100' title='bbox 1362 917 1597 1005; x_wconf 73' lang='lat' dir='ltr'><strong>maximo</strong></span> <span class='ocrx_word' id='word_1_101' title='bbox 1647 916 1700 970; x_wconf 91' lang='lat' dir='ltr'><strong>in</strong></span> <span class='ocrx_word' id='word_1_102' title='bbox 1747 915 2012 972; x_wconf 84' lang='lat' dir='ltr'><strong>mandatis</strong></span> <span class='ocrx_word' id='word_1_103' title='bbox 2042 915 2226 983; x_wconf 87' lang='lat' dir='ltr'><strong>fuisse,</strong></span> <span class='ocrx_word' id='word_1_104' title='bbox 2259 927 2320 972; x_wconf 91' lang='lat' dir='ltr'><strong>ut</strong></span> <span class='ocrx_word' id='word_1_105' title='bbox 2365 919 2601 974; x_wconf 89' lang='lat' dir='ltr'><strong>studium</strong></span> <span class='ocrx_word' id='word_1_106' title='bbox 2631 936 2796 976; x_wconf 87' lang='lat' dir='ltr'><strong>omne</strong></span> <span class='ocrx_word' id='word_1_107' title='bbox 2825 933 3102 990; x_wconf 85' lang='lat' dir='ltr'><strong>nostrum,</strong></span> <span class='ocrx_word' id='word_1_108' title='bbox 3133 941 3455 998; x_wconf 86' lang='lat' dir='ltr'><strong>omnemque</strong></span> <span class='ocrx_word' id='word_1_109' title='bbox 3485 947 3702 1001; x_wconf 82' lang='lat' dir='ltr'><strong>operam</strong></span> <span class='ocrx_word' id='word_1_110' title='bbox 3733 936 3804 989; x_wconf 82' lang='lat' dir='ltr'><strong>ad</strong></span> 
     </span>
    </p>
   </div>
   <div class='ocr_carea' id='block_1_9' title="bbox 523 1006 3801 1087">
    <p class='ocr_par' dir='ltr' id='par_1_9' title="bbox 523 1006 3801 1087">
     <span class='ocr_line' id='line_1_9' title="bbox 523 1006 3801 1087; baseline 0.003 -23"><span class='ocrx_word' id='word_1_111' title='bbox 523 1010 858 1073; x_wconf 87' lang='lat' dir='ltr'><strong>illustranda,</strong></span> <span class='ocrx_word' id='word_1_112' title='bbox 889 1010 1053 1078; x_wconf 88' lang='lat' dir='ltr'><strong>inque</strong></span> <span class='ocrx_word' id='word_1_113' title='bbox 1081 1009 1253 1063; x_wconf 91' lang='lat' dir='ltr'><strong>lucem</strong></span> <span class='ocrx_word' id='word_1_114' title='bbox 1283 1007 1549 1078; x_wconf 87' lang='lat' dir='ltr'><strong>publicam</strong></span> <span class='ocrx_word' id='word_1_115' title='bbox 1587 1006 1878 1061; x_wconf 91' lang='lat' dir='ltr'><strong>emittenda</strong></span> <span class='ocrx_word' id='word_1_116' title='bbox 1915 1007 2087 1061; x_wconf 89' lang='lat' dir='ltr'><strong>sancti</strong></span> <span class='ocrx_word' id='word_1_117' title='bbox 2133 1007 2351 1062; x_wconf 83' lang='lat' dir='ltr'><strong>Maximi</strong></span> <span class='ocrx_word' id='word_1_118' title='bbox 2397 1009 2654 1078; x_wconf 90' lang='lat' dir='ltr'><strong>opuscula</strong></span> <span class='ocrx_word' id='word_1_119' title='bbox 2693 1012 3086 1079; x_wconf 82' lang='lat' dir='ltr'><strong>conferremus;</strong></span> <span class='ocrx_word' id='word_1_120' title='bbox 3116 1013 3332 1072; x_wconf 84' lang='lat' dir='ltr'><strong>diflicilc</strong></span> <span class='ocrx_word' id='word_1_121' title='bbox 3360 1019 3668 1076; x_wconf 88' lang='lat' dir='ltr'><strong>existimatu</strong></span> <span class='ocrx_word' id='word_1_122' title='bbox 3696 1031 3801 1087; x_wconf 87' lang='lat' dir='ltr'><strong>est,</strong></span> 
     </span>
    </p>
   </div>
   <div class='ocr_carea' id='block_1_10' title="bbox 521 1095 3802 1188">
    <p class='ocr_par' dir='ltr' id='par_1_10' title="bbox 521 1095 3802 1188">
     <span class='ocr_line' id='line_1_10' title="bbox 521 1095 3802 1188; baseline 0.005 -34"><span class='ocrx_word' id='word_1_123' title='bbox 521 1103 864 1188; x_wconf 85' lang='lat' dir='ltr'><strong>quammulti</strong></span> <span class='ocrx_word' id='word_1_124' title='bbox 893 1107 1213 1188; x_wconf 76' lang='lat' dir='ltr'><strong>pnestantes</strong></span> <span class='ocrx_word' id='word_1_125' title='bbox 1231 1099 1532 1188; x_wconf 77' lang='lat' dir='ltr'><strong>eruditione</strong></span> <span class='ocrx_word' id='word_1_126' title='bbox 1559 1099 1675 1162; x_wconf 87' lang='lat' dir='ltr'><strong>viri,</strong></span> <span class='ocrx_word' id='word_1_127' title='bbox 1704 1099 1779 1152; x_wconf 86' lang='lat' dir='ltr'><strong>uti</strong></span> <span class='ocrx_word' id='word_1_128' title='bbox 1812 1115 1922 1154; x_wconf 87' lang='lat' dir='ltr'><strong>rem</strong></span> <span class='ocrx_word' id='word_1_129' title='bbox 1952 1107 2008 1154; x_wconf 90' lang='lat' dir='ltr'><strong>et</strong></span> <span class='ocrx_word' id='word_1_130' title='bbox 2034 1107 2185 1154; x_wconf 88' lang='lat' dir='ltr'><strong>tanto</strong></span> <span class='ocrx_word' id='word_1_131' title='bbox 2229 1099 2468 1170; x_wconf 79' lang='lat' dir='ltr'><strong>pontifici</strong></span> <span class='ocrx_word' id='word_1_132' title='bbox 2512 1095 2834 1173; x_wconf 80' lang='lat' dir='ltr'><strong>p&#39;crgratam,</strong></span> <span class='ocrx_word' id='word_1_133' title='bbox 2866 1115 2922 1161; x_wconf 90' lang='lat' dir='ltr'><strong>et</strong></span> <span class='ocrx_word' id='word_1_134' title='bbox 2948 1108 3254 1166; x_wconf 68' lang='lat' dir='ltr'><strong>christiana&#39;.</strong></span> <span class='ocrx_word' id='word_1_135' title='bbox 3281 1113 3586 1184; x_wconf 65' lang='lat' dir='ltr'><strong>reipublic!)</strong></span> <span class='ocrx_word' id='word_1_136' title='bbox 3614 1117 3802 1188; x_wconf 88' lang='lat' dir='ltr'><strong>impri-</strong></span> 
     </span>
    </p>
   </div>
   <div class='ocr_carea' id='block_1_11' title="bbox 520 1185 3806 1271">
    <p class='ocr_par' dir='ltr' id='par_1_11' title="bbox 520 1185 3806 1271">
     <span class='ocr_line' id='line_1_11' title="bbox 520 1185 3806 1271; baseline 0.005 -25"><span class='ocrx_word' id='word_1_137' title='bbox 520 1192 622 1246; x_wconf 87' lang='lat' dir='ltr'><strong>mis</strong></span> <span class='ocrx_word' id='word_1_138' title='bbox 650 1185 837 1246; x_wconf 77' lang='lat' dir='ltr'><strong>utilem</strong></span> <span class='ocrx_word' id='word_1_139' title='bbox 863 1189 1118 1251; x_wconf 87' lang='lat' dir='ltr'><strong>facerent,</strong></span> <span class='ocrx_word' id='word_1_140' title='bbox 1152 1187 1220 1242; x_wconf 90' lang='lat' dir='ltr'><strong>ad</strong></span> <span class='ocrx_word' id='word_1_141' title='bbox 1245 1185 1544 1244; x_wconf 77' lang='lat' dir='ltr'><strong>all‘erendas</strong></span> <span class='ocrx_word' id='word_1_142' title='bbox 1572 1187 1727 1242; x_wconf 90' lang='lat' dir='ltr'><strong>nobis</strong></span> <span class='ocrx_word' id='word_1_143' title='bbox 1748 1189 2022 1258; x_wconf 85' lang='lat' dir='ltr'><strong>suppetias</strong></span> <span class='ocrx_word' id='word_1_144' title='bbox 2050 1190 2426 1260; x_wconf 88' lang='lat' dir='ltr'><strong>conspirarint.</strong></span> <span class='ocrx_word' id='word_1_145' title='bbox 2459 1187 2536 1246; x_wconf 86' lang='lat' dir='ltr'><strong>Ex</strong></span> <span class='ocrx_word' id='word_1_146' title='bbox 2565 1193 2807 1262; x_wconf 86' lang='lat' dir='ltr'><strong>pluribus</strong></span> <span class='ocrx_word' id='word_1_147' title='bbox 2835 1195 3027 1252; x_wconf 86' lang='lat' dir='ltr'><strong>Petrus</strong></span> <span class='ocrx_word' id='word_1_148' title='bbox 3053 1197 3304 1271; x_wconf 80' lang='lat' dir='ltr'><strong>Aloys&#39;us</strong></span> <span class='ocrx_word' id='word_1_149' title='bbox 3329 1203 3589 1261; x_wconf 85' lang='lat' dir='ltr'><strong>Galletius</strong></span> <span class='ocrx_word' id='word_1_150' title='bbox 3617 1185 3806 1262; x_wconf 80' lang='lat' dir='ltr'><strong>mona-</strong></span> 
     </span>
    </p>
   </div>
   <div class='ocr_carea' id='block_1_12' title="bbox 521 1279 3808 1365">
    <p class='ocr_par' dir='ltr' id='par_1_12' title="bbox 521 1279 3808 1365">
     <span class='ocr_line' id='line_1_12' title="bbox 521 1279 3808 1365; baseline 0.004 -25"><span class='ocrx_word' id='word_1_151' title='bbox 521 1287 652 1341; x_wconf 85' lang='lat' dir='ltr'><strong>chus</strong></span> <span class='ocrx_word' id='word_1_152' title='bbox 679 1282 1056 1338; x_wconf 87' lang='lat' dir='ltr'><strong>Benedictinus</strong></span> <span class='ocrx_word' id='word_1_153' title='bbox 1083 1281 1513 1350; x_wconf 77' lang='lat' dir='ltr'><strong>congregationis</strong></span> <span class='ocrx_word' id='word_1_154' title='bbox 1549 1279 1858 1335; x_wconf 90' lang='lat' dir='ltr'><strong>Casinensis</strong></span> <span class='ocrx_word' id='word_1_155' title='bbox 1876 1319 1890 1344; x_wconf 90' lang='lat'><strong>,</strong></span> <span class='ocrx_word' id='word_1_156' title='bbox 1939 1298 2080 1338; x_wconf 88' lang='lat' dir='ltr'><strong>nunc</strong></span> <span class='ocrx_word' id='word_1_157' title='bbox 2112 1281 2434 1354; x_wconf 84' lang='lat' dir='ltr'><strong>Cyrenensis</strong></span> <span class='ocrx_word' id='word_1_158' title='bbox 2461 1286 2744 1356; x_wconf 82' lang='lat' dir='ltr'><strong>episcopus</strong></span> <span class='ocrx_word' id='word_1_159' title='bbox 2773 1287 2966 1357; x_wconf 80' lang='lat' dir='ltr'><strong>insigni</strong></span> <span class='ocrx_word' id='word_1_160' title='bbox 2993 1290 3312 1361; x_wconf 80' lang='lat' dir='ltr'><strong>eruditione,</strong></span> <span class='ocrx_word' id='word_1_161' title='bbox 3342 1295 3631 1365; x_wconf 83' lang='lat' dir='ltr'><strong>multisque</strong></span> <span class='ocrx_word' id='word_1_162' title='bbox 3657 1298 3808 1354; x_wconf 77' lang='lat' dir='ltr'><strong>libris</strong></span> 
     </span>
    </p>
   </div>
   <div class='ocr_carea' id='block_1_13' title="bbox 519 1367 3807 1458">
    <p class='ocr_par' dir='ltr' id='par_1_13' title="bbox 519 1367 3807 1458">
     <span class='ocr_line' id='line_1_13' title="bbox 519 1367 3807 1458; baseline 0.005 -30"><span class='ocrx_word' id='word_1_163' title='bbox 519 1371 677 1428; x_wconf 86' lang='lat' dir='ltr'><strong>editis</strong></span> <span class='ocrx_word' id='word_1_164' title='bbox 704 1371 898 1435; x_wconf 88' lang='lat' dir='ltr'><strong>clarus,</strong></span> <span class='ocrx_word' id='word_1_165' title='bbox 932 1385 1068 1424; x_wconf 87' lang='lat' dir='ltr'><strong>unus</strong></span> <span class='ocrx_word' id='word_1_166' title='bbox 1095 1369 1332 1422; x_wconf 92' lang='lat' dir='ltr'><strong>omnium</strong></span> <span class='ocrx_word' id='word_1_167' title='bbox 1359 1369 1612 1430; x_wconf 85' lang='lat' dir='ltr'><strong>maxime,</strong></span> <span class='ocrx_word' id='word_1_168' title='bbox 1643 1369 1800 1458; x_wconf 70' lang='lat' dir='ltr'><strong>variis</strong></span> <span class='ocrx_word' id='word_1_169' title='bbox 1827 1367 2148 1436; x_wconf 79' lang='lat' dir='ltr'><strong>lectionibus,</strong></span> <span class='ocrx_word' id='word_1_170' title='bbox 2181 1387 2316 1441; x_wconf 89' lang='lat' dir='ltr'><strong>quas</strong></span> <span class='ocrx_word' id='word_1_171' title='bbox 2342 1389 2374 1427; x_wconf 90' lang='lat' dir='ltr'><strong>c</strong></span> <span class='ocrx_word' id='word_1_172' title='bbox 2402 1374 2676 1430; x_wconf 84' lang='lat' dir='ltr'><strong>codicibus</strong></span> <span class='ocrx_word' id='word_1_173' title='bbox 2702 1377 3040 1435; x_wconf 66' lang='lat' dir='ltr'><strong>bibliothecae</strong></span> <span class='ocrx_word' id='word_1_174' title='bbox 3079 1381 3226 1454; x_wconf 79' lang='lat' dir='ltr'><strong>[xxv]</strong></span> <span class='ocrx_word' id='word_1_175' title='bbox 3255 1383 3524 1441; x_wconf 73' lang='lat' dir='ltr'><strong>Vaticana:</strong></span> <span class='ocrx_word' id='word_1_176' title='bbox 3551 1387 3807 1458; x_wconf 90' lang='lat' dir='ltr'><strong>deprom-</strong></span> 
     </span>
    </p>
   </div>
   <div class='ocr_carea' id='block_1_14' title="bbox 521 1457 3804 1536">
    <p class='ocr_par' dir='ltr' id='par_1_14' title="bbox 521 1457 3804 1536">
     <span class='ocr_line' id='line_1_14' title="bbox 521 1457 3804 1536; baseline 0.004 -17"><span class='ocrx_word' id='word_1_177' title='bbox 521 1469 722 1533; x_wconf 88' lang='lat' dir='ltr'><strong>pscrat,</strong></span> <span class='ocrx_word' id='word_1_178' title='bbox 767 1475 830 1516; x_wconf 91' lang='lat' dir='ltr'><strong>ac</strong></span> <span class='ocrx_word' id='word_1_179' title='bbox 857 1458 1198 1514; x_wconf 88' lang='lat' dir='ltr'><strong>sermonibus</strong></span> <span class='ocrx_word' id='word_1_180' title='bbox 1225 1457 1450 1528; x_wconf 83' lang='lat' dir='ltr'><strong>aliquot,</strong></span> <span class='ocrx_word' id='word_1_181' title='bbox 1481 1473 1619 1526; x_wconf 87' lang='lat' dir='ltr'><strong>quos</strong></span> <span class='ocrx_word' id='word_1_182' title='bbox 1641 1457 1764 1512; x_wconf 91' lang='lat' dir='ltr'><strong>inde</strong></span> <span class='ocrx_word' id='word_1_183' title='bbox 1805 1474 2016 1514; x_wconf 87' lang='lat' dir='ltr'><strong>summo</strong></span> <span class='ocrx_word' id='word_1_184' title='bbox 2055 1459 2234 1515; x_wconf 87' lang='lat' dir='ltr'><strong>studio</strong></span> <span class='ocrx_word' id='word_1_185' title='bbox 2278 1461 2662 1532; x_wconf 80' lang='lat' dir='ltr'><strong>diligentiaque</strong></span> <span class='ocrx_word' id='word_1_186' title='bbox 2690 1464 3077 1536; x_wconf 86' lang='lat' dir='ltr'><strong>descripserat,</strong></span> <span class='ocrx_word' id='word_1_187' title='bbox 3111 1471 3444 1528; x_wconf 90' lang='lat' dir='ltr'><strong>incredibilili</strong></span> <span class='ocrx_word' id='word_1_188' title='bbox 3473 1490 3573 1530; x_wconf 90' lang='lat' dir='ltr'><strong>nos</strong></span> <span class='ocrx_word' id='word_1_189' title='bbox 3599 1457 3682 1532; x_wconf 83' lang='lat' dir='ltr'><strong>est</strong></span> <span class='ocrx_word' id='word_1_190' title='bbox 3707 1477 3804 1532; x_wconf 83' lang='lat' dir='ltr'><strong>lin-</strong></span> 
     </span>
    </p>
   </div>
   <div class='ocr_carea' id='block_1_15' title="bbox 521 1549 3804 1630">
    <p class='ocr_par' dir='ltr' id='par_1_15' title="bbox 521 1549 3804 1630">
     <span class='ocr_line' id='line_1_15' title="bbox 521 1549 3804 1630; baseline 0.005 -24"><span class='ocrx_word' id='word_1_191' title='bbox 521 1553 797 1616; x_wconf 85' lang='lat' dir='ltr'><strong>inanitate,</strong></span> <span class='ocrx_word' id='word_1_192' title='bbox 822 1552 1094 1616; x_wconf 87' lang='lat' dir='ltr'><strong>comitate,</strong></span> <span class='ocrx_word' id='word_1_193' title='bbox 1129 1549 1449 1605; x_wconf 88' lang='lat' dir='ltr'><strong>liberalitate</strong></span> <span class='ocrx_word' id='word_1_194' title='bbox 1478 1559 1808 1604; x_wconf 87' lang='lat' dir='ltr'><strong>muneratus.</strong></span> <span class='ocrx_word' id='word_1_195' title='bbox 1841 1549 1952 1606; x_wconf 86' lang='lat' dir='ltr'><strong>Etsi</strong></span> <span class='ocrx_word' id='word_1_196' title='bbox 1985 1551 2240 1619; x_wconf 88' lang='lat' dir='ltr'><strong>id&#39;genus</strong></span> <span class='ocrx_word' id='word_1_197' title='bbox 2267 1551 2393 1608; x_wconf 88' lang='lat' dir='ltr'><strong>doni</strong></span> <span class='ocrx_word' id='word_1_198' title='bbox 2423 1561 2530 1608; x_wconf 88' lang='lat' dir='ltr'><strong>tam</strong></span> <span class='ocrx_word' id='word_1_199' title='bbox 2558 1555 2689 1610; x_wconf 89' lang='lat' dir='ltr'><strong>mihi</strong></span> <span class='ocrx_word' id='word_1_200' title='bbox 2719 1557 2834 1612; x_wconf 89' lang='lat' dir='ltr'><strong>usui</strong></span> <span class='ocrx_word' id='word_1_201' title='bbox 2867 1557 3047 1624; x_wconf 90' lang='lat' dir='ltr'><strong>fuerit,</strong></span> <span class='ocrx_word' id='word_1_202' title='bbox 3065 1568 3126 1615; x_wconf 89' lang='lat' dir='ltr'><strong>ut</strong></span> <span class='ocrx_word' id='word_1_203' title='bbox 3151 1572 3410 1630; x_wconf 88' lang='lat' dir='ltr'><strong>quantum</strong></span> <span class='ocrx_word' id='word_1_204' title='bbox 3441 1579 3560 1620; x_wconf 90' lang='lat' dir='ltr'><strong>eam</strong></span> <span class='ocrx_word' id='word_1_205' title='bbox 3589 1567 3660 1622; x_wconf 88' lang='lat' dir='ltr'><strong>ob</strong></span> <span class='ocrx_word' id='word_1_206' title='bbox 3689 1583 3804 1623; x_wconf 89' lang='lat' dir='ltr'><strong>rem</strong></span> 
     </span>
    </p>
   </div>
   <div class='ocr_carea' id='block_1_16' title="bbox 521 1632 3804 1727">
    <p class='ocr_par' dir='ltr' id='par_1_16' title="bbox 521 1632 3804 1727">
     <span class='ocr_line' id='line_1_16' title="bbox 521 1632 3804 1727; baseline 0.004 -30"><span class='ocrx_word' id='word_1_207' title='bbox 521 1642 822 1697; x_wconf 89' lang='lat' dir='ltr'><strong>clarissimo</strong></span> <span class='ocrx_word' id='word_1_208' title='bbox 851 1641 1064 1712; x_wconf 75' lang='lat' dir='ltr'><strong>praesuli</strong></span> <span class='ocrx_word' id='word_1_209' title='bbox 1093 1640 1317 1695; x_wconf 84' lang='lat' dir='ltr'><strong>debeam</strong></span> <span class='ocrx_word' id='word_1_210' title='bbox 1341 1639 1672 1705; x_wconf 86' lang='lat' dir='ltr'><strong>existimare,</strong></span> <span class='ocrx_word' id='word_1_211' title='bbox 1701 1640 1790 1694; x_wconf 82' lang='lat' dir='ltr'><strong>vix</strong></span> <span class='ocrx_word' id='word_1_212' title='bbox 1822 1640 2003 1708; x_wconf 90' lang='lat' dir='ltr'><strong>eloqui</strong></span> <span class='ocrx_word' id='word_1_213' title='bbox 2051 1650 2252 1702; x_wconf 85' lang='lat' dir='ltr'><strong>autem,</strong></span> <span class='ocrx_word' id='word_1_214' title='bbox 2284 1657 2354 1698; x_wconf 93' lang='lat' dir='ltr'><strong>ne</strong></span> <span class='ocrx_word' id='word_1_215' title='bbox 2380 1632 2470 1697; x_wconf 81' lang='lat' dir='ltr'><strong>vix</strong></span> <span class='ocrx_word' id='word_1_216' title='bbox 2499 1645 2714 1712; x_wconf 88' lang='lat' dir='ltr'><strong>quidem</strong></span> <span class='ocrx_word' id='word_1_217' title='bbox 2745 1647 2980 1716; x_wconf 89' lang='lat' dir='ltr'><strong>possim;</strong></span> <span class='ocrx_word' id='word_1_218' title='bbox 3006 1664 3289 1720; x_wconf 74' lang='lat' dir='ltr'><strong>superesse</strong></span> <span class='ocrx_word' id='word_1_219' title='bbox 3309 1661 3486 1708; x_wconf 91' lang='lat' dir='ltr'><strong>tamen</strong></span> <span class='ocrx_word' id='word_1_220' title='bbox 3515 1656 3804 1727; x_wconf 85' lang='lat' dir='ltr'><strong>quamplu-</strong></span> 
     </span>
    </p>
   </div>
   <div class='ocr_carea' id='block_1_17' title="bbox 521 1729 3805 1808">
    <p class='ocr_par' dir='ltr' id='par_1_17' title="bbox 521 1729 3805 1808">
     <span class='ocr_line' id='line_1_17' title="bbox 521 1729 3805 1808; baseline 0.004 -19"><span class='ocrx_word' id='word_1_221' title='bbox 521 1732 657 1790; x_wconf 86' lang='lat' dir='ltr'><strong>rima</strong></span> <span class='ocrx_word' id='word_1_222' title='bbox 689 1734 1052 1803; x_wconf 80' lang='lat' dir='ltr'><strong>intclligcham</strong></span> <span class='ocrx_word' id='word_1_223' title='bbox 1079 1748 1201 1787; x_wconf 90' lang='lat' dir='ltr'><strong>cum</strong></span> <span class='ocrx_word' id='word_1_224' title='bbox 1233 1732 1286 1785; x_wconf 90' lang='lat' dir='ltr'><strong>in</strong></span> <span class='ocrx_word' id='word_1_225' title='bbox 1325 1730 1654 1786; x_wconf 82' lang='lat' dir='ltr'><strong>bibliotheca</strong></span> <span class='ocrx_word' id='word_1_226' title='bbox 1699 1729 1885 1785; x_wconf 85' lang='lat' dir='ltr'><strong>eadem</strong></span> <span class='ocrx_word' id='word_1_227' title='bbox 1911 1730 2195 1795; x_wconf 77' lang='lat' dir='ltr'><strong>Vaticana,</strong></span> <span class='ocrx_word' id='word_1_228' title='bbox 2226 1747 2331 1800; x_wconf 86' lang='lat' dir='ltr'><strong>qua</strong></span> <span class='ocrx_word' id='word_1_229' title='bbox 2360 1741 2509 1799; x_wconf 86' lang='lat' dir='ltr'><strong>certe</strong></span> <span class='ocrx_word' id='word_1_230' title='bbox 2535 1735 2681 1790; x_wconf 90' lang='lat' dir='ltr'><strong>nulla</strong></span> <span class='ocrx_word' id='word_1_231' title='bbox 2708 1743 2790 1792; x_wconf 86' lang='lat' dir='ltr'><strong>est</strong></span> <span class='ocrx_word' id='word_1_232' title='bbox 2818 1738 3106 1808; x_wconf 79' lang='lat' dir='ltr'><strong>copiosior,</strong></span> <span class='ocrx_word' id='word_1_233' title='bbox 3138 1749 3250 1794; x_wconf 92' lang='lat' dir='ltr'><strong>tum</strong></span> <span class='ocrx_word' id='word_1_234' title='bbox 3279 1742 3331 1796; x_wconf 95' lang='lat' dir='ltr'><strong>in</strong></span> <span class='ocrx_word' id='word_1_235' title='bbox 3357 1743 3621 1802; x_wconf 90' lang='lat' dir='ltr'><strong>tabulario</strong></span> <span class='ocrx_word' id='word_1_236' title='bbox 3650 1746 3774 1803; x_wconf 89' lang='lat' dir='ltr'><strong>Basi</strong></span> <span class='ocrx_word' id='word_1_237' title='bbox 3792 1780 3805 1792; x_wconf 71' lang='grc' dir='ltr'><strong><em>ι</em></strong></span> 
     </span>
    </p>
   </div>
   <div class='ocr_carea' id='block_1_18' title="bbox 521 1822 3805 1904">
    <p class='ocr_par' dir='ltr' id='par_1_18' title="bbox 521 1822 3805 1904">
     <span class='ocr_line' id='line_1_18' title="bbox 521 1822 3805 1904; baseline 0.003 -22"><span class='ocrx_word' id='word_1_238' title='bbox 521 1829 636 1884; x_wconf 68' lang='grc' dir='ltr'><strong>ιίοςε</strong></span> <span class='ocrx_word' id='word_1_239' title='bbox 665 1827 848 1884; x_wconf 80' lang='lat' dir='ltr'><strong>Sancti</strong></span> <span class='ocrx_word' id='word_1_240' title='bbox 877 1826 1054 1902; x_wconf 72' lang='lat' dir='ltr'><strong>Petri,</strong></span> <span class='ocrx_word' id='word_1_241' title='bbox 1072 1841 1190 1894; x_wconf 73' lang='lat' dir='ltr'><strong>qua:</strong></span> <span class='ocrx_word' id='word_1_242' title='bbox 1219 1823 1322 1904; x_wconf 76' lang='lat' dir='ltr'><strong>nisi</strong></span> <span class='ocrx_word' id='word_1_243' title='bbox 1350 1823 1585 1892; x_wconf 89' lang='lat' dir='ltr'><strong>cognita,</strong></span> <span class='ocrx_word' id='word_1_244' title='bbox 1617 1822 1884 1893; x_wconf 83' lang='lat' dir='ltr'><strong>planeque</strong></span> <span class='ocrx_word' id='word_1_245' title='bbox 1917 1832 2199 1892; x_wconf 89' lang='lat' dir='ltr'><strong>perspecta</strong></span> <span class='ocrx_word' id='word_1_246' title='bbox 2247 1824 2448 1880; x_wconf 86' lang='lat' dir='ltr'><strong>habere</strong></span> <span class='ocrx_word' id='word_1_247' title='bbox 2501 1840 2804 1894; x_wconf 87' lang='lat' dir='ltr'><strong>curassem,</strong></span> <span class='ocrx_word' id='word_1_248' title='bbox 2847 1837 3100 1898; x_wconf 89' lang='lat' dir='ltr'><strong>suscepto</strong></span> <span class='ocrx_word' id='word_1_249' title='bbox 3126 1838 3274 1886; x_wconf 88' lang='lat' dir='ltr'><strong>certe</strong></span> <span class='ocrx_word' id='word_1_250' title='bbox 3303 1832 3454 1900; x_wconf 84' lang='lat' dir='ltr'><strong>opcri</strong></span> <span class='ocrx_word' id='word_1_251' title='bbox 3491 1849 3557 1890; x_wconf 89' lang='lat' dir='ltr'><strong>ac</strong></span> <span class='ocrx_word' id='word_1_252' title='bbox 3585 1836 3805 1893; x_wconf 75' lang='lat' dir='ltr'><strong>utilitati</strong></span> 
     </span>
    </p>
   </div>
   <div class='ocr_carea' id='block_1_19' title="bbox 520 1909 3807 1994">
    <p class='ocr_par' dir='ltr' id='par_1_19' title="bbox 520 1909 3807 1994">
     <span class='ocr_line' id='line_1_19' title="bbox 520 1909 3807 1994; baseline 0.002 -20"><span class='ocrx_word' id='word_1_253' title='bbox 520 1919 745 1988; x_wconf 72' lang='lat' dir='ltr'><strong>publica:</strong></span> <span class='ocrx_word' id='word_1_254' title='bbox 765 1919 1074 1976; x_wconf 80' lang='lat' dir='ltr'><strong>defuissem.</strong></span> <span class='ocrx_word' id='word_1_255' title='bbox 1092 1917 1298 1985; x_wconf 89' lang='lat' dir='ltr'><strong>Itaque,</strong></span> <span class='ocrx_word' id='word_1_256' title='bbox 1337 1930 1458 1970; x_wconf 86' lang='lat' dir='ltr'><strong>cum</strong></span> <span class='ocrx_word' id='word_1_257' title='bbox 1488 1930 1518 1969; x_wconf 91' lang='lat' dir='ltr'><strong>a</strong></span> <span class='ocrx_word' id='word_1_258' title='bbox 1541 1913 1637 1969; x_wconf 87' lang='lat' dir='ltr'><strong>Pio</strong></span> <span class='ocrx_word' id='word_1_259' title='bbox 1667 1909 1731 1968; x_wconf 84' lang='lat' dir='ltr'><strong>VI</strong></span> <span class='ocrx_word' id='word_1_260' title='bbox 1753 1912 2007 1983; x_wconf 77' lang='lat' dir='ltr'><strong>pontifice</strong></span> <span class='ocrx_word' id='word_1_261' title='bbox 2027 1915 2397 1984; x_wconf 88' lang='lat' dir='ltr'><strong>impetrassem</strong></span> <span class='ocrx_word' id='word_1_262' title='bbox 2419 1922 2478 1969; x_wconf 89' lang='lat' dir='ltr'><strong>ut</strong></span> <span class='ocrx_word' id='word_1_263' title='bbox 2505 1915 2634 1970; x_wconf 87' lang='lat' dir='ltr'><strong>mihi</strong></span> <span class='ocrx_word' id='word_1_264' title='bbox 2661 1923 2947 1992; x_wconf 82' lang='lat' dir='ltr'><strong>utrumque</strong></span> <span class='ocrx_word' id='word_1_265' title='bbox 2977 1918 3102 1973; x_wconf 92' lang='lat' dir='ltr'><strong>illud</strong></span> <span class='ocrx_word' id='word_1_266' title='bbox 3125 1921 3443 1976; x_wconf 64' lang='lat' dir='ltr'><strong>venerandae</strong></span> <span class='ocrx_word' id='word_1_267' title='bbox 3471 1923 3807 1994; x_wconf 84' lang='lat' dir='ltr'><strong>antiquitatis</strong></span> 
     </span>
    </p>
   </div>
   <div class='ocr_carea' id='block_1_20' title="bbox 521 2003 3804 2082">
    <p class='ocr_par' dir='ltr' id='par_1_20' title="bbox 521 2003 3804 2082">
     <span class='ocr_line' id='line_1_20' title="bbox 521 2003 3804 2082; baseline 0.002 -18"><span class='ocrx_word' id='word_1_268' title='bbox 521 2011 814 2066; x_wconf 87' lang='lat' dir='ltr'><strong>sacrarium</strong></span> <span class='ocrx_word' id='word_1_269' title='bbox 835 2018 1064 2082; x_wconf 86' lang='lat' dir='ltr'><strong>pateret,</strong></span> <span class='ocrx_word' id='word_1_270' title='bbox 1095 2023 1158 2063; x_wconf 90' lang='lat' dir='ltr'><strong>ac</strong></span> <span class='ocrx_word' id='word_1_271' title='bbox 1187 2006 1438 2076; x_wconf 78' lang='lat' dir='ltr'><strong>frequens</strong></span> <span class='ocrx_word' id='word_1_272' title='bbox 1466 2006 1696 2076; x_wconf 89' lang='lat' dir='ltr'><strong>primum</strong></span> <span class='ocrx_word' id='word_1_273' title='bbox 1725 2003 1792 2058; x_wconf 92' lang='lat' dir='ltr'><strong>ad</strong></span> <span class='ocrx_word' id='word_1_274' title='bbox 1821 2003 2134 2060; x_wconf 87' lang='lat' dir='ltr'><strong>Vaticanam</strong></span> <span class='ocrx_word' id='word_1_275' title='bbox 2161 2020 2252 2064; x_wconf 87' lang='lat' dir='ltr'><strong>mc</strong></span> <span class='ocrx_word' id='word_1_276' title='bbox 2289 2003 2669 2059; x_wconf 85' lang='lat' dir='ltr'><strong>bibliothecam</strong></span> <span class='ocrx_word' id='word_1_277' title='bbox 2693 2005 2943 2061; x_wconf 88' lang='lat' dir='ltr'><strong>conferre</strong></span> <span class='ocrx_word' id='word_1_278' title='bbox 2971 2009 3278 2077; x_wconf 75' lang='lat' dir='ltr'><strong>cmpissem,</strong></span> <span class='ocrx_word' id='word_1_279' title='bbox 3307 2008 3628 2080; x_wconf 76' lang='lat' dir='ltr'><strong>eodicesque</strong></span> <span class='ocrx_word' id='word_1_280' title='bbox 3655 2013 3708 2068; x_wconf 91' lang='lat' dir='ltr'><strong>in</strong></span> <span class='ocrx_word' id='word_1_281' title='bbox 3735 2030 3804 2072; x_wconf 78' lang='lat' dir='ltr'><strong>ea</strong></span> 
     </span>
    </p>
   </div>
   <div class='ocr_carea' id='block_1_21' title="bbox 523 2099 3808 2174">
    <p class='ocr_par' dir='ltr' id='par_1_21' title="bbox 523 2099 3808 2174">
     <span class='ocr_line' id='line_1_21' title="bbox 523 2099 3808 2174; baseline 0.001 -16"><span class='ocrx_word' id='word_1_282' title='bbox 523 2102 640 2171; x_wconf 82' lang='lat' dir='ltr'><strong>plus</strong></span> <span class='ocrx_word' id='word_1_283' title='bbox 667 2105 881 2174; x_wconf 79' lang='lat' dir='ltr'><strong>triginta</strong></span> <span class='ocrx_word' id='word_1_284' title='bbox 911 2105 1244 2161; x_wconf 89' lang='lat' dir='ltr'><strong>homiliarios</strong></span> <span class='ocrx_word' id='word_1_285' title='bbox 1267 2103 1608 2174; x_wconf 75' lang='lat' dir='ltr'><strong>reperissent.</strong></span> <span class='ocrx_word' id='word_1_286' title='bbox 1638 2115 1870 2170; x_wconf 90' lang='lat' dir='ltr'><strong>quorum</strong></span> <span class='ocrx_word' id='word_1_287' title='bbox 1892 2101 2216 2158; x_wconf 90' lang='lat' dir='ltr'><strong>vetustiores</strong></span> <span class='ocrx_word' id='word_1_288' title='bbox 2244 2099 2310 2154; x_wconf 89' lang='lat' dir='ltr'><strong>ad</strong></span> <span class='ocrx_word' id='word_1_289' title='bbox 2338 2099 2488 2154; x_wconf 90' lang='lat' dir='ltr'><strong>initia</strong></span> <span class='ocrx_word' id='word_1_290' title='bbox 2519 2099 2701 2154; x_wconf 66' lang='grc' dir='ltr'>εωθιιῆ</span> <span class='ocrx_word' id='word_1_291' title='bbox 2722 2101 2897 2154; x_wconf 83' lang='lat' dir='ltr'><strong>octavi</strong></span> <span class='ocrx_word' id='word_1_292' title='bbox 2925 2099 3114 2156; x_wconf 90' lang='lat' dir='ltr'><strong>referri</strong></span> <span class='ocrx_word' id='word_1_293' title='bbox 3144 2116 3301 2170; x_wconf 88' lang='lat' dir='ltr'><strong>posse</strong></span> <span class='ocrx_word' id='word_1_294' title='bbox 3325 2102 3654 2168; x_wconf 86' lang='lat' dir='ltr'><strong>viderentur,</strong></span> <span class='ocrx_word' id='word_1_295' title='bbox 3679 2117 3808 2165; x_wconf 82' lang='lat' dir='ltr'><strong>sunt</strong></span> 
     </span>
    </p>
   </div>
   <div class='ocr_carea' id='block_1_22' title="bbox 519 2192 3808 2267">
    <p class='ocr_par' dir='ltr' id='par_1_22' title="bbox 519 2192 3808 2267">
     <span class='ocr_line' id='line_1_22' title="bbox 519 2192 3808 2267; baseline 0.002 -20"><span class='ocrx_word' id='word_1_296' title='bbox 519 2195 662 2248; x_wconf 89' lang='lat' dir='ltr'><strong>cnim</strong></span> <span class='ocrx_word' id='word_1_297' title='bbox 695 2193 948 2250; x_wconf 80' lang='lat' dir='ltr'><strong>Romanis</strong></span> <span class='ocrx_word' id='word_1_298' title='bbox 975 2195 1377 2250; x_wconf 86' lang='lat' dir='ltr'><strong>cbaracteribus</strong></span> <span class='ocrx_word' id='word_1_299' title='bbox 1396 2192 1672 2264; x_wconf 86' lang='lat' dir='ltr'><strong>quadratis</strong></span> <span class='ocrx_word' id='word_1_300' title='bbox 1696 2192 1999 2262; x_wconf 86' lang='lat' dir='ltr'><strong>perscripti,</strong></span> <span class='ocrx_word' id='word_1_301' title='bbox 2027 2193 2306 2248; x_wconf 88' lang='lat' dir='ltr'><strong>continere</strong></span> <span class='ocrx_word' id='word_1_302' title='bbox 2335 2208 2443 2246; x_wconf 93' lang='lat' dir='ltr'><strong>non</strong></span> <span class='ocrx_word' id='word_1_303' title='bbox 2473 2192 2742 2262; x_wconf 84' lang='lat' dir='ltr'><strong>potui-mc</strong></span> <span class='ocrx_word' id='word_1_304' title='bbox 2767 2193 2897 2261; x_wconf 90' lang='lat' dir='ltr'><strong>quin</strong></span> <span class='ocrx_word' id='word_1_305' title='bbox 2917 2207 3013 2249; x_wconf 91' lang='lat' dir='ltr'><strong>eos</strong></span> <span class='ocrx_word' id='word_1_306' title='bbox 3032 2193 3224 2264; x_wconf 88' lang='lat' dir='ltr'><strong>cupide</strong></span> <span class='ocrx_word' id='word_1_307' title='bbox 3251 2194 3506 2264; x_wconf 86' lang='lat' dir='ltr'><strong>legerem,</strong></span> <span class='ocrx_word' id='word_1_308' title='bbox 3535 2197 3808 2267; x_wconf 83' lang='lat' dir='ltr'><strong>simulque</strong></span> 
     </span>
    </p>
   </div>
   <div class='ocr_carea' id='block_1_23' title="bbox 520 2281 3803 2355">
    <p class='ocr_par' dir='ltr' id='par_1_23' title="bbox 520 2281 3803 2355">
     <span class='ocr_line' id='line_1_23' title="bbox 520 2281 3803 2355; baseline 0.001 -17"><span class='ocrx_word' id='word_1_309' title='bbox 520 2286 868 2353; x_wconf 81' lang='lat' dir='ltr'><strong>inquirerem,</strong></span> <span class='ocrx_word' id='word_1_310' title='bbox 909 2293 1362 2355; x_wconf 84' lang='lat' dir='ltr'><strong>congruerentne,</strong></span> <span class='ocrx_word' id='word_1_311' title='bbox 1393 2300 1461 2338; x_wconf 91' lang='lat' dir='ltr'><strong>an</strong></span> <span class='ocrx_word' id='word_1_312' title='bbox 1491 2284 1686 2339; x_wconf 88' lang='lat' dir='ltr'><strong>alicubi</strong></span> <span class='ocrx_word' id='word_1_313' title='bbox 1713 2283 1852 2336; x_wconf 89' lang='lat' dir='ltr'><strong>alter</strong></span> <span class='ocrx_word' id='word_1_314' title='bbox 1879 2281 1948 2336; x_wconf 91' lang='lat' dir='ltr'><strong>ab</strong></span> <span class='ocrx_word' id='word_1_315' title='bbox 1975 2283 2150 2337; x_wconf 90' lang='lat' dir='ltr'><strong>altero</strong></span> <span class='ocrx_word' id='word_1_316' title='bbox 2199 2282 2550 2352; x_wconf 89' lang='lat' dir='ltr'><strong>discreparet.</strong></span> <span class='ocrx_word' id='word_1_317' title='bbox 2581 2281 2719 2336; x_wconf 88' lang='lat' dir='ltr'><strong>Sunt</strong></span> <span class='ocrx_word' id='word_1_318' title='bbox 2763 2281 2818 2336; x_wconf 93' lang='lat' dir='ltr'><strong>hi</strong></span> <span class='ocrx_word' id='word_1_319' title='bbox 2857 2281 3071 2338; x_wconf 89' lang='lat' dir='ltr'><strong>codices</strong></span> <span class='ocrx_word' id='word_1_320' title='bbox 3114 2283 3356 2353; x_wconf 87' lang='lat' dir='ltr'><strong>plerique</strong></span> <span class='ocrx_word' id='word_1_321' title='bbox 3380 2299 3568 2338; x_wconf 88' lang='lat' dir='ltr'><strong>omnes</strong></span> <span class='ocrx_word' id='word_1_322' title='bbox 3608 2285 3803 2352; x_wconf 89' lang='lat' dir='ltr'><strong>integri</strong></span> 
     </span>
    </p>
   </div>
   <div class='ocr_carea' id='block_1_24' title="bbox 519 2360 3801 2446">
    <p class='ocr_par' dir='ltr' id='par_1_24' title="bbox 519 2360 3801 2446">
     <span class='ocr_line' id='line_1_24' title="bbox 519 2360 3801 2446; baseline 0.001 -18"><span class='ocrx_word' id='word_1_323' title='bbox 519 2374 764 2440; x_wconf 81' lang='lat' dir='ltr'><strong>servati,’</strong></span> <span class='ocrx_word' id='word_1_324' title='bbox 786 2360 1026 2444; x_wconf 61' lang='lat' dir='ltr'><strong>quorum‘</strong></span> <span class='ocrx_word' id='word_1_325' title='bbox 1063 2389 1188 2444; x_wconf 68' lang='lat' dir='ltr'><strong>pars</strong></span> <span class='ocrx_word' id='word_1_326' title='bbox 1230 2372 1359 2428; x_wconf 92' lang='lat' dir='ltr'><strong>olim</strong></span> <span class='ocrx_word' id='word_1_327' title='bbox 1390 2372 1458 2427; x_wconf 92' lang='lat' dir='ltr'><strong>ad</strong></span> <span class='ocrx_word' id='word_1_328' title='bbox 1485 2371 1740 2427; x_wconf 88' lang='lat' dir='ltr'><strong>Sirletum</strong></span> <span class='ocrx_word' id='word_1_329' title='bbox 1766 2371 2026 2427; x_wconf 76' lang='lat' dir='ltr'><strong>doctrina:</strong></span> <span class='ocrx_word' id='word_1_330' title='bbox 2068 2370 2228 2426; x_wconf 87' lang='lat' dir='ltr'><strong>laude</strong></span> <span class='ocrx_word' id='word_1_331' title='bbox 2265 2371 2678 2426; x_wconf 90' lang='lat' dir='ltr'><strong>celeberrimum</strong></span> <span class='ocrx_word' id='word_1_332' title='bbox 2716 2371 3046 2426; x_wconf 82' lang='lat' dir='ltr'><strong>eardinalem</strong></span> <span class='ocrx_word' id='word_1_333' title='bbox 3075 2373 3402 2442; x_wconf 87' lang='lat' dir='ltr'><strong>pertinebat.</strong></span> <span class='ocrx_word' id='word_1_334' title='bbox 3435 2377 3527 2444; x_wconf 89' lang='lat' dir='ltr'><strong>qui</strong></span> <span class='ocrx_word' id='word_1_335' title='bbox 3549 2377 3720 2446; x_wconf 86' lang='lat' dir='ltr'><strong>aliqua</strong></span> <span class='ocrx_word' id='word_1_336' title='bbox 3740 2379 3801 2434; x_wconf 82' lang='lat' dir='ltr'><strong>in</strong></span> 
     </span>
    </p>
   </div>
   <div class='ocr_carea' id='block_1_25' title="bbox 519 2459 3800 2533">
    <p class='ocr_par' dir='ltr' id='par_1_25' title="bbox 519 2459 3800 2533">
     <span class='ocr_line' id='line_1_25' title="bbox 519 2459 3800 2533; baseline 0.002 -18"><span class='ocrx_word' id='word_1_337' title='bbox 519 2462 708 2518; x_wconf 84' lang='lat' dir='ltr'><strong>iisdem</strong></span> <span class='ocrx_word' id='word_1_338' title='bbox 732 2465 1011 2520; x_wconf 84' lang='lat' dir='ltr'><strong>annotavit</strong></span> <span class='ocrx_word' id='word_1_339' title='bbox 1029 2479 1127 2518; x_wconf 90' lang='lat' dir='ltr'><strong>sua</strong></span> <span class='ocrx_word' id='word_1_340' title='bbox 1157 2478 1346 2528; x_wconf 88' lang='lat' dir='ltr'><strong>manu;</strong></span> <span class='ocrx_word' id='word_1_341' title='bbox 1377 2478 1502 2532; x_wconf 90' lang='lat' dir='ltr'><strong>pars</strong></span> <span class='ocrx_word' id='word_1_342' title='bbox 1530 2461 1598 2528; x_wconf 83' lang='lat' dir='ltr'><strong>ad</strong></span> <span class='ocrx_word' id='word_1_343' title='bbox 1627 2463 1868 2530; x_wconf 88' lang='lat' dir='ltr'><strong>reginam</strong></span> <span class='ocrx_word' id='word_1_344' title='bbox 1896 2459 2194 2515; x_wconf 83' lang='lat' dir='ltr'><strong>Succorum</strong></span> <span class='ocrx_word' id='word_1_345' title='bbox 2221 2459 2547 2514; x_wconf 87' lang='lat' dir='ltr'><strong>Christlnam</strong></span> <span class='ocrx_word' id='word_1_346' title='bbox 2577 2475 2686 2514; x_wconf 92' lang='lat' dir='ltr'><strong>non</strong></span> <span class='ocrx_word' id='word_1_347' title='bbox 2708 2460 3006 2514; x_wconf 74' lang='lat' dir='ltr'><strong>litterarum</strong></span> <span class='ocrx_word' id='word_1_348' title='bbox 3039 2461 3233 2526; x_wconf 91' lang='lat' dir='ltr'><strong>minus,</strong></span> <span class='ocrx_word' id='word_1_349' title='bbox 3261 2477 3421 2530; x_wconf 90' lang='lat' dir='ltr'><strong>quam</strong></span> <span class='ocrx_word' id='word_1_350' title='bbox 3443 2465 3600 2533; x_wconf 73' lang='lat' dir='ltr'><strong>regiae</strong></span> <span class='ocrx_word' id='word_1_351' title='bbox 3626 2465 3800 2530; x_wconf 78' lang='lat' dir='ltr'><strong>digni-</strong></span> 
     </span>
    </p>
   </div>
   <div class='ocr_carea' id='block_1_26' title="bbox 521 2551 2799 2622">
    <p class='ocr_par' dir='ltr' id='par_1_26' title="bbox 521 2551 2799 2622">
     <span class='ocr_line' id='line_1_26' title="bbox 521 2551 2799 2622; baseline -0.001 -14"><span class='ocrx_word' id='word_1_352' title='bbox 521 2555 645 2608; x_wconf 88' lang='lat' dir='ltr'><strong>tatis</strong></span> <span class='ocrx_word' id='word_1_353' title='bbox 671 2554 838 2622; x_wconf 79' lang='lat' dir='ltr'><strong>gloria</strong></span> <span class='ocrx_word' id='word_1_354' title='bbox 861 2553 1289 2622; x_wconf 75' lang='lat' dir='ltr'><strong>pmeccllentem;</strong></span> <span class='ocrx_word' id='word_1_355' title='bbox 1331 2567 1457 2622; x_wconf 90' lang='lat' dir='ltr'><strong>pars</strong></span> <span class='ocrx_word' id='word_1_356' title='bbox 1483 2551 1712 2620; x_wconf 80' lang='lat' dir='ltr'><strong>denique</strong></span> <span class='ocrx_word' id='word_1_357' title='bbox 1735 2553 1802 2607; x_wconf 90' lang='lat' dir='ltr'><strong>ad</strong></span> <span class='ocrx_word' id='word_1_358' title='bbox 1828 2552 2046 2607; x_wconf 81' lang='lat' dir='ltr'><strong>Petrum</strong></span> <span class='ocrx_word' id='word_1_359' title='bbox 2072 2551 2413 2607; x_wconf 88' lang='lat' dir='ltr'><strong>Cardinalem</strong></span> <span class='ocrx_word' id='word_1_360' title='bbox 2434 2554 2799 2608; x_wconf 87' lang='lat' dir='ltr'><strong>Ottobonium.</strong></span> 
     </span>
    </p>
   </div>
   <div class='ocr_carea' id='block_1_27' title="bbox 589 2627 3798 2718">
    <p class='ocr_par' dir='ltr' id='par_1_27' title="bbox 589 2627 3798 2718">
     <span class='ocr_line' id='line_1_27' title="bbox 589 2627 3798 2718; baseline 0.002 -21"><span class='ocrx_word' id='word_1_361' title='bbox 589 2643 646 2698; x_wconf 91' lang='lat' dir='ltr'><strong>In</strong></span> <span class='ocrx_word' id='word_1_362' title='bbox 678 2643 944 2698; x_wconf 87' lang='lat' dir='ltr'><strong>tabulario</strong></span> <span class='ocrx_word' id='word_1_363' title='bbox 971 2642 1203 2697; x_wconf 83' lang='lat' dir='ltr'><strong>basilicae</strong></span> <span class='ocrx_word' id='word_1_364' title='bbox 1246 2642 1432 2698; x_wconf 91' lang='lat' dir='ltr'><strong>Sancti</strong></span> <span class='ocrx_word' id='word_1_365' title='bbox 1459 2641 1603 2697; x_wconf 87' lang='lat' dir='ltr'><strong>Petri</strong></span> <span class='ocrx_word' id='word_1_366' title='bbox 1634 2644 1968 2698; x_wconf 89' lang='lat' dir='ltr'><strong>homiliarios</strong></span> <span class='ocrx_word' id='word_1_367' title='bbox 2015 2627 2145 2699; x_wconf 85' lang='lat' dir='ltr'><strong>item</strong></span> <span class='ocrx_word' id='word_1_368' title='bbox 2173 2645 2386 2700; x_wconf 87' lang='lat' dir='ltr'><strong>codices</strong></span> <span class='ocrx_word' id='word_1_369' title='bbox 2427 2653 2638 2714; x_wconf 90' lang='lat' dir='ltr'><strong>septem</strong></span> <span class='ocrx_word' id='word_1_370' title='bbox 2665 2645 2811 2710; x_wconf 89' lang='lat' dir='ltr'><strong>vidi,</strong></span> <span class='ocrx_word' id='word_1_371' title='bbox 2843 2645 3106 2715; x_wconf 86' lang='lat' dir='ltr'><strong>pervolvi,</strong></span> <span class='ocrx_word' id='word_1_372' title='bbox 3137 2654 3358 2714; x_wconf 80' lang='lat' dir='ltr'><strong>contuli,</strong></span> <span class='ocrx_word' id='word_1_373' title='bbox 3389 2650 3481 2718; x_wconf 91' lang='lat' dir='ltr'><strong>qui</strong></span> <span class='ocrx_word' id='word_1_374' title='bbox 3526 2649 3798 2707; x_wconf 81' lang='lat' dir='ltr'><strong>Vaticanis</strong></span> 
     </span>
    </p>
   </div>
   <div class='ocr_carea' id='block_1_28' title="bbox 519 2731 3794 2808">
    <p class='ocr_par' dir='ltr' id='par_1_28' title="bbox 519 2731 3794 2808">
     <span class='ocr_line' id='line_1_28' title="bbox 519 2731 3794 2808; baseline 0.003 -20"><span class='ocrx_word' id='word_1_375' title='bbox 519 2732 779 2803; x_wconf 82' lang='lat' dir='ltr'><strong>adencti,</strong></span> <span class='ocrx_word' id='word_1_376' title='bbox 811 2731 1027 2796; x_wconf 92' lang='lat' dir='ltr'><strong>mirum,</strong></span> <span class='ocrx_word' id='word_1_377' title='bbox 1049 2747 1208 2801; x_wconf 87' lang='lat' dir='ltr'><strong>quam</strong></span> <span class='ocrx_word' id='word_1_378' title='bbox 1232 2733 1552 2788; x_wconf 88' lang='lat' dir='ltr'><strong>lectionibus</strong></span> <span class='ocrx_word' id='word_1_379' title='bbox 1571 2733 1920 2787; x_wconf 89' lang='lat' dir='ltr'><strong>emendandis</strong></span> <span class='ocrx_word' id='word_1_380' title='bbox 1947 2735 2326 2800; x_wconf 89' lang='lat' dir='ltr'><strong>conduxerint,</strong></span> <span class='ocrx_word' id='word_1_381' title='bbox 2349 2743 2716 2806; x_wconf 89' lang='lat' dir='ltr'><strong>quantumque</strong></span> <span class='ocrx_word' id='word_1_382' title='bbox 2741 2737 3017 2792; x_wconf 88' lang='lat' dir='ltr'><strong>attulerint</strong></span> <span class='ocrx_word' id='word_1_383' title='bbox 3043 2738 3471 2808; x_wconf 88' lang='lat' dir='ltr'><strong>adjumentorum</strong></span> <span class='ocrx_word' id='word_1_384' title='bbox 3492 2759 3598 2796; x_wconf 91' lang='lat' dir='ltr'><strong>non</strong></span> <span class='ocrx_word' id='word_1_385' title='bbox 3618 2743 3794 2799; x_wconf 88' lang='lat' dir='ltr'><strong>solum</strong></span> 
     </span>
    </p>
   </div>
   <div class='ocr_carea' id='block_1_29' title="bbox 520 2819 3790 2902">
    <p class='ocr_par' dir='ltr' id='par_1_29' title="bbox 520 2819 3790 2902">
     <span class='ocr_line' id='line_1_29' title="bbox 520 2819 3790 2902; baseline 0.002 -22"><span class='ocrx_word' id='word_1_386' title='bbox 520 2825 586 2880; x_wconf 82' lang='lat' dir='ltr'><strong>ad</strong></span> <span class='ocrx_word' id='word_1_387' title='bbox 613 2823 878 2887; x_wconf 90' lang='lat' dir='ltr'><strong>homilias,</strong></span> <span class='ocrx_word' id='word_1_388' title='bbox 902 2838 1286 2892; x_wconf 88' lang='lat' dir='ltr'><strong>sermonesque</strong></span> <span class='ocrx_word' id='word_1_389' title='bbox 1309 2824 1492 2894; x_wconf 87' lang='lat' dir='ltr'><strong>plures</strong></span> <span class='ocrx_word' id='word_1_390' title='bbox 1521 2823 1688 2878; x_wconf 91' lang='lat' dir='ltr'><strong>tutius</strong></span> <span class='ocrx_word' id='word_1_391' title='bbox 1734 2823 2055 2878; x_wconf 89' lang='lat' dir='ltr'><strong>asserendos</strong></span> <span class='ocrx_word' id='word_1_392' title='bbox 2082 2824 2342 2889; x_wconf 85' lang='lat' dir='ltr'><strong>Maximo;</strong></span> <span class='ocrx_word' id='word_1_393' title='bbox 2373 2825 2468 2883; x_wconf 88' lang='lat' dir='ltr'><strong>sed</strong></span> <span class='ocrx_word' id='word_1_394' title='bbox 2490 2825 2563 2881; x_wconf 77' lang='lat' dir='ltr'><strong>ad</strong></span> <span class='ocrx_word' id='word_1_395' title='bbox 2605 2840 2709 2882; x_wconf 80' lang='lat' dir='ltr'><strong>eos</strong></span> <span class='ocrx_word' id='word_1_396' title='bbox 2734 2826 2896 2881; x_wconf 84' lang='lat' dir='ltr'><strong>etiam</strong></span> <span class='ocrx_word' id='word_1_397' title='bbox 2926 2819 3282 2896; x_wconf 81' lang='lat' dir='ltr'><strong>supplendos,</strong></span> <span class='ocrx_word' id='word_1_398' title='bbox 3305 2829 3350 2884; x_wconf 88' lang='lat' dir='ltr'><strong>si</strong></span> <span class='ocrx_word' id='word_1_399' title='bbox 3379 2845 3485 2898; x_wconf 90' lang='lat' dir='ltr'><strong>qua</strong></span> <span class='ocrx_word' id='word_1_400' title='bbox 3522 2845 3588 2884; x_wconf 87' lang='lat' dir='ltr'><strong>ex</strong></span> <span class='ocrx_word' id='word_1_401' title='bbox 3635 2839 3790 2902; x_wconf 87' lang='lat' dir='ltr'><strong>parte</strong></span> 
     </span>
    </p>
   </div>
   <div class='ocr_carea' id='block_1_30' title="bbox 521 2913 3780 2982">
    <p class='ocr_par' dir='ltr' id='par_1_30' title="bbox 521 2913 3780 2982">
     <span class='ocr_line' id='line_1_30' title="bbox 521 2913 3780 2982; baseline 0.001 -11"><span class='ocrx_word' id='word_1_402' title='bbox 521 2915 765 2972; x_wconf 77' lang='lat' dir='ltr'><strong>illininuti</strong></span> <span class='ocrx_word' id='word_1_403' title='bbox 794 2915 907 2968; x_wconf 88' lang='lat' dir='ltr'><strong>sive</strong></span> <span class='ocrx_word' id='word_1_404' title='bbox 934 2914 985 2968; x_wconf 90' lang='lat' dir='ltr'><strong>in</strong></span> <span class='ocrx_word' id='word_1_405' title='bbox 1015 2913 1195 2980; x_wconf 85' lang='lat' dir='ltr'><strong>editis,</strong></span> <span class='ocrx_word' id='word_1_406' title='bbox 1228 2915 1341 2969; x_wconf 89' lang='lat' dir='ltr'><strong>sive</strong></span> <span class='ocrx_word' id='word_1_407' title='bbox 1369 2915 1421 2968; x_wconf 89' lang='lat' dir='ltr'><strong>in</strong></span> <span class='ocrx_word' id='word_1_408' title='bbox 1461 2913 1583 2970; x_wconf 90' lang='lat' dir='ltr'><strong>aliis</strong></span> <span class='ocrx_word' id='word_1_409' title='bbox 1602 2929 1765 2968; x_wconf 89' lang='lat' dir='ltr'><strong>manu</strong></span> <span class='ocrx_word' id='word_1_410' title='bbox 1785 2913 2022 2970; x_wconf 74' lang='lat' dir='ltr'><strong>exaratis</strong></span> <span class='ocrx_word' id='word_1_411' title='bbox 2047 2915 2410 2969; x_wconf 81' lang='lat' dir='ltr'><strong>voluminibus</strong></span> <span class='ocrx_word' id='word_1_412' title='bbox 2437 2913 2682 2980; x_wconf 88' lang='lat' dir='ltr'><strong>fuissent,</strong></span> <span class='ocrx_word' id='word_1_413' title='bbox 2698 2913 3026 2982; x_wconf 83' lang='lat' dir='ltr'><strong>indiligentia</strong></span> <span class='ocrx_word' id='word_1_414' title='bbox 3049 2915 3397 2972; x_wconf 84' lang='lat' dir='ltr'><strong>inscientiavc</strong></span> <span class='ocrx_word' id='word_1_415' title='bbox 3424 2918 3780 2974; x_wconf 82' lang='lat' dir='ltr'><strong>librariorum.</strong></span> 
     </span>
    </p>
   </div>
   <div class='ocr_carea' id='block_1_31' title="bbox 521 3003 3872 3072">
    <p class='ocr_par' dir='ltr' id='par_1_31' title="bbox 521 3003 3872 3072">
     <span class='ocr_line' id='line_1_31' title="bbox 521 3003 3872 3072; baseline 0.002 -12"><span class='ocrx_word' id='word_1_416' title='bbox 521 3007 714 3064; x_wconf 75' lang='lat' dir='ltr'><strong>Verum</strong></span> <span class='ocrx_word' id='word_1_417' title='bbox 743 3007 810 3063; x_wconf 90' lang='lat' dir='ltr'><strong>de</strong></span> <span class='ocrx_word' id='word_1_418' title='bbox 841 3007 1110 3062; x_wconf 83' lang='lat' dir='ltr'><strong>Vaticanis</strong></span> <span class='ocrx_word' id='word_1_419' title='bbox 1137 3022 1202 3061; x_wconf 92' lang='lat' dir='ltr'><strong>ac</strong></span> <span class='ocrx_word' id='word_1_420' title='bbox 1227 3006 1294 3061; x_wconf 91' lang='lat' dir='ltr'><strong>de</strong></span> <span class='ocrx_word' id='word_1_421' title='bbox 1315 3006 1550 3061; x_wconf 62' lang='lat' dir='ltr'><strong>basilica:</strong></span> <span class='ocrx_word' id='word_1_422' title='bbox 1571 3004 1751 3060; x_wconf 90' lang='lat' dir='ltr'><strong>Sancti</strong></span> <span class='ocrx_word' id='word_1_423' title='bbox 1776 3003 1920 3059; x_wconf 86' lang='lat' dir='ltr'><strong>Petri</strong></span> <span class='ocrx_word' id='word_1_424' title='bbox 1948 3004 2230 3061; x_wconf 84' lang='lat' dir='ltr'><strong>codicibus</strong></span> <span class='ocrx_word' id='word_1_425' title='bbox 2251 3006 2354 3060; x_wconf 90' lang='lat' dir='ltr'><strong>hoc</strong></span> <span class='ocrx_word' id='word_1_426' title='bbox 2390 3004 2644 3060; x_wconf 86' lang='lat' dir='ltr'><strong>eximium</strong></span> <span class='ocrx_word' id='word_1_427' title='bbox 2674 3004 2866 3059; x_wconf 90' lang='lat' dir='ltr'><strong>addam</strong></span> <span class='ocrx_word' id='word_1_428' title='bbox 2900 3023 2912 3058; x_wconf 89' lang='lat'><strong>:</strong></span> <span class='ocrx_word' id='word_1_429' title='bbox 2946 3021 3040 3062; x_wconf 88' lang='lat' dir='ltr'><strong>eos</strong></span> <span class='ocrx_word' id='word_1_430' title='bbox 3089 3014 3144 3061; x_wconf 91' lang='lat' dir='ltr'><strong>et</strong></span> <span class='ocrx_word' id='word_1_431' title='bbox 3193 3007 3558 3064; x_wconf 90' lang='lat' dir='ltr'><strong>emendatiore</strong></span> <span class='ocrx_word' id='word_1_432' title='bbox 3612 3018 3782 3072; x_wconf 84' lang='lat' dir='ltr'><strong>textu.</strong></span> <span class='ocrx_word' id='word_1_433' title='bbox 3863 3057 3872 3066; x_wconf 88' lang='lat'><strong>.</strong></span> 
     </span>
    </p>
   </div>
   <div class='ocr_carea' id='block_1_32' title="bbox 521 3096 3786 3170">
    <p class='ocr_par' dir='ltr' id='par_1_32' title="bbox 521 3096 3786 3170">
     <span class='ocr_line' id='line_1_32' title="bbox 521 3096 3786 3170; baseline 0.001 -15"><span class='ocrx_word' id='word_1_434' title='bbox 521 3108 576 3155; x_wconf 80' lang='lat' dir='ltr'><strong>et</strong></span> <span class='ocrx_word' id='word_1_435' title='bbox 603 3100 970 3154; x_wconf 88' lang='lat' dir='ltr'><strong>characterum</strong></span> <span class='ocrx_word' id='word_1_436' title='bbox 999 3099 1176 3154; x_wconf 90' lang='lat' dir='ltr'><strong>nitore</strong></span> <span class='ocrx_word' id='word_1_437' title='bbox 1203 3107 1364 3168; x_wconf 88' lang='lat' dir='ltr'><strong>atque</strong></span> <span class='ocrx_word' id='word_1_438' title='bbox 1392 3098 1684 3166; x_wconf 86' lang='lat' dir='ltr'><strong>elegantia,</strong></span> <span class='ocrx_word' id='word_1_439' title='bbox 1715 3105 1771 3152; x_wconf 92' lang='lat' dir='ltr'><strong>et</strong></span> <span class='ocrx_word' id='word_1_440' title='bbox 1803 3104 2071 3152; x_wconf 88' lang='lat' dir='ltr'><strong>concentu</strong></span> <span class='ocrx_word' id='word_1_441' title='bbox 2099 3096 2338 3166; x_wconf 75' lang='lat' dir='ltr'><strong>pmferri</strong></span> <span class='ocrx_word' id='word_1_442' title='bbox 2374 3097 2584 3154; x_wconf 66' lang='lat' dir='ltr'><strong>ceteris</strong></span> <span class='ocrx_word' id='word_1_443' title='bbox 2607 3097 2858 3152; x_wconf 89' lang='lat' dir='ltr'><strong>omnibus</strong></span> <span class='ocrx_word' id='word_1_444' title='bbox 2881 3105 3153 3167; x_wconf 89' lang='lat' dir='ltr'><strong>oportere.</strong></span> <span class='ocrx_word' id='word_1_445' title='bbox 3186 3097 3384 3154; x_wconf 87' lang='lat' dir='ltr'><strong>Eorum</strong></span> <span class='ocrx_word' id='word_1_446' title='bbox 3429 3097 3530 3170; x_wconf 65' lang='lat' dir='ltr'><strong>iege</strong></span> <span class='ocrx_word' id='word_1_447' title='bbox 3561 3102 3786 3158; x_wconf 84' lang='lat' dir='ltr'><strong>lormam</strong></span> 
     </span>
    </p>
   </div>
   <div class='ocr_carea' id='block_1_33' title="bbox 520 3189 3783 3262">
    <p class='ocr_par' dir='ltr' id='par_1_33' title="bbox 520 3189 3783 3262">
     <span class='ocr_line' id='line_1_33' title="bbox 520 3189 3783 3262; baseline 0.002 -15"><span class='ocrx_word' id='word_1_448' title='bbox 520 3189 836 3257; x_wconf 74' lang='lat' dir='ltr'><strong>describam,</strong></span> <span class='ocrx_word' id='word_1_449' title='bbox 883 3200 1202 3261; x_wconf 65' lang='lat' dir='ltr'><strong>aetatemque</strong></span> <span class='ocrx_word' id='word_1_450' title='bbox 1249 3190 1496 3246; x_wconf 86' lang='lat' dir='ltr'><strong>indicabo</strong></span> <span class='ocrx_word' id='word_1_451' title='bbox 1542 3193 1594 3247; x_wconf 92' lang='lat' dir='ltr'><strong>in</strong></span> <span class='ocrx_word' id='word_1_452' title='bbox 1647 3193 1894 3248; x_wconf 81' lang='lat' dir='ltr'><strong>codicum</strong></span> <span class='ocrx_word' id='word_1_453' title='bbox 1940 3192 2100 3260; x_wconf 87' lang='lat' dir='ltr'><strong>serie,</strong></span> <span class='ocrx_word' id='word_1_454' title='bbox 2149 3207 2309 3261; x_wconf 82' lang='lat' dir='ltr'><strong>quam</strong></span> <span class='ocrx_word' id='word_1_455' title='bbox 2352 3193 2445 3247; x_wconf 61' lang='lat' dir='ltr'><strong>reri</strong></span> <span class='ocrx_word' id='word_1_456' title='bbox 2489 3191 2706 3247; x_wconf 88' lang='lat' dir='ltr'><strong>incisam</strong></span> <span class='ocrx_word' id='word_1_457' title='bbox 2757 3191 2918 3262; x_wconf 88' lang='lat' dir='ltr'><strong>paulo</strong></span> <span class='ocrx_word' id='word_1_458' title='bbox 2963 3199 3087 3261; x_wconf 85' lang='lat' dir='ltr'><strong>post</strong></span> <span class='ocrx_word' id='word_1_459' title='bbox 3127 3193 3298 3248; x_wconf 91' lang='lat' dir='ltr'><strong>oculis</strong></span> <span class='ocrx_word' id='word_1_460' title='bbox 3352 3194 3612 3251; x_wconf 89' lang='lat' dir='ltr'><strong>lectorum</strong></span> <span class='ocrx_word' id='word_1_461' title='bbox 3659 3198 3783 3252; x_wconf 78' lang='lat' dir='ltr'><strong>sub-</strong></span> 
     </span>
    </p>
   </div>
   <div class='ocr_carea' id='block_1_34' title="bbox 521 3285 2120 3362">
    <p class='ocr_par' dir='ltr' id='par_1_34' title="bbox 521 3285 1614 3362">
     <span class='ocr_line' id='line_1_34' title="bbox 521 3285 1614 3362; baseline 0.005 -23"><span class='ocrx_word' id='word_1_462' title='bbox 521 3285 714 3354; x_wconf 86' lang='lat' dir='ltr'><strong>iiciam.</strong></span> <span class='ocrx_word' id='word_1_463' title='bbox 1601 3350 1614 3362; x_wconf 58' lang='grc'><em>,</em></span> 
     </span>
    </p>
   </div>
   <div class='ocr_carea' id='block_1_35' title="bbox 1141 3285 2740 3362">
    <p class='ocr_par' dir='ltr' id='par_1_35' title="bbox 1601 3350 1614 3362">
     <span class='ocr_line' id='line_1_35' title="bbox 1601 3350 1614 3362; baseline 0 0"><span class='ocrx_word' id='word_1_464' title='bbox 1601 3350 1614 3362; x_wconf 64' lang='grc'><strong>1</strong></span> 
     </span>
    </p>
   </div>
   <div class='ocr_carea' id='block_1_36' title="bbox 550 3371 3781 3448">
    <p class='ocr_par' dir='ltr' id='par_1_36' title="bbox 550 3371 3781 3448">
     <span class='ocr_line' id='line_1_36' title="bbox 550 3371 3781 3448; baseline 0.002 -18"><span class='ocrx_word' id='word_1_465' title='bbox 550 3371 554 3374; x_wconf 75' lang='grc'><em>’</em></span> <span class='ocrx_word' id='word_1_466' title='bbox 587 3375 724 3432; x_wconf 78' lang='lat' dir='ltr'><strong>XIV.</strong></span> <span class='ocrx_word' id='word_1_467' title='bbox 766 3376 1036 3432; x_wconf 87' lang='lat' dir='ltr'><strong>Vaticanis</strong></span> <span class='ocrx_word' id='word_1_468' title='bbox 1065 3375 1348 3446; x_wconf 71' lang='lat' dir='ltr'><strong>adiungam</strong></span> <span class='ocrx_word' id='word_1_469' title='bbox 1378 3375 1792 3432; x_wconf 86' lang='lat' dir='ltr'><strong>Laterancnses.</strong></span> <span class='ocrx_word' id='word_1_470' title='bbox 1821 3376 2032 3430; x_wconf 57' lang='lat' dir='ltr'><strong>IIorum‘</strong></span> <span class='ocrx_word' id='word_1_471' title='bbox 2067 3377 2119 3429; x_wconf 93' lang='lat' dir='ltr'><strong>iu</strong></span> <span class='ocrx_word' id='word_1_472' title='bbox 2145 3375 2264 3446; x_wconf 85' lang='lat' dir='ltr'><strong>ejus</strong></span> <span class='ocrx_word' id='word_1_473' title='bbox 2290 3375 2522 3431; x_wconf 69' lang='lat' dir='ltr'><strong>basilica:</strong></span> <span class='ocrx_word' id='word_1_474' title='bbox 2569 3376 2834 3431; x_wconf 89' lang='lat' dir='ltr'><strong>tabulario</strong></span> <span class='ocrx_word' id='word_1_475' title='bbox 2885 3376 3060 3430; x_wconf 80' lang='lat' dir='ltr'><strong>inveni</strong></span> <span class='ocrx_word' id='word_1_476' title='bbox 3105 3385 3337 3444; x_wconf 89' lang='lat' dir='ltr'><strong>quatuor</strong></span> <span class='ocrx_word' id='word_1_477' title='bbox 3364 3379 3584 3448; x_wconf 87' lang='lat' dir='ltr'><strong>perinde</strong></span> <span class='ocrx_word' id='word_1_478' title='bbox 3606 3381 3781 3437; x_wconf 88' lang='lat' dir='ltr'><strong>homi—</strong></span> 
     </span>
    </p>
   </div>
   <div class='ocr_carea' id='block_1_37' title="bbox 519 3466 3786 3542">
    <p class='ocr_par' dir='ltr' id='par_1_37' title="bbox 519 3466 3786 3542">
     <span class='ocr_line' id='line_1_37' title="bbox 519 3466 3786 3542; baseline 0.002 -18"><span class='ocrx_word' id='word_1_479' title='bbox 519 3471 720 3536; x_wconf 83' lang='lat' dir='ltr'><strong>narios,</strong></span> <span class='ocrx_word' id='word_1_480' title='bbox 748 3471 942 3526; x_wconf 72' lang='lat' dir='ltr'><strong>sacculo</strong></span> <span class='ocrx_word' id='word_1_481' title='bbox 974 3471 1056 3542; x_wconf 90' lang='lat' dir='ltr'><strong>(ut</strong></span> <span class='ocrx_word' id='word_1_482' title='bbox 1083 3470 1212 3526; x_wconf 91' lang='lat' dir='ltr'><strong>mihi</strong></span> <span class='ocrx_word' id='word_1_483' title='bbox 1238 3469 1513 3541; x_wconf 89' lang='lat' dir='ltr'><strong>persuasi)</strong></span> <span class='ocrx_word' id='word_1_484' title='bbox 1564 3486 1616 3524; x_wconf 81' lang='lat' dir='ltr'><strong>xi</strong></span> <span class='ocrx_word' id='word_1_485' title='bbox 1646 3485 1906 3539; x_wconf 90' lang='lat' dir='ltr'><strong>perquam</strong></span> <span class='ocrx_word' id='word_1_486' title='bbox 1947 3469 2205 3537; x_wconf 81' lang='lat' dir='ltr'><strong>castigate</strong></span> <span class='ocrx_word' id='word_1_487' title='bbox 2243 3467 2476 3538; x_wconf 87' lang='lat' dir='ltr'><strong>scriptos</strong></span> <span class='ocrx_word' id='word_1_488' title='bbox 2523 3467 2851 3538; x_wconf 89' lang='lat' dir='ltr'><strong>dignosque,</strong></span> <span class='ocrx_word' id='word_1_489' title='bbox 2899 3466 2991 3535; x_wconf 91' lang='lat' dir='ltr'><strong>qui</strong></span> <span class='ocrx_word' id='word_1_490' title='bbox 3040 3482 3160 3520; x_wconf 92' lang='lat' dir='ltr'><strong>cum</strong></span> <span class='ocrx_word' id='word_1_491' title='bbox 3191 3466 3461 3523; x_wconf 84' lang='lat' dir='ltr'><strong>Vaticanis</strong></span> <span class='ocrx_word' id='word_1_492' title='bbox 3487 3473 3786 3538; x_wconf 76' lang='lat' dir='ltr'><strong>potioribus</strong></span> 
     </span>
    </p>
   </div>
   <div class='ocr_carea' id='block_1_38' title="bbox 521 3555 3786 3634">
    <p class='ocr_par' dir='ltr' id='par_1_38' title="bbox 521 3555 3786 3634">
     <span class='ocr_line' id='line_1_38' title="bbox 521 3555 3786 3634; baseline 0 -14"><span class='ocrx_word' id='word_1_493' title='bbox 521 3572 914 3634; x_wconf 77' lang='lat' dir='ltr'><strong>eoiiiparcntur.</strong></span> <span class='ocrx_word' id='word_1_494' title='bbox 944 3555 1080 3620; x_wconf 88' lang='lat' dir='ltr'><strong>Sunt</strong></span> <span class='ocrx_word' id='word_1_495' title='bbox 1105 3557 1160 3618; x_wconf 89' lang='lat' dir='ltr'><strong>hi</strong></span> <span class='ocrx_word' id='word_1_496' title='bbox 1189 3563 1404 3632; x_wconf 88' lang='lat' dir='ltr'><strong>quidem</strong></span> <span class='ocrx_word' id='word_1_497' title='bbox 1434 3556 1624 3617; x_wconf 83' lang='lat' dir='ltr'><strong>omnes</strong></span> <span class='ocrx_word' id='word_1_498' title='bbox 1643 3562 2038 3617; x_wconf 90' lang='lat' dir='ltr'><strong>membranacci</strong></span> <span class='ocrx_word' id='word_1_499' title='bbox 2068 3559 2286 3616; x_wconf 84' lang='lat' dir='ltr'><strong>iu-folio</strong></span> <span class='ocrx_word' id='word_1_500' title='bbox 2314 3561 2572 3626; x_wconf 88' lang='lat' dir='ltr'><strong>maximo,</strong></span> <span class='ocrx_word' id='word_1_501' title='bbox 2593 3561 2994 3617; x_wconf 88' lang='lat' dir='ltr'><strong>characteribus</strong></span> <span class='ocrx_word' id='word_1_502' title='bbox 3021 3559 3153 3616; x_wconf 90' lang='lat' dir='ltr'><strong>satis</strong></span> <span class='ocrx_word' id='word_1_503' title='bbox 3181 3560 3360 3628; x_wconf 85' lang='lat' dir='ltr'><strong>nitidis</strong></span> <span class='ocrx_word' id='word_1_504' title='bbox 3387 3569 3548 3629; x_wconf 90' lang='lat' dir='ltr'><strong>atque</strong></span> <span class='ocrx_word' id='word_1_505' title='bbox 3569 3565 3786 3634; x_wconf 88' lang='lat' dir='ltr'><strong>elegan-</strong></span> 
     </span>
    </p>
   </div>
   <div class='ocr_carea' id='block_1_39' title="bbox 521 3652 3784 3724">
    <p class='ocr_par' dir='ltr' id='par_1_39' title="bbox 521 3652 3784 3724">
     <span class='ocr_line' id='line_1_39' title="bbox 521 3652 3784 3724; baseline 0.001 -14"><span class='ocrx_word' id='word_1_506' title='bbox 521 3657 662 3710; x_wconf 87' lang='lat' dir='ltr'><strong>tibus</strong></span> <span class='ocrx_word' id='word_1_507' title='bbox 690 3655 916 3708; x_wconf 74' lang='lat' dir='ltr'><strong>exarati.</strong></span> <span class='ocrx_word' id='word_1_508' title='bbox 947 3655 1004 3708; x_wconf 91' lang='lat' dir='ltr'><strong>In</strong></span> <span class='ocrx_word' id='word_1_509' title='bbox 1037 3655 1229 3710; x_wconf 90' lang='lat' dir='ltr'><strong>iisdem</strong></span> <span class='ocrx_word' id='word_1_510' title='bbox 1262 3663 1613 3708; x_wconf 88' lang='lat' dir='ltr'><strong>numerantur</strong></span> <span class='ocrx_word' id='word_1_511' title='bbox 1647 3654 1962 3723; x_wconf 79' lang='lat' dir='ltr'><strong>grandiores</strong></span> <span class='ocrx_word' id='word_1_512' title='bbox 1987 3654 2117 3720; x_wconf 87' lang='lat' dir='ltr'><strong>duo,</strong></span> <span class='ocrx_word' id='word_1_513' title='bbox 2165 3654 2280 3724; x_wconf 89' lang='lat' dir='ltr'><strong>qui,</strong></span> <span class='ocrx_word' id='word_1_514' title='bbox 2310 3661 2372 3708; x_wconf 92' lang='lat' dir='ltr'><strong>ut</strong></span> <span class='ocrx_word' id='word_1_515' title='bbox 2415 3654 2518 3708; x_wconf 90' lang='lat' dir='ltr'><strong>fert</strong></span> <span class='ocrx_word' id='word_1_516' title='bbox 2557 3655 2764 3724; x_wconf 71' lang='lat' dir='ltr'><strong>pagina:</strong></span> <span class='ocrx_word' id='word_1_517' title='bbox 2810 3653 2994 3722; x_wconf 75' lang='lat' dir='ltr'><strong>primm</strong></span> <span class='ocrx_word' id='word_1_518' title='bbox 3038 3652 3332 3721; x_wconf 88' lang='lat' dir='ltr'><strong>inscriptio.</strong></span> <span class='ocrx_word' id='word_1_519' title='bbox 3363 3655 3586 3722; x_wconf 78' lang='lat' dir='ltr'><strong>confecti</strong></span> <span class='ocrx_word' id='word_1_520' title='bbox 3634 3655 3784 3712; x_wconf 89' lang='lat' dir='ltr'><strong>fuere</strong></span> 
     </span>
    </p>
   </div>
   <div class='ocr_carea' id='block_1_40' title="bbox 521 3741 3785 3812">
    <p class='ocr_par' dir='ltr' id='par_1_40' title="bbox 521 3741 3785 3812">
     <span class='ocr_line' id='line_1_40' title="bbox 521 3741 3785 3812; baseline 0.002 -16"><span class='ocrx_word' id='word_1_521' title='bbox 521 3743 586 3798; x_wconf 87' lang='lat' dir='ltr'><strong>ab</strong></span> <span class='ocrx_word' id='word_1_522' title='bbox 614 3741 1056 3797; x_wconf 89' lang='lat' dir='ltr'><strong>Taurominitano</strong></span> <span class='ocrx_word' id='word_1_523' title='bbox 1083 3742 1340 3812; x_wconf 86' lang='lat' dir='ltr'><strong>episcopo</strong></span> <span class='ocrx_word' id='word_1_524' title='bbox 1377 3742 1702 3797; x_wconf 91' lang='lat' dir='ltr'><strong>Secundino.</strong></span> <span class='ocrx_word' id='word_1_525' title='bbox 1736 3743 1820 3797; x_wconf 83' lang='lat' dir='ltr'><strong>Ex</strong></span> <span class='ocrx_word' id='word_1_526' title='bbox 1862 3743 1946 3798; x_wconf 91' lang='lat' dir='ltr'><strong>his</strong></span> <span class='ocrx_word' id='word_1_527' title='bbox 1989 3742 2231 3812; x_wconf 72' lang='lat' dir='ltr'><strong>qumdam</strong></span> <span class='ocrx_word' id='word_1_528' title='bbox 2286 3743 2503 3798; x_wconf 80' lang='lat' dir='ltr'><strong>Maximi</strong></span> <span class='ocrx_word' id='word_1_529' title='bbox 2558 3744 2728 3798; x_wconf 92' lang='lat' dir='ltr'><strong>nostri</strong></span> <span class='ocrx_word' id='word_1_530' title='bbox 2755 3743 3016 3798; x_wconf 84' lang='lat' dir='ltr'><strong>hactenus</strong></span> <span class='ocrx_word' id='word_1_531' title='bbox 3063 3741 3260 3795; x_wconf 89' lang='lat' dir='ltr'><strong>inedita</strong></span> <span class='ocrx_word' id='word_1_532' title='bbox 3299 3742 3634 3812; x_wconf 78' lang='lat' dir='ltr'><strong>deprompsi;</strong></span> <span class='ocrx_word' id='word_1_533' title='bbox 3685 3748 3785 3802; x_wconf 83' lang='lat' dir='ltr'><strong>lio-</strong></span> 
     </span>
    </p>
   </div>
   <div class='ocr_carea' id='block_1_41' title="bbox 519 3831 3780 3909">
    <p class='ocr_par' dir='ltr' id='par_1_41' title="bbox 519 3831 3780 3909">
     <span class='ocr_line' id='line_1_41' title="bbox 519 3831 3780 3909; baseline 0 -18"><span class='ocrx_word' id='word_1_534' title='bbox 519 3849 744 3904; x_wconf 91' lang='lat' dir='ltr'><strong>rumque</strong></span> <span class='ocrx_word' id='word_1_535' title='bbox 769 3831 1016 3904; x_wconf 69' lang='lat' dir='ltr'><strong>prmsidio</strong></span> <span class='ocrx_word' id='word_1_536' title='bbox 1043 3834 1286 3905; x_wconf 71' lang='lat' dir='ltr'><strong>qumdam</strong></span> <span class='ocrx_word' id='word_1_537' title='bbox 1333 3833 1494 3890; x_wconf 91' lang='lat' dir='ltr'><strong>etiam</strong></span> <span class='ocrx_word' id='word_1_538' title='bbox 1536 3849 1656 3906; x_wconf 73' lang='lat' dir='ltr'><strong>qua:</strong></span> <span class='ocrx_word' id='word_1_539' title='bbox 1682 3835 1949 3905; x_wconf 87' lang='lat' dir='ltr'><strong>publicata</strong></span> <span class='ocrx_word' id='word_1_540' title='bbox 1980 3835 2306 3909; x_wconf 84' lang='lat' dir='ltr'><strong>jampridem</strong></span> <span class='ocrx_word' id='word_1_541' title='bbox 2345 3837 2581 3898; x_wconf 86' lang='lat' dir='ltr'><strong>fuerant,</strong></span> <span class='ocrx_word' id='word_1_542' title='bbox 2614 3843 2708 3891; x_wconf 89' lang='lat' dir='ltr'><strong>aut</strong></span> <span class='ocrx_word' id='word_1_543' title='bbox 2747 3836 2948 3890; x_wconf 86' lang='lat' dir='ltr'><strong>firmius</strong></span> <span class='ocrx_word' id='word_1_544' title='bbox 3003 3835 3204 3890; x_wconf 91' lang='lat' dir='ltr'><strong>asserui</strong></span> <span class='ocrx_word' id='word_1_545' title='bbox 3245 3835 3450 3890; x_wconf 89' lang='lat' dir='ltr'><strong>auctori</strong></span> <span class='ocrx_word' id='word_1_546' title='bbox 3495 3851 3628 3891; x_wconf 90' lang='lat' dir='ltr'><strong>suo.</strong></span> <span class='ocrx_word' id='word_1_547' title='bbox 3685 3844 3780 3892; x_wconf 86' lang='lat' dir='ltr'><strong>aut</strong></span> 
     </span>
    </p>
   </div>
   <div class='ocr_carea' id='block_1_42' title="bbox 521 3926 2953 3989">
    <p class='ocr_par' dir='ltr' id='par_1_42' title="bbox 521 3926 2953 3989">
     <span class='ocr_line' id='line_1_42' title="bbox 521 3926 2953 3989; baseline -0.005 -3"><span class='ocrx_word' id='word_1_548' title='bbox 521 3926 818 3987; x_wconf 87' lang='lat' dir='ltr'><strong>emendavi.</strong></span> <span class='ocrx_word' id='word_1_549' title='bbox 2950 3987 2953 3989; x_wconf 6' lang='lat' dir='ltr'><strong>g</strong></span> 
     </span>
    </p>
   </div>
   <div class='ocr_carea' id='block_1_43' title="bbox 567 4018 3782 4096">
    <p class='ocr_par' dir='ltr' id='par_1_43' title="bbox 567 4018 3782 4096">
     <span class='ocr_line' id='line_1_43' title="bbox 567 4018 3782 4096; baseline 0.001 -24"><span class='ocrx_word' id='word_1_550' title='bbox 567 4018 704 4080; x_wconf 75' lang='lat' dir='ltr'><strong>,XV.</strong></span> <span class='ocrx_word' id='word_1_551' title='bbox 737 4019 1002 4076; x_wconf 70' lang='lat' dir='ltr'><strong>Chisiana:</strong></span> <span class='ocrx_word' id='word_1_552' title='bbox 1021 4022 1358 4078; x_wconf 62' lang='lat' dir='ltr'><strong>bibliothecae</strong></span> <span class='ocrx_word' id='word_1_553' title='bbox 1384 4024 1542 4093; x_wconf 69' lang='lat' dir='ltr'><strong>(qua),</strong></span> <span class='ocrx_word' id='word_1_554' title='bbox 1576 4031 1634 4078; x_wconf 91' lang='lat' dir='ltr'><strong>ut</strong></span> <span class='ocrx_word' id='word_1_555' title='bbox 1661 4031 1913 4079; x_wconf 88' lang='lat' dir='ltr'><strong>testatum</strong></span> <span class='ocrx_word' id='word_1_556' title='bbox 1941 4023 2426 4096; x_wconf 86' lang='lat' dir='ltr'><strong>pervulgatumque</strong></span> <span class='ocrx_word' id='word_1_557' title='bbox 2473 4029 2574 4086; x_wconf 86' lang='lat' dir='ltr'><strong>est,</strong></span> <span class='ocrx_word' id='word_1_558' title='bbox 2605 4019 2877 4076; x_wconf 83' lang='lat' dir='ltr'><strong>codicibus</strong></span> <span class='ocrx_word' id='word_1_559' title='bbox 2915 4035 3040 4074; x_wconf 91' lang='lat' dir='ltr'><strong>mss.</strong></span> <span class='ocrx_word' id='word_1_560' title='bbox 3076 4018 3244 4085; x_wconf 89' lang='lat' dir='ltr'><strong>iisque</strong></span> <span class='ocrx_word' id='word_1_561' title='bbox 3273 4019 3497 4087; x_wconf 81' lang='lat' dir='ltr'><strong>egregiis</strong></span> <span class='ocrx_word' id='word_1_562' title='bbox 3525 4019 3782 4091; x_wconf 86' lang='lat' dir='ltr'><strong>abundat)</strong></span> 
     </span>
    </p>
   </div>
   <div class='ocr_carea' id='block_1_44' title="bbox 522 4105 3783 4186">
    <p class='ocr_par' dir='ltr' id='par_1_44' title="bbox 522 4105 3783 4186">
     <span class='ocr_line' id='line_1_44' title="bbox 522 4105 3783 4186; baseline -0.001 -20"><span class='ocrx_word' id='word_1_563' title='bbox 522 4113 811 4168; x_wconf 89' lang='lat' dir='ltr'><strong>homiliarii</strong></span> <span class='ocrx_word' id='word_1_564' title='bbox 839 4111 969 4166; x_wconf 87' lang='lat' dir='ltr'><strong>mihi</strong></span> <span class='ocrx_word' id='word_1_565' title='bbox 999 4109 1168 4186; x_wconf 71' lang='lat' dir='ltr'><strong>[xxvnj</strong></span> <span class='ocrx_word' id='word_1_566' title='bbox 1197 4113 1399 4167; x_wconf 91' lang='lat' dir='ltr'><strong>ostensi</strong></span> <span class='ocrx_word' id='word_1_567' title='bbox 1448 4113 1598 4168; x_wconf 88' lang='lat' dir='ltr'><strong>fuere</strong></span> <span class='ocrx_word' id='word_1_568' title='bbox 1645 4122 1770 4176; x_wconf 89' lang='lat' dir='ltr'><strong>tres,</strong></span> <span class='ocrx_word' id='word_1_569' title='bbox 1803 4128 2032 4183; x_wconf 88' lang='lat' dir='ltr'><strong>quorum</strong></span> <span class='ocrx_word' id='word_1_570' title='bbox 2061 4113 2170 4168; x_wconf 90' lang='lat' dir='ltr'><strong>duo</strong></span> <span class='ocrx_word' id='word_1_571' title='bbox 2199 4110 2390 4185; x_wconf 29' lang='lat' dir='ltr'><strong>szeculi‘</strong></span> <span class='ocrx_word' id='word_1_572' title='bbox 2409 4115 2532 4164; x_wconf 89' lang='lat' dir='ltr'><strong>sunt</strong></span> <span class='ocrx_word' id='word_1_573' title='bbox 2561 4123 2634 4172; x_wconf 70' lang='grc' dir='ltr'><strong>χι,</strong></span> <span class='ocrx_word' id='word_1_574' title='bbox 2685 4107 2876 4162; x_wconf 88' lang='lat' dir='ltr'><strong>tertius</strong></span> <span class='ocrx_word' id='word_1_575' title='bbox 2903 4115 2989 4160; x_wconf 84' lang='lat' dir='ltr'><strong>xv.</strong></span> <span class='ocrx_word' id='word_1_576' title='bbox 3015 4105 3286 4160; x_wconf 85' lang='lat' dir='ltr'><strong>Vcnerant</strong></span> <span class='ocrx_word' id='word_1_577' title='bbox 3313 4107 3365 4160; x_wconf 91' lang='lat' dir='ltr'><strong>hi</strong></span> <span class='ocrx_word' id='word_1_578' title='bbox 3398 4107 3524 4161; x_wconf 90' lang='lat' dir='ltr'><strong>olim</strong></span> <span class='ocrx_word' id='word_1_579' title='bbox 3556 4109 3607 4162; x_wconf 90' lang='lat' dir='ltr'><strong>in</strong></span> <span class='ocrx_word' id='word_1_580' title='bbox 3638 4108 3783 4165; x_wconf 78' lang='lat' dir='ltr'><strong>Ana-</strong></span> 
     </span>
    </p>
   </div>
   <div class='ocr_carea' id='block_1_45' title="bbox 523 4196 3784 4274">
    <p class='ocr_par' dir='ltr' id='par_1_45' title="bbox 523 4196 3784 4274">
     <span class='ocr_line' id='line_1_45' title="bbox 523 4196 3784 4274; baseline -0.002 -15"><span class='ocrx_word' id='word_1_581' title='bbox 523 4204 760 4274; x_wconf 87' lang='lat' dir='ltr'><strong>gniensis</strong></span> <span class='ocrx_word' id='word_1_582' title='bbox 809 4202 1060 4259; x_wconf 79' lang='lat' dir='ltr'><strong>Ecclesia:</strong></span> <span class='ocrx_word' id='word_1_583' title='bbox 1087 4211 1431 4274; x_wconf 84' lang='lat' dir='ltr'><strong>potestatem.</strong></span> <span class='ocrx_word' id='word_1_584' title='bbox 1461 4201 1542 4258; x_wconf 86' lang='lat' dir='ltr'><strong>Ex</strong></span> <span class='ocrx_word' id='word_1_585' title='bbox 1585 4203 1776 4259; x_wconf 90' lang='lat' dir='ltr'><strong>iisdem</strong></span> <span class='ocrx_word' id='word_1_586' title='bbox 1807 4205 2074 4260; x_wconf 86' lang='lat' dir='ltr'><strong>variantes</strong></span> <span class='ocrx_word' id='word_1_587' title='bbox 2100 4203 2306 4272; x_wconf 86' lang='lat' dir='ltr'><strong>aliquot</strong></span> <span class='ocrx_word' id='word_1_588' title='bbox 2349 4199 2628 4262; x_wconf 85' lang='lat' dir='ltr'><strong>lectiones,</strong></span> <span class='ocrx_word' id='word_1_589' title='bbox 2656 4203 2712 4252; x_wconf 90' lang='lat' dir='ltr'><strong>et</strong></span> <span class='ocrx_word' id='word_1_590' title='bbox 2741 4197 2977 4251; x_wconf 91' lang='lat' dir='ltr'><strong>nondum</strong></span> <span class='ocrx_word' id='word_1_591' title='bbox 3006 4197 3218 4264; x_wconf 85' lang='lat' dir='ltr'><strong>vulgata</strong></span> <span class='ocrx_word' id='word_1_592' title='bbox 3257 4196 3501 4266; x_wconf 67' lang='lat' dir='ltr'><strong>qumdam</strong></span> <span class='ocrx_word' id='word_1_593' title='bbox 3529 4202 3784 4269; x_wconf 73' lang='lat' dir='ltr'><strong>opuscula</strong></span> 
     </span>
    </p>
   </div>
   <div class='ocr_carea' id='block_1_46' title="bbox 523 4288 2907 4367">
    <p class='ocr_par' dir='ltr' id='par_1_46' title="bbox 523 4288 2907 4367">
     <span class='ocr_line' id='line_1_46' title="bbox 523 4288 2907 4367; baseline -0.003 -17"><span class='ocrx_word' id='word_1_594' title='bbox 523 4294 692 4350; x_wconf 89' lang='lat' dir='ltr'><strong>sancti</strong></span> <span class='ocrx_word' id='word_1_595' title='bbox 719 4292 937 4348; x_wconf 82' lang='lat' dir='ltr'><strong>Maximi</strong></span> <span class='ocrx_word' id='word_1_596' title='bbox 957 4292 1304 4348; x_wconf 90' lang='lat' dir='ltr'><strong>Taurincnsis</strong></span> <span class='ocrx_word' id='word_1_597' title='bbox 1325 4293 1534 4364; x_wconf 82' lang='lat' dir='ltr'><strong>excepi,</strong></span> <span class='ocrx_word' id='word_1_598' title='bbox 1565 4309 1684 4364; x_wconf 68' lang='lat' dir='ltr'><strong>qua:</strong></span> <span class='ocrx_word' id='word_1_599' title='bbox 1714 4304 1837 4366; x_wconf 89' lang='lat' dir='ltr'><strong>post</strong></span> <span class='ocrx_word' id='word_1_600' title='bbox 1867 4296 2022 4367; x_wconf 91' lang='lat' dir='ltr'><strong>(dum</strong></span> <span class='ocrx_word' id='word_1_601' title='bbox 2052 4303 2267 4364; x_wconf 91' lang='lat' dir='ltr'><strong>tempus</strong></span> <span class='ocrx_word' id='word_1_602' title='bbox 2295 4289 2597 4359; x_wconf 72' lang='lat' dir='ltr'><strong>monuerit)</strong></span> <span class='ocrx_word' id='word_1_603' title='bbox 2617 4288 2907 4359; x_wconf 88' lang='lat' dir='ltr'><strong>proferam.</strong></span> 
     </span>
    </p>
   </div>
   <div class='ocr_carea' id='block_1_47' title="bbox 593 4378 3785 4456">
    <p class='ocr_par' dir='ltr' id='par_1_47' title="bbox 593 4378 3785 4456">
     <span class='ocr_line' id='line_1_47' title="bbox 593 4378 3785 4456; baseline -0 -16"><span class='ocrx_word' id='word_1_604' title='bbox 593 4379 730 4442; x_wconf 77' lang='lat' dir='ltr'><strong>XVI.</strong></span> <span class='ocrx_word' id='word_1_605' title='bbox 763 4383 859 4440; x_wconf 89' lang='lat' dir='ltr'><strong>Est</strong></span> <span class='ocrx_word' id='word_1_606' title='bbox 883 4394 1142 4456; x_wconf 73' lang='lat' dir='ltr'><strong>przeterea</strong></span> <span class='ocrx_word' id='word_1_607' title='bbox 1167 4383 1512 4440; x_wconf 87' lang='lat' dir='ltr'><strong>Valliccllana</strong></span> <span class='ocrx_word' id='word_1_608' title='bbox 1553 4383 1657 4439; x_wconf 89' lang='lat' dir='ltr'><strong>PP.</strong></span> <span class='ocrx_word' id='word_1_609' title='bbox 1689 4386 2121 4455; x_wconf 84' lang='lat' dir='ltr'><strong>congregationis</strong></span> <span class='ocrx_word' id='word_1_610' title='bbox 2148 4381 2380 4437; x_wconf 89' lang='lat' dir='ltr'><strong>Oratorii</strong></span> <span class='ocrx_word' id='word_1_611' title='bbox 2421 4379 2748 4436; x_wconf 72' lang='lat' dir='ltr'><strong>bibliotheca</strong></span> <span class='ocrx_word' id='word_1_612' title='bbox 2769 4378 2926 4448; x_wconf 86' lang='lat' dir='ltr'><strong>copia</strong></span> <span class='ocrx_word' id='word_1_613' title='bbox 2957 4395 3084 4434; x_wconf 87' lang='lat' dir='ltr'><strong>mss.</strong></span> <span class='ocrx_word' id='word_1_614' title='bbox 3111 4379 3354 4435; x_wconf 89' lang='lat' dir='ltr'><strong>codicum</strong></span> <span class='ocrx_word' id='word_1_615' title='bbox 3397 4381 3676 4451; x_wconf 88' lang='lat' dir='ltr'><strong>insigniter</strong></span> <span class='ocrx_word' id='word_1_616' title='bbox 3703 4384 3785 4439; x_wconf 88' lang='lat' dir='ltr'><strong>lo-</strong></span> 
     </span>
    </p>
   </div>
   <div class='ocr_carea' id='block_1_48' title="bbox 523 4468 3788 4547">
    <p class='ocr_par' dir='ltr' id='par_1_48' title="bbox 523 4468 3788 4547">
     <span class='ocr_line' id='line_1_48' title="bbox 523 4468 3788 4547; baseline -0.001 -15"><span class='ocrx_word' id='word_1_617' title='bbox 523 4477 729 4547; x_wconf 90' lang='lat' dir='ltr'><strong>cuplcs.</strong></span> <span class='ocrx_word' id='word_1_618' title='bbox 761 4473 818 4529; x_wconf 91' lang='lat' dir='ltr'><strong>In</strong></span> <span class='ocrx_word' id='word_1_619' title='bbox 849 4475 1041 4530; x_wconf 91' lang='lat' dir='ltr'><strong>horum</strong></span> <span class='ocrx_word' id='word_1_620' title='bbox 1069 4488 1292 4528; x_wconf 89' lang='lat' dir='ltr'><strong>numero</strong></span> <span class='ocrx_word' id='word_1_621' title='bbox 1321 4482 1445 4530; x_wconf 91' lang='lat' dir='ltr'><strong>sunt</strong></span> <span class='ocrx_word' id='word_1_622' title='bbox 1469 4475 1866 4530; x_wconf 89' lang='lat' dir='ltr'><strong>membranacei</strong></span> <span class='ocrx_word' id='word_1_623' title='bbox 1895 4472 2202 4542; x_wconf 88' lang='lat' dir='ltr'><strong>quindecim</strong></span> <span class='ocrx_word' id='word_1_624' title='bbox 2249 4470 2398 4533; x_wconf 88' lang='lat' dir='ltr'><strong>sarti,</strong></span> <span class='ocrx_word' id='word_1_625' title='bbox 2430 4468 2664 4538; x_wconf 83' lang='lat' dir='ltr'><strong>tectique</strong></span> <span class='ocrx_word' id='word_1_626' title='bbox 2703 4469 2899 4523; x_wconf 82' lang='lat' dir='ltr'><strong>servati</strong></span> <span class='ocrx_word' id='word_1_627' title='bbox 2941 4469 3130 4539; x_wconf 89' lang='lat' dir='ltr'><strong>probe,</strong></span> <span class='ocrx_word' id='word_1_628' title='bbox 3173 4485 3399 4538; x_wconf 87' lang='lat' dir='ltr'><strong>quorum</strong></span> <span class='ocrx_word' id='word_1_629' title='bbox 3427 4486 3552 4540; x_wconf 89' lang='lat' dir='ltr'><strong>pars</strong></span> <span class='ocrx_word' id='word_1_630' title='bbox 3580 4471 3648 4527; x_wconf 90' lang='lat' dir='ltr'><strong>ad</strong></span> <span class='ocrx_word' id='word_1_631' title='bbox 3692 4488 3788 4540; x_wconf 87' lang='lat' dir='ltr'><strong>xu,</strong></span> 
     </span>
    </p>
   </div>
   <div class='ocr_carea' id='block_1_49' title="bbox 523 4559 3790 4639">
    <p class='ocr_par' dir='ltr' id='par_1_49' title="bbox 523 4559 3790 4639">
     <span class='ocr_line' id='line_1_49' title="bbox 523 4559 3790 4639; baseline -0.002 -17"><span class='ocrx_word' id='word_1_632' title='bbox 523 4585 648 4639; x_wconf 86' lang='lat' dir='ltr'><strong>pars</strong></span> <span class='ocrx_word' id='word_1_633' title='bbox 677 4568 743 4623; x_wconf 91' lang='lat' dir='ltr'><strong>ad</strong></span> <span class='ocrx_word' id='word_1_634' title='bbox 773 4583 862 4622; x_wconf 88' lang='lat' dir='ltr'><strong>xm</strong></span> <span class='ocrx_word' id='word_1_635' title='bbox 891 4567 1144 4622; x_wconf 71' lang='lat' dir='ltr'><strong>smeulum</strong></span> <span class='ocrx_word' id='word_1_636' title='bbox 1181 4567 1430 4636; x_wconf 89' lang='lat' dir='ltr'><strong>pertinet.</strong></span> <span class='ocrx_word' id='word_1_637' title='bbox 1473 4566 1758 4623; x_wconf 88' lang='lat' dir='ltr'><strong>Orationes</strong></span> <span class='ocrx_word' id='word_1_638' title='bbox 1805 4567 1858 4620; x_wconf 92' lang='lat' dir='ltr'><strong>in</strong></span> <span class='ocrx_word' id='word_1_639' title='bbox 1887 4565 1988 4628; x_wconf 90' lang='lat' dir='ltr'><strong>his,</strong></span> <span class='ocrx_word' id='word_1_640' title='bbox 2023 4561 2235 4616; x_wconf 82' lang='lat' dir='ltr'><strong>Maximi</strong></span> <span class='ocrx_word' id='word_1_641' title='bbox 2265 4559 2482 4614; x_wconf 90' lang='lat' dir='ltr'><strong>nomine</strong></span> <span class='ocrx_word' id='word_1_642' title='bbox 2512 4559 2818 4628; x_wconf 79' lang='lat' dir='ltr'><strong>inscriptas,</strong></span> <span class='ocrx_word' id='word_1_643' title='bbox 2861 4559 3247 4630; x_wconf 80' lang='lat' dir='ltr'><strong>quinquaginta</strong></span> <span class='ocrx_word' id='word_1_644' title='bbox 3277 4559 3627 4630; x_wconf 88' lang='lat' dir='ltr'><strong>deprehendi,</strong></span> <span class='ocrx_word' id='word_1_645' title='bbox 3655 4577 3790 4631; x_wconf 85' lang='lat' dir='ltr'><strong>quas</strong></span> 
     </span>
    </p>
   </div>
   <div class='ocr_carea' id='block_1_50' title="bbox 523 4647 3792 4730">
    <p class='ocr_par' dir='ltr' id='par_1_50' title="bbox 523 4647 3792 4730">
     <span class='ocr_line' id='line_1_50' title="bbox 523 4647 3792 4730; baseline -0.004 -12"><span class='ocrx_word' id='word_1_646' title='bbox 523 4679 646 4718; x_wconf 90' lang='lat' dir='ltr'><strong>eum</strong></span> <span class='ocrx_word' id='word_1_647' title='bbox 675 4660 924 4730; x_wconf 82' lang='lat' dir='ltr'><strong>exemplo</strong></span> <span class='ocrx_word' id='word_1_648' title='bbox 949 4661 1120 4715; x_wconf 90' lang='lat' dir='ltr'><strong>sancti</strong></span> <span class='ocrx_word' id='word_1_649' title='bbox 1157 4660 1412 4716; x_wconf 90' lang='lat' dir='ltr'><strong>antistitis</strong></span> <span class='ocrx_word' id='word_1_650' title='bbox 1437 4675 1678 4730; x_wconf 89' lang='lat' dir='ltr'><strong>operum,</strong></span> <span class='ocrx_word' id='word_1_651' title='bbox 1711 4671 1820 4728; x_wconf 91' lang='lat' dir='ltr'><strong>quo</strong></span> <span class='ocrx_word' id='word_1_652' title='bbox 1853 4655 1928 4709; x_wconf 91' lang='lat' dir='ltr'><strong>uti</strong></span> <span class='ocrx_word' id='word_1_653' title='bbox 1954 4653 2216 4715; x_wconf 87' lang='lat' dir='ltr'><strong>solebam,</strong></span> <span class='ocrx_word' id='word_1_654' title='bbox 2261 4649 2490 4704; x_wconf 83' lang='lat' dir='ltr'><strong>contuli.</strong></span> <span class='ocrx_word' id='word_1_655' title='bbox 2516 4650 2788 4714; x_wconf 84' lang='lat' dir='ltr'><strong>Quantum</strong></span> <span class='ocrx_word' id='word_1_656' title='bbox 2818 4657 2998 4704; x_wconf 90' lang='lat' dir='ltr'><strong>autem</strong></span> <span class='ocrx_word' id='word_1_657' title='bbox 3051 4647 3174 4703; x_wconf 91' lang='lat' dir='ltr'><strong>inde</strong></span> <span class='ocrx_word' id='word_1_658' title='bbox 3226 4650 3556 4720; x_wconf 88' lang='lat' dir='ltr'><strong>perceperim</strong></span> <span class='ocrx_word' id='word_1_659' title='bbox 3587 4650 3792 4706; x_wconf 84' lang='lat' dir='ltr'><strong>fructus</strong></span> 
     </span>
    </p>
   </div>
   <div class='ocr_carea' id='block_1_51' title="bbox 524 4739 3792 4825">
    <p class='ocr_par' dir='ltr' id='par_1_51' title="bbox 524 4739 3792 4825">
     <span class='ocr_line' id='line_1_51' title="bbox 524 4739 3792 4825; baseline -0.003 -20"><span class='ocrx_word' id='word_1_660' title='bbox 524 4758 582 4806; x_wconf 88' lang='lat' dir='ltr'><strong>et</strong></span> <span class='ocrx_word' id='word_1_661' title='bbox 610 4748 1035 4812; x_wconf 88' lang='lat' dir='ltr'><strong>commodorum,</strong></span> <span class='ocrx_word' id='word_1_662' title='bbox 1069 4748 1294 4818; x_wconf 88' lang='lat' dir='ltr'><strong>intelligi</strong></span> <span class='ocrx_word' id='word_1_663' title='bbox 1322 4765 1391 4805; x_wconf 84' lang='lat' dir='ltr'><strong>ex</strong></span> <span class='ocrx_word' id='word_1_664' title='bbox 1421 4749 1618 4803; x_wconf 89' lang='lat' dir='ltr'><strong>nostris</strong></span> <span class='ocrx_word' id='word_1_665' title='bbox 1638 4744 2094 4802; x_wconf 88' lang='lat' dir='ltr'><strong>admonitionibus</strong></span> <span class='ocrx_word' id='word_1_666' title='bbox 2119 4741 2338 4812; x_wconf 90' lang='lat' dir='ltr'><strong>poterit,</strong></span> <span class='ocrx_word' id='word_1_667' title='bbox 2369 4755 2490 4810; x_wconf 73' lang='lat' dir='ltr'><strong>qua:</strong></span> <span class='ocrx_word' id='word_1_668' title='bbox 2517 4739 2754 4794; x_wconf 89' lang='lat' dir='ltr'><strong>homiliis</strong></span> <span class='ocrx_word' id='word_1_669' title='bbox 2772 4740 3216 4808; x_wconf 89' lang='lat' dir='ltr'><strong>sermonibusque</strong></span> <span class='ocrx_word' id='word_1_670' title='bbox 3244 4748 3592 4810; x_wconf 70' lang='lat' dir='ltr'><strong>przevertunt,</strong></span> <span class='ocrx_word' id='word_1_671' title='bbox 3614 4756 3792 4825; x_wconf 82' lang='lat' dir='ltr'><strong>exque</strong></span> 
     </span>
    </p>
   </div>
   <div class='ocr_carea' id='block_1_52' title="bbox 525 4829 3794 4908">
    <p class='ocr_par' dir='ltr' id='par_1_52' title="bbox 525 4829 3794 4908">
     <span class='ocr_line' id='line_1_52' title="bbox 525 4829 3794 4908; baseline -0.002 -15"><span class='ocrx_word' id='word_1_672' title='bbox 525 4837 1077 4894; x_wconf 86' lang='lat' dir='ltr'><strong>animadversionibns</strong></span> <span class='ocrx_word' id='word_1_673' title='bbox 1103 4853 1238 4908; x_wconf 87' lang='lat' dir='ltr'><strong>quas</strong></span> <span class='ocrx_word' id='word_1_674' title='bbox 1266 4838 1473 4908; x_wconf 73' lang='lat' dir='ltr'><strong>pagina:</strong></span> <span class='ocrx_word' id='word_1_675' title='bbox 1497 4837 1610 4892; x_wconf 86' lang='lat' dir='ltr'><strong>fere</strong></span> <span class='ocrx_word' id='word_1_676' title='bbox 1629 4836 1822 4904; x_wconf 90' lang='lat' dir='ltr'><strong>cuique</strong></span> <span class='ocrx_word' id='word_1_677' title='bbox 1843 4833 2033 4902; x_wconf 89' lang='lat' dir='ltr'><strong>subjici</strong></span> <span class='ocrx_word' id='word_1_678' title='bbox 2062 4831 2263 4886; x_wconf 91' lang='lat' dir='ltr'><strong>curavi.</strong></span> <span class='ocrx_word' id='word_1_679' title='bbox 2300 4829 2590 4899; x_wconf 86' lang='lat' dir='ltr'><strong>Cujusnam</strong></span> <span class='ocrx_word' id='word_1_680' title='bbox 2621 4837 2800 4885; x_wconf 88' lang='lat' dir='ltr'><strong>autem</strong></span> <span class='ocrx_word' id='word_1_681' title='bbox 2829 4829 3044 4887; x_wconf 90' lang='lat' dir='ltr'><strong>codices</strong></span> <span class='ocrx_word' id='word_1_682' title='bbox 3065 4831 3140 4886; x_wconf 91' lang='lat' dir='ltr'><strong>illi</strong></span> <span class='ocrx_word' id='word_1_683' title='bbox 3169 4831 3276 4886; x_wconf 89' lang='lat' dir='ltr'><strong>sint</strong></span> <span class='ocrx_word' id='word_1_684' title='bbox 3303 4832 3716 4888; x_wconf 87' lang='lat' dir='ltr'><strong>existimationis</strong></span> <span class='ocrx_word' id='word_1_685' title='bbox 3737 4839 3794 4888; x_wconf 92' lang='lat' dir='ltr'><strong>et</strong></span> 
     </span>
    </p>
   </div>
   <div class='ocr_carea' id='block_1_53' title="bbox 524 4917 3836 5002">
    <p class='ocr_par' dir='ltr' id='par_1_53' title="bbox 524 4917 3836 5002">
     <span class='ocr_line' id='line_1_53' title="bbox 524 4917 3836 5002; baseline -0.003 -15"><span class='ocrx_word' id='word_1_686' title='bbox 524 4931 704 5002; x_wconf 88' lang='lat' dir='ltr'><strong>pretii,</strong></span> <span class='ocrx_word' id='word_1_687' title='bbox 732 4947 797 4988; x_wconf 91' lang='lat' dir='ltr'><strong>ex</strong></span> <span class='ocrx_word' id='word_1_688' title='bbox 819 4928 1037 5002; x_wconf 69' lang='lat' dir='ltr'><strong>Iosephi</strong></span> <span class='ocrx_word' id='word_1_689' title='bbox 1067 4931 1366 4987; x_wconf 86' lang='lat' dir='ltr'><strong>Blanchinii</strong></span> <span class='ocrx_word' id='word_1_690' title='bbox 1397 4931 1526 4984; x_wconf 89' lang='lat' dir='ltr'><strong>clar.</strong></span> <span class='ocrx_word' id='word_1_691' title='bbox 1559 4927 1658 4982; x_wconf 91' lang='lat' dir='ltr'><strong>viri</strong></span> <span class='ocrx_word' id='word_1_692' title='bbox 1680 4923 2080 4981; x_wconf 90' lang='lat' dir='ltr'><strong>commentariis</strong></span> <span class='ocrx_word' id='word_1_693' title='bbox 2101 4921 2376 4992; x_wconf 85' lang='lat' dir='ltr'><strong>cognosci,</strong></span> <span class='ocrx_word' id='word_1_694' title='bbox 2403 4935 2565 4990; x_wconf 90' lang='lat' dir='ltr'><strong>quam</strong></span> <span class='ocrx_word' id='word_1_695' title='bbox 2594 4937 2660 4976; x_wconf 88' lang='lat' dir='ltr'><strong>ex</strong></span> <span class='ocrx_word' id='word_1_696' title='bbox 2691 4922 2796 4977; x_wconf 90' lang='lat' dir='ltr'><strong>ulla</strong></span> <span class='ocrx_word' id='word_1_697' title='bbox 2818 4937 2937 4978; x_wconf 90' lang='lat' dir='ltr'><strong>mea</strong></span> <span class='ocrx_word' id='word_1_698' title='bbox 2963 4922 3273 4977; x_wconf 86' lang='lat' dir='ltr'><strong>laudatione</strong></span> <span class='ocrx_word' id='word_1_699' title='bbox 3295 4924 3454 4976; x_wconf 90' lang='lat' dir='ltr'><strong>malo.</strong></span> <span class='ocrx_word' id='word_1_700' title='bbox 3485 4921 3622 4978; x_wconf 88' lang='lat' dir='ltr'><strong>Sunt</strong></span> <span class='ocrx_word' id='word_1_701' title='bbox 3645 4923 3790 4978; x_wconf 91' lang='lat' dir='ltr'><strong>enim</strong></span> <span class='ocrx_word' id='word_1_702' title='bbox 3833 4917 3836 4922; x_wconf 76' lang='grc'><em>’</em></span> 
     </span>
    </p>
   </div>
   <div class='ocr_carea' id='block_1_54' title="bbox 525 5016 3790 5090">
    <p class='ocr_par' dir='ltr' id='par_1_54' title="bbox 525 5016 3790 5090">
     <span class='ocr_line' id='line_1_54' title="bbox 525 5016 3790 5090; baseline -0.003 -10"><span class='ocrx_word' id='word_1_703' title='bbox 525 5025 679 5090; x_wconf 87' lang='lat' dir='ltr'><strong>tanti,</strong></span> <span class='ocrx_word' id='word_1_704' title='bbox 711 5031 769 5078; x_wconf 91' lang='lat' dir='ltr'><strong>ut</strong></span> <span class='ocrx_word' id='word_1_705' title='bbox 811 5026 1056 5080; x_wconf 90' lang='lat' dir='ltr'><strong>oratione</strong></span> <span class='ocrx_word' id='word_1_706' title='bbox 1087 5032 1267 5079; x_wconf 90' lang='lat' dir='ltr'><strong>nostra</strong></span> <span class='ocrx_word' id='word_1_707' title='bbox 1300 5038 1406 5078; x_wconf 93' lang='lat' dir='ltr'><strong>non</strong></span> <span class='ocrx_word' id='word_1_708' title='bbox 1435 5029 1646 5089; x_wconf 88' lang='lat' dir='ltr'><strong>egeant.</strong></span> <span class='ocrx_word' id='word_1_709' title='bbox 1679 5018 1888 5073; x_wconf 88' lang='lat' dir='ltr'><strong>Interea</strong></span> <span class='ocrx_word' id='word_1_710' title='bbox 1915 5017 2019 5072; x_wconf 91' lang='lat' dir='ltr'><strong>hoc</strong></span> <span class='ocrx_word' id='word_1_711' title='bbox 2044 5031 2164 5072; x_wconf 89' lang='lat' dir='ltr'><strong>esse</strong></span> <span class='ocrx_word' id='word_1_712' title='bbox 2193 5025 2445 5082; x_wconf 84' lang='lat' dir='ltr'><strong>testatum</strong></span> <span class='ocrx_word' id='word_1_713' title='bbox 2478 5017 2636 5072; x_wconf 82' lang='lat' dir='ltr'><strong>velim</strong></span> <span class='ocrx_word' id='word_1_714' title='bbox 2661 5034 2674 5069; x_wconf 92' lang='lat'>:</span> <span class='ocrx_word' id='word_1_715' title='bbox 2707 5017 2845 5087; x_wconf 87' lang='lat' dir='ltr'><strong>patri</strong></span> <span class='ocrx_word' id='word_1_716' title='bbox 2877 5016 3083 5072; x_wconf 88' lang='lat' dir='ltr'><strong>Simoni</strong></span> <span class='ocrx_word' id='word_1_717' title='bbox 3113 5016 3181 5072; x_wconf 89' lang='lat' dir='ltr'><strong>de</strong></span> <span class='ocrx_word' id='word_1_718' title='bbox 3207 5016 3473 5084; x_wconf 82' lang='lat' dir='ltr'><strong>Magistris</strong></span> <span class='ocrx_word' id='word_1_719' title='bbox 3497 5029 3790 5084; x_wconf 86' lang='lat' dir='ltr'><strong>congrega-</strong></span> 
     </span>
    </p>
   </div>
   <div class='ocr_carea' id='block_1_55' title="bbox 527 5104 3791 5184">
    <p class='ocr_par' dir='ltr' id='par_1_55' title="bbox 527 5104 3791 5184">
     <span class='ocr_line' id='line_1_55' title="bbox 527 5104 3791 5184; baseline -0.004 -12"><span class='ocrx_word' id='word_1_720' title='bbox 527 5117 688 5173; x_wconf 87' lang='lat' dir='ltr'><strong>tionis</strong></span> <span class='ocrx_word' id='word_1_721' title='bbox 706 5115 939 5172; x_wconf 89' lang='lat' dir='ltr'><strong>Oratorii</strong></span> <span class='ocrx_word' id='word_1_722' title='bbox 976 5115 1157 5172; x_wconf 89' lang='lat' dir='ltr'><strong>Sancti</strong></span> <span class='ocrx_word' id='word_1_723' title='bbox 1183 5113 1412 5184; x_wconf 86' lang='lat' dir='ltr'><strong>Philippi</strong></span> <span class='ocrx_word' id='word_1_724' title='bbox 1443 5111 1778 5183; x_wconf 87' lang='lat' dir='ltr'><strong>presbytero,</strong></span> <span class='ocrx_word' id='word_1_725' title='bbox 1810 5107 1956 5176; x_wconf 90' lang='lat' dir='ltr'><strong>quod</strong></span> <span class='ocrx_word' id='word_1_726' title='bbox 1976 5105 2107 5160; x_wconf 89' lang='lat' dir='ltr'><strong>mihi</strong></span> <span class='ocrx_word' id='word_1_727' title='bbox 2136 5120 2232 5160; x_wconf 91' lang='lat' dir='ltr'><strong>eos</strong></span> <span class='ocrx_word' id='word_1_728' title='bbox 2260 5107 2472 5162; x_wconf 90' lang='lat' dir='ltr'><strong>codices</strong></span> <span class='ocrx_word' id='word_1_729' title='bbox 2492 5104 2790 5162; x_wconf 88' lang='lat' dir='ltr'><strong>conferenti</strong></span> <span class='ocrx_word' id='word_1_730' title='bbox 2819 5105 3050 5161; x_wconf 88' lang='lat' dir='ltr'><strong>adfuerit</strong></span> <span class='ocrx_word' id='word_1_731' title='bbox 3069 5105 3264 5169; x_wconf 89' lang='lat' dir='ltr'><strong>studio,</strong></span> <span class='ocrx_word' id='word_1_732' title='bbox 3298 5105 3570 5174; x_wconf 82' lang='lat' dir='ltr'><strong>diligentia</strong></span> <span class='ocrx_word' id='word_1_733' title='bbox 3599 5119 3791 5174; x_wconf 84' lang='lat' dir='ltr'><strong>opera-</strong></span> 
     </span>
    </p>
   </div>
   <div class='ocr_carea' id='block_1_56' title="bbox 524 5195 2870 5282">
    <p class='ocr_par' dir='ltr' id='par_1_56' title="bbox 524 5195 2870 5282">
     <span class='ocr_line' id='line_1_56' title="bbox 524 5195 2870 5282; baseline -0.005 -22"><span class='ocrx_word' id='word_1_734' title='bbox 524 5221 630 5278; x_wconf 91' lang='lat' dir='ltr'><strong>que</strong></span> <span class='ocrx_word' id='word_1_735' title='bbox 657 5205 905 5262; x_wconf 91' lang='lat' dir='ltr'><strong>diuturna</strong></span> <span class='ocrx_word' id='word_1_736' title='bbox 927 5222 1042 5269; x_wconf 90' lang='lat' dir='ltr'><strong>sua,</strong></span> <span class='ocrx_word' id='word_1_737' title='bbox 1073 5205 1194 5276; x_wconf 91' lang='lat' dir='ltr'><strong>plus</strong></span> <span class='ocrx_word' id='word_1_738' title='bbox 1222 5203 1392 5258; x_wconf 90' lang='lat' dir='ltr'><strong>multo</strong></span> <span class='ocrx_word' id='word_1_739' title='bbox 1417 5201 1614 5257; x_wconf 87' lang='lat' dir='ltr'><strong>debere</strong></span> <span class='ocrx_word' id='word_1_740' title='bbox 1638 5213 1746 5262; x_wconf 88' lang='lat' dir='ltr'><strong>me,</strong></span> <span class='ocrx_word' id='word_1_741' title='bbox 1768 5211 1930 5267; x_wconf 90' lang='lat' dir='ltr'><strong>quam</strong></span> <span class='ocrx_word' id='word_1_742' title='bbox 1952 5195 2172 5266; x_wconf 88' lang='lat' dir='ltr'><strong>exsequi</strong></span> <span class='ocrx_word' id='word_1_743' title='bbox 2201 5196 2380 5252; x_wconf 86' lang='lat' dir='ltr'><strong>verbis</strong></span> <span class='ocrx_word' id='word_1_744' title='bbox 2407 5197 2626 5267; x_wconf 82' lang='lat' dir='ltr'><strong>possim.</strong></span> <span class='ocrx_word' id='word_1_745' title='bbox 2861 5263 2870 5282; x_wconf 42' lang='grc' dir='ltr'><strong><em>Ι</em></strong></span> 
     </span>
    </p>
   </div>
   <div class='ocr_carea' id='block_1_57' title="bbox 597 5286 3790 5360">
    <p class='ocr_par' dir='ltr' id='par_1_57' title="bbox 597 5286 3790 5360">
     <span class='ocr_line' id='line_1_57' title="bbox 597 5286 3790 5360; baseline -0.003 -6"><span class='ocrx_word' id='word_1_746' title='bbox 597 5295 756 5355; x_wconf 80' lang='lat' dir='ltr'><strong>XVII.</strong></span> <span class='ocrx_word' id='word_1_747' title='bbox 789 5300 864 5354; x_wconf 90' lang='lat' dir='ltr'><strong>De</strong></span> <span class='ocrx_word' id='word_1_748' title='bbox 891 5297 1166 5355; x_wconf 88' lang='lat' dir='ltr'><strong>codicibus</strong></span> <span class='ocrx_word' id='word_1_749' title='bbox 1190 5293 1534 5352; x_wconf 68' lang='lat' dir='ltr'><strong>bibliotheca:</strong></span> <span class='ocrx_word' id='word_1_750' title='bbox 1553 5290 1764 5346; x_wconf 60' lang='lat' dir='ltr'><strong>Sanctae</strong></span> <span class='ocrx_word' id='word_1_751' title='bbox 1782 5288 1969 5345; x_wconf 90' lang='lat' dir='ltr'><strong>Crucis</strong></span> <span class='ocrx_word' id='word_1_752' title='bbox 1990 5289 2042 5345; x_wconf 90' lang='lat' dir='ltr'><strong>in</strong></span> <span class='ocrx_word' id='word_1_753' title='bbox 2065 5286 2383 5354; x_wconf 84' lang='lat' dir='ltr'><strong>Jerusalem,</strong></span> <span class='ocrx_word' id='word_1_754' title='bbox 2412 5304 2533 5344; x_wconf 91' lang='lat' dir='ltr'><strong>cum</strong></span> <span class='ocrx_word' id='word_1_755' title='bbox 2556 5304 2716 5360; x_wconf 90' lang='lat' dir='ltr'><strong>supra</strong></span> <span class='ocrx_word' id='word_1_756' title='bbox 2731 5289 2980 5353; x_wconf 81' lang='lat' dir='ltr'><strong>dixerim,</strong></span> <span class='ocrx_word' id='word_1_757' title='bbox 3013 5289 3168 5344; x_wconf 86' lang='lat' dir='ltr'><strong>mitto</strong></span> <span class='ocrx_word' id='word_1_758' title='bbox 3195 5289 3482 5352; x_wconf 76' lang='lat' dir='ltr'><strong>diss‘ercre,</strong></span> <span class='ocrx_word' id='word_1_759' title='bbox 3514 5302 3583 5342; x_wconf 92' lang='lat' dir='ltr'><strong>nc</strong></span> <span class='ocrx_word' id='word_1_760' title='bbox 3611 5297 3790 5345; x_wconf 91' lang='lat' dir='ltr'><strong>actum</strong></span> 
     </span>
    </p>
   </div>
   <div class='ocr_carea' id='block_1_58' title="bbox 524 5375 3792 5463">
    <p class='ocr_par' dir='ltr' id='par_1_58' title="bbox 524 5375 3792 5463">
     <span class='ocr_line' id='line_1_58' title="bbox 524 5375 3792 5463; baseline -0.003 -18"><span class='ocrx_word' id='word_1_761' title='bbox 524 5403 704 5462; x_wconf 82' lang='lat' dir='ltr'><strong>agam;</strong></span> <span class='ocrx_word' id='word_1_762' title='bbox 726 5391 804 5446; x_wconf 89' lang='lat' dir='ltr'><strong>De</strong></span> <span class='ocrx_word' id='word_1_763' title='bbox 829 5391 1235 5452; x_wconf 84' lang='lat' dir='ltr'><strong>Columnarum,</strong></span> <span class='ocrx_word' id='word_1_764' title='bbox 1257 5385 1552 5452; x_wconf 90' lang='lat' dir='ltr'><strong>Comitum,</strong></span> <span class='ocrx_word' id='word_1_765' title='bbox 1583 5382 2036 5450; x_wconf 87' lang='lat' dir='ltr'><strong>Barberiniorum,</strong></span> <span class='ocrx_word' id='word_1_766' title='bbox 2071 5381 2402 5436; x_wconf 83' lang='lat' dir='ltr'><strong>Albanorum</strong></span> <span class='ocrx_word' id='word_1_767' title='bbox 2427 5381 2794 5463; x_wconf 74' lang='lat' dir='ltr'><strong>bibliothecis,</strong></span> <span class='ocrx_word' id='word_1_768' title='bbox 2819 5381 2871 5436; x_wconf 93' lang='lat' dir='ltr'><strong>id</strong></span> <span class='ocrx_word' id='word_1_769' title='bbox 2901 5397 3066 5436; x_wconf 90' lang='lat' dir='ltr'><strong>unum</strong></span> <span class='ocrx_word' id='word_1_770' title='bbox 3091 5381 3528 5437; x_wconf 86' lang='lat' dir='ltr'><strong>connncmoraho</strong></span> <span class='ocrx_word' id='word_1_771' title='bbox 3552 5395 3565 5432; x_wconf 90' lang='lat'><strong>:</strong></span> <span class='ocrx_word' id='word_1_772' title='bbox 3601 5379 3666 5434; x_wconf 92' lang='lat' dir='ltr'><strong>ad</strong></span> <span class='ocrx_word' id='word_1_773' title='bbox 3699 5375 3792 5435; x_wconf 87' lang='lat' dir='ltr'><strong>eas</strong></span> 
     </span>
    </p>
   </div>
   <div class='ocr_carea' id='block_1_59' title="bbox 523 5469 3791 5548">
    <p class='ocr_par' dir='ltr' id='par_1_59' title="bbox 523 5469 3791 5548">
     <span class='ocr_line' id='line_1_59' title="bbox 523 5469 3791 5548; baseline -0.006 -10"><span class='ocrx_word' id='word_1_774' title='bbox 523 5480 744 5548; x_wconf 64' lang='lat' dir='ltr'><strong>quidem</strong></span> <span class='ocrx_word' id='word_1_775' title='bbox 772 5480 966 5536; x_wconf 82' lang='lat' dir='ltr'><strong>adiisse</strong></span> <span class='ocrx_word' id='word_1_776' title='bbox 993 5493 1102 5542; x_wconf 90' lang='lat' dir='ltr'><strong>me,</strong></span> <span class='ocrx_word' id='word_1_777' title='bbox 1133 5477 1487 5548; x_wconf 84' lang='lat' dir='ltr'><strong>perlustrasse</strong></span> <span class='ocrx_word' id='word_1_778' title='bbox 1513 5475 1685 5531; x_wconf 89' lang='lat' dir='ltr'><strong>oculis</strong></span> <span class='ocrx_word' id='word_1_779' title='bbox 1711 5473 1927 5529; x_wconf 87' lang='lat' dir='ltr'><strong>codices</strong></span> <span class='ocrx_word' id='word_1_780' title='bbox 1948 5473 2158 5528; x_wconf 88' lang='lat' dir='ltr'><strong>illarum</strong></span> <span class='ocrx_word' id='word_1_781' title='bbox 2186 5486 2393 5536; x_wconf 89' lang='lat' dir='ltr'><strong>omnes,</strong></span> <span class='ocrx_word' id='word_1_782' title='bbox 2419 5469 2473 5524; x_wconf 88' lang='lat' dir='ltr'><strong>in</strong></span> <span class='ocrx_word' id='word_1_783' title='bbox 2506 5471 2700 5538; x_wconf 85' lang='lat' dir='ltr'><strong>quibus</strong></span> <span class='ocrx_word' id='word_1_784' title='bbox 2727 5471 2932 5539; x_wconf 89' lang='lat' dir='ltr'><strong>aliquid</strong></span> <span class='ocrx_word' id='word_1_785' title='bbox 2961 5478 3104 5525; x_wconf 89' lang='lat' dir='ltr'><strong>esset</strong></span> <span class='ocrx_word' id='word_1_786' title='bbox 3130 5469 3197 5523; x_wconf 90' lang='lat' dir='ltr'><strong>ad</strong></span> <span class='ocrx_word' id='word_1_787' title='bbox 3229 5469 3514 5522; x_wconf 81' lang='lat' dir='ltr'><strong>Maximum</strong></span> <span class='ocrx_word' id='word_1_788' title='bbox 3546 5475 3791 5524; x_wconf 85' lang='lat' dir='ltr'><strong>nostrum</strong></span> 
     </span>
    </p>
   </div>
   <div class='ocr_carea' id='block_1_60' title="bbox 526 5547 3787 5648">
    <p class='ocr_par' dir='ltr' id='par_1_60' title="bbox 526 5547 3787 5648">
     <span class='ocr_line' id='line_1_60' title="bbox 526 5547 3787 5648; baseline -0.006 -17"><span class='ocrx_word' id='word_1_789' title='bbox 526 5547 823 5648; x_wconf 80' lang='lat' dir='ltr'><strong>pertinens,</strong></span> <span class='ocrx_word' id='word_1_790' title='bbox 849 5575 977 5629; x_wconf 88' lang='lat' dir='ltr'><strong>nihil</strong></span> <span class='ocrx_word' id='word_1_791' title='bbox 1003 5581 1178 5627; x_wconf 89' lang='lat' dir='ltr'><strong>tamen</strong></span> <span class='ocrx_word' id='word_1_792' title='bbox 1202 5569 1482 5638; x_wconf 83' lang='lat' dir='ltr'><strong>reperisse,</strong></span> <span class='ocrx_word' id='word_1_793' title='bbox 1514 5568 1658 5638; x_wconf 88' lang='lat' dir='ltr'><strong>quod</strong></span> <span class='ocrx_word' id='word_1_794' title='bbox 1689 5585 1795 5624; x_wconf 87' lang='lat' dir='ltr'><strong>non</strong></span> <span class='ocrx_word' id='word_1_795' title='bbox 1819 5569 2000 5623; x_wconf 85' lang='lat' dir='ltr'><strong>tritum</strong></span> <span class='ocrx_word' id='word_1_796' title='bbox 2030 5567 2296 5622; x_wconf 90' lang='lat' dir='ltr'><strong>editorum</strong></span> <span class='ocrx_word' id='word_1_797' title='bbox 2319 5564 2654 5635; x_wconf 71' lang='lat' dir='ltr'><strong>superiorum</strong></span> <span class='ocrx_word' id='word_1_798' title='bbox 2683 5581 2952 5629; x_wconf 85' lang='lat' dir='ltr'><strong>sermone,</strong></span> <span class='ocrx_word' id='word_1_799' title='bbox 2977 5573 3070 5620; x_wconf 90' lang='lat' dir='ltr'><strong>aut</strong></span> <span class='ocrx_word' id='word_1_800' title='bbox 3092 5579 3198 5616; x_wconf 90' lang='lat' dir='ltr'><strong>non</strong></span> <span class='ocrx_word' id='word_1_801' title='bbox 3226 5561 3595 5638; x_wconf 77' lang='lat' dir='ltr'><strong>pervulgatum</strong></span> <span class='ocrx_word' id='word_1_802' title='bbox 3624 5565 3787 5648; x_wconf 83' lang='lat' dir='ltr'><strong>esset.</strong></span> 
     </span>
    </p>
   </div>
   <div class='ocr_carea' id='block_1_61' title="bbox 529 5646 3794 5732">
    <p class='ocr_par' dir='ltr' id='par_1_61' title="bbox 529 5646 3794 5732">
     <span class='ocr_line' id='line_1_61' title="bbox 529 5646 3794 5732; baseline -0.006 -8"><span class='ocrx_word' id='word_1_803' title='bbox 529 5646 593 5724; x_wconf 76' lang='lat' dir='ltr'><strong>In</strong></span> <span class='ocrx_word' id='word_1_804' title='bbox 615 5664 965 5726; x_wconf 57' lang='lat' dir='ltr'><strong>Casanatenﬁ</strong></span> <span class='ocrx_word' id='word_1_805' title='bbox 1010 5658 1338 5715; x_wconf 75' lang='lat' dir='ltr'><strong>bibliotheca</strong></span> <span class='ocrx_word' id='word_1_806' title='bbox 1371 5658 1698 5714; x_wconf 85' lang='lat' dir='ltr'><strong>homiliarios</strong></span> <span class='ocrx_word' id='word_1_807' title='bbox 1727 5660 1944 5716; x_wconf 81' lang='lat' dir='ltr'><strong>codices</strong></span> <span class='ocrx_word' id='word_1_808' title='bbox 1967 5657 2410 5732; x_wconf 81' lang='lat' dir='ltr'><strong>membranaceos</strong></span> <span class='ocrx_word' id='word_1_809' title='bbox 2449 5653 2662 5710; x_wconf 69' lang='lat' dir='ltr'><strong>iri-folio</strong></span> <span class='ocrx_word' id='word_1_810' title='bbox 2692 5657 2930 5709; x_wconf 81' lang='lat' dir='ltr'><strong>maximo</strong></span> <span class='ocrx_word' id='word_1_811' title='bbox 2958 5655 3066 5708; x_wconf 73' lang='lat' dir='ltr'><strong>vidi</strong></span> <span class='ocrx_word' id='word_1_812' title='bbox 3115 5653 3250 5706; x_wconf 85' lang='lat' dir='ltr'><strong>duos</strong></span> <span class='ocrx_word' id='word_1_813' title='bbox 3271 5651 3500 5718; x_wconf 70' lang='lat' dir='ltr'><strong>eleganti</strong></span> <span class='ocrx_word' id='word_1_814' title='bbox 3533 5667 3594 5706; x_wconf 86' lang='lat' dir='ltr'><strong>ac</strong></span> <span class='ocrx_word' id='word_1_815' title='bbox 3620 5646 3794 5706; x_wconf 83' lang='lat' dir='ltr'><strong>nitido</strong></span> 
     </span>
    </p>
   </div>
  </div>
