4050 6356
311 319 382 378 se
1775 320 2152 383 PR.~EFATIO.
3482 300 3592 390 ἐι)
3632 350 3645 361 -

302 410 613 489 charactere
636 431 881 489 Romano
910 432 1160 504 scriptos,
1194 447 1397 504 eosque
1428 443 1513 490 sat
1535 444 1777 504 veteres;
1799 447 2048 507 spectant
2066 438 2208 495 enim
2239 435 2307 493 ad
2336 452 2385 492 xi
2418 434 2670 494 Ecclesia:
2688 439 2962 497 saxulum.
2989 437 3065 495 Ex
3099 441 3163 496 iis
3199 441 3326 511 quid
3352 458 3582 513 accepe-

299 524 426 590 rim,
460 523 513 578 in
536 523 999 580 admonitionibus
1024 524 1431 581 demonstrabo.
2600 577 2619 594 ,

366 614 553 672 XVIII.
586 615 752 671 Auxit
780 615 1042 685 majorem
1073 614 1126 670 in
1170 615 1386 670 modum
1416 612 1874 686 ampliﬁcavitque
1903 616 2278 673 collectionem
2304 616 2447 671 hanc
2478 624 2717 671 nostram
2740 618 2823 671 vir
2855 619 3311 676 eminentissimus
3339 618 3397 675 S.
3423 618 3487 673 Ii.
3513 618 3576 674 Ε.

297 706 741 767 uibliothecarius
758 706 1049 763 cardinalis
1072 705 1141 761 de
1162 705 1379 762 Zelada.
1410 704 1461 761 Is
1480 706 1925 770 instructissima,
1949 706 2419 776 refertissimmquc
2438 704 2806 760 selectissimis
2825 705 2975 761 libris
2999 706 3333 764 bibliotheca
3361 709 3582 779 privata:

296 816 407 858 sua:
431 801 672 857 codicem
694 818 727 856 x
745 801 928 857 smculi
954 801 1424 857 membranaceum
1455 800 1663 856 in-l'olio
1691 815 1921 870 magno,
1946 799 2048 855 sibi
2081 799 2225 856 dono
2252 815 2283 854 a
2310 799 2585 856 canonicis
2611 797 2937 854 cathedralis
2961 800 3203 855 ecclesia:
3232 799 3581 857 Urbevetanm

295 891 502 957 datum,
534 906 641 946 non
664 892 840 948 solum
870 890 1085 947 ostendi
1105 891 1257 957 mihi,
1281 906 1469 947 verum
1502 892 1665 947 etiam
1694 891 1927 963 (gratum
1953 888 2466 955 beneﬁcentissimi»,
2502 891 2813 961 optimeque
2840 889 2908 945 de
2952 906 3012 946 se
3057 892 3252 947 merito
3280 890 3377 946 Pio
3423 898 3581 947 sexto

295 978 535 1048 pontiﬁci
560 981 801 1036 maximo
829 978 1091 1052 facturus)
1121 979 1454 1037 commodari
1475 980 1658 1050 jussit,
1682 989 1742 1035 ut
1763 980 1891 1035 dum
1920 988 2061 1037 esset
2083 980 2272 1048 otium,
2291 981 2559 1036 arbitratu
2585 996 2709 1037 meo
2728 980 2973 1053 conferre
2995 982 3170 1052 ipsum
3192 998 3313 1039 cum
3329 980 3580 1053 exemplo

296 1082 517 1138 operum
548 1066 787 1135 Maximi,
808 1084 918 1137 quo
939 1069 1018 1125 uti
1036 1085 1441 1137 consueveram,
1469 1084 1711 1141 possem.
1740 1067 1915 1140 Hujus
1931 1069 2271 1142 duorumque
2300 1073 2527 1127 aliorum
2549 1072 2814 1138 codicum,
2846 1090 3075 1144 quorum
3103 1082 3185 1129 est
3222 1084 3355 1129 mtas
3383 1071 3579 1128 smculo

295 1158 506 1215 decimo
532 1168 730 1229 quarto
760 1160 1052 1230 antiquior,
1072 1175 1314 1231 quosque
1349 1160 1476 1217 item
1494 1160 1625 1215 mihi
1654 1159 1943 1216 commodo
1970 1160 2265 1217 liberaliter
2298 1160 2439 1216 idem
2469 1161 2927 1217 eminentissimus
2952 1163 3239 1218 cardinalis
3265 1162 3441 1227 dedit;
3473 1161 3576 1216 ho-

294 1267 436 1318 rum,
460 1254 705 1324 inquam,
735 1254 983 1313 codicum
1003 1257 1271 1327 praesidio,
1290 1271 1409 1329 qum
1436 1256 1575 1312 facta
1602 1256 1728 1311 huic
1748 1254 1979 1311 editioni
2007 1254 2169 1311 fuerit
2198 1256 2460 1320 accessio,
2478 1263 2803 1326 opportune,
2829 1271 2895 1311 ac
2923 1255 3154 1327 tempori
3183 1254 3579 1311 admonitiones

295 1346 784 1416 annotationesque
812 1355 1010 1403 nostra:
1037 1348 1342 1415 docebunt;
1373 1348 1562 1424 [xxvu]
1582 1349 1874 1417 simulque
1898 1348 2167 1417 efﬁcient,
2202 1360 2261 1405 ut
2287 1349 2515 1420 quisque
2538 1356 2847 1420 pernoscat,
2878 1364 3041 1419 quam
3073 1348 3217 1405 idem
3238 1349 3320 1403 vir
3335 1350 3575 1407 summus'

297 1442 446 1490 arcte
468 1450 566 1491 nos
592 1436 695 1492 sibi
714 1436 977 1495 beneﬁcio
1004 1445 1157 1496 tanto
1182 1438 1501 1495 devinxerit.
2124 1460 2131 1467 ν

375 1525 512 1580 XIX.
556 1523 865 1585 Postremus
893 1539 1010 1585 esto
1046 1529 1217 1587 codex
1258 1530 1346 1586 ille
1372 1531 1463 1602 qui
1492 1530 1877 1600 Strigonleusis
1904 1528 2160 1587 Ecclesiae
2188 1529 2317 1584 olim
2347 1537 2494 1594 erat;
2521 1529 2721 1600 quique
2758 1545 2867 1585 non
2895 1528 3095 1584 multos
3122 1537 3248 1583 ante
3276 1527 3375 1582 hos
3402 1544 3574 1585 annos

299 1616 355 1671 in
383 1615 652 1673 Francisci
680 1617 939 1675 Carraria:
966 1621 1277 1691 amplissimi
1305 1621 1707 1690 doctissimique
1733 1621 1993 1690 praesulis,
2024 1620 2114 1690 qui
2144 1627 2227 1676 est
2254 1635 2390 1675 sacr.
2425 1633 2678 1689 congreg.
2702 1620 2912 1675 concilii
2941 1635 2972 1675 a
2993 1618 3229 1675 Secretis
3252 1627 3574 1689 potestatem

298 1708 461 1763 venit.
503 1706 546 1760 E
575 1709 898 1765 membranis
944 1719 1156 1768 constat
1200 1712 1358 1784 plane
1399 1712 1659 1768 candidis.
1720 1709 2040 1767 Litterarum
2087 1711 2396 1766 charactere
2433 1710 2568 1764 mire
2606 1708 2776 1764 nitido
2804 1718 2967 1778 atque
2997 1708 3249 1776 eleganti,
3280 1708 3433 1763 initio
3462 1706 3574 1763 fere

295 1799 473 1855 smculi
502 1799 756 1858 Ecclesia:
797 1804 934 1859 sexti
982 1819 1047 1860 ac
1091 1804 1286 1863 decimi
1331 1805 1563 1876 scriptus
1610 1803 1736 1870 fuit;
1767 1812 1929 1873 atque
1956 1818 1985 1857 a
2013 1801 2220 1858 Joanne
2247 1801 2580 1857 Boccardino
2609 1800 2920 1857 Florentino
2948 1800 3066 1856 cive
3094 1809 3317 1855 ornatus
3344 1800 3569 1871 picturis

291 1888 504 1942 rubenti
549 1889 716 1944 minio
762 1890 1016 1960 fulvoque
1059 1908 1193 1949 auro
1241 1894 1457 1963 egregie
1497 1892 1718 1948 variatis
1740 1933 1756 1959 ,
1788 1892 2316 1964 exprimentihusque
2363 1893 2629 1962 pnccipua
2665 1891 2968 1946 christiana:
2996 1889 3267 1958 religionis
3296 1891 3568 1962 mysteria.

287 1974 404 2030 lam
432 1992 563 2033 vero
613 1975 731 2046 ejus
774 1978 998 2048 pictoris
1042 1981 1370 2050 singularem
1416 1978 1583 2038 fuisse
1627 1981 1733 2038 hoc
1774 1983 1827 2036 in
1856 1996 2055 2051 genere
2082 1980 2409 2045 facultatem,
2444 1996 2551 2035 non
2581 1981 2627 2035 is
2655 1978 2829 2035 solum
2857 1978 3048 2045 codex,
3080 1978 3173 2035 sed
3200 1979 3381 2051 plures
3407 1980 3569 2035 etiam

285 2068 620 2126 bibliothecae
646 2069 1025 2127 Laurentianze
1054 2072 1397 2139 Florentium,
1428 2074 1677 2148 librique,
1722 2092 1858 2148 quos
1892 2075 2142 2133 chorales
2184 2082 2395 2138 vocant,
2440 2074 2906 2129 Benedictinorum
2943 2072 3116 2127 sancti
3156 2070 3300 2127 Petri
3337 2069 3570 2130 Perusia)

284 2154 683 2218 demonstrant.
719 2163 904 2222 Redeo
944 2164 1014 2220 ad
1049 2163 1430 2224 Carrarianum
1456 2168 1697 2224 codicem
1724 2183 1833 2238 quo
1866 2168 2184 2223 Breviarium
2211 2166 2519 2221 continetur
2546 2162 2799 2221 Ecclesia:
2827 2163 3229 2234 Strigoniensis.
3282 2161 3415 2217 Eum
3446 2177 3568 2218 cum

286 2256 689 2322 pervolverem,
720 2256 882 2314 incidi
911 2259 965 2313 in
992 2258 1240 2313 homilias
1267 2260 1440 2314 sancti
1467 2259 1681 2331 Maximi
1713 2262 1931 2315 omnino
1959 2268 2184 2329 septem,
2215 2273 2334 2327 qua:
2363 2257 2659 2325 cujusmodi
2689 2257 2815 2324 sint,
2840 2272 3080 2328 quasque
3106 2259 3363 2313 variantes
3392 2256 3568 2313 lectio-

286 2357 384 2397 nes
412 2344 740 2407 exhibeant,
771 2346 881 2402 suis
911 2353 995 2398 cst
1022 2344 1158 2400 locis
1203 2348 1522 2415 tempestive
1578 2363 1609 2401 a
1658 2347 1815 2402 nobis
1843 2345 2293 2401 animadversum.
2330 2346 2501 2413 Atque
2531 2346 2616 2400 hic
2644 2359 2765 2414 ego,
2799 2355 2857 2401 ut
2885 2362 2982 2415 par
3012 2354 3174 2410 esset,
3208 2355 3372 2416 utque
3401 2346 3567 2401 debe-

288 2447 404 2491 rem
430 2474 445 2501 ,
495 2432 563 2490 de
609 2435 794 2494 multis
839 2436 1156 2510 magnisque
1196 2435 1477 2492 beneﬁciis
1521 2444 1552 2491 a
1597 2436 1886 2492 Francisco
1927 2434 2175 2491 Carraria
2227 2436 2453 2506 praesule
2499 2436 2552 2490 in
2600 2450 2687 2490 me
2715 2435 2944 2500 collatis,
2974 2435 3149 2506 deque
3177 2435 3295 2503 ejus
3324 2434 3566 2492 laudibus

290 2525 513 2595 copiose
540 2524 775 2581 dicerem
800 2567 816 2592 ,
846 2526 947 2581 nisi
976 2524 1215 2595 ejusdem
1244 2525 1504 2581 modestia
1534 2525 1844 2597 impedirer,
1875 2540 1938 2580 ac
1966 2525 2066 2579 nisi
2098 2539 2201 2579 una
2230 2539 2465 2590 vererer,
2498 2539 2566 2579 ne
2593 2539 2714 2579 cum
2745 2524 2877 2578 tanti
2908 2525 3005 2579 viri
3034 2523 3359 2595 ampliﬁcare
3386 2523 3564 2588 velim,

282 2612 526 2667 minuam
554 2612 735 2684 potius
761 2614 1007 2683 gloriam.
1048 2612 1166 2668 .Iam
1195 2614 1262 2669 de
1292 2613 1549 2669 Romanis
1575 2614 1851 2670 codicibus
1879 2622 1979 2678 est,
2012 2622 2071 2668 ut
2093 2614 2345 2678 arbitror,
2377 2612 2578 2668 dictum
2607 2613 2756 2667 satis.

356 2701 472 2758 XX.
515 2701 666 2760 Nunc
709 2702 1026 2774 progrediar
1071 2702 1320 2773 longius,
1352 2692 1545 2774 {deque
1594 2703 1659 2760 iis
1706 2717 1886 2772 agam,
1936 2703 2030 2771 qui
2078 2702 2131 2757 in
2181 2701 2520 2758 bibliothecis
2549 2701 2893 2757 tabulariisve
2923 2704 3371 2759 monasteriorum
3399 2713 3562 2775 atque

280 2797 494 2853 urbium
539 2804 755 2855 exstant
799 2794 1088 2868 pontiﬁcize
1140 2796 1379 2853 ditionis.
1440 2782 1712 2866 Principio
1758 2794 2178 2850 vetustissimum
2227 2786 2610 2848 monasterium
2657 2791 3010 2857 Snblacense,
3044 2809 3075 2848 e
3103 2794 3393 2861 codicibus,
3426 2811 3559 2866 quos

279 2902 403 2943 esse
450 2886 552 2957 ipsi
597 2886 833 2957 reliquos
879 2900 1036 2957 passa
1083 2893 1166 2941 est
1211 2888 1348 2941 edax
1396 2886 1726 2956 antiquitas,
1781 2884 2037 2940 nonnulla
2088 2883 2245 2940 nobis
2284 2882 2682 2955 suppeditavit,
2734 2898 2853 2953 qua:
2880 2884 3058 2955 qualia
3090 2886 3215 2951 sint,
3244 2900 3482 2955 quasque
3506 2887 3558 2943 in

283 2976 580 3033 editionem
627 2976 767 3032 hanc
813 2990 1037 3047 operum
1080 2976 1251 3033 sancti
1298 2974 1515 3031 Maximi
1560 2975 1839 3031 intulerint
1878 2975 2157 3041 utilitates,
2185 2974 2239 3029 in
2269 2973 2726 3030 admonitionibus
2754 2987 3042 3044 exponam,
3068 2984 3125 3030 ut
3154 2976 3291 3031 ratio
3319 2977 3556 3047 postula-

191 3085 204 3100 -
277 3067 456 3130 verit,
488 3065 793 3136 diligenter.
832 3066 910 3122 De
936 3064 1208 3124 Far-{ensis
1235 3067 1410 3138 prisca
1437 3067 1565 3123 item
1593 3074 1861 3124 vetustate
1891 3066 2321 3135 nobilis,°totque
2349 3080 2455 3120 non
2478 3065 2810 3136 privatorum
2833 3066 3015 3132 modo,
3045 3066 3141 3122 sed
3170 3067 3554 3138 imperatorum

276 3160 444 3213 etiam
469 3197 485 3223 ,
512 3167 673 3228 atque
699 3158 1013 3229 pontiﬁcum
1058 3173 1307 3215 sermone
1333 3158 1687 3229 percelebrati
1736 3156 2048 3212 monasterii
2077 3155 2353 3211 codicibus
2384 3170 2491 3209 non
2516 3155 2688 3209 multo
2716 3154 2927 3223 longior
2953 3166 3139 3212 nostra
3166 3156 3423 3228 deinceps
3452 3170 3553 3215 erit

274 3253 476 3309 oratio.
535 3251 763 3306 Exstant
808 3251 862 3306 in
909 3250 1068 3321 hujus
1113 3251 1405 3317 tabulario,
1452 3250 1599 3322 quod
1643 3250 1966 3331 Maratorius
2009 3248 2207 3319 aliique
2250 3247 2549 3303 doctissimi
2598 3247 2700 3302 viri
2746 3249 3025 3318 permagni
3055 3251 3249 3306 merito
3271 3250 3550 3316 fecerunt;

270 3354 526 3412 exstant,
578 3347 795 3418 inquam
823 3388 839 3413 ,
892 3347 946 3401 in
995 3346 1157 3417 hujus
1203 3347 1469 3402 tabulario
1493 3386 1507 3411 ,
1557 3356 1753 3417 praeter
1778 3356 2024 3412 caeteros,
2056 3345 2347 3401 homiliarii
2374 3345 2480 3400 duo
2511 3345 2811 3400 litterarum
2839 3344 3243 3399 characterihus
3269 3346 3549 3407 Romanis,

272 3437 551 3506 diligentia
580 3436 858 3504 singulari,
885 3436 1171 3506 elegantia,
1206 3438 1379 3494 nitore
1403 3437 1607 3508 scripti.
1648 3435 1761 3492 llos
1785 3437 2238 3494 eminentissimus
2266 3436 2348 3489 vir
2374 3434 2431 3489 S.
2465 3434 2530 3489 Ii.
2563 3433 2623 3487 Ε.
2656 3434 2944 3488 cardinalis
2971 3432 3348 3489 Tamburinius
3374 3435 3550 3493 saeculi

270 3543 392 3583 esse
443 3544 494 3581 XI
537 3526 834 3597 judicavit,
886 3528 972 3583 cui
1018 3528 1160 3587 nulla
1207 3537 1290 3584 est
1335 3543 1492 3584 causa
1520 3570 1535 3595 ,
1582 3544 1679 3585 cur
1707 3545 1814 3584 non
1862 3529 2210 3584 vehementer
2238 3526 2518 3582 assentiar.
2561 3524 2617 3579 In
2649 3525 2835 3580 iisdem
2860 3525 3110 3580 homilias
3135 3527 3305 3581 sancti
3334 3526 3548 3586 Maximi

270 3620 468 3675 nomen
499 3619 843 3692 prmferentes
870 3620 1276 3691 quatuordccim
1308 3622 1526 3687 oﬁ'endi,
1558 3638 1693 3691 quas
1720 3623 1862 3693 typis
1884 3621 2090 3691 jamdiu
2120 3635 2347 3675 excusas
2373 3633 2436 3672 ac
2461 3618 2758 3687 publicatus
2788 3616 3019 3672 Maximo
3047 3624 3195 3673 certe
3224 3618 3323 3689 ipsi
3352 3621 3546 3677 ascribi

268 3720 554 3781 oportere,
604 3710 769 3767 efﬁcit
814 3720 976 3781 atque
1023 3709 1308 3767 conﬁrmat
1355 3720 1463 3765 tam
1510 3711 1791 3769 illustrium
1838 3716 2310 3766 monumentorum
2357 3714 2596 3761 vetustas
2628 3712 2682 3760 et
2725 3706 3036 3762 auctoritas.
3079 3704 3156 3762 Ac
3182 3706 3251 3763 de
3280 3708 3547 3768 Farfensis

268 3798 488 3868 quidem
516 3799 831 3855 monasterii
857 3796 1153 3864 codicibus,
1200 3799 1376 3868 deque
1400 3799 1637 3853 homiliis
1662 3798 1880 3856 Maximi
1898 3812 2039 3871 qua:
2068 3797 2171 3851 illis
2190 3796 2718 3866 comprehenduntur
2734 3836 2749 3862 ,
2788 3796 2939 3851 alias.
2982 3796 3390 3857 Beneventanus
3414 3810 3546 3859 vnlit

266 3889 572 3960 Stephanus
608 3889 803 3957 Borgia
841 3890 1036 3961 pracsul
1078 3904 1198 3945 cum
1226 3890 1481 3959 dignitate
1505 3933 1521 3956 ,
1571 3898 1684 3943 tum
1714 3901 1906 3957 magno
1936 3888 2169 3957 ingenio,
2219 3901 2412 3956 magno
2440 3887 2615 3943 studio
2645 3887 2836 3942 artium
2868 3889 3213 3959 optimarum,
3246 3907 3309 3947 ac
3336 3893 3544 3950 liberali

266 3978 534 4049 dignaque
579 3979 797 4035 homine
842 3978 1010 4055 nobili
1059 3968 1339 4044 doctrina,
1385 3979 1792 4049 eruditioneqtie
1831 3977 2073 4051 [xxvm]
2122 3986 2411 4049 pnustans;
2462 3976 2692 4047 indeque
2718 3979 2885 4034 multa
2916 3982 3197 4051 expressit,
3228 3999 3543 4055 mecumque

271 4069 515 4138 (summa
558 4069 635 4124 Pii
665 4073 800 4126 sexti
830 4053 1048 4127 Maximi
1089 4071 1574 4142 sapientissimique
1615 4070 1886 4141 pontiﬁcis
1929 4071 2228 4141 voluntate)
2279 4071 2729 4127 communicavit:
2762 4087 2880 4143 qua:
2908 4074 3093 4143 quanti
3123 4076 3263 4142 sint,
3295 4053 3541 4134 admoni-

267 4161 441 4215 tiones
470 4162 595 4231 ipsm
623 4170 820 4217 nostra:
848 4163 1333 4238 annotationesquc
1358 4163 1613 4238 pandent,
1644 4161 1739 4218 sed
1768 4170 2028 4232 tempore.
2704 4162 2708 4167 ’

333 4248 472 4305 XXI.
514 4250 697 4321 Longe
722 4253 929 4307 ceteris
976 4255 1428 4309 monasteriorum
1475 4252 1789 4316 tabulariis,
1839 4258 1898 4306 ut
1944 4251 2296 4322 amplitudine
2337 4251 2438 4306 loci
2462 4292 2477 4315 ,
2519 4252 2590 4305 ita
2626 4252 2965 4322 praestantia,
2999 4254 3265 4324 copiaque
3291 4254 3538 4312 codicum

262 4343 529 4398 antecedit
558 4344 686 4399 illud
709 4385 724 4409 ,
774 4343 933 4413 quod
966 4343 1020 4399 in
1069 4344 1320 4401 cmnobio
1368 4351 1449 4398 est
1494 4341 1806 4408 Casinensi;
1836 4357 1947 4413 quo
1975 4356 2044 4396 ex
2069 4329 2659 4410 cmnobio'prmclaram
2689 4341 2986 4409 originem,
3020 4343 3311 4413 nobileque
3338 4360 3536 4401 nomen

260 4433 527 4504 prmcipua
572 4435 918 4502 congregatio
963 4435 1348 4490 monachorum
1398 4433 1870 4489 Benedictinorum
1910 4432 2081 4489 duxit.
2141 4430 2309 4501 Cujus
2334 4431 2551 4500 quidem
2579 4430 2774 4487 decora
2797 4471 2812 4497 ,
2847 4446 2915 4486 ne
2943 4432 3187 4502 pluribus
3213 4449 3531 4505 persequar,

263 4534 421 4587 quam
449 4530 505 4577 et
532 4508 713 4585 velim,
744 4530 799 4576 et
824 4538 953 4578 vero
983 4524 1206 4594 possim,
1236 4521 1475 4578 deterret
1500 4537 1590 4579 me
1612 4522 1793 4592 magni
1835 4523 2070 4581 nominis
2095 4523 2416 4591 scriptorum
2453 4520 2744 4577 Christiani
2775 4521 2908 4592 Lupi
2927 4563 2941 4587 ,
2966 4521 3192 4579 Joannis
3217 4524 3533 4593 Mabillonii,

262 4608 516 4665 Bel-nardi
562 4610 927 4667 Montfauconi
950 4652 966 4677 ,
1007 4611 1344 4682 aliorumque
1382 4612 1711 4673 existimatio
1758 4620 1923 4681 atque
1969 4612 2255 4669 celebritas
2279 4652 2296 4677 ,
2343 4612 2435 4680 qui
2482 4626 2545 4667 ea
2580 4611 2658 4665 sic
2686 4612 2933 4665 oratione
2974 4612 3325 4679 illustrarunt,
3358 4623 3416 4668 ut
3441 4616 3532 4684 qui

221 4716 469 4779 ’rursnm
498 4702 569 4758 de
588 4703 653 4758 iis
680 4718 841 4773 agere
872 4704 1181 4770 instituerit,
1211 4705 1257 4759 is
1280 4712 1476 4775 apart:
1496 4704 1713 4774 egregie
1730 4711 2009 4759 exornatae
2038 4720 2146 4759 non
2174 4712 2284 4759 tam
2312 4701 2607 4771 quidquam
2635 4699 2833 4755 addere
2860 4707 3298 4757 ornamentorum
3324 4741 3341 4766 ,
3368 4719 3532 4774 quam

260 4791 539 4851 detrahere
589 4796 725 4851 velle
772 4795 1041 4852 videatur.
1092 4796 1281 4867 Itaque
1322 4796 1386 4851 iis
1433 4804 1638 4855 tantum
1686 4794 1965 4852 codicibus
2009 4793 2126 4865 ejus
2172 4791 2422 4848 tabularii
2467 4798 2754 4845 contentus
2780 4805 2895 4853 ero,
2930 4791 2983 4845 in
3012 4792 3208 4861 quibus
3234 4795 3304 4850 sit
3331 4796 3533 4866 aliquid

259 4886 399 4952 quod
447 4888 514 4943 ad
561 4888 859 4956 augendam
885 4926 901 4953 ,
948 4887 1378 4958 ampliﬁcandam
1403 4929 1419 4953 ,
1467 4885 1851 4956 perﬁciendam
1890 4882 2182 4940 editionem
2233 4897 2459 4952 operum
2501 4880 2718 4935 Maximi
2752 4881 3012 4937 conferat.
3070 4882 3308 4941 Primum
3348 4895 3530 4944 autem

259 4980 488 5034 omnium
516 4982 622 5035 hoc
659 4982 835 5036 sciant
874 4981 1125 5045 lectores,
1157 4981 1283 5036 volo
1307 4998 1321 5035 :
1347 4978 1658 5049 pmkctum
1688 4977 1737 5031 ei
1770 4973 2035 5035 tabulario
2064 4972 2125 5031 P.
2156 4973 2221 5028 D.
2243 4971 2518 5028 Placidum
2546 4970 2878 5029 Fedcriciuui
2907 4974 3092 5046 inclyti
3120 4977 3324 5036 ordinis
3348 4979 3530 5037 Sancti

261 5066 524 5128 Benedicti
569 5073 890 5128 monachum
937 5072 1204 5142 exquisita
1243 5071 1547 5131 eruditione
1570 5110 1585 5135 ,
1616 5063 1982 5139 singularique
2008 5067 2209 5123 criticm
2235 5067 2365 5122 artis
2389 5066 2581 5137 peritia
2610 5067 3033 5137 praecellentem,
3064 5069 3246 5124 statim
3271 5078 3435 5141 atque
3462 5087 3528 5128 ex

263 5159 528 5231 Stephano
570 5163 762 5231 Borgia
810 5165 1073 5234 prmsule,
1121 5178 1281 5234 quem
1329 5178 1538 5221 rursum
1569 5162 1790 5218 honoris
1816 5176 1978 5218 causa
2008 5162 2250 5227 nomino,
2279 5161 2575 5226 intellexit,
2600 5176 2720 5217 esse
2749 5160 2848 5217 Pio
2875 5172 3032 5218 sexto
3059 5162 3350 5220 Christiani
3378 5167 3528 5224 orbis

265 5251 490 5308 universi
519 5253 759 5324 pontiﬁci
800 5255 1147 5310 vehementer
1191 5255 1339 5311 cordi
1364 5294 1379 5317 ,
1429 5262 1486 5308 ut
1513 5252 1747 5307 homilia:
1773 5267 2159 5322 sermonesque
2196 5253 2367 5308 sancti
2400 5252 2616 5308 Maximi
2645 5253 2886 5323 episcopi
2915 5252 3260 5312 Taurinensis
3282 5258 3528 5315 studiose

262 5343 655 5414 colligerentur,
706 5347 868 5415 inque
912 5346 1179 5417 publicam
1227 5348 1401 5401 lucem
1449 5360 1661 5401 rursum
1709 5345 2106 5411 emitterentur,
2152 5358 2312 5415 quam
2366 5341 2480 5398 ﬁeri
2507 5344 2768 5413 castigate
2796 5352 3008 5414 posset;
3040 5345 3173 5401 nihil
3202 5356 3310 5403 tam
3336 5348 3525 5405 habuit

260 5436 422 5501 pensi,
450 5453 612 5506 quam
640 5434 699 5493 ut
725 5436 870 5493 omni
898 5436 1191 5506 diligentia,
1224 5438 1424 5502 labore,
1452 5452 1617 5508 opera
1641 5474 1655 5503 ,
1680 5435 1897 5491 codices
1917 5434 2154 5491 creditos
2183 5450 2324 5490 curm
2355 5433 2583 5505 ﬁdeique
2609 5448 2722 5489 suae
2743 5435 3132 5504 pervolutarct,
3166 5447 3329 5510 atque
3356 5454 3424 5494 cx
3454 5440 3521 5495 iis

260 5531 313 5577 et
338 5520 572 5595 pluribus
614 5547 836 5586 numero
866 5539 922 5587 et
958 5534 1223 5585 vetustate
1253 5530 1664 5599 integritatequc
1710 5528 2008 5595 insignibus
2035 5528 2201 5581 multa
2226 5535 2517 5598 promeret,
2552 5542 2723 5596 caque
2753 5526 3023 5596 pontiﬁcis
3042 5530 3281 5600 ejusdem
3313 5532 3520 5589 nomini

263 5628 321 5667 ac
348 5618 608 5686 majestati
636 5620 810 5676 dicata
836 5660 850 5684 ,
902 5620 1129 5675 Romam
1174 5619 1291 5674 usui
1339 5621 1493 5675 nobis
1536 5620 1711 5675 futura
1761 5618 2169 5674 transmitteret.
2213 5617 2339 5690 Haec
2382 5618 2470 5673 ubi
2498 5616 2705 5672 reddita
2736 5617 2975 5685 pontiﬁci
3007 5621 3153 5677 fuere
3177 5661 3190 5684 ,
3241 5624 3391 5692 isque
3419 5639 3519 5694 pro

265 5703 538 5775 sapientia,
569 5711 1006 5781 perspicaciaque
1037 5724 1238 5763 summa
1270 5726 1363 5765 sua
1397 5709 1797 5774 animadvertit,
1831 5723 2052 5778 magnas
2084 5709 2257 5764 inesse
2291 5708 2671 5766 Casinonsihus
2698 5711 3059 5766 tuonumcntis
3085 5714 3515 5781 opportunitates
3620 5718 3625 5723 ’
