4050 6356
1412 280 1509 290 w-

444 342 459 355 ’
481 358 546 419 at
1934 359 2315 424 PILEFAI‘IO.
3687 366 3762 423 52

479 488 537 535 et
585 478 651 534 ad
698 479 951 551 opuscula
998 478 1238 550 quzcdatu
1286 474 1603 536 vindicanda
1643 489 1803 551 atque
1850 477 2213 537 confirmanda
2263 479 2526 545 Maximo;
2570 484 2625 533 et
2671 476 2736 530 ad
2768 474 3143 531 collectionem
3189 476 3327 533 hanc
3364 485 3607 534 nostram
3648 498 3756 537 non

480 569 846 625 exornandam
874 570 1053 635 modo,
1084 570 1180 626 sed
1209 570 1372 625 etiam
1401 570 1726 641 augendam;
1757 580 2000 642 utquam
2028 573 2263 643 primum
2295 586 2533 642 possem,
2573 578 2735 638 atque
2765 569 2971 633 liceret,
3000 568 3252 624 Casinum
3282 578 3542 639 peterem,
3575 586 3751 643 eoque

477 660 786 731 exemplum
834 677 1054 732 operum
1097 662 1269 718 sancti
1315 662 1554 732 ejusdem
1601 662 1947 721 Taurinensis
1975 662 2238 736 prmsulis,
2288 679 2396 733 quo
2418 662 2494 717 uti
2531 677 2937 728 consueveram,
2969 678 3177 717 mecum
3207 671 3563 733 asportarem,
3596 673 3758 737 atque

480 749 606 807 illud
652 767 774 808 cum
818 751 936 821 ejus
980 753 1229 808 tabularii
1276 755 1551 810 codicibus
1591 765 1843 811 accurate
1889 752 2235 821 conferrem,
2289 752 2592 824 imperavit.
2638 750 2800 805 Parui
2828 750 3076 820 equidem
3108 760 3165 804 ut
3191 751 3439 821 principi,
3472 762 3759 825 promptus

479 850 639 911 atque
666 842 864 910 alacer,
897 852 955 898 ut
979 859 1078 914 pro
1104 841 1337 900 Maximo
1369 845 1679 916 imperanti,
1712 847 1905 901 libens.
1947 840 2025 900 Ad
2065 844 2348 900 Casinates
2376 858 2498 899 cum
2524 842 2788 898 venissem
2808 883 2822 907 ,
2854 841 3141 910 omniaque
3169 844 3612 911 pervestigassem
3641 860 3761 914 qua:

478 935 723 990 instituto
762 935 877 1005 jam
918 937 1072 1006 operi
1118 938 1419 993 conducere
1462 954 1621 1008 posse
1669 939 1997 1005 viderentur,
2039 952 2103 993 ac
2131 953 2225 993 eos
2253 937 2467 992 codices
2495 933 2856 1005 seposuissem
2885 948 3022 1002 quos
3046 948 3428 1003 proSpexeram
3459 935 3590 989 mihi
3620 952 3761 1006 saepe

476 1039 542 1079 ac
563 1024 787 1079 tnultum
809 1040 877 1079 ex
908 1042 1006 1081 usu
1029 1026 1165 1092 fore,
1196 1042 1579 1097 rogassemque
1602 1045 1764 1097 porro
1787 1029 2082 1084 monachos
2102 1036 2162 1083 ut
2183 1027 2282 1098 ipsi
2312 1028 2441 1082 mihi
2465 1026 2685 1083 eosdem
2716 1026 2931 1082 codices
2963 1024 3029 1079 ad
3058 1025 3359 1094 exemplum
3386 1025 3531 1093 quod
3560 1027 3759 1081 attule—

476 1130 592 1170 ram
637 1116 852 1184 exigere
897 1116 1125 1183 volenti,
1177 1118 1367 1174 adesse
1410 1134 1478 1174 ne
1522 1132 1904 1187 gravarentur;
1956 1118 2113 1174 facile
2155 1118 2296 1191 (qua:
2325 1118 2536 1174 illorum
2578 1130 2706 1186 erga
2734 1132 2821 1171 me
2849 1116 3224 1177 benevolentia
3269 1117 3604 1186 comitasque
3637 1117 3755 1188 fuit)

480 1206 801 1276 impetravi,
849 1216 909 1261 ut
954 1209 1138 1278 plures
1180 1210 1271 1278 qui
1320 1209 1470 1263 hisce
1518 1209 1708 1265 studiis
1752 1209 2156 1263 delectarentur
2202 1216 2490 1277 essentque
2532 1207 2585 1262 in
2614 1204 2835 1261 Patrum
2864 1205 3121 1276 cperibus
3146 1204 3513 1275 doctrinisque
3537 1209 3756 1273 versati,

478 1294 633 1367 [xxtx
658 1292 667 1365 Ι
701 1311 852 1350 suam
895 1297 1048 1352 nobis
1076 1314 1297 1367 operam
1326 1298 1727 1368 pollicerentur.
1752 1298 1810 1352 In
1838 1298 2028 1353 horum
2069 1296 2169 1351 fuit
2202 1314 2427 1353 numero
2458 1297 2519 1351 P.
2551 1298 2615 1352 D.
2644 1296 2901 1352 Claudius
2930 1295 3270 1352 Tnevisanius
3298 1298 3595 1351 monachus
3620 1314 3760 1369 pra:-

475 1389 626 1440 stans
667 1384 905 1439 historiae
949 1384 1417 1453 doctrinarumque
1466 1386 1957 1463 ecclesiasticarum
1998 1384 2273 1441 facultate.
2333 1385 2502 1455 Hujus
2526 1385 2901 1454 sodaliumque
2933 1386 3163 1456 (aberat
3200 1395 3381 1441 autem
3412 1386 3767 1463 chericius)

476 1475 801 1545 adjumentis
845 1493 966 1532 cum
1017 1492 1086 1532 ex
1136 1479 1502 1549 manuscripto
1549 1480 1799 1548 exemplo
1828 1460 2089 1535 meo‘tres
2114 1488 2419 1549 quatuorve
2446 1480 2665 1536 codices
2693 1497 2802 1536 uno
2831 1491 3073 1552 tempore
3097 1483 3524 1548 aestimarentur;
3557 1460 3762 1536 tantum

478 1564 603 1619 inde
630 1564 747 1634 cepi
779 1564 1026 1621 utilitatis
1046 1608 1062 1631 ,
1113 1576 1170 1621 ut
1216 1568 1467 1623 homilias
1513 1584 1900 1639 sermonesque
1945 1573 2253 1640 sexaginta,
2300 1587 2407 1627 non
2438 1571 2599 1626 modo
2627 1574 2758 1628 satis
2794 1582 2911 1629 tuto
2942 1574 3176 1629 tribucre
3200 1574 3453 1639 Maximo,
3481 1575 3574 1630 scd
3604 1576 3762 1629 etiam

478 1670 617 1709 nova
648 1656 956 1710 variantium
999 1658 1152 1714 bona:
1191 1660 1355 1730 frugis
1395 1661 1685 1716 lectionum
1713 1662 1832 1717 luce
1862 1662 2129 1719 illustrare
2156 1680 2243 1719 me
2272 1663 2531 1733 majorem
2563 1665 2615 1719 in
2646 1664 2864 1720 modum
2892 1681 3053 1734 posse
3080 1665 3432 1741 confiderem.
3490 1664 3604 1721 lIoc
3632 1682 3762 1721 vero

479 1748 532 1801 in
559 1747 745 1802 iisdem
797 1749 1073 1806 codicibus
1122 1753 1398 1808 notatione
1436 1755 1595 1824 plane
1622 1754 1838 1823 dignum
1868 1757 2223 1813 animadverti
2248 1776 2259 1809 :
2293 1772 2388 1812 eos
2416 1758 2735 1828 plerumque
2764 1758 2835 1812 ita
2865 1773 3163 1827 congruere
3192 1775 3314 1813 cum
3345 1758 3636 1821 Vaticanis,
3671 1760 3759 1812 vix

480 1848 540 1895 ut
569 1841 620 1894 in
648 1840 712 1895 iis
753 1842 1045 1911 quidquam
1090 1843 1419 1915 deprehendi
1468 1855 1632 1916 queat
1659 1847 1938 1903 dissimile.
1979 1848 2113 1904 Illud
2144 1850 2451 1913 notabilius,
2482 1850 2628 1919 quod
2658 1849 2876 1904 homilia
2908 1850 2971 1903 de
2999 1849 3316 1922 Evangctica
3362 1849 3679 1913 Piscatione,
3711 1856 3768 1903 et

479 1942 703 2002 quartus
748 1950 812 1988 ac
859 1937 1283 2005 septuagesimus
1332 1954 1510 1995 sermo
1534 1980 1549 2004 ,
1578 1941 1669 2009 qui
1717 1948 1799 1995 est
1828 1941 1890 1992 de
1923 1938 2109 1995 Natali
2150 1943 2319 1996 sancti
2358 1940 2652 2005 Laurentii,
2677 1956 2799 1995 cum
2828 1941 3022 1996 ascribi
3051 1940 3301 2005 Maximo,
3338 1941 3438 1995 nisi
3462 1941 3577 1997 sola
3609 1939 3768 1994 unius

479 2025 679 2080 codicis
727 2025 1100 2111 Laurentianm
1143 2028 1390 2085 Medicea:
1418 2031 1753 2088 bibliotheca:
1782 2033 2091 2105 epigraphe,
2124 2034 2442 2103 nequirent;
2475 2042 2587 2089 tum
2614 2034 2964 2105 inscriptione
2991 2035 3191 2090 codicis
3221 2034 3438 2089 alterius
3460 2032 3767 2089 Casinensis

479 2116 695 2187 optimae
724 2127 863 2173 uotae
893 2117 1089 2175 factum
1118 2129 1219 2185 est,
1244 2130 1303 2177 ut
1324 2138 1354 2177 a
1378 2125 1530 2181 nobis
1556 2125 1729 2180 eidem
1757 2134 1942 2182 sancto
1963 2129 2191 2182 antistiti
2220 2126 2458 2185 firmiore
2486 2130 2888 2185 asseveratione
2913 2129 3353 2184 attribuerentur.
3419 2127 3553 2203 Nolo
3584 2135 3765 2182 autem

479 2208 760 2278 quisquam
809 2210 1050 2279 miretur,
1072 2218 1359 2277 ‘sermones
1404 2216 1626 2286 aliquot,
1677 2219 1766 2287 qui
1798 2219 1849 2272 in
1874 2219 2192 2288 quibusdam
2219 2218 2526 2276 Casinensis
2553 2222 2786 2278 co‘mobii
2820 2221 3094 2277 codicibus
3123 2221 3365 2290 inscripti
3393 2228 3571 2275 essent
3597 2223 3767 2279 sancti

482 2301 699 2356 Maximi
746 2306 997 2372 nomine,
1047 2307 1278 2378 rejectos
1323 2324 1352 2362 a
1383 2310 1538 2365 nobis
1565 2309 1727 2366 fuisse
1756 2311 1808 2366 in
1839 2312 2208 2382 appendicem.
2241 2313 2375 2367 Nam
2404 2329 2526 2368 cum
2552 2315 2622 2370 ab
2651 2314 2897 2369 oratione
2925 2329 2989 2370 ac
3013 2314 3154 2385 stylo
3182 2312 3399 2367 Maximi
3429 2313 3587 2382 longe
3617 2312 3765 2383 ipsos

481 2391 674 2447 abesse
704 2394 1063 2465 perspicerem
1086 2437 1101 2463 ,
1152 2397 1546 2468 adjungendam
1594 2403 1970 2457 auctoritatem
2019 2419 2082 2459 ac
2110 2402 2268 2459 lidem
2298 2404 2365 2460 iis
2392 2404 2670 2467 codicibus
2699 2420 2805 2460 non
2834 2406 3037 2476 putavi,
3068 2421 3207 2475 quos
3232 2404 3426 2459 scirem
3455 2404 3519 2458 iis
3548 2413 3761 2474 tempo-

482 2483 630 2539 ribus
670 2483 832 2540 fuisse
875 2487 1217 2559 perscriptos,
1248 2489 1442 2558 quibus
1467 2490 1598 2545 nihil
1627 2491 1839 2559 vigebat
1866 2493 2043 2549 minus
2069 2507 2230 2563 quam
2263 2493 2463 2575 critica:
2493 2493 2628 2548 artis
2649 2493 2863 2563 peritia.
2905 2492 3090 2563 Neque
3117 2508 3248 2549 vero
3279 2492 3381 2546 illa:
3409 2491 3603 2554 solum,
3631 2505 3765 2559 quas

483 2579 728 2649 proxime
773 2585 1228 2650 commemoravi,
1274 2586 1326 2640 in
1375 2595 1614 2642 nostram
1644 2603 1867 2659 operum
1897 2588 2115 2645 Maximi
2140 2592 2517 2647 collectionem
2546 2607 2613 2647 ex
2641 2593 3061 2661 congregatione
3089 2582 3490 2645 monachorum
3506 2587 3762 2642 Casinen-

488 2667 628 2723 sium
656 2680 1041 2738 permanarunt
1069 2673 1358 2741 utilitates;
1392 2677 1555 2731 inuno
1583 2684 1755 2732 aucta:
1782 2678 1883 2733 illa:
1910 2680 2128 2748 quidem
2154 2689 2532 2751 protensmque
2578 2681 2726 2737 fuere
2755 2680 2915 2737 latius
2942 2698 3068 2738 cura
3098 2681 3483 2750 diligentiaque
3512 2694 3763 2735 reveren-

484 2756 690 2812 dissimi
724 2757 781 2812 P.
812 2759 877 2813 Ι).
910 2759 1169 2817 Dominici
1200 2762 1435 2829 Favilhe,
1466 2766 1558 2835 qui
1587 2773 1713 2823 tunc
1742 2766 1859 2835 ejus
1885 2772 2314 2841 congregationis
2347 2772 2515 2827 abbas
2542 2774 2809 2841 generalis
2837 2782 2973 2828 erat.
3032 2773 3082 2832 Is
3109 2774 3251 2829 enim
3276 2815 3289 2839 ,
3321 2789 3443 2829 cum
3471 2788 3535 2828 ex
3566 2773 3709 2828 edito
3736 2790 3765 2830 a

486 2849 778 2907 Muratorio
802 2852 878 2924 (α)
907 2854 1086 2908 saeculi
1109 2871 1141 2909 x
1160 2854 1335 2911 indice
1357 2857 1692 2915 bibliotheca:
1711 2862 1914 2931 antiqui
1937 2879 2067 2921 sane
2093 2880 2156 2920 ac
2175 2864 2403 2920 celebris
2426 2868 2737 2922 monasterii
2759 2867 3036 2923 Bobiensis
3062 2867 3243 2922 Sancti
3263 2866 3579 2922 Columbani
3605 2865 3768 2936 (quod

488 2943 871 2997 monasterium
900 2943 956 2998 in
986 2959 1052 3000 eo
1080 2950 1254 3002 tractu
1283 2954 1366 3002 est
1389 2947 1614 3005 ducatus
1642 2950 2075 3022 Mediolanensis,
2105 2955 2198 3025 qui
2225 2964 2350 3011 ante
2376 2957 2541 3013 hosce
2569 2973 2677 3013 non
2706 2959 2904 3014 multos
2931 2974 3103 3015 annos
3144 2960 3196 3013 in
3224 2958 3483 3015 ditionem
3512 2956 3770 3014 Sardinia!

488 3039 630 3107 regis
658 3040 823 3108 venit)
851 3079 866 3103 ,
900 3040 947 3095 is
969 3082 983 3106 ,
1034 3042 1249 3111 inquam
1274 3085 1299 3123 ,θ
1339 3059 1463 3100 cum
1506 3061 1573 3101 ex
1601 3062 1668 3103 eo
1708 3047 1884 3104 iudice
1911 3060 2200 3120 cognosset
2228 3053 2281 3107 in
2307 3052 2621 3110 monasﬁerii
2649 3054 2890 3125 ejusdem
2918 3055 3242 3111 bibliotheca
3272 3055 3483 3112 codices
3507 3053 3769 3124 quosdam
3867 3108 3879 3121 _

489 3131 652 3186 fuisse
696 3133 890 3201 quibus
928 3136 1195 3204 opuscula
1246 3138 1433 3203 sancti,
1469 3140 1637 3194 nostri
1668 3140 1972 3198 Taurinatis
2020 3146 2257 3218 episcopi
2298 3146 2729 3210 continerentur,
2762 3148 2940 3202 abbati
2970 3146 3222 3202 Bobiensi
3265 3146 3555 3209 mandavit,
3609 3145 3677 3216 uti
3702 3146 3768 3200 de

490 3223 764 3279 codicibus
807 3226 995 3281 iisdem
1039 3237 1391 3297 cognosceret
1437 3240 1492 3286 et
1538 3231 1604 3286 ad
1651 3248 1709 3287 se
1758 3234 1999 3290 referret.
2062 3235 2240 3292 Gessit
2286 3238 2331 3293 is
2382 3239 2639 3293 continuo
2670 3238 2887 3293 Favilla:
2918 3254 3146 3305 morem,
3175 3238 3270 3293 sed
3297 3255 3419 3295 cum
3450 3237 3767 3309 inquirendo

490 3314 708 3371 codices
758 3332 865 3371 non
908 3318 1232 3387 reperissct,
1281 3329 1445 3390 atque
1490 3323 1542 3376 in
1590 3339 1709 3379 eam
1756 3327 1980 3395 proinde
2028 3330 2347 3384 sententiam
2395 3330 2663 3394 venisset,
2697 3340 2754 3385 ut
2784 3331 2865 3386 vel
2896 3345 2991 3385 eos
3020 3330 3234 3400 penitus
3261 3331 3502 3399 periisse,
3533 3330 3620 3385 vel
3650 3329 3770 3384 inde

493 3406 732 3461 sublatos
754 3447 768 3472 ,
812 3407 1027 3477 alioque
1056 3418 1360 3479 asportatos
1385 3452 1400 3475 ,
1454 3413 1506 3467 in
1537 3414 1718 3469 abdito
1747 3417 1999 3486 quopiam
2029 3428 2123 3473 aut
2151 3420 2421 3475 tabulario
2450 3403 2543 3475 aut
2572 3421 3009 3492 bibliophylacio,
3041 3422 3185 3476 velut
3216 3422 3267 3475 in
3303 3421 3559 3483 tenebris,
3588 3420 3772 3490 jacere

494 3498 832 3565 existimarit,
862 3499 1117 3555 Favillam
1148 3502 1319 3572 ipsum
1350 3519 1447 3573 per
1476 3505 1681 3560 litteras
1709 3508 1995 3564 certiorem
2026 3509 2151 3566 fecit
2174 3550 2188 3574 ,
2240 3511 2433 3566 frustra
2465 3494 2714 3567 codicum
2744 3511 3052 3566 corumdem
3096 3511 3579 3579 perquirendoruui
3608 3510 3677 3564 ab
3714 3524 3772 3563 se

495 3591 713 3660 suisque
758 3591 924 3647 fuisse
971 3592 1209 3648 laborem
1254 3602 1582 3665 susceptum.
1645 3595 1757 3651 lloc
1801 3606 1979 3653 autem
2027 3600 2165 3655 scire
2212 3616 2271 3656 se
2298 3619 2309 3654 :
2341 3602 2396 3656 in
2428 3602 2529 3667 iis,
2580 3590 2675 3671 qui
2702 3600 2876 3673 adhuc
2906 3600 2958 3673 in
2987 3600 3316 3653 monasterio
3345 3615 3445 3653 suo
3473 3607 3770 3661 exstarent,

496 3683 769 3739 codicibus
795 3698 1072 3741 sermones
1098 3701 1218 3742 esse
1247 3686 1494 3742 inventos
1518 3696 1641 3743 octo
1669 3690 1838 3745 sancti
1868 3690 2085 3747 Maximi
2114 3693 2396 3763 insignitos
2427 3692 2662 3756 nomine,
2695 3670 3089 3759 quos‘cx‘scribi
3111 3727 3125 3751 ,
3155 3687 3290 3756 ipse,
3336 3686 3670 3755 Romamque
3702 3688 3772 3741 ad

500 3789 597 3829 nos
624 3774 764 3828 mitti
793 3776 1017 3830 curavit.
1061 3775 1166 3830 Sed
1191 3777 1382 3831 horum
1409 3778 1627 3847 quidem
1654 3795 1986 3849 sermonum,
2017 3798 2140 3838 cum
2170 3783 2362 3839 redditi
2405 3779 2583 3855 [xxx]
2617 3780 2770 3835 nobis
2797 3779 3023 3833 fuissent
3062 3777 3319 3846 quinque,
3353 3777 3451 3829 hos
3474 3774 3681 3843 jamdiu
3713 3779 3767 3830 in

500 3866 671 3923 lucem
702 3864 866 3922 fuisse
912 3866 1153 3937 prolatos
1197 3868 1681 3940 deprehendimus;
1713 3881 1941 3929 caeteros
1964 3912 1979 3937 ,
2028 3865 2257 3943 quorum
2287 3883 2371 3930 est
2400 3875 2549 3944 prior
2576 3882 2638 3926 de
2668 3869 2956 3925 Nativitate
2984 3867 3215 3933 Domini,
3245 3867 3383 3922 alter
3404 3882 3469 3921 ac
3495 3865 3684 3919 tertius
3710 3865 3772 3917 de

501 3954 763 4011 Laudibus
792 3956 955 4012 beata:
983 3956 1172 4012 Maria:
1213 3957 1462 4031 Virginis,
1493 3960 1639 4030 quod
1661 3961 1731 4015 ob
1756 3961 2056 4016 siccitatem
2093 3962 2555 4031 humilitatemqne
2579 3961 2844 4017 orationis
2885 3958 3085 4028 indigni
3113 3964 3331 4013 oratore
3378 3964 3527 4011 tanto
3567 3961 3768 4017 essent,

501 4048 790 4118 rejecimus
836 4048 889 4101 in
935 4048 1287 4119 appendicem
1336 4065 1562 4120 operum
1610 4049 1935 4120 spuriorum.
1978 4049 2152 4117 Atque
2181 4052 2295 4105 ham
2320 4049 2387 4104 de
2412 4050 2774 4133 poliietisibus
2803 4049 3076 4105 codicibus
3103 4048 3244 4103 dicta
3274 4054 3455 4110 sunto,
3487 4043 3553 4099 de
3580 4043 3776 4114 quibus

501 4156 661 4210 agere
686 4135 1144 4215 prattcruusissem
1171 4185 1186 4210 ,
1232 4146 1335 4201 nisi
1365 4146 1750 4201 monachorum
1778 4143 2151 4200 Casinensium
2180 4144 2233 4197 in
2265 4143 2402 4197 hanc
2440 4141 2732 4196 editionem
2761 4143 2949 4196 merita
2980 4141 3292 4210 praedicanti
3324 4139 3452 4194 mihi
3482 4138 3535 4192 in
3567 4152 3776 4193 memo-

501 4234 635 4289 riam
666 4234 968 4292 rediissent.

575 4344 728 4401 XXII.
773 4346 902 4405 Post
927 4350 1140 4405 codices
1167 4349 1489 4405 Casinenses
1518 4337 1756 4418 postulat
1783 4348 1941 4412 ratio,
1974 4358 2033 4401 ut
2062 4346 2298 4416 reliquos
2325 4359 2649 4413 memorem,
2676 4344 2767 4413 qui
2800 4344 2853 4397 in
2884 4340 3223 4397 bibliothecis
3252 4339 3588 4409 Neapolitani
3620 4342 3770 4412 regni

503 4447 800 4505 servantur,
852 4441 1113 4511 uobisque
1160 4439 1358 4509 aliquid
1407 4439 1526 4508 opis
1572 4446 1732 4509 atque
1760 4437 2051 4507 adjumenti
2077 4436 2145 4492 ad
2171 4437 2548 4494 collectionem
2578 4449 2804 4504 operum
2838 4431 3064 4486 Maximi
3090 4429 3458 4486 adornandata
3489 4430 3776 4500 perficien-

503 4530 733 4603 dantque
780 4531 1096 4589 attulerunt.
1156 4530 1400 4586 Olferunt
1443 4541 1622 4586 autem
1669 4546 1790 4585 sese
1841 4530 1995 4586 nobis
2041 4531 2222 4600 priore
2274 4532 2393 4588 loco
2440 4531 2477 4584 ii
2503 4544 2642 4599 quos
2670 4528 2723 4582 in
2753 4524 3075 4581 bibliotheca
3107 4521 3304 4576 Montis
3329 4520 3522 4577 Oliveti
3550 4523 3778 4593 Neapoli

504 4622 706 4690 reperit
726 4620 958 4690 Angelus
986 4621 1153 4675 Maria
1184 4619 1494 4684 Bandinius,
1525 4634 1687 4688 quem
1717 4635 1803 4673 me
1825 4634 1985 4689 supra
2015 4620 2321 4674 nominasse
2350 4617 2590 4674 memini.
2633 4615 2772 4672 Sunt
2799 4614 2874 4670 illi
2903 4611 3121 4683 quidem
3153 4626 3373 4666 numero
3407 4620 3513 4667 tres
3539 4652 3553 4677 ,
3582 4612 3776 4667 iidem-

505 4728 609 4781 que
637 4712 942 4766 homiliarii.
985 4711 1277 4766 Continent
1306 4711 1514 4781 aliquot
1542 4712 1817 4766 orationes
1845 4710 2078 4765 Maximo
2123 4712 2429 4766 attributas.
2481 4709 2681 4763 Harum
2709 4706 2964 4777 quinque,
2993 4703 3138 4772 quod
3163 4704 3375 4772 scriptm
3407 4704 3582 4758 minus
3609 4704 3777 4773 polite

506 4802 786 4869 minusque
813 4801 881 4855 ad
926 4799 1144 4855 Maximi
1174 4802 1369 4873 stylum
1422 4810 1560 4872 apta:
1599 4802 1703 4857 sint
1727 4842 1743 4868 ,
1793 4802 1845 4856 in
1894 4801 2122 4856 classem
2147 4800 2434 4871 rejecimus
2477 4800 2765 4854 nothorum
2791 4796 3191 4868 opusculorum.
3234 4794 3288 4849 In
3317 4806 3502 4850 eerum
3531 4794 3777 4850 codicum

507 4906 616 4946 uno
643 4888 690 4943 is
717 4896 895 4942 exstat
921 4903 1117 4955 sermo,
1143 4890 1298 4958 cujus
1317 4891 1424 4945 hoc
1444 4898 1527 4946 est
1554 4892 1761 4945 initium
1790 4910 1802 4943 :
1835 4891 1988 4961 Swpe
2014 4893 2309 4947 intimatum
2337 4900 2414 4946 est
2441 4889 2647 4944 auribus
2671 4890 2871 4954 vestris,
2897 4889 3107 4957 fratres,
3140 4893 3245 4939 etc.
3310 4883 3405 4939 Est
3433 4885 3574 4941 idem
3604 4885 3778 4941 codex

506 4985 955 5040 membranaceus
1000 4983 1218 5038 in-folio
1268 4985 1521 5049 maximo,
1573 4986 1888 5041 charactere
1932 4986 2178 5041 Romano
2223 4992 2512 5049 cxaratus,
2555 4982 2895 5053 pertinetque
2917 4981 2984 5035 ad
3017 4998 3067 5035 xl
3096 4979 3372 5035 sacculum.
3414 4980 3594 5045 Quare
3622 4978 3780 5046 hujus

510 5077 636 5131 item
665 5076 903 5131 subsidio
933 5073 1137 5129 ﬁrmius
1166 5073 1386 5128 Maximi
1415 5074 1555 5127 idem
1584 5090 1763 5129 sermo
1793 5090 1915 5130 csse
1942 5075 2322 5130 constituetur.
2364 5073 2504 5128 lluic
2532 5073 2708 5144 primo
2736 5072 2910 5127 codici
2941 5072 3229 5143 persimilis
3255 5078 3341 5126 est
3366 5070 3519 5124 alter.
3564 5068 3779 5124 Tertius

510 5176 592 5223 est
617 5168 933 5222 chartaceus
961 5167 1013 5220 in
1045 5166 1174 5222 folio
1204 5167 1420 5232 minori,
1448 5181 1570 5220 sate.
1606 5181 1694 5219 xiv
1723 5166 2012 5229 recentior,
2044 5165 2131 5220 cui
2159 5173 2244 5220 est
2269 5179 2451 5220 sermo
2478 5166 2569 5220 ille
2598 5165 2832 5219 insertus
2859 5182 2871 5216 :
2898 5163 2961 5217 de
2986 5163 3219 5217 Adventu
3248 5160 3478 5225 Domini,
3506 5159 3597 5229 qui
3626 5160 3781 5214 initio

510 5259 589 5314 sic
615 5257 778 5311 habet
804 5277 816 5310 :
853 5258 1092 5328 Propitia
1139 5257 1446 5322 Divinitate,
1498 5256 1698 5324 quique
1742 5255 1845 5309 etsi
1893 5256 1945 5309 in
1992 5255 2099 5311 hoc
2122 5254 2240 5325 ipso
2266 5256 2474 5322 codice,
2503 5256 2743 5321 Maximi,
2777 5256 2830 5311 in
2859 5256 2980 5311 aliis
3008 5263 3186 5309 tamen
3217 5253 3358 5308 haud
3386 5252 3589 5322 paucis,
3621 5252 3781 5308 editis

512 5349 827 5422 praesertim,
874 5347 1140 5402 Ambrosii
1187 5363 1385 5402 nomen
1429 5346 1663 5416 pnefert.
1707 5344 1822 5399 Utri
1867 5352 2046 5399 autem
2093 5345 2285 5401 horum
2327 5355 2638 5403 sanctorum
2694 5348 2995 5403 antistitum
3048 5345 3360 5401 tribuendus
3404 5344 3494 5405 sit,
3537 5344 3782 5412 judicent

514 5440 800 5511 sapientes.
862 5439 1119 5509 Equidem
1168 5454 1358 5495 vereor
1387 5453 1453 5493 ne
1482 5453 1702 5507 prorsus
1729 5437 1923 5491 neutri.
1965 5434 2070 5490 Sed
2126 5450 2196 5493 ne
2242 5437 2371 5508 quid
2401 5438 2577 5507 egisse
2605 5446 2806 5494 temere
2834 5438 3063 5504 viderer,
3090 5437 3143 5492 in
3183 5435 3380 5511 seriem
3403 5434 3577 5504 ipsum
3627 5432 3782 5488 intuli

515 5542 738 5605 operum
758 5531 973 5587 Maximi
1000 5531 1301 5587 dubiorum.

585 5648 805 5720 Neapoli
827 5646 1046 5707 perinde
1076 5646 1129 5699 in
1159 5642 1663 5712 Augustinianorum
1691 5640 1873 5695 Sancti
1896 5638 2118 5696 Joannis
2146 5639 2213 5696 de
2242 5640 2569 5698 Carbonaria
2603 5642 2791 5708 insigni
2817 5641 3139 5696 bibliotheca
3169 5637 3409 5694 codicem
3438 5637 3779 5693 membrana-

594 5764 670 5825 (α)
711 5766 858 5822 Tom.
893 5763 956 5818 III
988 5760 1290 5820 Antiauitat.
1323 5755 1476 5811 medii
1506 5758 1618 5823 teri,
1653 5753 1927 5825 pag..8l9.
