4050 6356
303 291 381 350 15'5
1757 277 2136 336 PIL-EFA'I‘IO.
3493 261 3559 320 31

292 412 446 453 ccum
479 397 687 452 in-folio
716 397 892 454 medio
921 397 1031 451 fere
1079 395 1274 449 sauculo
1303 393 1462 448 tertio
1493 407 1557 446 ac
1605 391 1814 447 decimo
1862 395 2120 464 scriptunt
2152 388 2442 444 Bandinius
2468 386 2606 442 idem
2636 388 2782 458 legit,
2815 388 3100 460 pluresque
3120 385 3174 444 in
3196 402 3264 444 eo
3281 398 3566 444 SCI'IIIOIttlS

291 495 478 541 sancto
500 486 731 543 Maximo
751 485 943 542 ascribi
967 483 1365 546 animadvertit,
1389 496 1526 550 qttos
1554 481 1726 536 sancti
1756 482 1997 550 ejusdem
2020 480 2281 550 genuinos
2310 494 2428 536 esse
2456 477 2612 539 fetus,
2645 478 2872 533 aliormn
2901 479 3062 532 etiam
3109 491 3301 546 magno
3331 488 3565 533 numero

292 575 536 632 codicum
563 579 880 649 comprobat
907 575 1174 646 efﬁcitque
1205 573 1514 629 consensio.
1547 570 1708 625 Multa
1730 588 1892 642 porro
1921 573 2003 627 vir
2029 571 2356 634 clarissimus
2377 569 2500 622 inde
2521 569 2732 635 extulit,
2753 583 2872 637 qua:
2899 568 3114 638 quidem
3145 577 3203 623 ut
3250 583 3347 621 nos
3371 566 3438 620 ad
3486 565 3568 620 in-

292 666 530 723 stitutam
549 669 836 726 editionem
859 667 1225 724 illustrandam
1242 665 1499 734 juvarint,
1521 678 1588 717 ex
1609 662 2060 718 admonitionibus
2080 663 2275 730 cuique
2295 659 2526 716 homili:e
2547 661 2888 728 sermonique
2907 659 3140 730 praeﬁxis
3163 657 3388 726 intelligi
3403 659 3565 729 plane

298 759 517 830 poterit.
553 759 686 814 lllud
719 760 923 815 interea
949 759 1094 824 sciri,
1126 755 1436 824 attendinte
1465 755 1622 809 velim
1649 772 1661 806 :
1695 736 1999 809 sermonem
2026 755 2078 809 in
2107 769 2175 809 eo
2203 753 2388 808 codice
2416 753 2480 805 de
2533 747 2786 821 Operibus
2832 751 3201 806 misericordite
3229 751 3562 821 inscriptum,

297 855 459 916 atque
489 847 640 903 initio
686 848 763 904 sic
807 847 1096 902 habentem
1123 863 1138 898 :
1170 842 1368 907 Videte,
1402 845 1612 912 fratres,
1636 858 1792 914 quare
1819 843 2114 898 clmriuimi
2136 842 2389 906 dicimini,
2421 849 2552 906 etc.,
2579 839 2773 902 eximi,
2804 855 2889 894 me
2912 837 3113 908 judice,
3138 842 3476 912 expnugique
3499 855 3568 895 ex

295 939 424 994 albo
439 938 884 999 Maximianorum
897 953 1121 1008 operum
1142 944 1412 1007 oportere.
1439 935 1614 1003 Atque
1633 935 1867 1004 expunxi
1888 934 2156 1004 equidem,
2170 946 2399 1000 eumque
2424 932 2475 985 in
2503 929 2849 1000 appendicem
2861 929 3164 1000 spuriorum
3178 931 3390 984 immitti
3407 930 3566 999 jussi.

295 1045 417 1086 cum
429 1030 598 1084 multo
610 1033 786 1088 minus
797 1029 1048 1099 graviter,
1065 1027 1340 1096 eleganter
1359 1027 1682 1096 proprieque
1697 1025 2048 1096 perscriptum
2063 1039 2361 1089 cernerem,
2376 1038 2536 1093 quam
2560 1021 2698 1077 ferre
2717 1020 2799 1074 Ma
2808 1022 2932 1076 ximi
2946 1022 3120 1076 oratio
3134 1037 3289 1092 posse
3301 1019 3562 1075 videatur.

365 1149 537 1224 [xxxi]
564 1141 750 1202 xxm.
785 1147 864 1202 Ad
894 1147 1126 1202 Venetos
1157 1143 1373 1200 codices
1413 1142 1593 1197 venio.
1628 1139 1819 1194 Mirum
1843 1153 2006 1208 quam
2035 1138 2091 1192 hi
2119 1136 2445 1192 contulerint
2471 1135 2538 1190 ad
2567 1135 2940 1190 collectionem
2985 1133 3126 1188 hanc
3171 1142 3407 1192 nostram
3445 1133 3568 1224 redf

299 1223 522 1292 deinlam
555 1253 660 1290 non
690 1235 1108 1290 emendatiorem
1137 1233 1319 1297 modo,
1348 1232 1442 1286 sed
1485 1231 1648 1288 etiam
1695 1229 2009 1284 auctiorem.
2058 1226 2412 1283 Serenissima
2459 1227 2657 1296 quippe
2695 1226 2995 1296 respublica
3049 1225 3372 1280 Venetorum
3411 1223 3568 1278 simul

300 1343 461 1402 atque
488 1333 715 1402 accepit,
747 1347 866 1388 esse
899 1327 994 1386 Pio
1020 1338 1174 1385 sexto
1203 1329 1342 1398 patri
1371 1334 1582 1398 patrum
1609 1325 1957 1380 vehementer
1984 1339 2146 1389 curm,
2177 1331 2236 1378 ut
2263 1338 2420 1386 nova,
2445 1337 2636 1392 eaque,
2666 1329 2924 1390 quantum
2955 1329 3154 1391 posset,
3184 1320 3296 1374 suis
3322 1319 3570 1374 omnibus

302 1425 544 1495 partibus
571 1439 636 1478 ac
663 1423 899 1478 numeris
925 1428 1199 1486 constans,
1229 1417 1570 1490 perfectoque
1597 1416 1842 1472 absoluta
1871 1417 2041 1471 sancti
2087 1413 2303 1470 Maximi
2346 1411 2692 1467 Taurinensis
2737 1411 2972 1480 episcopi
3019 1423 3242 1480 operum
3291 1417 3570 1476 pararetur

305 1513 504 1579 editio;
533 1514 958 1568 demonstratum
985 1526 1248 1567 summam
1275 1525 1425 1565 suam
1453 1522 1580 1578 erga
1608 1515 1814 1562 tantum
1838 1504 2145 1576 pontificem
2174 1503 2527 1566 voluntatem,
2559 1501 2895 1557 bibliotheca:
2923 1499 3102 1554 Sancti
3135 1500 3294 1553 Marci
3317 1499 3569 1568 praefecto

307 1605 358 1660 id
385 1605 580 1674 negotii
607 1605 771 1668 dedit,
800 1613 858 1658 ut
886 1603 1122 1658 laborem
1151 1614 1476 1672 operamque
1523 1612 1739 1654 omnem
1785 1597 1838 1651 in
1881 1593 2226 1664 exquirendis
2260 1591 2431 1648 sancti
2478 1591 2619 1646 illius
2663 1590 2904 1662 pnesulis
2945 1589 3197 1651 hotniliis,
3236 1589 3572 1643 sermonibus

305 1696 625 1765 reliquisque
653 1694 922 1765 opusculis
946 1702 1204 1764 poneret;
1233 1707 1296 1746 ac
1325 1692 1370 1746 si
1397 1689 1762 1760 quid‘horum
1804 1685 2096 1756 quterendo
2133 1683 2482 1754 comperisset
2507 1689 2602 1737 aut
2630 1680 2864 1736 nondum
2889 1679 3179 1747 vulgatmn,
3209 1688 3300 1734 aut
3341 1688 3570 1733 annota-

301 1786 448 1840 tione
475 1784 712 1852 dignum,
741 1785 793 1838 id
818 1791 1067 1840 accurate
1094 1783 1445 1844 describeret,
1473 1788 1528 1835 et
1557 1778 1622 1836 ad
1649 1794 1810 1848 quem
1840 1779 1953 1849 ipsa
1989 1777 2243 1847 jusserat,
2289 1775 2655 1842 magistratum
2691 1772 2944 1828 deferret.
2987 1771 3037 1826 ls
3073 1772 3372 1842 praefectus,
3406 1780 3463 1824 ut
3488 1779 3572 1825 est

299 1875 536 1930 eruditus
560 1874 869 1944 cumprimis
896 1889 960 1929 ac
985 1873 1229 1941 diligens,
1258 1888 1379 1928 cum
1410 1870 1542 1924 nihil
1571 1867 2002 1939 pnetermisisset
2039 1867 2346 1934 vigilantizr,
2382 1864 2670 1926 industrize,
2711 1862 2890 1929 studii,
2933 1879 3041 1932 quo
3071 1863 3394 1933 prtecipieui
3425 1862 3571 1932 prin-

297 1962 402 2031 cipi
428 1961 848 2016 cumulatissime
875 1960 1231 2024 satisfaceret,
1277 1967 1422 2013 tanta
1451 1966 1534 2013 est
1564 1971 1688 2012 usus
1716 1955 1988 2020 felicitate,
2019 1963 2077 2010 ut
2113 1970 2390 2009 sermones
2432 1954 2694 2008 invenerit
2731 1970 2838 2008 non
2886 1953 3060 2010 adhuc
3101 1954 3400 2024 publicatos
3429 1966 3568 2016 tres;

301 2051 555 2122 pluraque
585 2053 635 2106 in
665 2035 940 2107 codicibus
968 2049 1424 2112 animadverterit,
1457 2063 1576 2118 qum
1613 2048 1872 2112 studiose,
1899 2045 2194 2116 ordineque
2232 2045 2424 2100 litteris
2467 2043 2742 2106 mandata,
2792 2045 3123 2114 magistratui
3155 2044 3388 2111 tradidit,
3417 2045 3573 2113 cujus

299 2138 442 2209 jussu
463 2139 648 2194 eadem
676 2141 858 2195 omnia
886 2141 938 2194 in
967 2141 1180 2194 thecam
1209 2138 1352 2192 illata
1382 2139 1681 2207 elegantem
1710 2152 1860 2199 sane,
1893 2145 2244 2204 ornatamque
2292 2135 2586 2204 insignibus
2614 2135 2923 2206 pontificiis,
2966 2137 3192 2194 Romam
3217 2136 3284 2191 ad
3318 2136 3572 2190 eximium

301 2229 570 2286 lulianum
598 2231 905 2301 reipublicze
936 2214 1152 2286 Vonone
1180 2231 1321 2300 apud
1351 2231 1702 2299 apostolicam
1729 2229 1910 2282 sedem
1952 2228 2183 2296 legatum
2225 2228 2384 2284 missa
2415 2227 2649 2293 fuerunt,
2679 2231 2749 2283 ab
2785 2243 2962 2298 eoque
2987 2228 3168 2282 oblata
3195 2225 3456 2297 pontilici,
3481 2225 3572 2295 qui

303 2321 492 2373 eadem
521 2322 732 2390 accepit
753 2321 911 2374 editis
941 2321 1212 2389 praeclaris
1239 2319 1448 2374 indiciis
1469 2319 1780 2388 magnisque
1814 2317 2292 2385 significationibus
2316 2317 2454 2385 grati
2480 2318 2666 2382 animi,
2695 2319 2882 2388 suique
2912 2318 2964 2372 in
2994 2319 3162 2386 ipsam
3193 2315 3573 2384 rempublicam

305 2409 508 2463 amoris
535 2425 598 2464 ac
627 2411 862 2481 pietatis.
896 2409 1050 2465 l’rior
1093 2420 1273 2464 autem
1314 2411 1523 2464 illorum
1565 2390 1875 2464 sermonum
1920 2409 2076 2463 trium
2118 2423 2187 2462 ex
2233 2409 2418 2464 codice
2465 2410 2632 2464 veteri
2676 2425 2778 2464 ms.
2829 2410 3162 2464 bibliotheca:
3197 2407 3378 2463 Sancti
3413 2406 3574 2463 Marci

303 2499 604 2568 exscriptus
635 2500 676 2555 is
705 2510 805 2566 est,
835 2502 986 2571 cujus
1014 2501 1116 2555 hoc
1146 2510 1228 2554 est
1257 2501 1464 2554 initium
1499 2519 1510 2552 :
1542 2500 1675 2553 Ante
1700 2513 1895 2570 paucos
1925 2498 2054 2562 dies,
2075 2499 2274 2568 quique
2302 2507 2476 2554 exstat
2497 2501 2658 2555 etiam
2681 2501 2733 2556 in
2756 2500 2939 2556 codice
2968 2500 3300 2554 bibliothece
3329 2497 3576 2552 Medicae

300 2586 676 2643 Laurentinum
708 2591 994 2659 inscriptus
1041 2590 1255 2643 Maximi
1306 2589 1540 2651 nomine,
1583 2597 1641 2642 ut
1679 2605 1744 2642 ex
1795 2587 1967 2642 indice
1997 2587 2350 2652 Bandiniano,
2383 2597 2512 2642 tom.
2545 2587 2586 2653 l,
2615 2603 2736 2658 pag.
2769 2588 2856 2651 8|,
2885 2588 3068 2656 liquet.
3115 2587 3187 2640 De.
3226 2586 3442 2656 reliquis
3468 2585 3578 2640 alio

299 2671 440 2736 loco,
475 2677 770 2744 pnesertim
813 2684 990 2729 autem
1037 2676 1088 2729 in
1119 2676 1574 2730 admonitionilms
1602 2675 1822 2745 copiose
1849 2673 2042 2728 dicam.
2076 2671 2278 2728 Praeter
2318 2690 2595 2730 sermones
2625 2674 2904 2745 praefectus
2942 2675 3080 2730 idem
3125 2675 3368 2729 homilias
3401 2673 3576 2728 attulit

299 2763 456 2828 duas,
478 2781 602 2834 qua:
631 2765 732 2818 etsi
760 2765 915 2818 edite
946 2763 1157 2830 fuerint,
1191 2765 1433 2819 codicum
1465 2774 1640 2820 tamen
1675 2765 2000 2819 Venetorum
2031 2767 2384 2820 consensione
2413 2764 2486 2828 lit,
2520 2774 2578 2820 ut
2607 2766 2771 2825 tutius
2798 2766 3030 2821 Makimo
3055 2767 3431 2821 attribuantur.
3476 2765 3578 2830 l'n-g

207 2855 216 2864 ’
297 2855 495 2908 riantes
525 2855 766 2909 lectiones
796 2855 878 2914 vir
903 2847 1230 2910 clarissimus
1251 2855 1473 2919 addidit,
1497 2872 1629 2926 quas
1651 2855 1762 2909 suis
1793 2855 1923 2910 locis
1951 2867 2255 2926 Opportune
2285 2858 2520 2912 inserere
2549 2875 2655 2913 non
2685 2860 3112 2927 prietermittam.
3138 2857 3416 2914 Postremo
3437 2859 3579 2914 idem

237 2953 244 2959 ‘
298 2961 403 3000 nos
431 2947 690 3000 certiores
720 2945 862 3010 fecit,
896 2946 1109 3000 codices
1149 2962 1269 3000 esse
1313 2947 1485 3000 solum
1529 2946 1665 3000 duos
1699 2945 1752 3000 in
1786 2945 1986 3000 Veneta
2036 2946 2218 3000 Sancti
2265 2945 2427 3002 Marci
2475 2946 2816 3014 bibliotheca,
2848 2950 2938 3018 qui
2967 2963 3244 3003 sermones
3271 2951 3579 3003 contineant

295 3035 552 3102 Maximi;
585 3037 774 3091 hormn
813 3051 933 3092 esse
962 3037 1187 3090 alterum
1233 3037 1719 3102 membranaceum,
1755 3044 1996 3090 notatum
2042 3053 2266 3091 tuunero
2303 3039 2405 3091 155
2451 3047 2805 3110 spectarcque
2833 3040 2900 3094 ad
2929 3057 2980 3096 ιι
3014 3039 3263 3096 Ecclesia:
3290 3039 3578 3104 s.eculuut;

295 3128 445 3183 hunc
471 3130 696 3199 primam
726 3143 846 3184 esse
875 3138 1081 3200 partem
1111 3129 1396 3184 homiliarii
1421 3129 1688 3183 distributi
1721 3129 1773 3182 iu
1805 3128 2038 3197 iugentia
2091 3130 2358 3184 volumina
2408 3130 2814 3187 tnembranacca
2861 3132 2968 3186 duo
3015 3130 3245 3197 in-folio,
3285 3146 3403 3200 qua:
3445 3130 3580 3200 juris

293 3215 432 3277 olim
465 3220 672 3274 fuerant
699 3221 986 3276 cardinalis
1018 3221 1366 3287 Bcssarionis,
1416 3229 1643 3291 postque
1686 3219 1834 3275 fuere
1881 3220 1947 3276 ab
1995 3223 2184 3278 eodem
2227 3222 2480 3278 cardinali
2517 3224 2682 3289 dono,
2713 3239 2832 3279 cum
2881 3224 3000 3279 aliis
3047 3225 3213 3294 ipsius
3260 3224 3428 3286 libris,
3454 3223 3580 3277 data

295 3314 610 3384 reipublicze
639 3313 992 3380 Venetorum;
1025 3331 1142 3369 esse
1165 3313 1404 3368 codicem
1430 3313 1675 3368 eumdem
1701 3314 1832 3368 satis
1861 3315 2142 3370 emendate
2167 3315 2454 3386 scriptum;
2486 3315 2711 3369 alterum
2738 3314 2980 3370 codicem
3009 3323 3216 3385 partem
3244 3330 3365 3370 esse
3391 3329 3581 3368 secun-

294 3403 427 3457 dam
471 3403 577 3456 alte
609 3402 692 3458 ius
731 3403 1017 3458 homiliarii
1051 3403 1192 3469 libri,
1219 3403 1330 3473 qui,
1372 3419 1492 3458 cum
1523 3414 1768 3474 repertus
1799 3405 1848 3458 in
1874 3404 1988 3458 :ede
2016 3403 2198 3460 Sancti
2230 3403 2393 3460 Marci
2431 3403 2590 3459 fuerit
2620 3404 2890 3458 immixtus
2934 3404 3174 3474 pauculis
3202 3405 3580 3472 voluminibus,

294 3510 422 3564 qum
452 3491 741 3550 Petrarcha
769 3495 819 3549 ci
844 3495 1086 3550 .ecclesim
1115 3493 1362 3560 donarat,
1396 3494 1679 3549 translatus
1724 3495 1822 3549 fuit
1865 3495 1916 3549 in
1963 3494 2361 3557 bibliothecam,
2404 3494 2750 3562 signatusque
2781 3507 2925 3546 num.
2961 3491 3097 3558 508;
3129 3507 3248 3548 esse
3273 3492 3416 3547 hunc
3447 3491 3571 3547 item

293 3581 773 3637 membranaccum
803 3582 1226 3639 in-foliosmculo
1251 3600 1323 3638 ιιι
1350 3592 1649 3645 exaratum,
1683 3584 1783 3638 etsi
1825 3599 1932 3637 non
1973 3592 2083 3636 tam
2117 3583 2397 3651 castigate,
2431 3599 2592 3653 quam
2635 3583 2752 3637 libri
2781 3583 3072 3652 postulant,
3103 3583 3196 3654 qui
3236 3583 3340 3652 legi
3369 3585 3582 3654 publico
3670 3609 3680 3621 -

294 3671 350 3724 in
383 3669 614 3725 ecclesia
645 3671 836 3744 [xxxnj
864 3672 1116 3728 solerent.
1145 3673 1221 3727 Ac
1241 3673 1308 3727 de
1327 3671 1546 3727 Venetis
1573 3673 1789 3742 quidem
1821 3673 2155 3727 bibliotheca:
2183 3672 2366 3726 Sancti
2396 3671 2558 3727 Marci
2587 3673 2861 3728 codicibus
2888 3672 3002 3728 bzec
3024 3674 3208 3744 paucis
3235 3674 3375 3730 dicta
3398 3684 3577 3730 sunto.

390 3760 599 3826 Restat,
633 3771 688 3815 ut
716 3761 784 3816 de
811 3759 1068 3818 Patavino
1109 3763 1444 3818 bibliotheca:
1473 3762 1857 3816 canonicormn
1881 3763 2121 3817 nonnihil
2151 3777 2462 3818 memorem.
2496 3761 2654 3818 Estis
2674 3763 2842 3818 codex
2872 3779 2936 3818 xv
2965 3765 3163 3820 steéuli.
3196 3765 3482 3836 Descripsit
3511 3783 3577 3823 ex

297 3869 371 3906 eo
405 3851 738 3906 clarissimus
767 3851 907 3906 idem
935 3852 1153 3906 Veneta:
1181 3849 1365 3907 Sancti
1396 3851 1557 3906 Marci
1585 3851 1924 3928 bibliotheca:
1971 3850 2252 3922 pra-fectus
2291 3867 2569 3907 sermones
2608 3853 2759 3917 duos,
2797 3867 3025 3922 quorum
3069 3853 3206 3908 alter
3234 3854 3420 3924 incipit
3453 3874 3464 3908 :
3497 3856 3580 3909 Ad

293 3943 655 3998 exhibendum
689 3953 870 3997 vestra:
897 3945 1104 3997 raritati
1133 3960 1436 4007 sermonem,
1481 3951 1610 4010 etc.,
1653 3958 1952 4015 magnaque
1998 3962 2121 4016 pars
2169 3943 2397 4000 refertur
2438 3943 2489 3999 in
2519 3941 2696 4000 oﬂicio
2724 3945 2995 4000 communi
3031 3954 3322 4018 martyrum
3354 3943 3581 4004 Romani

299 4031 591 4099 Breviarii,
621 4032 750 4087 editi
780 4049 869 4088 an.
903 4034 1039 4088 H78
1071 4033 1305 4090 Venetiis
1332 4050 1363 4089 a
1391 4033 1664 4092 Jcnsonio.
1697 4036 1931 4092 Alterius
1959 4046 2136 4092 autem
2165 4035 2430 4091 sermonis
2453 4036 2554 4091 hoc
2583 4045 2665 4092 est
2692 4036 2900 4091 initium
2929 4053 2942 4090 :
2978 4035 3131 4091 Recte
3149 4047 3299 4110 atque
3323 4055 3387 4092 ex
3413 4038 3582 4098 debito

294 4120 561 4175 Ecclesia:
589 4120 847 4176 beatorum
875 4132 1155 4193 martyrum
1186 4123 1444 4178 celebrant
1464 4125 1710 4198 insignia.
1742 4125 2052 4196 Cujusmodi
2084 4136 2260 4180 autem
2291 4125 2343 4180 hi
2367 4141 2659 4190 sermones,
2685 4127 2974 4197 quantique
2997 4127 3224 4184 habendi
3251 4129 3374 4195 sint,
3401 4139 3581 4190 esten:

245 4265 260 4274 ,
288 4216 426 4269 dam
460 4213 514 4267 in
545 4213 1018 4280 admonitionibus,
1039 4215 1163 4270 dum
1186 4223 1396 4286 tempus
1424 4220 1669 4289 ratioque
1698 4221 1984 4276 monuerit.

365 4325 531 4395 Quod
561 4325 626 4381 ad
657 4325 959 4384 Brixienses
987 4343 1049 4383 ac
1079 4327 1417 4384 Veronenses
1453 4330 1667 4386 codices
1703 4331 1916 4396 attinet,
1945 4331 2048 4387 hoc
2091 4331 2251 4386 breve
2278 4331 2450 4387 dicam
2478 4349 2490 4384 :
2523 4347 2552 4385 a
2581 4329 2789 4386 Joanne
2819 4331 3026 4388 Nannio
3055 4332 3428 4402 Brixiensium,
3457 4347 3512 4393 et
3548 4355 3578 4394 a

285 4417 512 4474 Joanne
552 4417 840 4472 Morosinio
867 4417 1276 4485 Veronensium,
1307 4419 1564 4474 doctrina:
1603 4420 2025 4491 eruditionisque
2069 4420 2224 4476 laude
2265 4420 2716 4490 [instantissimis
2753 4420 3303 4476 antistitibus‘curam
3341 4440 3580 4492 omnem,

245 4535 256 4548 -
285 4507 658 4579 diligentiam,
690 4523 908 4577 operam
941 4507 1103 4563 fuisse
1132 4517 1402 4574 navatam,
1431 4519 1488 4562 ut
1515 4508 1771 4579 quidquid
1799 4509 1851 4564 in
1880 4510 2156 4564 codicibus
2186 4524 2312 4565 mss.
2345 4525 2562 4564 suarum
2595 4509 2944 4564 ecclesiarum
2977 4518 3154 4564 exstat
3179 4510 3246 4564 ad
3285 4511 3576 4571 Maximum

287 4601 602 4672 pertinens,
629 4599 696 4652 ad
727 4615 824 4655 nos
851 4598 1196 4670 perferretur,
1229 4615 1337 4654 non
1365 4599 1526 4656 modo
1549 4609 1605 4654 ut
1632 4609 1841 4669 gratum
1873 4599 1970 4655 Pio
1996 4599 2162 4655 Sexto
2189 4599 2429 4670 pontiﬁci
2451 4598 2710 4663 facerent,
2741 4613 2925 4653 verum
2954 4599 3118 4654 etiam
3147 4609 3204 4654 ut
3229 4601 3373 4670 quod
3404 4603 3576 4660 enite-

287 4701 490 4750 rentur
518 4707 586 4746 ac
615 4691 939 4758 laborarent,
971 4693 1038 4748 ad
1061 4688 1284 4762 gloriam
1311 4694 1481 4750 sancti
1511 4696 1753 4765 praesulis
1789 4704 2076 4751 verterent.
2119 4696 2358 4750 Nannius
2405 4709 2683 4750 semiones
2721 4695 2926 4766 aliquot
2961 4702 3122 4765 atque
3159 4695 3432 4763 homilias,
3481 4715 3577 4754 vat.

200 4859 204 4864 .
285 4788 618 4852 riantesque
646 4782 905 4839 lectiones
931 4785 1146 4854 optima:
1175 4794 1314 4841 nota:
1343 4786 1506 4850 misit,
1539 4785 1606 4841 de
1633 4787 1826 4857 quibus
1851 4788 1962 4842 suis
2007 4787 2060 4840 in
2108 4786 2258 4850 locis,
2289 4787 2417 4842 dum
2445 4787 2583 4841 ratio
2619 4787 2815 4856 exiget,
2845 4787 3122 4844 disseram.
3164 4787 3483 4846 Morosinius
3510 4809 3575 4847 ex

285 4873 672 4933 vetustissimo
699 4874 781 4928 sui
809 4876 1026 4946 capituli
1055 4875 1242 4930 codice
1269 4877 1478 4944 signato
1509 4892 1654 4930 num.
1684 4877 1754 4928 ω
1792 4883 1852 4928 ιιι
1889 4874 2320 4932 describerentur
2345 4875 2616 4932 Lectiones
2642 4893 2738 4934 seu
2765 4877 3126 4950 Expositione
3157 4879 3574 4954 Evangeliorum,

287 4976 466 5039 utque
490 4965 657 5020 nobis
687 4965 1052 5031 redderentur,
1071 4966 1248 5036 jussit.
1281 4966 1357 5022 Ac
1403 4966 1533 5020 mihi
1577 4965 1790 5036 quidem
1823 4966 1932 5020 veri
1961 4981 2216 5037 perquam
2245 4983 2364 5024 esse
2390 4968 2564 5024 simile
2596 4969 2824 5036 videtur,
2856 4969 2998 5026 hunc
3042 4971 3232 5028 librum
3275 4973 3420 5028 illum
3458 4991 3576 5030 esse

287 5035 523 5115 Maximi
553 5055 650 5126 qui
677 5057 740 5110 de
767 5057 1016 5130 Capitulis
1045 5035 1443 5130 Evangeliorum
1482 5035 1766 5128 inscriptus
1793 5066 1927 5124 erat,
1957 5035 2048 5129 qui
2077 5035 2107 5114 a
2136 5060 2434 5128 Gennadio,
2465 5062 2533 5117 ah
2561 5062 2801 5119 Honorio
2827 5062 3292 5132 Augustodunensi
3315 5074 3370 5120 et
3393 5082 3423 5120 a
3455 5067 3574 5122 Tri-
3655 5129 3666 5134 _
3749 5035 3754 5043 ’

289 5153 505 5211 themio
533 5157 888 5214 memoratur,
917 5151 1116 5221 quique
1151 5151 1355 5220 jamdiu
1399 5167 1518 5206 cum
1569 5166 1668 5206 nos
1715 5151 1947 5216 latuerit,
1995 5153 2402 5210 existiinabatur
2447 5153 2684 5209 funditus
2719 5155 2960 5224 periisse.
2991 5154 3070 5212 Ει
3098 5157 3286 5214 eodem
3319 5169 3576 5227 praeterea

289 5245 486 5304 codice
517 5240 847 5296 Morosinius
875 5245 1105 5298 exscribi
1133 5243 1301 5298 voluit
1328 5251 1587 5300 tractatus
1623 5243 1779 5308 duos,
1808 5244 1900 5314 qui
1928 5243 2028 5299 etsi
2061 5246 2314 5316 anonymi
2354 5247 2484 5311 sint,
2520 5261 2628 5301 non
2673 5245 2870 5315 indigni
2913 5255 3089 5302 tamen
3119 5247 3300 5306 haberi
3329 5262 3574 5319 possunt.

287 5339 389 5409 qui
409 5326 616 5392 sancto
641 5333 739 5404 ipsi
767 5332 1000 5390 Maximo
1027 5335 1389 5401 ascribantur;
1414 5342 1576 5404 atque
1604 5342 1664 5390 ut
1698 5349 1794 5392 eos
1831 5344 2020 5394 sancto
2047 5336 2222 5391 eidem
2250 5337 2366 5392 viro
2394 5338 2717 5394 ascriberem
2759 5350 2950 5406 graves
2977 5353 3063 5394 me
3089 5355 3265 5398 causa:
3292 5357 3576 5410 permove-

288 5442 444 5488 runt.
491 5433 702 5487 Verum
733 5427 800 5484 de
843 5429 927 5494 his
955 5426 1104 5481 alias.
1137 5427 1252 5483 lloc
1279 5442 1474 5485 moneo
1505 5445 1519 5483 :
1550 5429 1932 5500 opusculorum
1967 5427 2228 5498 ejusmodi
2271 5428 2508 5484 nondum
2549 5430 2814 5486 editorum
2845 5431 3173 5492 accessione.
3203 5432 3575 5489 collectionem

291 5523 444 5583 hanc
465 5531 726 5580 nostram
746 5521 914 5577 multo
943 5520 1151 5574 caeteris
1178 5519 1579 5591 locupletiorem
1606 5520 2139 5594 priestantioremque
2167 5519 2419 5576 futuram.

366 5617 571 5676 Χιιγ.
599 5614 717 5670 Jam
739 5632 868 5672 vero
895 5615 994 5671 etsi
1023 5615 1154 5669 satis
1182 5612 1355 5677 ﬁrmo,
1379 5630 1486 5670 non
1514 5631 1621 5671 uno
1652 5623 1830 5670 tamen
1857 5615 2097 5669 contenti
2127 5613 2318 5668 fuimus
2339 5612 2586 5684 prteSidio
2607 5613 2848 5668 codicum
2876 5612 3201 5668 Italicorum.
3231 5610 3578 5672 Germanicos

295 5715 470 5777 etiam
495 5710 754 5770 duximus
780 5709 982 5765 consuli
1014 5715 1172 5781 atque
1200 5707 1429 5762 conferri
1459 5714 1730 5778 oportere.
1760 5705 1944 5778 Itaque
1973 5721 2002 5764 ιι
2034 5702 2127 5758 Pin
2156 5704 2320 5757 Sexto
2351 5702 2602 5778 pontifice
2645 5701 2879 5762 maximo
2921 5694 3176 5770 scriptum
3205 5698 3440 5771 Jusepho
3467 5702 3575 5762 Ga-
