4050 6356
477 297 549 352 55
1171 371 1176 380 _
1933 289 2307 366 puerulo.
3672 286 3777 352 se

477 405 703 476 rampio,
733 421 938 464 summa
967 407 1271 467 eruditione
1297 417 1353 466 et
1381 410 1515 465 mira
1545 417 1711 464 totius
1738 409 2073 479 antiquitatis
2101 406 2581 479 eomprchensiOnc
2611 404 2916 470 excellenti,
2949 403 3204 477 episcopo
3232 398 3428 487 Montis
3454 403 3667 474 Falisci,
3693 411 3776 464 et

473 496 615 568 apud
643 495 1110 556 Vindoboneusem
1139 501 1440 557 Caesaream
1467 503 1644 556 aulam
1667 501 1978 572 apostolicae
2006 499 2151 556 sedis
2180 500 2376 569 legato,
2400 497 2691 566 datumque
2718 497 2770 551 in
2799 495 3066 550 mandatis
3097 495 3302 562 fuit,nt
3329 511 3448 550 eam
3475 495 3578 551 sibi
3598 509 3777 564 spar-

472 596 582 642 tam
623 587 918 644 ornandam
944 593 1260 663 susciperet.
1287 587 1336 647 Is
1364 591 1590 662 principi
1619 598 1770 646 tanto
1797 591 2000 661 optime
2027 589 2096 644 de
2120 604 2190 648 se
2209 589 2404 644 merito
2441 587 2930 656 obtemperaturus,
2971 585 3167 640 evolvit
3196 585 3312 654 ipse
3342 598 3440 653 per
3465 597 3525 639 se
3551 583 3763 640 biblio-

469 680 642 736 theca:
680 680 934 751 Augusta!
956 683 1354 753 tnannseriptos
1379 683 1622 749 codices;
1650 695 1884 752 cumque
1916 682 2125 737 nullum
2170 679 2464 751 repetisset
2488 679 2584 748 qui
2623 677 2931 732 Maximiani
2957 676 3247 746 quidquam
3279 675 3764 746 complecteretur,

469 771 539 824 ad
567 773 860 828 monachos
900 773 1106 828 ordinis
1142 773 1326 829 Sancti
1366 771 1640 830 Benedicti
1681 789 1806 830 sese
1839 773 2126 837 convertit,
2175 771 2542 843 praeuleaque
2583 769 3032 828 monasteriorum
3074 767 3502 838 Ratispoueusis,
3545 765 3774 822 ϐουσὶ-

468 862 663 928 eensis,
695 863 1090 931 Lambacensis,
1121 865 1414 935 Augimque
1455 865 1636 922 divitis
1661 863 1870 939 [xxxiii]
1919 863 2180 934 majorem
2207 864 2260 918 in
2289 861 2506 918 modum
2535 862 2781 917 hortatus
2799 868 2884 917 est
2909 868 3071 930 atque
3097 859 3370 924 excitavit,
3399 867 3460 914 ut
3485 860 3540 914 in
3569 865 3764 914 vetera
3821 849 3831 857 ’

469 969 598 1009 mss.
622 955 895 1011 volumina
917 957 1209 1034 insignium
1239 972 1456 1012 suarum
1473 957 1920 1012 bibliothecarum
1939 953 2137 1023 inquiri
2161 951 2428 1021 juberent.
2463 950 2591 1022 Ejus
2612 951 3046 1007 exhortationum
3073 958 3224 1005 tanta
3247 949 3327 1005 vis
3343 949 3470 1012 fuit,
3489 957 3551 1004 ut
3575 949 3768 1005 exitus

470 1043 776 1112 nequiverit
795 1061 916 1100 esse
943 1045 1246 1102 secundior.
1279 1047 1412 1100 Nam
1438 1061 1652 1101 cursum
1676 1046 1743 1100 ad
1772 1043 1824 1101 id
1853 1061 1990 1116 opus
2015 1044 2260 1100 certatim
2283 1059 2315 1098 a
2343 1043 2621 1099 monachis
2649 1052 2724 1098 est
2761 1061 2774 1096 :
2799 1041 3027 1114 perfacti
3054 1042 3122 1097 ab
3151 1041 3336 1096 iisdem
3367 1041 3570 1096 indices
3596 1041 3760 1094 Iocu-

465 1131 751 1200 pletissimi
780 1133 1120 1189 homiliarum
1164 1151 1578 1204 sermonumque
1603 1128 1852 1202 Maximi;
1898 1135 2170 1190 variantes
2195 1148 2380 1204 eaeque
2407 1134 2682 1204 permagni
2721 1133 3016 1204 pendenda:
3053 1133 3312 1189 lectiones
3338 1131 3762 1202 diligentissime

468 1224 839 1294 transcriptae;
873 1225 1104 1282 indicata
1132 1225 1378 1282 codicum
1404 1237 1535 1282 tetas
1561 1236 1722 1296 atque
1750 1227 2080 1296 prmstantla,
2111 1225 2166 1280 in
2202 1225 2396 1295 quibus
2436 1225 2693 1296 opuscula
2734 1231 3025 1290 exstarent,
3058 1225 3125 1290 ad
3151 1239 3271 1294 quae
3302 1225 3474 1280 sancti
3513 1224 3763 1295 episcopi

475 1327 623 1375 esset
649 1321 936 1390 ascriptum
968 1336 1182 1376 nomen.
1215 1319 1291 1374 Ea
1325 1322 1498 1377 omnis
1541 1330 1622 1376 tot
1659 1322 1996 1392 egregiorum
2023 1327 2514 1384 monumentorum,
2547 1326 2658 1372 tam
2705 1313 2956 1384 frugifera
2993 1323 3210 1386 tamque
3252 1315 3526 1386 praeclara,
3559 1315 3622 1370 ad
3649 1327 3762 1371 nos

469 1421 554 1468 est
580 1429 610 1468 a
638 1414 1034 1484 sapientissimo
1073 1416 1300 1485 praesule
1343 1416 1652 1472 transmissa
1699 1416 1981 1481 collectio,
2029 1415 2115 1470 cui
2158 1420 2433 1484 quantum“
2460 1411 2704 1475 debeam,
2753 1411 2852 1466 etsi
2882 1410 3084 1481 possim
3125 1409 3452 1479 cogitatione
3475 1407 3755 1476 eolligrre,

470 1506 691 1576 exsequi
721 1514 898 1560 tamen
926 1507 1103 1562 verbis
1130 1523 1236 1562 non
1265 1523 1504 1578 possum.
3364 1507 3378 1518 ’

540 1593 702 1649 XXV.
743 1592 1131 1651 Percrebuerat
1151 1596 1363 1652 interim
1388 1597 1680 1651 multorum
1727 1609 1982 1651 sermone
1999 1633 2014 1659 ,
2051 1594 2192 1665 apud
2220 1593 2416 1664 Belgas
2441 1602 2656 1650 exstare
2679 1592 2820 1647 haud
2850 1607 3000 1648 raros
3027 1591 3244 1647 codices
3267 1593 3482 1659 generis
3506 1588 3754 1659 ejusdem

471 1687 524 1740 in
553 1686 888 1742 bibliothecis
913 1687 1211 1756 praesertim
1240 1687 1712 1741 monasteriorum.
1744 1685 1846 1752 Qui
1869 1699 1986 1740 eam
2019 1680 2072 1739 in
2102 1698 2218 1739 rem
2247 1683 2562 1752 inquireret,
2587 1698 2746 1739 nemo
2767 1683 3112 1738 succurrebat
3139 1681 3316 1752 aptior
3340 1679 3544 1748 Ignatio
3580 1678 3758 1734 Busca

460 1779 781 1850 apostolica:
807 1779 949 1834 sedis
991 1779 1190 1847 legato,
1221 1779 1520 1848 eodemque
1545 1779 1950 1848 archiepiscopo
1978 1775 2291 1832 Emesseno.
2325 1775 2405 1831 Ad
2431 1775 2578 1830 hunc
2602 1773 2842 1847 pontifex
2870 1773 3031 1830 scribi
3055 1773 3244 1843 jussit,
3270 1772 3347 1845 uti
3379 1779 3596 1826 strenue
3623 1784 3756 1840 age-

473 1876 574 1931 ret,
619 1865 835 1922 codices
882 1867 972 1921 ubi
1015 1875 1198 1922 essent
1251 1869 1656 1936 pervestigaret,
1687 1867 1962 1921 nuntiaret
1996 1867 2249 1935 denique,
2277 1865 2576 1935 eujusmodi
2605 1875 2803 1932 essent,
2853 1879 3015 1934 quam
3057 1873 3288 1930 veteres,
3313 1879 3474 1932 quam
3503 1871 3757 1918 accurate

470 1958 677 2028 scripti,
708 1957 1030 2028 quibusnam
1057 1957 1110 2012 in
1133 1957 1265 2012 locis
1284 1958 1352 2012 ab
1374 1957 1532 2012 editis
1559 1957 1943 2026 discrepantes.
1973 1955 2094 2024 Egit
2122 1956 2213 2011 ille
2241 1954 2485 2024 impigre,
2517 1959 2578 2009 ut
2603 1954 2852 2010 debebat.
2881 1953 3022 2011 Viris
3043 1953 3234 2018 doctis,
3264 1952 3581 2022 quibuscum
3611 1951 3752 2006 ami-

479 2047 636 2104 citias
655 2047 930 2117 junxerat,
955 2045 1252 2114 mandavit,
1285 2057 1362 2110 ut,
1395 2047 1650 2116 quoniam
1699 2049 1814 2118 ipse
1840 2063 1938 2118 per
1963 2063 2042 2113 se,
2067 2056 2148 2104 tot
2173 2048 2318 2104 curis
2342 2047 2625 2111 distentus,
2651 2046 2702 2100 id
2727 2045 2926 2102 laboris
2945 2047 3210 2102 sustinere
3234 2061 3338 2100 non
3368 2052 3576 2114 posset,
3602 2059 3753 2100 suam

475 2138 551 2192 illi
571 2137 638 2193 ad
661 2151 780 2193 eam
807 2151 921 2192 rem
951 2151 1174 2206 operam
1201 2137 1527 2193 conferrent.
1557 2138 1692 2194 Cum
1729 2139 1783 2194 hi
1804 2139 1990 2198 sedulo
2021 2139 2292 2205 fecissent,
2323 2139 2376 2194 in
2405 2137 2612 2194 duabus
2640 2137 2978 2194 bibliothecis
3019 2139 3233 2194 codices
3276 2136 3499 2192 totidem
3530 2152 3750 2208 repere-

405 2252 413 2259 -
475 2237 619 2293 runt,
641 2243 869 2297 quarum
889 2227 1104 2296 quidem
1146 2226 1589 2282 bibliothecarum
1630 2244 1733 2282 una
1763 2229 2143 2284 canonicorum
2189 2228 2512 2298 regularium
2553 2225 2964 2282 Lovaniensium
2991 2227 3172 2282 Sancti
3211 2225 3427 2280 Martini
3451 2232 3552 2290 est,
3583 2225 3752 2279 altera

473 2319 859 2376 monachorum
880 2319 1318 2376 Cisterciensium
1345 2320 1578 2375 eoenohii
1599 2318 2070 2374 Camberonensis.
2105 2318 2164 2374 Id
2193 2320 2282 2374 ubi
2311 2319 2518 2387 legatus
2546 2321 2780 2384 rescivit,
2803 2319 3166 2389 perillustrem
3193 2317 3512 2372 canonicum
3542 2315 3752 2371 Vende-

463 2411 750 2467 -velderum
777 2409 1115 2466 bibliothecae
1135 2408 1454 2464 Lovaniensi
1479 2411 1808 2480 przefectum,
1831 2409 2188 2478 eumdemque
2227 2409 2496 2464 facultatis
2525 2410 2841 2478 theologica:
2866 2409 3234 2465 doctissimum
3263 2406 3624 2479 professorem
3654 2423 3748 2462 ro-

477 2505 642 2571 gavit,
667 2511 728 2558 ut
749 2518 884 2572 quas
906 2501 1155 2558 homilias
1181 2516 1422 2572 quosque
1450 2517 1728 2558 sermones
1766 2501 1980 2556 Maximi
2009 2502 2059 2556 in
2092 2501 2279 2556 iisdem
2307 2502 2582 2558 codicibus
2607 2502 3073 2572 deprehendisset,
3106 2501 3174 2556 ad
3202 2502 3450 2572 vulgatos
3491 2501 3744 2569 exigeret,

479 2601 798 2662 notaretque
826 2592 1081 2662 quidquid
1109 2609 1218 2664 prae
1238 2609 1297 2649 se
1322 2595 1454 2648 varii
1481 2609 1544 2649 ac
1570 2595 1767 2650 diversi
1797 2595 2019 2650 ferrent.
2052 2594 2232 2650 Gessit
2253 2596 2298 2650 is
2326 2596 2505 2664 legato
2545 2596 2755 2664 roganti
2802 2609 3028 2650 morem.
3060 2593 3319 2649 Homilias
3359 2594 3504 2664 ipsas
3536 2591 3749 2662 triginta

479 2701 602 2742 cum
631 2685 789 2742 editis
815 2683 1054 2742 Colonia:
1081 2703 1170 2742 an.
1205 2685 1342 2740 l555
1361 2689 1608 2752 contulit,
1643 2687 1894 2758 quodque
1919 2688 1970 2742 in
1993 2685 2058 2742 iis
2087 2686 2308 2742 oll'endit
2332 2687 2626 2754 varietatis,
2659 2687 3061 2754 commentariis
3087 2686 3442 2755 eonsiguavit,
3473 2683 3750 2754 eidemque

458 2778 655 2849 'legato
675 2777 839 2843 dedit,
871 2778 964 2848 qui
983 2778 1340 2833 cunctandum
1372 2796 1476 2834 non
1508 2781 1732 2850 putavit,
1756 2781 1883 2850 quin
1915 2781 2139 2835 Itonmm
2169 2779 2238 2834 ad
2263 2778 2572 2850 pontificem
2615 2780 2872 2836 mitteret.
2899 2779 3005 2836 Eas
3028 2793 3129 2850 ego
3157 2781 3336 2836 varias
3362 2776 3623 2836 lectiones
3640 2779 3753 2836 suis

482 2871 613 2928 locis
640 2871 885 2939 ingerere
914 2885 1020 2925 non
1048 2871 1310 2924 omittam.
1364 2869 1562 2936 Quanti
1606 2886 1770 2940 porro
1797 2870 2023 2926 ducendi
2055 2870 2266 2926 codices
2295 2870 2368 2925 illi
2415 2869 2542 2936 sint,
2574 2886 2642 2926 ex
2688 2870 2868 2926 verbis
2895 2865 3302 2934 Vandevelderi,
3333 2882 3493 2939 quam
3522 2885 3590 2924 ex
3615 2869 3751 2926 meis
3783 2906 3790 2910 -

465 2963 730 3030 ‘cognosci
752 2962 915 3016 malo.
951 2980 969 3012 ί
1002 2959 1160 3016 Prior
1185 2961 1376 3024 codex,
1404 2960 1574 3028 inquit
1603 2960 1711 3024 ille,
1744 2959 1827 3015 est
1856 2959 1908 3014 in
1931 2975 2280 3030 pergameno,
2314 2957 2482 3015 forma
2506 2975 2668 3029 qttam
2689 2958 2896 3015 in-folio
2917 2968 3130 3025 vocant,
3153 2959 3362 3016 duobus
3399 2959 3753 3016 voluminibus

483 3052 740 3109 exhibens
760 3051 1006 3106 homilias
1029 3052 1090 3106 de
1108 3050 1372 3122 Tempore,
1398 3058 1452 3105 et
1480 3051 1544 3104 de
1572 3050 1800 3116 Sanctis,
1833 3052 1884 3106 in
1906 3068 2128 3122 quarum
2156 3067 2380 3106 numero
2408 3052 2614 3122 aliquot
2631 3051 2776 3107 beati
2810 3050 3024 3106 Maximi
3051 3051 3284 3106 homilia:
3309 3059 3616 3107 occurrunt.
3639 3051 3754 3106 Iin-

483 3146 568 3216 jus
587 3145 791 3202 codicis
819 3145 1160 3214 introscripta
1183 3153 1310 3198 sunt
1341 3161 1354 3196 :
1390 3143 1496 3198 Iste
1524 3143 1652 3198 liber
1671 3145 1894 3215 pertinet
1921 3147 1991 3200 ad
2012 3145 2278 3200 librarium
2308 3147 2612 3201 monasterii
2639 3147 2950 3218 regularium
2981 3147 3162 3202 Sancti
3191 3145 3410 3208 Martini
3439 3147 3494 3200 in
3523 3144 3753 3202 Louanio

485 3241 543 3292 in
589 3237 673 3292 die
725 3234 1034 3291 Gimstrwte.
1077 3235 1207 3290 Item
1242 3253 1254 3288 :
1294 3234 1458 3289 Istam
1500 3245 1697 3306 partem
1735 3237 2066 3292 homiliarnm
2093 3237 2334 3292 habemus
2389 3255 2454 3293 ex
2495 3238 2647 3293 domo
2677 3239 3020 3294 Florentiana
3068 3238 3496 3294 Darentrensium
3535 3241 3753 3312 fratrum

481 3333 536 3384 in
581 3330 836 3386 creatione
879 3327 1034 3400 hujus
1073 3327 1284 3380 dooms“
1303 3328 1442 3380 circa
1471 3343 1665 3380 annum
1690 3325 1899 3380 Domini
1930 3326 2087 3382 M54.
2119 3325 2223 3383 Sed
2267 3328 2426 3397 longe
2474 3329 2747 3398 antiquior
2773 3337 2856 3384 est
2883 3328 3083 3394 codex,
3115 3333 3262 3398 quod
3291 3345 3368 3384 ex
3385 3331 3756 3386 characterunt

468 3421 651 3475 'fo‘rnta
681 3421 936 3491 apparet;
968 3416 1185 3487 etquod
1216 3417 1372 3472 nulla:
1399 3416 1658 3472 Bernardi
1680 3417 1910 3472 homiliae
1937 3417 2045 3472 sint
2073 3419 2318 3485 insertre;
2353 3420 2566 3475 tametsi
2591 3421 2712 3476 usui
2739 3419 2986 3476 lectionis
3016 3421 3068 3474 in
3099 3420 3306 3492 [xxxiv]
3329 3422 3635 3489 refectorio,
3665 3423 3754 3478 cui

479 3513 596 3567 Iace
612 3497 884 3567 volumina
922 3511 1298 3574 inservierunt,
1329 3510 1543 3580 egregie
1565 3496 2002 3566 accommodatae.
2035 3509 2232 3568 Omnes
2254 3512 2499 3570 videlicet
2524 3514 2790 3584 decerptte
2814 3523 2939 3586 sunt
2967 3529 3036 3569 ex
3054 3515 3254 3570 sanctis
3272 3514 3477 3570 Joanne
3503 3515 3756 3584 episcopo

484 3599 1098 3670 Constantinopolitano,
1126 3601 1440 3668 Augustino,
1481 3599 1664 3656 Leone
1688 3616 1826 3671 papa
1849 3599 1870 3654 I
1887 3643 1900 3666 ,
1929 3599 2190 3670 Gregorio
2215 3603 2428 3673 Magno,
2460 3605 2624 3671 Beda,
2653 3604 2932 3677 Haymone
2963 3605 3399 3670 Alberstadiensi,
3443 3614 3499 3660 et
3541 3605 3757 3659 demum

485 3685 740 3744 Anselnto
767 3688 1160 3743 Cantuariensi.
1188 3688 1336 3744 Alter
1359 3689 1530 3745 codex
1551 3700 1635 3745 est
1663 3706 2015 3762 papyraceus,
2039 3693 2209 3748 nitido
2238 3695 2551 3752 charactere
2578 3703 2831 3752 exaratos
2856 3711 2886 3749 a
2923 3696 3087 3750 fratre
3117 3693 3322 3751 Joanne
3350 3694 3416 3748 de
3439 3693 3635 3746 Waqu
3662 3708 3752 3746 an.

483 3777 638 3843 169.0,
672 3786 726 3833 ut
758 3777 825 3832 ad
845 3779 1046 3832 calcem
1068 3783 1302 3841 notatur,
1337 3779 1504 3833 forma
1531 3789 1690 3848 quam
1718 3791 1912 3835 vocant
1954 3780 2108 3836 iit-8°.
2143 3781 2350 3840 Titulus
2387 3777 2636 3856 praafixus
2661 3793 2744 3840 est
2775 3803 2788 3838 :
2823 3785 3100 3844 Sermones
3127 3783 3261 3838 beati
3290 3780 3515 3834 Maximi
3563 3778 3753 3834 Tauri-

484 3871 658 3924 nensis
677 3869 903 3940 episcopi
924 3885 1013 3921 an.
1048 3866 1183 3920 1620
1213 3878 1288 3922 est
1311 3865 1624 3924 bibliotheca:
1652 3869 1874 3924 abbatia:
1902 3871 2327 3929 Camberonensis
2358 3875 2557 3929 ordinis
2584 3872 2939 3928 Cisterciensis
2976 3873 3032 3928 in
3061 3872 3366 3927 Harmonia.
3403 3889 3419 3920 ι

552 3955 740 4015 XXVI.
781 3959 886 4016 Sed
916 3947 1019 4016 et’it
1050 3959 1278 4016 fortasse
1297 3960 1388 4029 qni
1411 3961 1652 4027 miretur,
1679 3961 1808 4032 quid
1829 3964 1917 4031 sit,
1949 3964 2092 4034 quod
2119 3981 2240 4022 cum
2271 3976 2378 4021 tam
2405 3967 2632 4035 diligens
2651 3980 2682 4018 a
2706 3979 2793 4020 me
2826 3965 2968 4021 facta
2999 3965 3160 4020 fuerit
3187 3964 3512 4027 Italicorum,
3534 3957 3754 4016 Germa-

479 4053 744 4116 nicorum,
775 4051 1109 4120 Belgicorum
1139 4051 1384 4108 codicum
1411 4052 1762 4120 Enumeratio,
1787 4063 1898 4110 tum
1923 4053 2245 4112 Gallicorum
2267 4073 2336 4113 ne
2355 4057 2546 4112 leviter
2563 4056 2778 4124 quidem
2801 4057 3130 4110 mentionem
3159 4055 3451 4123 injecerim.
3477 4053 3546 4106 At
3572 4052 3618 4107 is
3635 4064 3756 4107 cum

483 4147 677 4202 viderit
702 4161 862 4216 quam
891 4147 1060 4201 simus
1079 4155 1237 4201 caute
1265 4146 1611 4216 studioseque
1639 4147 1693 4202 in
1715 4149 1924 4204 cmteris
1945 4150 2307 4216 recensendis,
2325 4147 2690 4220 expendendis
2709 4144 3170 4215 dijudicandisque
3189 4145 3409 4208 versati,
3434 4144 3480 4198 si
3507 4142 3753 4212 cognorit

484 4246 762 4304 praeterea,
789 4237 1114 4293 Gallicorum
1143 4238 1336 4292 seriem
1375 4237 1662 4307 variasque
1689 4239 1966 4306 lectiones,
1999 4241 2100 4297 etsi
2128 4240 2220 4296 diu
2241 4248 2597 4311 exspectatas,
2639 4237 2878 4294 nondum
2907 4243 3087 4290 tamen
3125 4233 3349 4305 perferri
3377 4235 3618 4306 potuisse
3643 4235 3756 4311 Bo-

487 4343 650 4394 mam,
685 4345 792 4384 non
821 4328 982 4384 modo
1007 4327 1218 4400 desinet
1239 4329 1440 4392 mirari,
1473 4343 1660 4384 verum
1688 4331 1851 4386 etiam
1879 4345 2060 4386 secum
2090 4339 2314 4392 statuet,
2338 4310 2464 4386 dum
2485 4331 2553 4386 ad
2573 4345 2671 4385 nos
2692 4326 3052 4400 pervenerint,
3078 4340 3184 4381 non
3225 4339 3347 4380 esse
3387 4341 3475 4383 me
3501 4310 3754 4382 commis-

477 4433 684 4485 surum,
715 4426 774 4473 ut
803 4419 856 4473 in
885 4406 1186 4488 iis'quoque
1207 4398 1572 4482 numerandis,
1604 4422 1951 4488 testimandis,
1979 4432 2147 4493 utque
2173 4437 2272 4493 par
2310 4422 2432 4487 erit,
2463 4398 2801 4478 celebrandis
2827 4417 3064 4475 studium
3091 4417 3376 4488 quisquam
3408 4433 3608 4488 meum,
3639 4419 3780 4498 ιιὶιὶιι⁵

479 4509 826 4578 gentiumque
853 4507 1147 4564 desideret.
1171 4506 1536 4574 Quamobrem
1567 4519 1746 4565 autem
1769 4511 2194 4582 exspectandum
2222 4511 2420 4569 diutius
2447 4522 2552 4569 non
2579 4511 2951 4575 existimarim,
2977 4527 3041 4568 ea
3087 4510 3188 4566 fuit
3213 4510 3546 4582 potissimum
3576 4526 3756 4569 causa.

479 4599 627 4668 quod
654 4615 776 4654 cum
795 4601 1125 4669 divulgatum
1153 4599 1333 4666 fuerit,
1361 4600 1654 4670 perfectam
1672 4603 1878 4672 jamdiu
1907 4617 1971 4659 ac
1991 4605 2135 4674 typis
2160 4619 2416 4661 excusam
2456 4603 2832 4661 collectionem
2877 4604 3017 4660 hanc
3062 4613 3302 4661 nostram
3351 4619 3490 4668 esse,
3517 4603 3761 4674 plerique

483 4703 674 4744 otnnes
693 4689 866 4743 emitti
887 4690 1059 4759 ipsam
1085 4689 1321 4759 denique
1349 4691 1402 4746 in
1427 4691 1693 4762 publicam
1722 4693 1893 4750 lucem
1923 4702 2258 4766 expeterent.
2649 4729 2654 4734 -

555 4776 764 4832 XXVII.
805 4777 864 4833 In
905 4779 1262 4848 diiudicandis
1301 4797 1466 4852 porro
1509 4791 1593 4838 tot
1631 4799 1759 4840 mss.
1791 4787 2067 4844 codicibus
2095 4788 2210 4845 htec
2238 4795 2322 4844 est
2349 4787 2774 4860 principioamc
2801 4787 3039 4845 adhibita
3087 4787 3285 4854 cautio,
3329 4795 3390 4842 ut
3435 4785 3761 4854 antiquiores

489 4865 788 4939 generatim
847 4870 1156 4940 praeferrem
1207 4875 1626 4942 recentioribus;
1691 4877 1918 4944 deinde,
1977 4887 2038 4934 ut
2091 4879 2484 4936 emendatiores
2527 4880 2702 4936 minus
2757 4879 3033 4950 castigatis
3081 4888 3496 4950 anteponerem,
3550 4877 3758 4932 etiamsi

485 4967 666 5023 minus
710 4967 1092 5036 castigatorur‘n
1147 4978 1292 5024 esset
1335 4978 1468 5026 tetas
1506 4971 1798 5038 vetustior;
1853 4982 1978 5041 post
2033 4981 2090 5028 ut
2135 4975 2201 5029 iis
2253 4975 2374 5045 plus
2425 4974 2736 5035 tribuerem,
2789 4988 2926 5044 quos
2981 4989 3049 5030 ex
3103 4971 3321 5044 optimis
3365 4971 3762 5041 exemplaribus

485 5057 786 5128 descriptos
843 5056 1008 5114 fuisse
1062 5073 1374 5129 cognoram.
1423 5061 1480 5116 Id
1531 5076 1664 5116 vero
1719 5070 1779 5116 ut
1827 5062 2196 5140 dignoscerem
2217 5106 2232 5131 ,
2285 5066 2500 5138 regulas
2554 5065 2687 5122 mihi
2737 5065 2976 5122 subsidio
3022 5073 3134 5120 tres
3179 5059 3504 5134 comparavi.
3565 5059 3762 5117 Earum

485 5149 587 5204 fuit
621 5149 772 5219 prior
814 5149 1062 5206 codictun
1111 5151 1458 5221 pluviatorum
1478 5193 1494 5219 ,
1547 5167 1844 5224 eorumque
1893 5155 2256 5224 antiquiorum
2321 5159 2857 5230 emendatiorumque
2912 5166 3240 5225 concentus;
3298 5157 3466 5213 altera
3521 5161 3762 5211 veterum

483 5249 956 5297 monumentorum
1025 5242 1457 5327 scriptorumque
1514 5245 1844 5312 auctoritas;
1897 5246 2058 5300 tertia
2123 5247 2501 5308 historicorum
2565 5239 2872 5322 criticeque
2934 5249 3067 5305 artis
3116 5249 3410 5320 peritorum
3455 5245 3758 5305 consensio.

488 5331 586 5388 liis
611 5344 714 5400 ego
741 5331 1003 5401 praesidiis
1029 5334 1287 5398 munitus,
1317 5333 1584 5404 permulta
1613 5335 1873 5404 opuscula
1899 5331 2022 5404 jure
2047 5339 2252 5392 asserui
2297 5337 2550 5408 Maximo,
2593 5341 2694 5398 etsi
2723 5350 2904 5397 essent
2949 5341 3042 5411 qui
3088 5339 3324 5410 ipsorum
3362 5337 3541 5406 aliqua
3585 5333 3758 5390 eidem

486 5431 709 5494 accepta
739 5423 930 5480 reien‘i
965 5433 1216 5496 oportere
1244 5434 1338 5482 aut
1364 5423 1752 5492 inﬂeiarentur,
1779 5433 1876 5481 aut
1919 5427 2245 5483 dubitarent.
2273 5429 2430 5496 Quod
2457 5433 2503 5487 si
2547 5433 2834 5503 aliquando
2879 5431 3073 5486 horum
3101 5429 3231 5484 mihi
3279 5427 3648 5499 prmsidiorum
3676 5424 3762 5480 vel

486 5515 665 5586 aliqua
693 5515 778 5572 vel
804 5531 943 5588 pene
963 5518 1146 5572 omnia
1172 5518 1478 5581 defuerunt,
1511 5518 1692 5574 induci
1715 5527 1894 5574 tamen
1923 5535 2030 5574 non
2059 5522 2233 5592 potui,
2264 5529 2322 5576 ut
2348 5531 2536 5579 sancto
2563 5526 2788 5580 antistiti
2817 5522 3170 5594 abjndicanda
3195 5535 3314 5576 esse
3331 5505 3615 5584 ilncerent,
3644 5532 3763 5588 ane

488 5607 560 5661 ab
587 5608 704 5677 ipso
732 5609 895 5664 fuisse
917 5609 1117 5680 scripta
1139 5609 1264 5678 styli
1295 5623 1357 5662 ac
1383 5608 1651 5664 orationis
1679 5609 1994 5678 similitudo,
2025 5619 2082 5666 et
2099 5611 2380 5678 doctrinae,
2411 5621 2572 5682 atque
2593 5611 2986 5669 afferendorum
3007 5612 3250 5666 locorum
3275 5624 3440 5665 sacra:
3473 5609 3764 5678 Scriptura:

487 5691 808 5756 Maximiano
829 5701 992 5766 plane
1011 5700 1170 5763 ratio,
1193 5698 1455 5763 simulque
1477 5690 1634 5754 unius
1659 5701 1946 5756 alteriusve
1976 5701 2178 5758 codicis
2198 5702 2492 5759 auctoritas
2519 5703 2786 5761 suaderet.
2821 5701 3006 5770 Neque
3019 5715 3163 5790 ἔοι-υ
3191 5698 3334 5768 quod
3365 5699 3417 5756 in
3446 5696 3762 5765 Quibusdam
