4050 6356
519 351 592 411 ω
1956 354 2339 414 murum.
3654 322 3663 327 ’
3740 357 3842 418 ω

591 467 827 524 XXVIII.
878 469 993 537 Quo
1037 484 1198 539 porro
1228 469 1436 534 ordine,
1495 483 1708 539 quaque
1763 472 1902 526 serie
1930 473 2289 537 bomiliarum,
2330 486 2637 527 sermonum
2675 480 3101 542 cancrorumque
3155 469 3535 543 opusculorum
3572 467 3835 535 Maximi

522 562 637 618 ιιωο
664 571 845 618 nostra
881 564 949 618 sit
987 563 1190 632 digesta
1244 570 1406 631 atque
1460 562 1696 631 perfecta
1749 563 2017 628 collectio,
2050 565 2331 633 explicabo
2387 563 2555 618 brevi.
2604 562 2788 618 Priore
2842 563 2963 617 loco
3017 563 3263 618 homilias
3316 560 3514 631 protuli
3568 559 3837 636 [xxxvuj

522 651 832 710 distributas
882 655 934 708 in
980 654 1178 709 classes
1226 661 1354 709 tres.
1421 652 1618 707 lIarum
1664 661 1789 708 sunt
1838 654 2012 723 primo
2059 654 2179 708 loco
2224 668 2344 721 quae
2374 653 2437 706 de
2493 652 2757 719 Tempore,
2810 660 2921 709 tum
2968 667 3089 722 qua:
3131 654 3196 706 de
3225 652 3455 715 Sanctis,
3506 659 3628 720 post
3677 666 3835 721 qua:
3921 658 3936 674 '

520 750 586 802 de
614 747 843 801 Diversis
884 746 1151 815 inscriptae
1198 754 1342 799 sunt.
1388 743 1463 797 De
1491 744 1740 815 Tempore
1782 744 1884 798 dici
1934 745 2249 815 plerumque
2277 744 2456 798 solent
2496 757 2573 797 eae
2601 757 2721 810 qua:
2745 743 2938 797 habita:
2975 742 3123 797 fuere
3167 740 3457 804 mobilibus,
3489 750 3548 793 ut
3575 751 3826 806 vocant,

520 843 707 898 diebus
734 841 918 907 festis;
949 842 1013 895 de
1044 840 1254 895 Sanctis
1284 845 1485 902 autem,
1527 852 1644 906 qua:
1671 838 1739 892 de
1768 837 2011 892 laudibus
2050 838 2255 904 aliquot
2295 844 2603 889 sanctorum
2634 843 2925 903 martyrum
2955 833 3392 888 confessorumve
3412 830 3650 885 recitatrc
3682 830 3827 887 fue-

517 926 859 987 runt'eorum
889 929 1116 983 solemni
1145 926 1310 981 natali
1331 927 1455 991 die;
1486 926 1551 978 de
1581 924 1812 979 Diversis
1838 924 2070 988 tandem,
2093 938 2214 991 qua:
2236 923 2302 977 ad
2331 923 2506 977 locum
2534 923 2768 990 aliquem
2797 937 3069 976 sacrarum
3097 920 3494 989 Scripturarum
3524 919 3829 975 illustran-

517 1023 644 1077 dum
673 1020 962 1092 pertinent.
994 1018 1125 1073 Post
1152 1017 1419 1081 liohiilias,
1452 1015 1852 1072 distribuendos
1878 1017 2004 1070 item
2040 1029 2317 1069 sermones
2347 1016 2399 1069 in
2434 1015 2655 1069 totidem
2685 1007 2883 1068 classes
2910 1013 3110 1082 putavi,
3141 1026 3370 1081 quarum
3410 1011 3597 1067 iisdem
3627 1012 3833 1068 titulis

521 1112 770 1182 insignita
799 1118 942 1166 esset
985 1107 1226 1178 partitio.
1260 1106 1616 1161 Ilomiliarum
1670 1121 1803 1161 vero
1850 1115 2013 1174 atque
2060 1119 2369 1159 sermonum
2400 1104 2502 1159 hoc
2528 1118 2648 1159 esse
2692 1103 2977 1158 discrimen
3015 1100 3390 1156 animadvertit
3418 1100 3473 1156 in
3520 1100 3830 1165 Glossario

518 1202 750 1274 Cangius
779 1218 792 1253 :
832 1219 849 1252 ι
887 1198 1167 1263 IIomilias,
1201 1197 1399 1267 inquit,
1426 1195 1589 1251 fuisse
1621 1195 1909 1250 familiares
1932 1195 2266 1259 collationes,
2298 1210 2417 1264 qua:
2446 1210 2474 1248 a
2505 1196 2819 1264 praesulibus
2846 1194 3181 1249 habebantur
3210 1192 3263 1247 in
3291 1192 3496 1248 mdibus
3522 1195 3719 1259 sacris,
3760 1195 3827 1249 in

517 1294 713 1362 quibus
740 1300 789 1347 et
826 1290 1228 1361 interrogabant
1255 1288 1533 1359 populum,
1579 1295 1634 1342 et
1681 1288 2149 1355 iuterrogabantur
2175 1303 2204 1340 a
2237 1288 2437 1357 pepqu
2467 1305 2479 1337 τ
2526 1287 2600 1341 Ita
2630 1288 2772 1343 enim
2819 1290 3012 1359 ὁμιλίας
3043 1304 3073 1339 a
3113 1289 3243 1359 λόγῳ
3270 1286 3548 1354 distinguit
3574 1285 3827 1341 Photius

519 1387 575 1441 in
603 1384 850 1441 bibliotli.
882 1381 1003 1437 cod.
1038 1382 1159 1434 172.
1200 1402 1219 1432 ι
1251 1381 1383 1436 Nam
1405 1398 1527 1437 cum
1557 1399 1723 1437 sermo
1752 1382 2044 1437 haberetur
2084 1397 2185 1437 nec
2223 1383 2652 1450 interrogabatur
2678 1391 2863 1437 orator
2890 1398 2919 1435 a
2962 1381 3190 1451 populo,
3222 1395 3397 1450 neque
3425 1380 3685 1450 populum
3723 1381 3826 1435 in-

518 1479 846 1547 terrogabat.
880 1476 1163 1531 Tractatus
1190 1477 1478 1546 populares
1504 1492 1533 1530 a
1567 1474 1768 1532 Latinis
1797 1476 2046 1533 Patribus
2070 1477 2177 1531 dici
2205 1492 2494 1532 consuesse
2524 1492 2637 1541 eos,
2668 1478 2758 1547 qui
2806 1493 2836 1531 a
2864 1476 3066 1533 Grzccis
3106 1477 3337 1532 liomilia:
3365 1475 3818 1546 appellabantur,

520 1573 662 1627 idem
691 1578 774 1624 est
800 1567 1033 1635 Cangius
1055 1576 1273 1653 auctor,
1294 1568 1385 1637 qui
1407 1577 1652 1623 sanctum
1682 1570 2035 1638 Augustinum
2079 1576 2271 1624 testem
2300 1570 2446 1623 citat.
2472 1549 2751 1637 Augustini
2782 1579 2959 1653 autem
2989 1571 3131 1624 hunc
3159 1569 3314 1624 atl'ert
3348 1583 3414 1624 ex
3444 1558 3722 1638 promntio
3754 1567 3820 1623 in

520 1666 653 1735 psal.
685 1681 841 1720 cxvm
866 1664 1041 1718 locum
1072 1679 1083 1713 :
1115 1651 1291 1716 Statui
1319 1676 1411 1730 pe;
1445 1676 1709 1713 sermones
1729 1660 1784 1714 id
1804 1676 1980 1730 agere,
2004 1661 2089 1731 qui
2114 1660 2521 1731 proferunturin
2538 1659 2764 1729 populis,
2788 1651 3110 1730 quosVGrazci
3131 1660 3325 1732 ὁμιλίας
3355 1666 3557 1712 cacant.
3590 1657 3660 1709 At
3686 1655 3820 1725 jam

520 1757 644 1812 inde
673 1757 740 1812 ab
760 1743 941 1825 aliquo
972 1763 1214 1823 tempore
1242 1752 1392 1806 vocis
1421 1751 1618 1824 ὁμιλίας
1648 1750 1852 1823 variata
1879 1758 1963 1805 est
1985 1751 2154 1804 notio.
2186 1749 2337 1805 Nunc
2366 1750 2506 1803 enim
2550 1765 2644 1804 eas
2673 1766 2927 1806 vocamus
2968 1751 3071 1805 hoc
3110 1749 3325 1804 nomine
3371 1747 3648 1802 orationes
3676 1761 3820 1816 qua:

519 1849 842 1919 explanandi
873 1845 1099 1915 alicujus
1126 1844 1230 1899 loci
1259 1843 1555 1911 evangelici
1581 1846 1757 1896 causa’
1770 1843 2089 1911 conscripta:
2117 1840 2333 1895 fuerint.
2364 1841 2556 1896 Curavi
2599 1856 2763 1911 porro
2792 1851 2852 1896 ut
2886 1842 3225 1896 sermonibus
3254 1846 3512 1895 tractatus
3537 1838 3817 1895 succede-

521 1949 645 1994 rent
674 1948 785 1994 tres
812 1939 875 1991 de
904 1936 1191 2007 Baptismo,
1223 1948 1361 2003 quos
1386 1948 1505 1988 esse
1534 1932 1768 1987 Maximo
1798 1932 2163 1999 ascribeudos,
2194 1933 2392 1988 evincit
2429 1932 2674 1988 codicum
2713 1933 3115 2003 subalpinorum
3145 1932 3452 1989 consensio.
3482 1933 3821 2000 Sequuntur

522 2047 683 2102 porro
711 2036 971 2084 tractatus
998 2027 1104 2083 duo
1138 2027 1231 2095 qui
1259 2041 1292 2081 e
1320 2025 1506 2081 codice
1537 2024 1830 2080 Veronensi
1858 2025 2161 2094 deprompti
2210 2033 2352 2090 sunt,
2384 2039 2719 2094 quorumque
2765 2026 2900 2080 alter
2928 2034 3108 2080 contra
3150 2025 3420 2096 Paganos,
3449 2024 3589 2078 alter
3613 2032 3817 2078 contra

519 2124 737 2178 Judteos
768 2120 1095 2177 inscribitur.
1127 2117 1333 2172 Nullius
1376 2116 1451 2171 illi
1497 2116 1775 2186 scriptoris
1815 2130 2010 2170 nomen
2054 2115 2384 2183 praeferunt;
2429 2125 2798 2172 verumtamen
2823 2117 3077 2185 quoniam
3119 2124 3174 2171 et
3199 2115 3322 2187 styli
3371 2129 3561 2170 eorum
3590 2114 3741 2170 ratio
3774 2130 3810 2169 a

520 2220 843 2275 Maximiano
872 2234 981 2272 non
1010 2217 1297 2285 discrepat,
1347 2220 1402 2268 et
1430 2227 1496 2268 ex
1525 2228 1592 2266 eo
1628 2211 1899 2267 volumine
1938 2213 2193 2283 exscripti
2222 2220 2347 2268 sunt
2373 2228 2481 2281 quo
2516 2212 2622 2266 alia
2651 2212 2824 2266 sancti
2861 2210 3101 2282 episcopi
3140 2210 3396 2293 opuscula
3425 2210 3809 2275 continentur,

519 2313 744 2379 egissem
767 2312 1008 2381 profecto
1037 2309 1425 2380 imprudenter,
1455 2309 1501 2363 si
1529 2323 1626 2363 eos
1648 2323 1715 2362 ex
1745 2308 1884 2362 serie
1904 2323 2131 2377 operum
2160 2305 2376 2361 Maximi
2405 2305 2789 2376 expungendos
2817 2307 3223 2362 existimassem.
3258 2303 3351 2358 llis
3370 2306 3585 2359 demum
3615 2297 3811 2356 addidi

519 2402 859 2472 Eeaugelicas
891 2400 1183 2466 Lectiones,
1228 2416 1324 2455 seu
1353 2399 1593 2470 Capitula
1622 2397 2045 2469 Evangeliorum,
2070 2412 2298 2467 quorum
2328 2397 2408 2467 (ut
2432 2412 2595 2467 supra
2624 2397 2998 2468 animadverti)
3027 2395 3354 2458 Gennadius,
3391 2395 3811 2462 recentioreque

521 2492 781 2546 memoria
812 2491 1139 2545 Trithemius
1168 2479 1549 2545 méminerunt'.
1581 2488 1699 2544 Non
1729 2504 1847 2544 sum
1878 2490 2109 2554 nescius,
2142 2487 2409 2543 Lectiones
2437 2488 2696 2557 ejusmodi
2727 2488 3069 2559 Evangelicas
3100 2488 3153 2542 in
3182 2487 3370 2542 codice
3389 2485 3676 2540 Veronensi
3703 2498 3809 2538 ne-

521 2599 629 2652 que
653 2582 901 2645 Maximi,—
914 2598 1089 2652 neque
1120 2583 1340 2637 alterius
1374 2581 1688 2649 cujusquam
1720 2595 1915 2634 nomen
1958 2582 2230 2649 przcl'crre.
2262 2579 2369 2634 Sed
2404 2594 2469 2633 ea
2499 2580 2729 2633 nominis
2757 2578 3141 2648 prtetermissio
3171 2577 3303 2632 tanti
3334 2591 3442 2630 non
3471 2581 3574 2639 est,
3604 2574 3680 2627 uti
3708 2588 3807 2629 me

522 2688 551 2726 a
587 2673 851 2727 sententia
876 2673 1155 2728 deterrere
1177 2673 1365 2743 possit,
1393 2688 1551 2741 quam
1582 2681 1636 2727 et
1663 2672 1987 2741 conjectura:
2015 2686 2143 2726 sane
2170 2685 2378 2738 graves,
2410 2680 2467 2728 et
2493 2672 2781 2741 insignium
2808 2677 3076 2726 vetustate
3118 2669 3619 2735 existimationeque
3658 2662 3805 2719 scri-

524 2772 739 2833 ptorum
780 2761 1061 2817 confirmet
1085 2762 1394 2817 auctoritas.
1426 2762 1557 2817 Cum
1600 2763 1743 2817 enim
1775 2762 2037 2831 permulta
2068 2771 2404 2829 argumenta,
2432 2777 2551 2831 quze
2570 2763 2623 2816 in
2652 2761 2885 2816 homiliis
2912 2769 3073 2830 atque
3100 2760 3436 2815 sermonibus
3464 2758 3730 2813 illustrata
3762 2768 3797 2807 a

527 2852 758 2907 Maximo
796 2860 942 2917 sunt,
971 2868 1034 2907 ea
1062 2852 1170 2907 sint
1193 2853 1456 2917 oratione,
1507 2869 1571 2908 ac
1616 2853 1778 2924 stylo,
1811 2867 1982 2920 eaque
2031 2853 2238 2907 ratione
2264 2861 2512 2919 tractata,
2544 2866 2649 2925 qna
2680 2855 2734 2908 in
2772 2854 3094 2929 lectionibus
3123 2853 3312 2908 iisdem
3342 2857 3657 2915 tractantur,
3688 2862 3804 2904 non

523 2944 771 3013 equidem
795 2944 971 3009 video,
1013 2958 1109 2998 cur
1138 2944 1218 2997 hac
1247 2958 1354 2998 non
1379 2943 1612 2998 debeant
1640 2945 1690 2998 ei
1727 2944 1947 2998 attribui
1976 2944 2183 2997 auctori
2210 2959 2240 2998 a
2265 2959 2374 3013 quo
2398 2946 2646 3001 homilias
2670 2944 2788 2999 illas
2816 2945 3044 3015 illosque
3072 2959 3349 3000 sermones
3373 2943 3536 2999 fuisse
3562 2941 3804 3014 perscri-

527 3045 652 3103 ptos
677 3042 908 3088 constat.
938 3033 1055 3088 iam
1083 3049 1213 3088 vero
1241 3048 1385 3098 cum,
1407 3041 1545 3088 teste
1567 3033 1866 3100 Gennadio,
1899 3049 2034 3104 opus
2062 3034 2125 3088 de
2153 3033 2405 3106 Capitulis
2430 3035 2833 3108 Evangeliorum
2860 3036 3059 3091 editum
3084 3052 3115 3090 a
3145 3036 3377 3090 Maximo
3406 3034 3586 3099 fuerit,
3611 3048 3805 3104 eaeque

528 3121 796 3176 Lectiones
827 3123 898 3175 ita
927 3123 1032 3176 sint
1054 3129 1397 3198 comparatur,
1429 3131 1486 3176 ut
1515 3122 1731 3176 inscribi
1761 3131 1908 3176 recte
1936 3123 2002 3175 de
2028 3122 2281 3192 Capitulis
2307 3117 2710 3195 Euangeliorum
2733 3126 2958 3194 possint,
2989 3123 3231 3198 [xxxvru]
3257 3125 3385 3195 quid
3418 3134 3502 3180 est
3527 3125 3669 3195 quod
3701 3125 3805 3180 im-

527 3214 728 3285 pediat,
756 3215 884 3286 quin
915 3188 1193 3270 Lectiones
1206 3188 1337 3286 ipsa:
1365 3216 1472 3270 sint
1491 3214 1695 3270 eaedem
1722 3231 1784 3270 ac
1814 3215 1900 3269 illa
1919 3232 1949 3269 a
1977 3188 2211 3270 Maximo
2231 3215 2372 3271 edita
2396 3188 2633 3289 Capitula
2655 3188 3057 3289 Evangeliorum
3083 3217 3108 3270 .’

596 3302 736 3358 Sunt
765 3306 877 3360 lucc
903 3303 1187 3358 selectiora
1215 3303 1432 3357 Maximi
1462 3304 1739 3373 opuscula,
1771 3304 1966 3373 quibus
2005 3305 2273 3375 prmcipue
2303 3314 2483 3361 nostra
2513 3307 2626 3362 htec
2653 3307 2921 3361 constabit
2940 3306 3208 3362 collectio.
3234 3305 3552 3375 Quanquam
3581 3320 3713 3362 vero
3742 3305 3800 3361 in

530 3393 637 3449 alia
664 3393 904 3462 quaedam
935 3393 1270 3459 incurrerim,
1301 3378 1421 3461 qua:
1450 3400 1600 3448 tanto
1629 3402 1852 3449 auctore
1899 3392 2114 3462 indigna
2152 3409 2258 3448 non
2287 3410 2407 3450 esse
2436 3395 2779 3459 viderentur;
2809 3396 3063 3464 quoniam
3094 3404 3271 3450 tamen
3300 3410 3408 3450 non
3437 3403 3594 3451 erant
3634 3395 3797 3450 nobis

528 3483 659 3538 satis
687 3482 868 3551 gravia
900 3490 1169 3536 momenta
1207 3481 1478 3535 rationum
1518 3482 1571 3536 in
1601 3489 1873 3551 promptu,
1904 3482 2098 3550 quibus
2126 3480 2430 3538 efficeretur
2471 3500 2535 3539 ea
2580 3485 2790 3540 nonnisi
2821 3501 2886 3541 ex
2927 3485 3160 3541 Maximo
3188 3485 3351 3541 fuisse
3379 3484 3642 3556 profecta,
3668 3486 3801 3541 basi

527 3570 775 3639 equidem
817 3583 1016 3639 anceps
1040 3585 1055 3633 ;
1083 3583 1315 3637 cumque
1341 3568 1462 3624 inde
1487 3569 1621 3623 mihi
1664 3568 1733 3624 de
1762 3568 1827 3625 iis
1853 3577 2057 3624 temere
2096 3572 2435 3627 statuendum
2468 3590 2576 3629 non
2616 3588 2734 3630 esse
2770 3575 3113 3644 judicassem,
3141 3575 3382 3630 continui
3412 3576 3484 3630 ita
3513 3592 3619 3643 me,
3651 3584 3710 3631 ut
3732 3592 3802 3632 ea

526 3674 701 3728 neque
745 3646 1086 3724 allii-marem,
1144 3672 1318 3729 neque
1349 3669 1615 3730 negarem
1662 3658 1878 3714 Maximi
1932 3659 2173 3730 ejusdem
2221 3677 2358 3730 esse,
2394 3662 2778 3736 rejiceiemque
2814 3666 3037 3736 proinde
3080 3667 3133 3722 in
3179 3666 3529 3738 apoendicem
3575 3684 3802 3738 operum

534 3754 836 3809 dubiormn.

598 3844 666 3898 At
709 3845 849 3899 enim
897 3859 1018 3899 cum
1061 3843 1227 3898 multa
1275 3853 1547 3900 oostarent
1589 3846 1874 3915 quominus
1921 3847 2229 3915 extorqueri
2300 3862 2366 3903 ex
2425 3863 2510 3904 me
2569 3856 2752 3918 posset
2795 3857 2856 3904 ut
2897 3849 3148 3905 bomilias
3179 3848 3433 3917 quasdam
3480 3856 3639 3916 atque
3680 3863 3799 3903 ser-

529 3952 717 3991 mones
746 3944 838 3990 aut
885 3936 937 3989 in
982 3934 1171 4000 certis,
1204 3942 1297 3987 aut
1343 3935 1393 3987 in
1425 3935 1600 3990 dubiis
1640 3935 1854 3988 Maximi
1903 3936 2176 4005 opusculis
2215 3921 2486 3992 numerari
2529 3945 2783 4007 oportere
2811 3938 3121 4002 arbitrarer,
3171 3952 3264 3992 eas
3308 3935 3555 3990 homilias
3597 3947 3800 4004 eosque

528 4044 827 4085 sermones
851 4029 902 4082 in
933 4026 1281 4096 appendicem
1312 4027 1535 4080 alteram
1570 4020 1751 4090 retuli,
1782 4039 1903 4094 quae
1942 4035 2025 4080 est
2051 4027 2345 4092 spuriorum
2373 4044 2604 4095 cperunt.
2648 4028 2832 4096 Neque
2862 4043 3007 4090 vero,
3037 4028 3165 4095 quin
3192 4026 3243 4080 id
3273 4013 3523 4091 facerem,
3551 4040 3794 4083 commo—

528 4136 654 4177 vere
680 4135 768 4175 me
797 4119 975 4189 potuit
995 4122 1079 4177 vel
1108 4118 1352 4173 codicum
1382 4115 1740 4185 quorumdam
1769 4116 2075 4180 celebritas,
2106 4118 2193 4173 vel
2220 4117 2499 4173 doctorum
2530 4119 2734 4186 aliquot
2767 4119 3001 4173 virorum
3030 4119 3234 4186 opinio,
3262 4118 3478 4172 Maximi
3507 4133 3599 4172 eas
3628 4118 3801 4175 honzl-

526 4214 627 4268 lias
642 4226 845 4281 eosque
873 4225 1149 4266 sermones
1177 4223 1295 4263 esse
1320 4207 1596 4263 aientium.
1616 4206 1760 4272 Quas
1789 4216 1967 4262 autem
1995 4209 2065 4262 ob
2092 4223 2286 4264 causas
2313 4209 2395 4262 his
2418 4209 2665 4263 assentiri
2694 4208 3020 4278 nequiverim
3038 4245 3053 4270 ,
3083 4222 3206 4261 cum
3226 4208 3367 4262 satis
3395 4209 3446 4260 in
3487 4208 3800 4277 prtefatione

462 4288 471 4294 ’
527 4305 594 4359 ad
618 4305 841 4359 alteram
872 4303 1016 4356 illam
1046 4300 1395 4370 appendicem
1425 4299 1749 4368 explicatum
1773 4300 1862 4363 sit,
1895 4316 2000 4354 non
2032 4308 2115 4354 est
2142 4316 2239 4355 cur
2267 4316 2385 4356 esse
2411 4317 2621 4356 rursum
2649 4300 3019 4371 explicandum
3048 4306 3253 4368 putem.
3770 4320 3773 4323 ι

595 4394 714 4449 Jam
744 4394 1001 4464 opuscula
1032 4392 1248 4447 Maximi
1299 4391 1535 4446 nondum
1566 4390 1707 4446 edita
1737 4391 1930 4460 quibus
1957 4407 2021 4445 ex
2052 4391 2328 4447 codicibus
2368 4393 2690 4462 acceperim,
2720 4407 2882 4461 supra
2926 4391 3105 4446 docui.
3136 4390 3285 4449 Nunc
3312 4391 3379 4446 de
3417 4392 3618 4461 jamdiu
3642 4394 3801 4449 editis

526 4488 718 4551 dicam,
751 4495 1018 4554 quamque
1046 4486 1099 4539 in
1129 4485 1194 4540 iis
1225 4499 1433 4538 rursum
1464 4483 1795 4553 publicandis
1840 4483 2125 4539 lectionem
2155 4494 2372 4541 secutus
2419 4486 2642 4551 fuerim,
2670 4486 2935 4541 indicabo.
2968 4486 3152 4555 Itaque
3178 4486 3321 4557 quod
3351 4489 3417 4542 ad
3450 4489 3695 4547 liomilias
3732 4489 3800 4542 τι

528 4596 558 4634 a
587 4573 847 4650 Gynmico
875 4578 1125 4647 primum.
1152 4586 1265 4631 tum
1293 4592 1322 4629 a
1350 4573 1623 4631 Galesinio
1652 4576 1894 4645 vulgatas
1921 4579 2133 4645 attinet,
2179 4580 2314 4635 sciat
2351 4580 2576 4649 quisque
2603 4581 2782 4645 velim,
2828 4581 2904 4635 sic
2932 4596 3016 4635 me
3037 4580 3278 4652 Gymnici
3308 4578 3548 4647 ejusdem
3578 4579 3795 4633 lectioni

529 4670 832 4731 adluesiese,
862 4677 921 4722 ut
949 4670 1065 4737 ejus
1097 4676 1275 4720 tamen
1307 4667 1561 4720 nonnulla
1588 4675 1681 4721 aut
1708 4667 2087 4736 snppleverim,
2118 4678 2213 4724 aut
2239 4670 2591 4733 emendarim,
2623 4669 3002 4738 exegerimque
3040 4671 3107 4724 ad
3137 4670 3502 4739 probatiornm
3533 4684 3663 4721 mss.
3704 4684 3797 4721 co-

529 4755 711 4811 dicum
763 4744 941 4810 tidem.
972 4756 1029 4811 In
1077 4757 1301 4824 reliquis
1326 4756 1608 4823 vulgandis
1632 4759 1879 4827 exempla
1926 4775 2043 4813 sum
2074 4767 2290 4814 secutus
2331 4759 2624 4814 editionum
2672 4759 3050 4815 Parisiensium
3080 4777 3304 4831 operum
3334 4760 3502 4815 sancti
3533 4760 3797 4814 Ambrosii

531 4862 721 4901 annor.
755 4846 893 4900 1569
920 4856 973 4902 et
1004 4848 1160 4910 1690,
1194 4848 1588 4903 Ancedotorum
1616 4849 1890 4905 Muratorii
1922 4856 2010 4906 ab.
2046 4851 2139 4904 171
2152 4852 2203 4918 5,
2234 4860 2289 4907 et
2317 4852 2497 4908 Musaei
2528 4852 2694 4907 Italici
2725 4852 3087 4908 Mabilloniani
3116 4869 3203 4908 an.
3239 4853 3394 4907 1725.
3510 4910 3515 4914 ,

603 4940 912 4994 Extremum
941 4951 1040 5002 est,
1068 4950 1121 4994 ut
1153 4943 1381 4996 lectores
1407 4957 1652 4997 moneam
1687 4962 1699 4996 :
1723 4944 1978 5013 quidquid
2011 4947 2060 4999 in
2083 4946 2186 5000 hac
2213 4954 2394 5001 nostra
2414 4944 2651 4999 editione
2679 4945 2832 4998 bonzn
2862 4945 3042 5014 frugis,
3069 4945 3417 5013 praeclarique
3436 4952 3534 5009 est,
3561 4943 3610 4997 id
3631 4958 3799 5014 quan-

534 5043 644 5085 tum
671 5040 928 5098 quantum
960 5032 1372 5100 prnspit-ictttia‘,
1406 5032 1691 5100 vigilantia:
1716 5037 2200 5104 inuniticentircque
2224 5035 2305 5089 Pii
2326 5035 2476 5089 Sexti
2499 5036 2685 5105 optimi
2707 5035 3192 5104 sapientissimique
3219 5032 3487 5104 pontificis
3520 5043 3797 5102 acceptum

533 5134 654 5173 esse
681 5119 1038 5173 referendum.
1085 5118 1217 5173 Cum
1249 5121 1390 5173 enim
1433 5122 1562 5175 nihil
1604 5124 1650 5176 ei
1693 5124 1860 5191 magis
1889 5125 1959 5177 sit
1983 5122 2152 5188 cordi,
2182 5137 2342 5191 quam
2372 5132 2430 5177 ut
2460 5125 2638 5178 omnia
2681 5120 3001 5194 paret,'qu:e
3029 5124 3096 5178 ad
3138 5124 3448 5191 religionem
3476 5123 3797 5179 catholicam

532 5211 952 5281 propagandam,
987 5200 1382 5275 illustrandam,
1432 5212 1852 5266 confirmandam
1903 5214 2149 5266 conferre
2196 5213 2484 5281 plurimum
2505 5228 2663 5283 posse
2705 5212 3021 5279 videantur;
3071 5227 3300 5282 cumque
3344 5214 3504 5283 plane
3531 5214 3794 5282 cognorit,

524 5308 788 5370 quantum
818 5302 1069 5371 operibus
1097 5304 1266 5357 sancti
1306 5302 1520 5357 Maximi
1550 5304 1616 5358 ad
1646 5319 1764 5358 eam
1796 5319 1907 5356 rem
1938 5303 2354 5370 opportunitatis
2385 5302 2549 5370 insit;
2582 5320 2688 5359 non
2717 5318 2823 5357 acre
2845 5303 3017 5358 solum
3048 5318 3341 5374 permagna
3362 5318 3489 5365 suo,
3521 5303 3616 5358 sed
3650 5300 3796 5356 omni

531 5391 699 5446 etiam
724 5390 1102 5453 sollicitudine,
1136 5393 1430 5460 diligentia,
1462 5394 1659 5455 studio,
1693 5403 1751 5445 ut
1794 5392 2026 5459 undique
2055 5391 2451 5458 colligerentur,
2494 5377 2925 5459 emendarentnr,
2973 5394 3384 5457 illustrarentur,
3420 5398 3559 5463 typis
3586 5391 3794 5459 magni-

530 5479 631 5537 Iice
654 5481 1064 5548 excuderentur,
1099 5484 1478 5552 prmlireutquc
1500 5484 1551 5537 in
1580 5483 1843 5551 publicam
1875 5482 2064 5546 lucem,
2094 5482 2319 5535 curavit.
2352 5482 2522 5546 Quem
2551 5486 2765 5552 quidem
2795 5484 3102 5555 pontiﬁcem
3131 5488 3512 5540 sanctissimum
3535 5480 3796 5538 dominum

529 5583 762 5628 nostrum
790 5571 931 5627 Deus
964 5582 1165 5628 creator
1192 5575 1419 5627 omnium
1468 5579 1728 5625 conserret
1768 5571 2048 5638 longrrrmn
2092 5570 2161 5626 ad
2200 5580 2496 5625 sanctarum
2540 5573 2650 5639 ejus
2679 5572 3029 5627 Erclesiarum
3073 5583 3122 5627 et
3154 5572 3458 5627 orthodoxae
3483 5573 3609 5640 ﬁdei
3644 5572 3804 5624 stabi-

530 5663 723 5719 litatem
769 5664 867 5733 (τι).

599 5754 678 5818 (α)
709 5754 954 5828 Episcopi
991 5755 1173 5811 insulm
1201 5754 1359 5823 Cypri
1391 5752 1544 5823 epist.
1592 5749 1655 5809 ad
1686 5758 1927 5803 sanctum
1975 5750 2314 5809 Theodorum
2353 5766 2567 5823 papam,
2613 5769 2731 5819 qum
2774 5760 2949 5807 exstat
2988 5754 3039 5806 in
3079 5751 3226 5807 Actis
3254 5751 3457 5809 Concil.
3493 5750 3671 5806 Later.
3697 5749 3795 5806 sub
