4050 6356
265 411 321 471 υ
1688 410 2050 467 ι’ΒιΕνΑτιυ
3459 411 3535 469 42

1679 634 1923 712 PARS
1998 635 2096 712 ΙΙ.

518 768 668 847 Qua
690 777 781 832 est
811 769 887 833 de
913 767 1205 832 doctrina
1229 767 1527 841 Maximi,
1564 767 1753 848 deque
1785 748 2036 852 caeteris
2055 768 2127 852 de
2156 768 2379 851 quibus
2409 787 2530 830 esse
2562 785 2676 830 nos
2704 771 2773 832 in
2805 769 3265 852 Prolegomenis

1548 854 1804 910 acturos
1823 850 2252 928 promisimus.

278 968 283 973 ’
340 968 545 1043 [xxxix]
572 969 616 1026 l.
645 970 725 1028 Ac
749 969 818 1026 de
850 978 1035 1027 nostra
1061 970 1274 1042 quidem
1299 967 1677 1040 opusculorum
1705 966 1923 1023 Maximi
1957 969 2293 1036 collectione,
2329 970 2397 1027 de
2432 970 2680 1027 subsidiis
2705 989 2825 1043 qua:
2864 975 3020 1030 nobis
3048 976 3163 1044 ejus
3190 973 3525 1047 perﬁciendae

262 1078 424 1120 causa
459 1063 788 1133 paravimus,
823 1062 999 1133 deque
1035 1063 1224 1119 ordine
1262 1077 1423 1133 quem
1452 1061 1507 1117 in
1535 1056 1599 1117 ea
1625 1060 1955 1131 disponenda
1984 1072 2145 1134 atque
2175 1064 2483 1120 adornanda
2510 1067 2680 1121 secuti
2711 1082 2912 1132 smnus,
2945 1068 3224 1125 hactenus.
3256 1071 3443 1127 Restat
3471 1079 3532 1126 ut

264 1157 333 1214 de
356 1159 527 1216 sancti
552 1158 794 1229 ejusdem
829 1158 1062 1228 episcopi
1097 1157 1342 1215 doctrina
1371 1156 1545 1228 deque
1573 1156 1779 1212 caeteris
1806 1168 1971 1224 agam
1989 1195 2003 1220 ,
2036 1156 2104 1213 de
2130 1156 2324 1227 quibus
2362 1173 2449 1213 me
2478 1158 2531 1213 in
2558 1159 2952 1230 prolegomenis
2976 1160 3239 1217 dicturmn
3267 1163 3535 1233 promise-

264 1268 398 1308 ram.
446 1253 579 1321 Qua:
606 1243 787 1308 autem
815 1253 953 1308 tanti
994 1252 1096 1307 viri
1123 1252 1367 1308 doctrina
1396 1251 1553 1308 luerit
1571 1291 1587 1318 ,
1615 1266 1777 1321 quam
1803 1251 2095 1317 excellens,
2127 1267 2287 1322 quam
2315 1253 2598 1323 exquisita,
2628 1270 2789 1326 quam
2818 1263 2943 1325 apte
2972 1254 3040 1309 ad
3067 1269 3217 1310 sacra
3246 1253 3436 1320 Biblia,
3463 1252 3534 1309 ad

265 1347 609 1405 traditionem
626 1389 641 1414 ,
683 1347 753 1403 ad
778 1345 1030 1406 Ecclesia:
1054 1346 1271 1403 decreta
1289 1384 1304 1411 ,
1334 1361 1493 1418 quam
1519 1345 1770 1402 distincte
1797 1361 2066 1416 quamque
2093 1348 2358 1418 explicate
2385 1348 2452 1403 ab
2480 1363 2547 1403 eo
2575 1348 2825 1404 adversus
2851 1351 3106 1421 profanas
3145 1349 3535 1403 sententiarum

268 1455 543 1512 vocumque
585 1440 839 1495 novitates
866 1438 1137 1510 proptisita
1156 1478 1172 1504 ,
1202 1453 1271 1494 ex
1298 1437 1414 1508 ejus
1439 1436 1693 1505 homiliis,
1723 1436 2062 1493 sermonibus
2102 1437 2433 1509 reliquisque
2459 1438 2727 1509 opusculis
2751 1440 3002 1508 cognosci
3030 1438 3167 1494 adeo
3195 1437 3535 1509 perSpicique

271 1540 470 1602 potest,
499 1532 631 1591 nihil
658 1540 717 1586 ut
741 1530 811 1587 ad
838 1529 1352 1587 eam‘illustrandam
1379 1536 1566 1586 nostra
1594 1530 1665 1586 sit
1695 1545 1832 1601 opus
1860 1532 2124 1588 oratione.
2166 1533 2285 1600 Quo
2314 1550 2444 1590 sane
2490 1534 2660 1605 magis
2686 1534 2941 1599 admiror,
2969 1535 3271 1599 hominem,
3302 1534 3396 1605 qui
3422 1548 3534 1588 non

271 1623 524 1680 adversm
548 1623 829 1680 haereticos
856 1638 923 1678 ex
950 1622 1192 1679 instituto
1219 1623 1487 1689 scribere,
1517 1622 1614 1679 sed
1656 1621 1725 1679 de
1767 1623 1993 1679 colenda
2029 1626 2258 1692 virtute,
2288 1642 2352 1682 ac
2396 1627 2597 1698 pietate
2643 1628 2913 1684 orationes
2941 1629 3008 1683 ad
3037 1628 3293 1699 populum
3332 1628 3534 1684 habere

270 1714 610 1781 instituisset,
643 1723 752 1772 tam
780 1721 1032 1770 accurate
1058 1714 1127 1769 de
1153 1714 1554 1777 sublimioribus
1581 1714 1897 1771 orthodoxae
1936 1716 2209 1785 religionis
2251 1720 2549 1790 mysteriis,
2581 1727 2689 1775 tam
2717 1736 2899 1791 presse
2927 1716 3114 1777 contra
3158 1722 3372 1776 inventa
3402 1737 3530 1792 per-

262 1823 521 1880 versaque
559 1808 808 1881 dogmata
838 1809 1235 1873 htereticorum,
1268 1815 1379 1863 tam
1408 1807 1476 1863 ad
1504 1807 1909 1877 intelligentiam
1939 1808 2108 1879 plebis
2148 1825 2308 1881 quam
2352 1810 2613 1875 docebat,
2662 1813 3065 1869 accommodate
3092 1812 3404 1868 disseruisse
3422 1852 3436 1877 ,
3476 1820 3536 1868 ut

260 1902 389 1959 nihil
415 1901 703 1959 desiderari
731 1917 891 1972 supra
926 1916 1088 1972 posse
1111 1901 1377 1957 videatur.

327 1992 390 2048 ll.
565 1993 634 2050 de
660 1994 919 2087 mysterio
944 1991 1223 2087 Trinitatis
1238 1993 1339 2087 sic
1356 1992 1448 2087 ille
1461 1992 1582 2087 agit
1599 2033 1613 2060 ,
1640 2000 1699 2047 ut
1736 2008 2050 2087 quanquan
2070 1996 2287 2053 hrevnus
2316 1998 2485 2053 multo
2512 2012 2675 2067 quam
2700 1998 3054 2063 Athanasius,
3082 1997 3314 2056 Hilarius
3331 2040 3345 2067 ,
3379 1999 3533 2057 Basi-

260 2086 381 2152 lius,
414 2085 738 2155 Augustinus
777 2086 977 2154 aliique
1004 2084 1191 2140 Patres
1220 2084 1737 2141 Antitrinitariorum
1764 2084 2181 2154 oppugnatores,
2206 2095 2263 2141 at
2289 2103 2441 2157 teque
2476 2095 2657 2143 tamen
2697 2088 2865 2143 solide
2894 2097 3249 2158 accurateque
3276 2089 3533 2161 disputet.

260 2179 393 2235 Nam
420 2194 671 2235 sermone
698 2177 786 2245 48,
817 2181 909 2247 qui
940 2188 1020 2234 est
1047 2178 1073 2232 1
1107 2180 1171 2233 de
1209 2178 1531 2245 Pentecoste,
1558 2191 1681 2247 pag.
1714 2175 1819 2232 5‘25
1843 2197 1856 2231 :
1884 2176 2145 2244 Quorum,
2178 2179 2380 2248 inquit,
2411 2181 2635 2234 indivisa
2664 2191 2784 2233 sunt
2811 2199 3046 2245 munera,
3072 2191 3148 2236 est
3184 2184 3356 2253 utique
3393 2185 3535 2238 inse-

260 2280 448 2339 parata
472 2271 756 2325 Divinitas.
780 2270 932 2335 Quod
950 2287 1069 2325 vero
1096 2271 1390 2342 ingreditur
1411 2270 1643 2340 Spiritus
1669 2270 1727 2321 in
1749 2285 1876 2339 quos
1896 2269 2095 2322 habitat
2119 2270 2372 2331 Christus,
2401 2288 2503 2327 non
2530 2273 2602 2325 eis
2631 2273 2699 2324 ad
2729 2271 2950 2325 Deitatis
2972 2274 3153 2326 crescit
3181 2284 3534 2345 augmentum,

264 2362 354 2415 sed
383 2361 451 2415 ad
478 2362 634 2432 ﬁdem
660 2364 865 2434 proﬁcit
890 2365 1131 2417 unitatis.
1167 2402 1182 2417 .
1210 2405 1222 2417 .
1252 2404 1264 2416 .
1293 2403 1307 2416 .
1337 2362 1469 2418 Hac
1495 2372 1591 2427 est,
1620 2369 1677 2414 ut
1704 2362 1978 2427 credimus,
2010 2362 2448 2433 incomprehensa:
2476 2362 2787 2434 dispensatio
2818 2362 3107 2429 Trinitatis,
3134 2372 3189 2417 ut
3219 2381 3334 2418 cum
3357 2368 3537 2422 omnia
3568 2384 3571 2389 '

264 2451 419 2507 simul
442 2451 624 2515 Pater,
654 2461 703 2506 et
728 2451 921 2518 Filius,
952 2460 1003 2507 et
1030 2452 1261 2524 Spiritus
1289 2464 1500 2509 sanctus
1526 2454 1758 2527 ejusdem
1802 2453 2030 2509 Deitatis
2080 2452 2265 2522 e/fectu
2311 2451 2726 2522 inseparabiliter
2764 2462 3067 2524 operentur;
3096 2456 3333 2526 quwdam
3363 2468 3537 2514 tamen

262 2540 554 2612 specialiter
581 2558 616 2595 a
641 2542 862 2613 singulis
893 2540 1203 2597 tribuantur.
1230 2582 1244 2596 .
1270 2581 1286 2596 .
1318 2583 1332 2597 .
1364 2543 1502 2616 quod
1526 2530 1745 2615 prtestat
1774 2544 2023 2616 Spiritus,
2068 2552 2283 2614 prtestat
2319 2551 2371 2596 et
2396 2542 2575 2609 Pater,
2606 2545 2691 2616 qui
2722 2543 3014 2615 (Spiritus)
3047 2554 3206 2600 totum
3233 2563 3345 2601 cum
3374 2548 3538 2604 Patre

262 2632 444 2701 habet;
471 2636 559 2707 qui
590 2643 726 2690 totus
752 2652 955 2707 semper
982 2652 1027 2689 α’
1042 2634 1207 2692 Patre
1230 2636 1490 2708 procedit;
1517 2648 1567 2692 et
1608 2638 1745 2710 quod
1770 2645 1986 2710 prastat
2012 2653 2130 2691 cum
2167 2635 2326 2691 Patre
2366 2635 2616 2707 Spiritus,
2648 2645 2863 2707 praestat
2904 2647 2957 2713 et
2985 2635 3033 2690 F
3038 2640 3176 2704 ilius,
3201 2643 3443 2713 quoniam
3472 2644 3538 2698 de

261 2725 441 2782 eodem
466 2725 629 2781 Patre
653 2735 808 2781 natus
836 2734 915 2781 est
941 2725 1133 2794 Filius,
1162 2745 1197 2782 a
1221 2746 1320 2801 quo
1346 2730 1576 2799 procedit
1603 2737 1656 2784 et
1683 2729 1930 2801 Spiritus.
1962 2730 2049 2784 Ait
2083 2731 2219 2785 enim
2257 2728 2493 2784 Christus
2533 2746 2550 2783 :
2594 2724 2782 2807 omnia
2831 2710 2950 2799 qua:
2998 2731 3159 2787 habet
3204 2710 3365 2789 Pater
3413 2752 3535 2791 mea

260 2827 407 2874 sunt.
451 2817 511 2874 Si
549 2819 725 2873 omnia
759 2834 874 2891 qua:
916 2819 1068 2873 habet
1094 2818 1278 2886 Pater,
1320 2819 1450 2875 Filii
1476 2828 1630 2888 sunt,
1662 2837 1783 2893 ergo
1810 2820 2022 2892 etquod
2052 2820 2283 2890 Spiritus
2311 2818 2496 2885 habet,
2527 2835 2643 2873 cum
2671 2817 2834 2873 Patre
2875 2829 2925 2874 et
2961 2818 3103 2876 Filio
3131 2839 3395 2879 commune
3436 2834 3533 2880 est.

260 2910 330 2966 Et
356 2910 475 2966 ideo
496 2927 712 2981 quorum
737 2910 792 2964 in
822 2912 1031 2966 nomine
1052 2911 1196 2967 nulla
1226 2911 1408 2967 divisio
1435 2921 1531 2978 est,
1558 2929 1664 2966 una
1686 2926 1864 2968 eorum
1889 2912 1943 2966 in
1971 2911 2113 2966 omni
2134 2911 2453 2983 operatione,
2477 2920 2527 2965 et
2549 2911 2785 2966 voluntas
2807 2912 3062 2967 credenda
3088 2924 3183 2981 est,
3210 2925 3259 2969 et
3285 2927 3533 2987 potestas.

186 3018 189 3021 λ
263 3000 353 3057 Sic
381 3002 542 3074 igitur
569 3002 626 3056 in
653 3003 761 3056 suis
788 3001 1029 3072 ﬁdelibus
1061 3003 1286 3059 ctelestia
1312 3002 1543 3059 Trinitas
1563 3006 1765 3078 peragit
1792 3013 2147 3069 sacramenta,
2177 3014 2235 3058 ut
2260 3006 2488 3077 quamvis
2509 3006 2732 3059 discreta
2758 3005 2985 3060 rideatur
3010 3010 3258 3079 operatio,
3286 3010 3535 3067 indiscre-

263 3102 371 3149 tum
401 3103 573 3149 tamen
614 3092 861 3166 probetur
888 3092 1003 3169 [ιι]
1033 3097 1355 3167 mysterium.
1390 3094 1509 3151 Una
1536 3098 1710 3169 itaque
1736 3094 1881 3150 Filio
1910 3113 1971 3149 ac
2000 3096 2220 3167 Spiritui
2264 3106 2443 3151 sancto
2486 3113 2604 3151 cum
2628 3095 2793 3151 Patre
2819 3105 2894 3151 est
2926 3096 3122 3164 Deitas,
3155 3086 3274 3172 quia
3315 3104 3449 3157 sicut
3476 3105 3537 3157 de

259 3186 375 3254 Deo
404 3188 552 3243 nasci
578 3205 683 3243 non
711 3188 894 3259 potuit,
926 3188 1029 3243 nisi
1054 3186 1232 3256 Deus,
1276 3190 1353 3243 ita
1380 3187 1592 3243 dubium
1630 3205 1735 3243 non
1772 3195 1850 3243 est
1886 3204 1997 3242 esse
2038 3186 2223 3252 Deum,
2266 3188 2353 3260 qui
2389 3188 2619 3259 procedit
2646 3205 2679 3241 a
2708 3185 2837 3244 Deo.
2872 3187 3107 3268 Qualiter
3134 3200 3303 3245 autem
3340 3192 3404 3247 ab
3434 3211 3539 3249 uno

262 3276 543 3351 eodemque
563 3280 745 3345 Patre,
775 3288 824 3335 et
851 3278 1044 3345 Filius,
1074 3279 1162 3353 qui
1188 3290 1329 3349 erat,
1361 3290 1515 3335 natus
1553 3282 1655 3346 sit;
1685 3288 1735 3335 et
1773 3279 2021 3351 Spiritus,
2052 3280 2142 3348 qui
2170 3289 2321 3334 natus
2353 3297 2457 3333 non
2502 3289 2610 3346 est,
2655 3280 2933 3350 procedat,
2981 3282 3081 3334 nisi
3125 3282 3221 3335 soli
3265 3282 3543 3338 Divinitati

266 3380 449 3425 uotum
476 3379 570 3438 est,
597 3387 713 3443 quae
748 3379 804 3422 ut
828 3378 904 3425 est
933 3370 1067 3437 sola,
1102 3387 1159 3426 se
1195 3372 1357 3426 novit.
1380 3370 1550 3427 Nemo
1577 3369 1743 3434 enim,
1774 3371 1907 3424 sicut
1945 3370 2132 3423 lectum
2151 3378 2248 3434 est,
2280 3368 2432 3424 novit
2460 3366 2693 3433 Patrem,
2725 3370 2825 3425 nisi
2854 3369 3035 3423 Filius.
3072 3367 3223 3433 Quod
3251 3389 3373 3444 ergo
3403 3377 3543 3429 novit

269 3460 460 3530 Filius,
491 3464 631 3520 novit
650 3471 699 3518 et
728 3462 973 3534 Spiritus,
1007 3464 1088 3518 cui
1114 3480 1228 3518 cum
1259 3461 1422 3529 Filio,
1449 3470 1500 3517 et
1525 3461 1689 3517 Patre
1706 3477 1867 3517 unum
1893 3452 2099 3527 nomen,
2130 3476 2192 3514 ac
2219 3476 2325 3514 una
2352 3469 2428 3515 est
2458 3459 2655 3514 Deitas.
2682 3458 2886 3514 Eodem
2907 3468 3153 3529 spectant
3180 3476 3297 3530 qua:
3326 3476 3542 3518 sanctus

269 3559 387 3628 ipse
417 3558 644 3612 antistes
671 3558 1008 3628 persequitur
1036 3572 1199 3613 serm.
1232 3555 1318 3625 51,
1349 3558 1442 3627 qui
1470 3564 1555 3613 est
1582 3557 1645 3613 de
1664 3556 1970 3612 Pentecoste
1998 3555 2057 3635 4,
2081 3569 2203 3626 pag.
2230 3552 2353 3619 530,
2377 3570 2485 3623 quo
2511 3554 2628 3608 loco
2649 3552 2836 3606 Filium
2854 3594 2868 3618 ,
2893 3553 3254 3623 Spiritmnquc
3275 3563 3543 3624 sanctum,

268 3655 431 3717 atque
459 3647 595 3702 adeo
624 3645 840 3700 Patrem
874 3645 1154 3701 indiscreta
1188 3646 1458 3717 majestate
1478 3663 1699 3718 regnare
1723 3645 1939 3709 scribit;
1972 3652 2029 3698 et
2053 3659 2216 3697 serm.
2250 3638 2334 3709 52,
2367 3645 2430 3696 de
2458 3642 2758 3696 Pentecoste
2786 3642 2837 3710 5,
2870 3657 2989 3713 pag.
3023 3643 3145 3705 53:2,
3174 3645 3261 3699 ubi
3290 3665 3300 3698 :
3335 3646 3540 3713 Mutua,

276 3740 471 3810 inquit,
495 3740 710 3794 invicem
733 3756 787 3795 se
811 3740 1138 3794 attestatione
1175 3740 1557 3809 prwnuntiant,
1598 3744 1655 3789 ut
1680 3752 1840 3789 unum
1863 3751 1993 3801 esse,
2021 3751 2183 3789 unum
2209 3734 2350 3798 velle,
2380 3743 2431 3787 et
2471 3750 2630 3788 unum
2655 3751 2853 3805 semper
2879 3753 3030 3806 posse
3058 3738 3352 3794 credantur.
3387 3782 3397 3794 .
3425 3778 3437 3796 .
3474 3781 3485 3793 .
3519 3782 3533 3795 .

268 3832 402 3888 Hcce
426 3832 623 3887 idcirco
651 3841 951 3886 sanctarum
973 3831 1369 3902 Scripturarum
1397 3820 1705 3883 testimoniis
1737 3826 2026 3891 edocemur,
2064 3834 2121 3880 ut
2156 3842 2504 3896 personarum
2544 3823 2689 3880 nobis
2720 3826 3004 3882 indiscreta
3032 3830 3236 3901 quidem
3262 3833 3535 3901 majestas,

270 3927 361 3983 sed
390 3927 645 3983 distincta
671 3928 973 3997 proprietas
994 3920 1267 3979 reveletur.
1302 3920 1445 3977 Nam
1481 3931 1730 3996 quantum
1756 3921 1827 3976 ad
1856 3920 2076 3976 Deitatis
2104 3922 2325 3992 pertinet
2366 3922 2639 3985 unitatem,
2678 3921 2733 3973 in
2775 3920 2925 3975 verba
2955 3920 3133 3977 Patris
3162 3940 3442 3979 consensus
3466 3933 3545 3978 est

270 4014 530 4088 Spiritus,
560 4025 610 4070 et
636 4017 692 4070 in
714 4031 948 4070 sermone
970 4013 1198 4086 Spiritus
1226 4013 1463 4067 voluntas
1483 4018 1560 4067 est
1589 4011 1790 4066 Patris.
1835 4010 1963 4077 Quis
1996 4012 2132 4064 enim
2173 4009 2427 4081 Spiritum
2456 4018 2712 4076 sanctum,
2743 4012 2846 4065 nisi
2886 4014 3018 4084 forte
3046 4023 3135 4066 aut
3161 4015 3346 4086 impius
3376 4016 3543 4071 [mare-

269 4111 421 4178 ticus,
455 4117 547 4165 aut
571 4109 803 4181 perﬁdus
826 4106 1041 4162 Iudaeus
1071 4106 1273 4161 dubitat
1300 4123 1411 4161 esse
1440 4104 1750 4161 Deum
1778 4101 1905 4168 Quis
1930 4104 2079 4158 illum
2106 4092 2181 4158 ita
2207 4104 2416 4159 demens
2444 4102 2666 4175 abnegat
2694 4101 2878 4170 Deum,
2909 4106 2962 4158 in
2993 4122 3139 4177 quem
3166 4105 3544 4178 blasphemassc

265 4207 342 4261 ita
368 4211 450 4259 est
468 4204 705 4274 impium,
735 4208 885 4271 atque
913 4200 1255 4273 mortiferum,
1286 4207 1345 4254 ut
1372 4198 1781 4270 blasphemantis
1823 4205 2090 4268 peccatum
2136 4195 2281 4251 nulla
2306 4196 2456 4250 venia
2494 4193 2864 4266 subsequatur?
2892 4190 3022 4262 llic,
3054 4199 3285 4271 inquam,
3316 4199 3544 4270 Spiritus

265 4303 481 4355 sanctus
507 4292 791 4366 procedens
819 4309 850 4345 a
881 4290 1061 4356 Patre,
1092 4291 1377 4361 promissus
1404 4306 1437 4342 a
1462 4286 1604 4344 Filio
1628 4288 1766 4343 dona
1793 4287 1975 4360 gloria:
2000 4303 2110 4343 sua:
2136 4288 2194 4342 in
2220 4286 2480 4359 apostolos
2510 4284 2703 4341 Christi
2728 4297 2804 4341 est
2831 4286 3075 4360 dignatus
3102 4289 3396 4360 infundere,
3432 4299 3543 4349 etc.

268 4389 335 4446 Et
363 4403 530 4446 serm.
557 4384 645 4451 55,
679 4384 740 4438 de
767 4381 1074 4437 Pentecoste
1103 4379 1156 4447 6,
1188 4396 1309 4452 pag.
1342 4378 1448 4435 5'55
1472 4398 1484 4433 :
1528 4378 1758 4451 Spiritus
1785 4390 1993 4435 sanctus
2014 4387 2091 4435 est
2115 4378 2366 4459 indivisus
2394 4396 2427 4432 a
2455 4377 2636 4444 Patre,
2666 4387 2716 4433 et
2744 4377 3070 4450 inseparatus
3098 4397 3131 4434 a
3173 4379 3337 4445 Filio,
3362 4383 3548 4452 quibus

265 4484 461 4556 utique,
509 4481 644 4536 sicut
671 4494 835 4533 sacra:
862 4476 1097 4532 lectionis
1125 4474 1298 4547 ﬁdelis
1340 4490 1509 4529 sermo
1537 4490 1633 4528 nos
1675 4474 1883 4540 edocet,
1912 4491 2017 4529 non
2062 4480 2154 4528 est.
2183 4472 2239 4526 in
2280 4472 2464 4526 virtute
2508 4471 2790 4538 distantia,
2819 4479 2929 4527 etc.
2974 4471 3113 4526 Item
3151 4473 3213 4526 de
3253 4477 3423 4547 seipse
3470 4477 3546 4528 ait

268 4574 520 4632 Salvator
542 4589 561 4627 :
591 4569 706 4641 Ego
734 4585 852 4627 sum
881 4569 985 4633 via,
1019 4566 1238 4634 vernas,
1268 4574 1324 4622 et
1346 4566 1478 4621 vita.
1521 4564 1636 4639 Ego
1675 4583 1822 4631 sum,
1854 4567 2052 4639 inquit,
2100 4566 2306 4620 veritas.
2337 4562 2400 4618 Si
2426 4581 2549 4635 ergo
2574 4562 2777 4629 Filius,
2822 4565 2908 4634 qui
2935 4565 3121 4617 veritas
3147 4571 3256 4630 est,
3288 4564 3546 4639 Spiritum

268 4665 456 4721 asserit
481 4656 599 4719 esse
626 4662 879 4723 veritatis,
910 4659 1024 4731 quis
1046 4658 1196 4713 illum
1222 4674 1415 4730 negare
1438 4657 1630 4727 poterit
1668 4656 1864 4723 Deum,
1904 4658 2009 4711 nisi
2050 4658 2136 4726 qui
2161 4657 2365 4710 veritati
2403 4655 2466 4708 de
2493 4655 2705 4708 veritate
2732 4669 2838 4708 non
2866 4652 3065 4707 credit?
3092 4652 3276 4727 Itaque
3316 4655 3546 4730 Spiritu.

268 4752 414 4814 verus
442 4766 523 4813 est
555 4753 711 4818 Deus,
746 4769 897 4826 quem
920 4750 1152 4806 Christus
1191 4758 1243 4804 et
1279 4764 1311 4803 a
1351 4749 1514 4804 Patre
1538 4748 1835 4822 procedere,
1878 4757 1927 4801 et
1948 4764 1981 4800 a
2006 4763 2061 4799 se
2089 4745 2395 4799 mittendum
2422 4745 2538 4821 pari
2565 4746 2889 4818 professione
2918 4754 3152 4802 testatur.
3184 4747 3350 4806 Mittit
3372 4762 3545 4810 autem

269 4847 365 4905 De;
397 4847 575 4904 Filius
611 4844 869 4917 Spiritum
892 4840 1071 4896 Patris
1098 4842 1212 4907 sui;
1241 4842 1430 4908 mittit,
1478 4857 1586 4895 non
1613 4847 1760 4910 quast
1790 4838 2110 4891 obedientem
2133 4846 2409 4907 prwcepto,
2436 4835 2528 4891 sed
2554 4837 2794 4909 mysterio
2820 4839 3238 4896 concordantem.
3268 4840 3340 4897 Et
3362 4842 3426 4899 ob
3448 4845 3545 4902 hoc

268 4942 376 5012 ipse
400 4939 637 5014 Spiritus
664 4936 945 5010 procedens
973 4951 1005 4989 a
1028 4934 1187 4989 Patre
1208 4936 1437 5006 sequitur
1455 4934 1648 4988 missus
1675 4948 1709 4985 a
1730 4929 1895 4997 Filio,
1918 4947 1982 4985 ne
2005 4938 2095 4983 aut
2124 4929 2268 4985 aliud
2294 4947 2404 4984 esse
2440 4946 2595 5003 quam
2620 4930 2785 4986 Pater
2802 4940 2906 4999 est,
2950 4942 3040 4988 aut
3074 4936 3356 5007 quidquam
3380 4938 3546 4995 ἀίων,

272 5048 384 5086 sum
409 5031 563 5097 velle,
592 5044 750 5103 quam
788 5028 893 5082 vult
929 5023 1100 5080 Filius
1118 5066 1133 5090 ,
1165 5025 1475 5080 crederetur.
1502 5022 1729 5094 Propter
1765 5022 1932 5096 quod,
1960 5026 2179 5096 fratres,
2211 5025 2323 5097 sine
2348 5027 2675 5081 cunctatione
2702 5026 2970 5094 clarescit,
3011 5045 3173 5084 unam
3197 5047 3311 5087 esse
3342 5030 3543 5102 Patris,

271 5112 329 5173 et
356 5119 507 5186 Filii,
539 5127 592 5173 et
618 5116 849 5188 Spiritus
870 5116 1037 5171 sancti
1061 5114 1395 5170 voluntatem.
1428 5111 1538 5170 Sed
1564 5114 1763 5169 nimius
1790 5129 1985 5182 essem,
2013 5115 2059 5170 si
2086 5116 2265 5171 omnia
2305 5131 2425 5186 quae
2444 5115 2521 5187 de
2560 5126 2757 5173 sancta:
2798 5116 3074 5178 Trinitatis
3107 5124 3365 5196 mysterio
3395 5140 3546 5183 com~

272 5212 462 5285 plexus
492 5210 714 5282 egregie
739 5208 1001 5265 Maximus
1026 5216 1128 5276 est,
1160 5212 1353 5269 vellem
1380 5207 1705 5265 describere.
1734 5208 1906 5264 Venio
1934 5208 2003 5264 ad
2029 5207 2417 5265 Incamationis
2439 5211 2771 5281 mysterium.

341 5306 428 5364 Ill.
459 5306 618 5363 Haud
646 5306 822 5361 minus
845 5314 1096 5361 accurate
1122 5303 1388 5362 Maximus
1413 5319 1575 5375 quam
1602 5301 1834 5377 Cyrillus
1860 5302 2273 5369 Alexandrinus,
2298 5319 2460 5374 quam
2499 5303 2610 5360 Leo
2631 5303 2854 5374 Magnus
2870 5345 2887 5372 ,
2911 5320 3074 5377 quam
3113 5308 3205 5364 alii
3244 5310 3338 5380 qui
3363 5310 3545 5366 medio

276 5385 463 5473 quinto
490 5399 694 5459 saeculo
726 5406 917 5454 contra
944 5396 1251 5454 Nestorium
1276 5406 1333 5454 et
1375 5396 1675 5470 Eutychem
1718 5395 2103 5452 haeresiarchas
2122 5411 2130 5418 ‘
2148 5411 2247 5466 pro
2290 5396 2541 5466 dogmate
2586 5396 2889 5454 orthodoxe
2933 5410 3267 5470 pugnarmit,
3307 5402 3542 5471 scripsit.

278 5489 495 5551 Factam
523 5492 672 5549 enim
698 5492 753 5547 in
778 5482 1009 5562 persona
1038 5489 1205 5547 divini
1228 5489 1413 5560 Verbi,
1440 5505 1540 5547 seu
1563 5489 1686 5547 Filii
1706 5488 1842 5565 [xu]
1870 5488 2125 5546 unionem
2144 5488 2371 5546 duarum
2395 5496 2732 5559 naturarum,
2759 5491 2952 5548 divinat
2978 5494 3182 5551 scilicet
3201 5503 3258 5551 et
3274 5495 3543 5559 hmnanae,

277 5698 466 5770 sancto
488 5690 725 5770 Martinp
752 5705 839 5745 an.
869 5689 1000 5770 649,
1025 5689 1228 5770 action.
1255 5688 1310 5759 2,
1339 5703 1463 5770 pag.
1495 5688 1618 5770 πῃ,
1646 5695 1791 5770 tom.
1807 5687 1876 5770 lli

1945 5689 2194 5770 oncilior.
2223 5687 2354 5770 edit.
2379 5688 2554 5770 Paris.
2588 5704 2680 5770 an.
2704 5689 2846 5770 ηυγ
2871 5710 2884 5746 :
2917 5702 2981 5770 σο-
3001 5695 3144 5770 Osis,
3177 5690 3544 5770 inamoena;

278 5771 378 5819 τῶν
397 5763 637 5843 usus?»
674 5760 966 5843 διᾳτηρήσοι
990 5766 1287 5843 μακραίωνα
1324 5759 1675 5837 finiturﬁnitur
1698 5764 1838 5833 ἡμῶν
1866 5759 2136 5829 δεσπότην,
2167 5762 2298 5837 πρὸς
2326 5766 2583 5820 σύστασιν
2616 5768 2715 5818 τῶν
2741 5762 2897 5834 ἁγίων
2925 5766 3082 5821 αὑτοῦ
3108 5759 3435 5833 Eminentia;
3451 5759 3544 5816 {tul

279 5832 662 5911 τῆςόρθοδόξον
690 5836 931 5894 πίστεως.
990 5832 999 5835 ⁷
1094 5832 1106 5843 ’
1580 5832 1591 5837 ⁷
1916 5894 1923 5899 ,

642 5920 910 5984 Panos.
956 5921 1144 5986 LVII.

3156 5927 3195 5989 2
