4050 6356
509 405 579 464 48
1949 397 2328 458 PREFATIO.
3723 397 3832 458 u

509 521 582 578 ita
611 531 670 577 ut
699 537 803 579 una
830 523 884 578 in
911 519 1123 576 Christo
1151 534 1379 590 persona
1423 519 1530 583 sit,
1573 525 1778 572 natura:
1813 515 1960 583 duae,
1991 517 2171 580 clare,
2193 515 2477 580 distincte,
2518 521 2712 572 exacte
2733 513 2802 570 ad
2824 527 2977 570 sacra
3004 512 3198 577 Biblia,
3226 509 3294 566 ad
3315 508 3696 573 traditionem,
3729 504 3827 564 ad

403 637 410 644 υ
509 599 832 689 synodorum
860 611 1138 682 Ephesium
1164 618 1220 666 et
1246 608 1717 676 Chalcedonensis,
1760 617 1818 664 et
1855 608 1924 664 ad
1953 609 2239 680 epistolam
2264 609 2438 666 sancti
2466 606 2664 665 Leonis
2684 607 2750 664 ad
2777 607 3091 663 Flavianum
3119 605 3432 676 episcopum
3458 599 3785 657 Constanti
3813 629 3824 636 -

509 707 876 778 nopolitanum
901 704 1098 771 docet;
1150 717 1326 772 neque
1356 717 1484 758 vero
1512 717 1644 768 uno,
1675 701 1918 757 alterove
1963 701 2019 756 in
2058 701 2202 767 loco,
2243 701 2340 757 sed
2377 700 2638 772 pluribus.
2696 699 2938 770 Longum
2982 707 3065 757 est
3092 697 3319 769 proinde
3359 694 3540 751 omnia
3563 692 3698 763 ejus
3729 691 3822 748 de

508 801 754 870 dogmate
773 799 964 855 eodem
991 797 1136 856 dicta
1163 795 1432 868 persequi.
1464 793 1740 870 Perpauca
1767 793 2092 862 describam,
2123 809 2156 852 e
2181 794 2396 866 quibus,
2424 793 2553 866 quid
2581 793 2787 864 reliqua
2812 794 3010 859 ferant,
3035 791 3330 861 diiudicare
3357 788 3586 860 quisque
3614 793 3822 854 atque

507 869 743 946 statuere
773 897 888 944 tuto
915 888 1105 958 possit.
1145 885 1344 942 Homil.
1380 883 1432 953 6,
1459 901 1581 956 quae
1607 869 1703 942 est
1732 884 1757 939 l
1807 885 1870 940 de
1910 883 2200 940 Nativitate
2226 884 2466 950 Domini,
2508 898 2630 954 pag.
2664 882 2768 938 {9:
2809 881 3010 949 Hodie,
3039 882 3250 952 inquit,
3279 897 3345 934 ea:
3366 877 3560 951 virgine
3587 875 3822 931 nullius

485 984 600 1072 iniri
623 997 789 1053 gnara
821 979 1111 1035 commercii
1137 978 1290 1032 homo
1316 979 1598 1048 processit,
1631 979 1718 1050 qui
1742 977 1880 1032 Deus
1907 976 2062 1030 simul
2084 984 2190 1045 est,
2222 985 2270 1031 et
2303 976 2472 1032 homo.
2516 974 2691 1031 Hodie
2713 992 2848 1030 unus
2875 974 3105 1047 idemque
3131 971 3333 1072 carnali
3363 973 3485 1072 sine.
3511 969 3619 1026 ulla
3652 987 3820 1026 cou-

480 1063 735 1144 ‘ceptione
779 1079 932 1127 natus
970 1078 1047 1126 est
1082 1067 1224 1124 Deus
1246 1108 1261 1134 ,
1301 1075 1350 1122 et
1387 1069 1498 1123 sine
1523 1067 1630 1122 ullo
1675 1076 1953 1140 generante
1981 1069 2148 1141 factus
2176 1076 2252 1123 est
2276 1067 2446 1124 homo.
2501 1065 2660 1123 Illum
2681 1066 2744 1122 ab
2770 1078 2962 1124 aeterno
2991 1067 3163 1138 genuit
3191 1063 3364 1130 Deus;
3391 1073 3442 1118 et
3468 1064 3522 1119 in
3551 1071 3820 1134 tempore

507 1167 604 1221 Dei
633 1151 994 1237 omnipotentis
1040 1169 1286 1233 operante
1325 1162 1508 1216 virtute
1553 1165 1696 1214 casta
1733 1161 1875 1232 virgo
1925 1153 2168 1230 suscepit.
2229 1157 2402 1228 Natus
2425 1169 2507 1216 est
2545 1157 2608 1214 ab
2636 1169 2828 1216 aeterno
2856 1161 2968 1214 sine
2993 1158 3100 1213 ullo
3129 1157 3440 1213 conditionis
3477 1157 3766 1230 principio
3793 1177 3817 1226 ;

506 1265 647 1313 ortus
687 1264 763 1310 est
804 1255 858 1308 in
890 1261 1112 1324 tempore
1149 1265 1216 1306 ea:
1258 1250 1593 1306 immaculata
1621 1251 1832 1322 virgine.
1899 1248 1965 1305 In
2010 1252 2178 1322 prima
2217 1253 2488 1308 nativitate
2524 1262 2680 1307 natus
2723 1261 2802 1307 est
2847 1249 3007 1318 Deus,
3046 1253 3103 1306 in
3130 1250 3354 1306 secunda
3379 1258 3688 1322 procreatus
3725 1261 3820 1306 est

505 1348 676 1402 homo.
733 1344 849 1400 Huc
893 1344 1164 1415 pertinent
1203 1358 1323 1414 qua:
1367 1341 1508 1397 idem
1549 1341 1860 1413 complexus
1907 1347 1990 1396 est
2037 1339 2302 1399 Maximus
2347 1341 2536 1398 homil.
2587 1343 2641 1407 8,
2674 1341 2738 1399 de
2776 1341 3074 1398 'Natiuitate
3102 1336 3311 1398 Domini
3341 1339 3406 1408 5,
3438 1355 3559 1412 pag.
3596 1329 3709 1406 2a,
3751 1351 3818 1399 et

503 1437 686 1494 homil.
717 1435 770 1500 9,
799 1435 862 1491 de
889 1433 1176 1490 Nativitate
1199 1431 1411 1490 Domini
1431 1431 1484 1502 4,
1509 1448 1627 1504 pag.
1659 1431 1749 1487 24.
1794 1431 2024 1488 Rursum
2062 1432 2248 1488 homil.
2284 1431 2370 1500 10,
2403 1433 2467 1489 de
2497 1433 2784 1490 Nativitate
2805 1433 3016 1490 Domini
3060 1431 3124 1500 5,
3156 1446 3276 1505 pag.
3308 1429 3400 1505 25,
3430 1439 3534 1487 etc.
3585 1429 3810 1499 Hodie,

505 1530 694 1600 inquit,
724 1527 967 1585 Salvator
993 1526 1172 1582 mundi
1199 1543 1290 1598 per
1313 1534 1531 1582 matrem
1559 1524 1807 1580 nascendi
1836 1531 2034 1596 tempus
2062 1527 2290 1597 accepit,
2313 1529 2399 1598 qui
2429 1526 2491 1580 de
2520 1523 2680 1581 Patre
2707 1527 2995 1582 nativitatis
3023 1543 3128 1582 non
3157 1504 3308 1580 habet
3333 1504 3554 1596 icmpus.
3607 1519 3816 1580 Hodie

506 1637 597 1692 per
643 1621 899 1675 hominem
944 1617 1114 1674 Filius
1158 1615 1258 1673 Dei
1305 1618 1565 1688 ingressus
1609 1625 1684 1670 est
1730 1613 1977 1669 mundum
2003 1655 2018 1678 ,
2064 1615 2211 1686 cujus
2253 1632 2409 1669 manu
2441 1625 2560 1670 ante
2587 1616 2843 1671 hominem
2872 1617 3043 1689 factus
3071 1623 3145 1671 est
3168 1615 3416 1670 mundus.
3440 1654 3452 1668 .
3477 1653 3490 1666 .
3514 1653 3526 1666 .
3550 1654 3562 1668 .
3586 1653 3598 1667 .
3635 1611 3813 1669 Unus

505 1710 736 1782 idemque
759 1711 871 1766 sine
895 1710 1222 1786 conceptione
1261 1719 1412 1761 natus
1440 1716 1519 1762 est
1545 1705 1685 1761 Deus
1709 1746 1724 1772 ,
1773 1713 1824 1758 et
1849 1705 1961 1758 sine
2006 1712 2243 1758 creatura
2274 1707 2440 1777 {actus
2469 1713 2544 1760 est
2573 1706 2745 1760 homo.
2772 1703 2919 1760 Duas
2946 1707 3002 1760 in
3031 1702 3235 1758 Christo
3264 1703 3618 1776 generationes
3652 1705 3811 1777 legi-

503 1816 620 1860 mus
640 1843 657 1870 ,
697 1804 789 1860 sed
831 1805 888 1858 in
931 1812 1148 1858 utrauue
1189 1800 1629 1870 incomprehensa:
1655 1799 1956 1854 Divinitatis
1985 1807 2061 1853 est
2089 1799 2266 1853 virtus.
2311 1796 2392 1852 Ibi
2415 1799 2554 1852 enim
2579 1797 2725 1852 illum
2757 1813 2823 1852 ea:
2864 1797 3135 1869 semetipso
3163 1798 3340 1868 genuit
3364 1793 3522 1862 Deus,
3555 1797 3637 1850 hic
3674 1815 3810 1852 eum

503 1895 664 1964 virgo,
693 1892 798 1950 Dec
834 1903 1094 1962 sperante,
1143 1893 1394 1964 concepit.
1461 1889 1544 1946 Ibi
1587 1892 1700 1946 sine
1743 1890 1916 1954 initio,
1945 1891 2030 1944 hic
2059 1889 2171 1944 sine
2193 1888 2447 1960 exemplo.
2491 1887 2644 1956 Quod
2672 1889 2760 1944 hic
2783 1897 2961 1943 natum
2987 1905 3096 1943 esse
3119 1879 3286 1943 Deum
3313 1889 3426 1943 sine
3452 1890 3806 1960 conceptione

391 2044 396 2054 ,
503 1985 650 2050 dicit,
699 2001 766 2042 eo
792 2001 922 2041 sane
949 1985 1115 2050 dicit,
1156 1991 1218 2039 ut
1244 1983 1472 2055 genitum
1497 1997 1567 2038 ex
1599 1981 1774 2048 Patre,
1806 1990 2006 2043 natum,
2043 1995 2152 2035 non
2181 1981 2377 2053 factum
2402 1979 2593 2034 Filium
2638 1979 2857 2046 indicet,
2889 1979 3248 2049 excludatque
3277 1981 3534 2050 temporis
3563 1996 3802 2036 succes-

503 2081 716 2136 sionem
741 2077 1037 2148 quamlibet
1077 2090 1146 2131 ex
1174 2075 1292 2145 ipso
1333 2075 1464 2129 Deo.
1505 2073 1645 2128 Hinc
1673 2071 1860 2127 homil.
1892 2069 1944 2138 6,
1975 2072 2050 2138 do
2069 2069 2358 2126 Nativitate
2386 2069 2616 2137 Domini,
2649 2079 2772 2141 pag.
2804 2067 2905 2124 l9:
2942 2064 3113 2126 Natus
3142 2079 3218 2126 est
3245 2069 3310 2125 ab
3334 2080 3548 2138 reterno,
3581 2073 3794 2142 inquit,

501 2187 616 2230 SINE
643 2185 780 2228 σιω
807 2183 1138 2227 CONDITIONIS
1183 2181 1468 2234 PRINCIPIO;
1511 2180 1683 2221 ORTUS
1713 2180 1814 2220 EST
1855 2179 1908 2220 IN
1955 2179 2100 2219 TBIP

2197 2180 2202 2218 :
2231 2179 2302 2218 ex
2341 2177 2680 2218 ιωίΑσοιΑτΑ
2729 2177 2956 2220 νικσιιηε.
3003 2161 3071 2218 Et
3097 2163 3284 2218 homil.
3318 2163 3370 2230 9,
3401 2164 3464 2218 de
3492 2161 3796 2220 Natiritute

500 2263 714 2320 Domini
739 2261 794 2328 ιι,
815 2275 938 2333 pag.
968 2260 1037 2314 24
1062 2277 1074 2314 :
1109 2260 1174 2314 In
1202 2260 1310 2331 ﬁne
1328 2268 1616 2331 temporum
1643 2259 1732 2314 ille
1773 2267 1924 2314 natus
1951 2267 2031 2314 est
2077 2255 2226 2313 homo
2255 2258 2344 2330 qui
2370 2265 2494 2312 ante
2519 2257 2692 2313 omnia
2719 2257 2910 2313 siccqu
2942 2255 3249 2330 Unigenitus
3277 2259 3506 2326 procedit
3533 2275 3565 2312 α
3599 2255 3787 2314 Patre.

501 2351 674 2410 Natus
703 2352 906 2425 quidem
931 2352 1082 2407 homo
1109 2353 1166 2406 in
1191 2358 1434 2422 tempore,
1461 2351 1554 2406 sed
1576 2350 1641 2405 ab
1665 2360 1858 2407 wterno
1887 2349 2046 2404 Deus.
2089 2347 2244 2417 Quod
2276 2359 2458 2406 autem
2487 2349 2762 2420 adjungit:
2793 2350 2908 2405 sine
2929 2359 3138 2406 creante
3165 2354 3434 2424 [αδετις-εει
3463 2352 3634 2419 homo,
3672 2369 3790 2408 ron

499 2447 606 2502 alo
641 2454 852 2517 spectat
895 2461 1056 2515 quam
1083 2451 1142 2498 ut
1169 2443 1450 2514 signiﬁcet,
1481 2459 1590 2500 non
1615 2461 1773 2517 opera
1802 2444 1916 2508 viri,
1944 2459 2042 2498 seu
2067 2457 2174 2498 non
2206 2453 2485 2516 generante
2512 2445 2638 2510 viro,
2670 2443 2865 2500 Filium
2894 2445 2991 2501 Dei
3019 2447 3218 2503 factum
3246 2447 3548 2508 hominem.
3599 2446 3789 2516 Quare

499 2539 642 2609 quod
669 2540 772 2596 hoc
797 2538 919 2595 loco
943 2539 1122 2595 verbis
1150 2539 1318 2604 hisce,
1361 2539 1474 2594 sine
1502 2529 1728 2604 creante,
1761 2537 2048 2608 exprimit;
2081 2536 2243 2602 idem,
2274 2535 2350 2591 uti
2372 2537 2534 2606 paulo
2562 2545 2688 2591 ante
2717 2537 2966 2603 vidimus,
2995 2537 3145 2594 hisce
3165 2537 3283 2593 aliis
3302 2538 3478 2594 verbis
3509 2537 3782 2609 explicat:

499 2633 612 2687 sine
637 2638 930 2702 generante.
963 2630 1138 2702 Atque
1156 2631 1259 2686 hac
1281 2631 1395 2700 ipsa
1422 2631 1478 2686 in
1502 2631 1724 2686 homilia
1752 2641 1840 2688 τοῦ
1873 2633 1986 2687 sine
2015 2641 2222 2686 creante
2251 2633 2392 2697 loco,
2419 2631 2618 2700 legitur
2646 2631 2699 2686 in
2737 2631 2860 2687 cod.
2895 2629 3028 2686 1267
3070 2628 3358 2700 Vaticano,
3391 2647 3511 2704 pag.
3543 2631 3627 2698 90,
3661 2633 3781 2686 sine

500 2733 797 2795 generante.
853 2722 1025 2792 Quid?
1067 2725 1126 2780 Si
1154 2723 1340 2780 homil.
1370 2723 1466 2792 15,
1498 2725 1562 2780 de
1605 2723 1895 2780 Nativitate
1932 2723 2148 2780 Domini
2193 2720 2282 2790 10,
2331 2737 2450 2795 pag.
2500 2718 2588 2790 ll,
2617 2725 2676 2780 τὸ
2703 2724 2816 2780 sine
2843 2733 3122 2794 generante
3149 2725 3226 2780 sic
3248 2723 3474 2780 elierat:
3519 2731 3671 2776 natus
3702 2730 3783 2776 est

500 2816 654 2872 homo
679 2832 785 2871 non
813 2833 902 2887 per
927 2815 1185 2871 hominem
1211 2825 1531 2888 procreatus.
1562 2815 1796 2888 Moxque
1830 2813 2028 2870 addat:
2063 2815 2170 2871 Sed
2197 2814 2425 2888 quamvis
2446 2831 2629 2870 novum
2658 2815 2908 2884 videatur,
2948 2833 3052 2870 non
3075 2825 3242 2870 tamen
3270 2813 3610 2881 incredulum,
3640 2811 3782 2884 quod

503 2902 738 2963 Christus
782 2909 838 2962 in
881 2916 1029 2962 utero
1059 2905 1248 2962 Maria:
1285 2923 1401 2963 sum
1444 2921 1761 2963 cunnum“:
1809 2914 2081 2978 conceptus
2111 2915 2222 2973 est;
2275 2907 2361 2979 qui
2390 2905 2454 2960 de
2495 2903 2606 2961 Deo
2637 2899 2802 2960 Patre
2828 2907 2942 2961 sine
2969 2905 3122 2980 [nn]
3143 2906 3474 2976 conceptione
3491 2903 3782 2976 processit!

499 2997 616 3054 lam
642 3012 774 3053 vero
793 3001 849 3055 ri
875 2999 990 3052 sine
1017 3006 1222 3053 creante
1259 3014 1290 3053 a
1319 2997 1554 3056 Maximo
1593 2997 1815 3056 homilia
1865 2997 1932 3054 10
1959 3001 2274 3070 usurpatum
2309 2997 2501 3054 eodem
2529 2997 2791 3066 recidere,
2823 3014 2888 3054 ac
2915 3003 2968 3054 τὸ
2999 3000 3111 3053 sine
3136 3008 3459 3070 procreante,
3491 3014 3555 3052 ac
3584 3001 3636 3052 τί»
3667 2997 3780 3052 sine

498 3103 794 3168 generante,
823 3094 992 3163 liquet
1017 3096 1178 3151 etiam
1207 3108 1276 3150 ex
1302 3089 1526 3165 homilia
1548 3091 1640 3162 23,
1669 3107 1788 3166 quae
1810 3103 1894 3152 est
1917 3094 1982 3150 10
2011 3095 2075 3150 de
2111 3089 2433 3167 Epiphania,
2465 3103 2587 3166 pag.
2621 3091 2710 3160 67,
2741 3093 2834 3150 ubi
2861 3092 2928 3149 de
2955 3091 3171 3150 Christo
3197 3091 3424 3164 loquens
3467 3113 3480 3147 :
3519 3092 3780 3148 Vadit.ad

501 3186 726 3258 nuptias,
774 3186 966 3255 inquit,
1006 3203 1154 3259 quem
1189 3188 1382 3258 nuptiae
1424 3198 1525 3243 NON
1569 3190 1869 3244 causam.
1911 3181 2229 3256 Qua'nquam
2275 3193 2455 3242 autem
2493 3194 2683 3241 natura
2727 3183 2925 3242 Christi
2964 3185 3198 3242 humana
3244 3193 3417 3241 creata
3460 3203 3490 3241 a
3513 3213 3516 3216 ~
3538 3185 3650 3242 Deo
3698 3192 3778 3239 est

505 3277 699 3349 (sancti
725 3261 943 3332 Maximi
968 3277 1154 3332 homil.
1189 3275 1238 3344 7,
1271 3293 1393 3349 pag.
1423 3278 1538 3349 29.),
1567 3279 1702 3335 adeo
1729 3287 1790 3335 ut
1816 3279 1924 3335 dici
1954 3285 2186 3350 nequeat
2227 3288 2348 3335 e'am
2375 3280 2488 3334 sine
2514 3285 2722 3334 creante
2766 3277 2874 3334 Deo
2902 3277 3099 3335 factam
3129 3281 3334 3350 (confer
3359 3293 3602 3336 sanctum
3633 3280 3778 3359 Thoo

499 3385 644 3426 mam
675 3371 833 3426 tertia
879 3377 1033 3442 parte
1080 3371 1311 3427 Summae
1357 3372 1674 3446 theologicae,
1721 3379 1910 3444 quast.
1958 3368 2044 3438 l6,
2077 3374 2179 3426 ait.
2214 3369 2324 3443 l0),
2367 3369 2472 3425 dici
2495 3375 2675 3424 tamen
2705 3377 2853 3426 recte
2882 3383 2988 3426 non
3013 3378 3195 3442 potest
3221 3379 3468 3426 creatura
3495 3365 3768 3433 Christus,

498 3462 626 3531 quin
677 3478 784 3518 una
821 3462 1066 3517 dicatur:
1111 3462 1392 3518 secundum
1437 3455 1718 3517 humanam
1761 3470 2025 3516 naturam.
2090 3461 2307 3530 Alioqui
2353 3456 2614 3531 s’uSpicari
2659 3459 2780 3529 quis
2827 3467 3046 3530 posset,
3093 3476 3370 3532 personam
3407 3457 3610 3515 Christi
3652 3474 3774 3515 esse

498 3537 745 3618 creatam,
777 3553 921 3624 quod
961 3563 1042 3611 est
1088 3555 1365 3611 Arianum.
1423 3553 1716 3611 Catholicae
1750 3550 1884 3610 'vero
1931 3553 2054 3611 ﬁdei
2099 3551 2291 3624 dogma
2321 3561 2435 3618 est,
2480 3570 2766 3625 personam
2793 3553 2990 3611 Christi
3023 3555 3250 3610 divinam
3275 3567 3414 3620 esse,
3444 3565 3608 3626 atque
3637 3553 3770 3608 adeo

501 3646 815 3704 inci-catam.
853 3649 1062 3706 Videsis
1089 3659 1333 3706 Sanctum
1363 3649 1625 3706 Thomam
1654 3649 1781 3707 ibid.
1805 3659 1908 3706 art.
1936 3649 1988 3706 8.
2031 3649 2212 3720 Pergit
2236 3645 2498 3705 Makimus
2526 3645 2593 3704 de
2617 3649 3005 3706 Incarnationis
3035 3650 3288 3722 mysterio
3316 3649 3550 3705 scribere
3573 3647 3761 3704 homil.

499 3737 589 3804 l5,
611 3753 731 3808 qua:
769 3748 853 3795 est
889 3742 954 3796 de
993 3740 1282 3797 Nativitate
1324 3741 1480 3798 Dom.
1524 3743 1579 3810 8,
1607 3758 1730 3814 pag.
1764 3739 1853 3800 35.
1895 3737 2150 3810 Christus,
2192 3741 2384 3813 inquit,
2417 3743 2472 3797 in
2495 3759 2594 3815 quo
2623 3737 2927 3796 Divinitatis
2955 3750 3031 3795 est
3057 3739 3340 3811 plenitudo,
3373 3741 3549 3794 carnis
3575 3749 3769 3794 nostra:

481 3829 708 3900 inﬁrma
749 3831 1032 3900 suscipiens
1059 3871 1073 3896 ,
1127 3833 1282 3886 nocui
1326 3841 1480 3886 na'tus
1526 3841 1602 3887 est
1651 3831 1801 3888 homo
1819 3873 1832 3886 .
1853 3874 1866 3887 .
1887 3873 1900 3886 .
1925 3873 1937 3886 .
1970 3831 2151 3906 Neque
2169 3833 2307 3888 enim
2333 3839 2388 3887 ut
2413 3831 2712 3906 temporalis
2739 3831 2968 3904 quidam,
2997 3837 3087 3883 aut
3113 3831 3198 3902 qui
3219 3837 3341 3884 ante
3369 3847 3474 3886 non
3502 3830 3670 3902 fuerit,
3700 3827 3764 3882 de

495 3920 692 3992 femina
714 3921 864 3978 nobis
894 3922 1186 3994 repentinus
1215 3925 1450 3987 emersit;
1479 3918 1571 3978 scd
1593 3925 1680 3992 qui
1707 3940 1908 3996 semper
1932 3933 2047 3978 erat
2073 3941 2188 3978 cum
2217 3918 2378 3978 Patre
2403 3920 2561 3990 Deus,
2593 3939 2887 3996 semperque
2915 3921 3199 3994 regnabat,
3247 3938 3376 3978 novo
3405 3939 3495 3993 per
3519 3919 3762 3992 virginem

495 4012 656 4067 voluit
680 4013 983 4069 mortalibus
1014 4031 1267 4087 apparere
1284 4015 1534 4085 mysterio
1561 4033 1578 4070 :
1607 4033 1766 4072 novus
1786 4016 1990 4088 quidem
2019 4017 2191 4080 homo,
2219 4017 2311 4070 sed
2337 4015 2594 4071 Dominus
2619 4019 2980 4088 sempiternus.
3022 4015 3225 4072 Horum
3265 4023 3392 4072 sunt
3429 4016 3620 4072 similia
3647 4029 3764 4086 quae

493 4100 702 4168 profert
725 4103 894 4158 homil
945 4101 1031 4162 η.
1059 4112 1180 4173 pag.
1209 4101 1278 4158 39
1295 4117 1411 4174 seq.
1431 4122 1444 4170 ;
1466 4103 1652 4160 homil.
1680 4103 1768 4171 20,
1801 4117 1924 4174 pag.
1951 4101 2056 4172 55;
2091 4105 2277 4159 homil.
2301 4103 2392 4171 25,
2424 4119 2544 4175 pag.
2579 4100 2646 4159 75
2673 4121 2848 4174 seqq.,
2879 4120 2988 4174 quo
3013 4108 3167 4162 loco:
3199 4103 3352 4163 Nova
3374 4105 3544 4174 stella,
3570 4103 3764 4178 inquit,

493 4206 679 4248 novum
717 4194 1022 4251 adventasse
1059 4195 1318 4250 hommem
1366 4195 1658 4264 reuelabat,
1703 4203 1754 4249 et
1790 4196 1867 4250 ita
1910 4211 2086 4250 revera
2133 4209 2336 4262 novum,
2376 4201 2450 4261 ut,
2502 4212 2615 4250 cum
2653 4202 2784 4251 esset
2807 4194 2906 4250 Dei
2935 4191 3124 4264 Filius,
3155 4197 3389 4252 indueret
3415 4213 3628 4252 carnem
3653 4199 3765 4253 sine

493 4287 820 4358 generatione
864 4283 1085 4352 car'nali,
1117 4298 1166 4342 et
1193 4288 1419 4353 haberet,
1462 4287 1742 4344 secundum
1789 4289 2066 4356 hominem,
2099 4297 2298 4360 tempus
2339 4287 2605 4356 nascendi,
2638 4291 2724 4362 qui
2763 4288 3040 4345 secundum
3063 4285 3230 4346 Deum
3252 4289 3533 4346 nativitatis
3558 4292 3764 4346 initium

491 4391 597 4430 non
625 4369 868 4430 habebat.
885 4417 898 4430 .
922 4417 934 4431 .
959 4418 972 4432 .
1015 4375 1167 4442 Quod
1191 4379 1329 4444 enim
1359 4375 1496 4433 Deus
1516 4389 1612 4444 est,
1637 4387 1841 4433 creator
1865 4387 1944 4434 est
1966 4379 2180 4445 mundi;
2210 4375 2345 4452 quod
2366 4381 2518 4435 homo
2546 4387 2641 4444 est,
2675 4380 2966 4450 redemptor
2985 4388 3061 4436 est
3086 4382 3286 4436 mundi.
3346 4378 3614 4446 Quomodo
3641 4399 3762 4456 ergo
3799 4373 3806 4380 ’

489 4475 594 4518 non
614 4463 881 4537 privilegio
909 4473 1203 4530 pruinaque
1232 4478 1572 4522 sunsna'rm
1603 4465 1856 4522 Dominus
1887 4477 1964 4523 est
1993 4471 2220 4524 omnium
2245 4465 2500 4536 Christus,
2529 4471 2616 4542 qui
2634 4469 2732 4526 sibi
2759 4471 2998 4528 universa
3027 4477 3115 4526 aut
3135 4473 3411 4539 creatione,
3440 4481 3529 4528 aut
3555 4473 3754 4529 redem-

487 4555 662 4623 ptione
697 4555 930 4630 subegit!
975 4556 1171 4614 Homil.
1217 4555 1308 4624 26,
1357 4568 1480 4628 pag.
1527 4554 1613 4623 75,
1639 4565 1693 4612 et
1720 4558 1906 4613 homil.
1935 4558 2026 4625 ‘27,
2060 4573 2180 4630 pag.
2217 4554 2426 4624 79,'ubi
2453 4562 2528 4618 sic
2557 4562 2831 4634 loquitur;
2863 4559 3099 4640 Christus
3125 4563 3280 4620 Iesus
3309 4583 3339 4620 a
3363 4561 3528 4621 Patre
3553 4565 3758 4620 veniens

486 4642 649 4710 Deus,
673 4656 722 4701 et
748 4647 898 4704 homo
919 4657 1072 4704 natus
1093 4665 1127 4703 a
1156 4649 1352 4720 femina
1379 4646 1473 4704 sub
1502 4647 1671 4720 specie
1691 4649 2026 4705 adorantium
2047 4649 2404 4706 Chaldaeorum
2429 4651 2586 4722 ﬁdem
2615 4655 2842 4725 gentium
2867 4654 3156 4719 dedicavit,
3188 4658 3274 4728 qui
3301 4659 3531 4728 quamris
3559 4650 3759 4713 Divini-

489 4741 646 4788 tatem
689 4751 834 4792 suam
869 4742 1032 4794 nostri
1075 4741 1308 4810 corporis
1353 4739 1745 4796 obumbratione
1787 4741 1998 4807 velaret,
2047 4742 2213 4798 Deum
2255 4750 2425 4797 tamen
2469 4759 2583 4798 esse
2609 4745 2757 4800 illum
2801 4745 2981 4801 etclam
3009 4748 3238 4818 prodidit
3269 4759 3318 4802 el
3342 4759 3476 4803 terra
3499 4751 3754 4821 cognovit.

488 4823 719 4880 Humilis
753 4827 973 4900 quidem,
1003 4831 1095 4884 sed
1122 4831 1378 4887 mirabilis
1403 4835 1560 4899 venit,
1603 4842 1661 4888 ut
1687 4835 1885 4906 pariter
1911 4835 1964 4889 in
1995 4852 2054 4890 eo
2083 4843 2132 4890 et
2160 4837 2438 4906 assumpta:
2466 4837 2642 4890 carnis
2663 4837 2880 4902 veritas,
2923 4847 2972 4892 et
2999 4837 3279 4909 ine/rabilis
3308 4831 3532 4894 Deitatis
3571 4851 3756 4895 natura

489 4916 725 4990 fulgeret.
767 4915 862 4973 His
881 4928 1182 4974 consonant
1199 4935 1321 4990 qua:
1348 4921 1507 4978 docet
1534 4923 1719 4979 homil.
1751 4921 1839 4991 29,
1871 4940 1989 4995 qua:
2013 4933 2094 4980 est
2137 4924 2203 4979 de
2229 4923 2498 4998 'Baptismo
2545 4921 2738 4979 Christi
2764 4925 2933 4996 prima
2959 4966 2974 4992 ,
3006 4937 3126 4996 pag.
3159 4925 3228 4980 87
3255 4941 3405 4997 seq.;
3449 4927 3633 4983 homil.
3667 4927 3752 4991 50,

487 5019 612 5076 pag.
635 5005 734 5074 98;
761 5007 944 5070 homil,
978 5008 1068 5076 δῦ,
1100 5020 1220 5080 pag.
1253 5009 1340 5076 99,
1371 5011 1427 5066 in
1447 5027 1553 5081 qua
1582 5011 1970 5084 Redemptionis
1991 5055 2006 5082 ,
2039 5017 2232 5086 inquit,
2261 5026 2454 5071 nostra
2479 5025 2661 5070 auctor
2687 5025 2930 5082 teternus,
2960 5003 3282 5089 omnipotens
3315 5015 3585 5084 Dominus,
3621 5017 3754 5074 Uni-

485 5108 688 5183 genitus
731 5097 834 5153 Dei
855 5101 950 5154 riui
977 5100 1344 5172 inseparabilis
1371 5117 1572 5175 semper
1603 5119 1913 5176 permanens
1939 5107 2078 5174 apud
2119 5106 2352 5174 Patrem,
2382 5107 2458 5161 ita
2481 5121 2576 5178 pro
2605 5103 2750 5161 nobis
2781 5115 3098 5162 renracrcu
3123 5109 3380 5178 suscipere
3409 5107 3651 5180 dignatus
3680 5119 3756 5166 est

487 5185 774 5254 hominem;
802 5190 879 5243 ita
897 5191 1033 5244 ωιοά
1059 5189 1201 5247 Deus
1224 5199 1338 5248 erat
1362 5193 1648 5248 exinanivit
1671 5193 1727 5248 in
1755 5194 2048 5265 semetipso,
2071 5204 2128 5250 ut
2151 5209 2242 5268 per
2264 5197 2492 5252 omnium
2519 5198 2762 5269 legalium
2782 5198 3101 5252 sanctionum
3131 5207 3458 5254 sacramenta
3491 5203 3751 5256 transiret.

487 5272 637 5331 Nam
659 5284 715 5330 ut
740 5278 960 5346 primum
989 5275 1150 5336 beatte
1173 5283 1356 5336 matris
1381 5289 1563 5338 sancto
1583 5282 1832 5355 processit
1857 5281 1923 5339 ab
1951 5291 2116 5349 utero,
2143 5285 2550 5341 circumcisionis
2576 5283 2846 5358 signaculo
2871 5285 3161 5352 dedicatur,
3192 5289 3297 5342 sive
3322 5298 3378 5342 ut
3397 5294 3751 5347 monstraris:

481 5380 674 5426 manu
695 5382 809 5424 sus
845 5382 1192 5428 osum-aur
1230 5385 1555 5438 naturali,
1601 5375 1708 5430 sive
1747 5389 1814 5428 ne
1837 5387 1955 5428 eum
1981 5375 2324 5446 alienigenam
2369 5376 2582 5431 aninmo
2609 5377 3013 5432 circumcisionis
3035 5369 3177 5449 plebs
3203 5377 3426 5434 Judaica
3449 5381 3750 5437 declinaret.

485 5453 662 5540 [nm]
688 5454 846 5514 Paria
866 5459 1027 5515 habet
1053 5460 1240 5542 homil.
1272 5461 1360 5526 42,
1391 5477 1513 5534 pag.
1539 5462 1676 5532 £25;
1704 5463 1892 5530 homil,
1937 5463 2026 5529 45,
2055 5477 2178 5535 pag.
2205 5461 2336 5531 {29;
2385 5465 2572 5521 homil.
2619 5466 2705 5532 56,
2755 5479 2876 5539 pag.
2905 5467 3027 5535 177,
3057 5471 3146 5525 ubi
3178 5477 3526 5542 posteaquam
3555 5472 3623 5528 de
3651 5475 3750 5528 hu~

485 5555 750 5608 manltate
792 5547 994 5610 Christi
1035 5541 1212 5609 unde
1247 5551 1464 5610 Christo
1491 5569 1524 5610 e
1568 5555 1798 5612 tuostuis
1843 5563 2158 5624 resurgente
2203 5555 2359 5620 dixit,
2389 5555 2567 5625 deque
2591 5556 2712 5626 ejus
2731 5559 2909 5614 verbis
2949 5559 3015 5614 ad
3061 5560 3281 5614 Mariam
3331 5541 3697 5633 Magdalenam
3733 5582 3745 5620 :

484 5637 734 5697 Nondum
756 5658 895 5698 etum
921 5643 1132 5698 ascendi
1151 5643 1220 5698 ad
1240 5642 1470 5711 Patrem,
1514 5653 1648 5711 tum,
1680 5644 1976 5711 Videamus,
2010 5645 2212 5717 inquit,
2254 5644 2509 5717 quomodo
2548 5645 2618 5700 ad
2657 5643 2868 5701 Patrem
2909 5647 3138 5702 nondum
3177 5649 3469 5704 ascenderit
3495 5650 3744 5719 Christus,

481 5744 601 5785 cum
618 5731 727 5801 ipse
749 5732 890 5786 dicat
920 5751 932 5786 :
973 5752 990 5784 ι
1028 5731 1165 5798 Quia
1182 5731 1346 5790 Pater
1369 5735 1425 5788 in
1447 5751 1546 5802 me,
1568 5744 1616 5790 et
1641 5749 1736 5806 ego
1763 5737 1821 5791 in
1839 5734 2020 5800 Patre,
2057 5755 2075 5787 ι
2107 5751 2140 5791 a
2167 5745 2268 5806 quo
2285 5752 2376 5805 per
2388 5744 2739 5794 multum“
2755 5750 3071 5793 putuit-arts
3095 5751 3460 5795 ansarum:
3486 5753 3746 5813 nunquam

482 5825 562 5874 cst
587 5829 886 5882 secat-tuus;
910 5821 1030 5878 dum
1056 5825 1194 5880 enim
1221 5838 1352 5882 unus
1371 5825 1427 5880 in
1463 5841 1566 5880 uno
1593 5835 1784 5892 manet.
1820 5841 2020 5894 semper
2038 5823 2254 5884 Patrem
2283 5823 2578 5894 mitumque
2595 5825 2752 5882 simul
2789 5841 2900 5882 esse
2935 5825 3231 5898 signiﬁcat;
3259 5843 3352 5885 aut
3369 5829 3600 5902 nunquid
3625 5830 3741 5889 illuc

1303 5949 1309 5953 -
1567 5953 1752 5964 4.-.-
2009 5919 2050 5960 Χ

2009 5919 2050 5960 \
3510 5954 3518 5958 _
