4050 6356
271 351 340 410 15
1709 342 2088 401 ΡΒᾹΞΡΑΤΙΟ.
3464 338 3533 395 46

273 462 550 515 ascendere
574 474 630 514 se
648 456 772 512 dicit
796 455 988 525 Filius,
1013 456 1101 513 ubi
1128 466 1250 514 ante
1261 458 1482 524 habitat,
1505 475 1658 531 quam
1670 457 1964 527 ascendat?
1987 457 2136 512 Dixit
2159 457 2298 511 enim
2324 455 2462 509 idem
2487 452 2780 510 Dominus:
2812 454 2979 509 Nemo
3005 454 3234 509 ascendit
3258 455 3311 508 in
3332 455 3531 521 emtum,

271 551 374 603 nisi
402 550 490 620 qui
518 547 784 604 descendit
810 548 874 603 de
894 548 1044 616 caelo,
1067 546 1241 604 Filius
1262 548 1504 614 hominis,
1530 548 1619 621 qui
1637 549 1692 602 in
1713 548 1837 604 ctelo
1863 557 1958 603 est.
1992 547 2056 605 Si
2089 564 2211 621 ergo
2239 563 2354 602 cum
2381 546 2643 602 descendit
2668 546 2933 613 Salvator,
2977 547 3032 600 in
3062 549 3185 601 caelo
3213 556 3326 611 est;
3375 534 3536 601 multo

274 644 431 697 etiam
466 643 654 715 magis,
677 642 980 716 priusquam
1008 642 1275 708 ascendat,
1297 641 1353 695 in
1374 641 1499 696 caelo
1527 648 1622 695 est.
1656 640 1765 697 Sed
1802 639 1917 695 vide
1962 658 2027 695 ne
2066 642 2200 713 forte
2240 638 2310 693 ad
2345 637 2760 711 objurgationem
2785 630 2973 695 Har-ite
2998 632 3099 694 vos:
3139 639 3238 692 ista
3261 637 3533 709 pertineat,

276 737 355 791 cui
384 737 538 808 paulo
559 745 678 792 ante
697 736 833 792 inter
851 737 1090 809 sepulcra
1116 735 1363 810 querenti
1389 733 1670 791 Dominum
1692 734 1883 789 dicitur
1903 750 1922 788 :
1946 731 2084 799 Quid
2100 732 2297 806 ,quteris
2325 732 2573 787 viventem
2599 747 2715 786 cum
2743 732 2982 795 mortuis,
3012 738 3117 786 etc.
3136 730 3160 784 ‘l
3182 728 3299 785 Non
3328 727 3535 784 discre-

274 837 405 900 pant
423 840 542 899 qum
568 828 910 900 persequitur
937 827 1123 896 homil,
1148 825 1236 895 59,
1265 843 1388 898 pag.
1416 827 1536 894 190,
1568 836 1625 883 et
1651 813 1837 900 homil.
1871 825 1960 895 68,
1990 840 2114 897 pag.
2161 824 2284 893 2l7,
2317 840 2427 897 quo
2465 824 2520 881 in
2556 823 2677 882 loco
2699 820 2915 880 disserit
2940 823 3045 880 hoc
3079 822 3273 878 modo:
3302 816 3407 887 Tu,‘
3424 816 3539 874 Do-

274 919 429 986 mine,
443 920 507 975 de
521 934 676 974 carne
693 919 910 990 virginis
926 920 1095 989 factus
1123 932 1177 972 es
1200 916 1452 983 Christus,
1483 915 1571 989 qui
1595 914 1695 971 Dei
1722 916 1823 971 vivi
1849 933 1903 971 es
1931 913 2105 971 Filius
2132 916 2489 986 sempiternus.
2521 913 2617 982 Tu,
2642 913 2885 981 Domine,
2910 912 2976 968 ab
3002 906 3290 968 hominibus
3316 921 3467 965 nutus
3488 925 3541 964 es

278 1014 448 1081 homo,
481 1013 567 1085 qui
589 1010 916 1085 incogitabili
936 1011 1204 1083 majestate
1234 1006 1374 1065 Deus
1402 1028 1454 1065 es
1478 1010 1618 1082 apud
1645 1009 1830 1076 Deum,
1854 1016 1960 1066 etc.
1992 1009 2368 1067 Consentanea
2395 1017 2521 1066 sunt
2555 1024 2675 1080 qua:
2713 1006 2976 1063 Maximus
3001 1002 3409 1078 comprehendit
3437 1004 3540 1058 ho-

277 1107 390 1165 mil.
422 1104 514 1175 83,
535 1122 659 1179 pag.
686 1106 825 1175 270;
856 1116 911 1164 et
938 1118 1184 1164 sermone
1215 1108 1246 1161 7
1273 1106 1339 1161 de
1369 1100 1635 1174 Tempore,
1655 1121 1786 1177 pag.
1814 1104 1953 1173 “5;
1982 1120 2144 1162 serm.
2189 1104 2276 1174 1ο,
2305 1121 2429 1178 pag.
2460 1104 2593 1173 ‘21;
2635 1121 2798 1161 serm.
2841 1102 2928 1173 12,
2961 1117 3082 1175 pag.
3130 1101 3265 1169 θη
3296 1110 3351 1157 et
3378 1116 3540 1156 serm.

280 1198 366 1267 16,
397 1216 522 1271 pag.
548 1199 673 1268 4'58,
698 1208 804 1256 etc.
831 1198 947 1256 Jam
974 1216 1043 1256 ex
1069 1201 1134 1256 iis
1163 1206 1270 1254 tam
1300 1199 1528 1269 egregiis
1552 1199 1873 1257 testimoniis
1905 1199 2191 1271 perspicue
2229 1199 2404 1271 palam
2434 1206 2536 1269 est,
2579 1196 2867 1255 Maximum
2914 1194 2969 1253 in
2998 1212 3106 1253 uno
3134 1192 3346 1273 Christo
3391 1193 3540 1251 fateri

279 1299 501 1348 naturas
524 1292 677 1348 duas.
706 1290 862 1360 Quod
881 1292 1095 1363 quidem
1123 1290 1386 1361 majorem
1416 1291 1469 1345 in
1498 1289 1716 1346 modum
1736 1289 2042 1347 conﬁrmari
2077 1298 2256 1362 potest
2280 1290 2472 1347 illustri
2525 1288 2647 1348 loco
2686 1290 2781 1346 illo
2827 1286 2922 1360 qui
2964 1285 3149 1344 homil.
3178 1284 3266 1352 14,
3296 1300 3420 1356 pag.
3449 1282 3541 1350 ω,

282 1383 611 1449 continetur,
661 1393 849 1456 estque
878 1382 1181 1452 hujusmodi
1226 1401 1238 1435 :
1281 1380 1465 1452 Stupet
1492 1382 1661 1436 omnis
1698 1390 1934 1436 creatura
1980 1390 2089 1436 tam
2120 1382 2320 1455 grande
2354 1382 2681 1451 miraculum,
2717 1380 2853 1456 quod
2887 1395 3018 1437 unus
3045 1392 3277 1442 IDEIQUE
3305 1384 3355 1431 et
3400 1374 3546 1432 Deus
3600 1392 3603 1397 λ

284 1483 469 1546 regnat
497 1478 552 1530 in
578 1476 721 1542 caelo,
744 1484 793 1531 et
819 1478 969 1531 homo
989 1478 1215 1529 nutritur
1242 1475 1296 1528 in
1325 1482 1481 1528 terra.
1506 1470 1691 1543 Neque
1716 1489 1846 1530 vero
1891 1472 1996 1530 hoc
2033 1474 2235 1542 solum,
2267 1490 2453 1531 verum
2494 1475 2660 1530 etiam
2706 1473 2773 1531 iis
2814 1487 2933 1544 quas
2977 1478 3191 1527 exstant
3217 1468 3403 1526 homil.
3450 1467 3538 1535 17,

290 1580 417 1641 pag.
447 1567 515 1624 50
548 1587 560 1623 :
588 1569 656 1624 Id
681 1586 877 1642 quoque
896 1584 1010 1633 nos,
1040 1571 1247 1641 fratres,
1277 1574 1385 1623 toto
1406 1566 1560 1622 corde
1600 1566 1872 1622 credamus
1912 1586 1925 1621 :
1964 1582 2115 1622 IPSUI
2148 1583 2358 1639 nempe,
2400 1569 2496 1623 etsi
2522 1574 2717 1622 nostra:
2751 1572 3040 1622 consortem
3076 1569 3296 1627 natura,
3320 1552 3553 1632 paternas

287 1670 457 1718 tamen
484 1661 669 1719 divinis
685 1663 985 1717 substantia:
1011 1679 1122 1716 esse
1148 1661 1475 1733 cowqualem.
1499 1658 1567 1715 Et
1594 1659 1779 1716 homil.
1816 1658 1898 1726 i9,
1914 1674 2034 1731 pag.
2067 1658 2160 1715 ὅδε
2177 1658 2306 1726 Quis
2333 1661 2599 1733 explicare
2615 1666 2769 1733 queat
2797 1675 2889 1714 cur
2914 1656 3208 1729 unigenitus
3231 1652 3331 1707 Dei
3357 1650 3551 1719 Filius,

286 1755 366 1808 cui
386 1770 499 1808 cum
528 1752 690 1808 Patre
707 1759 756 1807 et
776 1752 978 1825 Spiritu
999 1762 1180 1808 sancto
1204 1768 1309 1809 una
1348 1767 1525 1817 noon
1571 1767 1750 1808 mea
1792 1766 1887 1807 ssr
1930 1768 2192 1824 nivmnss
2215 1768 2389 1817 noue
2430 1767 2856 1818 oumrorenru,
2899 1764 3088 1814 amove
3134 1763 3275 1803 anon
3319 1761 3552 1809 IDEIQUB

284 1863 453 1903 mu:
474 1862 542 1904 ιτ
566 1862 716 1903 posse
745 1862 861 1913 ss'r,
893 1861 1139 1903 nosrnu
1166 1855 1339 1901 tamen
1367 1846 1576 1919 dignari
1596 1845 1724 1900 adeo
1743 1843 1956 1899 voluerit
1983 1860 2253 1911 mrumst,
2282 1851 2359 1912 ut,
2386 1844 2521 1919 quod
2548 1861 2652 1900 non
2681 1840 2919 1911 habebat,
2950 1854 3232 1905 assensus,
3264 1845 3313 1893 et
3336 1853 3471 1901 quon
3500 1850 3553 1891 ιη

281 1954 340 1995 SE
368 1954 526 2005 ERAT,
558 1956 662 1994 non
690 1953 993 2006 DlIITTENS,
1025 1953 1239 1994 DIVINAI
1284 1950 1391 1993 CUI
1435 1952 1650 1992 ιιυωι
1674 1950 2139 1991 ωεερωιιιιιτει
2189 1950 2327 1990 ΔυΕο
2370 1949 2622 1989 FATU'BAI
2663 1948 3101 1996 COIPUTAVERI'I‘,
3128 1946 3194 1984 υτ
3226 1928 3370 1982 DEUS
3397 1938 3552 1981 SIIUL

261 2042 440 2088 'Esser
464 2048 533 2088 ET
558 2047 717 2088 nouo.
745 2029 811 2085 Et
834 2031 1017 2087 bomil.
1044 2029 1132 2098 29,
1171 2042 1293 2101 pag.
1326 2028 1432 2085 8'5:
1464 2028 1714 2101 Magnum
1735 2027 1829 2081 hoc
1851 2027 2267 2100 tremendumque
2292 2027 2609 2098 mysterium,
2642 2041 2759 2079 cum
2783 2040 2917 2078 unus
2945 2023 3178 2091 idemque
3214 2019 3554 2101 annuntiatur

279 2121 344 2175 de
370 2104 534 2177 Patre
554 2116 715 2187 Deus,
746 2130 795 2177 et
842 2122 991 2178 homo
1032 2120 1094 2175 de
1125 2098 1324 2187 matre;
1366 2136 1501 2175 unus
1527 2098 1762 2191 idemque
1790 2116 1961 2173 Filius
1983 2098 2208 2190 feminae,
2240 2127 2290 2172 et
2316 2116 2487 2172 Filius
2525 2117 2849 2188 majestatis;
2870 2131 3003 2171 unus
3036 2114 3266 2186 idemque
3292 2098 3555 2166 hominum

280 2215 536 2285 particeps
564 2223 613 2269 et
656 2213 904 2269 Dominus
934 2214 1350 2284 angelorum.....
1384 2210 1484 2265 Ille
1523 2211 1656 2283 fugit
1691 2210 1881 2275 ubera,
1926 2211 2012 2280 qui
2041 2209 2207 2279 pascit
2236 2211 2432 2275 Omnia,
2464 2218 2514 2263 et
2538 2208 2627 2281 qui
2657 2209 2909 2263 universis
2958 2203 3309 2261 animantibus
3355 2201 3561 2257 vivendi

282 2306 625 2360 substantiam
655 2313 869 2375 prmstat
887 2322 915 2358 e
943 2304 1091 2369 caelo,
1125 2301 1188 2357 ob
1216 2304 1435 2356 salutem
1456 2302 1773 2355 terrestrium
1799 2307 2001 2353 terreno
2030 2298 2161 2352 lacte
2185 2302 2427 2353 nutritur.
2448 2297 2639 2353 Nullus
2661 2317 2783 2371 ergo
2810 2297 3069 2371 ambigat;
3092 2314 3242 2352 nemo
3271 2304 3557 2358 cunctetur,

285 2396 421 2467 quod
450 2394 681 2449 Christus
704 2397 759 2448 in
784 2403 921 2448 terra
966 2393 1176 2465 degens,
1200 2391 1425 2465 fulgebat
1448 2391 1503 2445 in
1525 2389 1668 2456 caelo,
1699 2390 1821 2462 quia
1848 2390 1925 2443 sic
1947 2389 2081 2443 venit
2101 2388 2172 2442 ad
2197 2397 2381 2456 terras,
2406 2399 2461 2444 ut
2482 2406 2587 2444 non
2605 2390 2909 2463 relinqueret
2938 2385 3107 2464 [xm]
3136 2386 3317 2443 calum
3364 2384 3431 2440 Et
3462 2384 3564 2440 lto-

284 2487 400 2540 mil.
434 2485 519 2549 77,
553 2500 674 2556 pag.
698 2482 808 2537 215
835 2482 901 2538 de
929 2481 1092 2540 Petro
1113 2498 1296 2554 agens,
1325 2483 1626 2540 ostendisse
1654 2483 1826 2553 ipsum
1858 2483 1935 2536 ait
1976 2502 1989 2536 :
2032 2480 2160 2548 Quae
2196 2492 2330 2538 esset
2366 2484 2422 2537 in
2462 2498 2563 2540 uno
2602 2498 2881 2548 nonanona
2923 2482 3023 2538 Dei
3060 2482 3202 2539 Filio
3225 2490 3276 2538 et
3313 2488 3565 2553 suscepta

282 2577 459 2630 carnis
489 2577 642 2642 ratio,
662 2582 713 2629 et
750 2575 1009 2629 naturalis
1035 2573 1356 2645 privilegium
1396 2571 1746 2629 Deitatis..Et
1784 2573 1972 2628 homil.
2006 2571 2094 2638 85,
2127 2587 2258 2643 pag.
2311 2570 2416 2628 270
2449 2591 2461 2626 :
2512 2569 2666 2638 Quod
2701 2570 2938 2628 Christus
2956 2582 3033 2629 est
3051 2574 3241 2645 factus,
3264 2575 3351 2644 qui
3391 2570 3563 2628 Filius

280 2672 413 2731 erat,
443 2665 759 2736 dispensatio
783 2672 861 2718 est
887 2662 1250 2733 redemptionis
1293 2661 1567 2727 humanm;
1604 2661 1741 2733 quod
1778 2660 2035 2717 Dominus
2066 2668 2176 2727 est,
2208 2661 2275 2715 de
2304 2662 2623 2733 proprietate
2657 2668 2862 2717 natura
2900 2668 2979 2717 est
3014 2677 3033 2717 :
3071 2663 3253 2716 unicus
3277 2670 3449 2716 autem
3486 2661 3565 2717 vel

285 2754 593 2831 Unigenitus
622 2758 979 2823 annuntiatur,
1012 2765 1060 2810 et
1080 2755 1324 2821 creditur,
1356 2757 1476 2827 quia
1495 2770 1628 2809 unus
1656 2756 1733 2809 ita
1760 2762 1837 2810 est
1866 2756 2085 2827 genitus,
2114 2770 2206 2810 nec
2234 2740 2384 2810 habet
2416 2754 2471 2809 in
2500 2755 2771 2809 nativitate
2805 2762 3113 2810 consortem.
3155 2751 3351 2819 Filium
3379 2754 3551 2818 audis,

272 2864 389 2907 non
416 2861 472 2904 ut
490 2850 638 2904 illum
667 2866 792 2904 sexu
821 2849 997 2920 aliquo
1020 2846 1211 2901 editum
1240 2856 1407 2918 putes,
1438 2847 1529 2901 sed
1549 2853 1604 2900 ut
1622 2846 1802 2901 credas
1822 2844 2326 2915 incomprehensibili
2349 2845 2623 2918 majestate
2640 2844 2811 2902 Deum
2834 2847 3089 2919 prodiisse
3129 2846 3193 2901 de
3215 2845 3346 2914 Deo,
3376 2856 3432 2901 ut
3454 2849 3565 2918 ipse

282 2943 360 2995 ait
388 2957 408 2995 :
433 2939 480 2993 Ε
483 2957 547 3013 go
576 2956 608 2993 a
631 2939 790 2994 Patre
816 2940 970 3004 exiri,
1000 2947 1048 2992 et
1078 2940 1189 2993 veni
1218 2939 1272 2992 in
1302 2938 1436 2992 hunc
1469 2937 1746 2992 mundum.
1780 2934 1881 3001 Qui
1920 2947 2071 2993 natus
2108 2947 2183 2991 est
2211 2936 2276 2991 de
2310 2936 2510 3008 Spiritu
2540 2948 2720 2995 sancto
2746 2955 2813 2994 ea:
2839 2934 3014 2994 Maria
3062 2940 3274 3013 virgine.
3308 2939 3565 3011 Spiritum

280 3042 527 3088 sanctum
552 3034 721 3098 audis,
753 3041 808 3085 ut
829 3040 1035 3102 partum
1056 3032 1201 3086 illum
1227 3029 1516 3085 mirabilem
1545 3030 1698 3085 simul
1720 3038 1771 3084 et
1796 3028 2160 3103 inculpabilem
2191 3044 2598 3103 recognosces...
2630 3027 2773 3087 Nam
2813 3051 2929 3088 eum
2968 3032 3299 3109 Unigenitum
3327 3031 3425 3088 Dei
3444 3034 3564 3104 fieri

282 3124 552 3178 hominem
581 3122 947 3193 redemptionis
970 3132 1160 3175 nostra:
1198 3121 1474 3175 necessitas
1504 3121 1793 3192 flagitaret,
1837 3121 1933 3176 hoc
1961 3123 2246 3177 nativitatis
2277 3138 2385 3178 sure
2411 3122 2735 3196 privilegium
2763 3127 2990 3197 propria:
3017 3125 3318 3181 Divinitatis
3340 3128 3557 3193 invexit,

284 3225 342 3269 ut
373 3216 442 3268 de
471 3215 670 3286 virgine
705 3223 1069 3268 nasceretur...
1106 3211 1410 3284 Unigenitus
1449 3215 1609 3285 igitur
1637 3211 1734 3268 Dei
1756 3216 1924 3285 factus
1961 3198 2118 3269 est-1"
2122 3214 2239 3270 ilius
2273 3215 2517 3281 hominis,
2545 3221 2603 3269 ut
2639 3216 2728 3289 qui
2745 3225 2948 3271 creator
2974 3217 3155 3270 mundi
3193 3227 3326 3283 erat,
3348 3217 3494 3288 ﬁeret
3514 3224 3568 3272 et

280 3308 607 3377 redemptor.
640 3305 707 3359 Et
736 3319 896 3361 sertn.
932 3304 984 3371 8,
1015 3320 1137 3375 pag.
1166 3303 1271 3358 415
1301 3322 1316 3358 :
1349 3303 1438 3359 Ita
1474 3305 1726 3376 disposuit
1765 3304 2088 3361 Dominus...
2119 3314 2242 3362 ut...
2283 3307 2409 3361 certi
2449 3318 2616 3362 essent
2645 3306 2901 3374 homines,
2932 3308 3055 3379 quia
3086 3309 3198 3379 ipse
3223 3318 3359 3364 esset
3396 3309 3570 3367 Filius

281 3398 407 3466 Dei,
435 3415 588 3471 quem
611 3400 752 3471 virgo
778 3408 1064 3469 pepererat,
1092 3395 1352 3453 Divinitas
1390 3396 1719 3471 agnoscebat,
1756 3406 1860 3454 etc.
1904 3396 2011 3453 Sed
2039 3396 2473 3454 adducendorum
2521 3396 2739 3453 Maximi
2775 3397 3018 3455 locorum
3064 3406 3148 3454 est
3192 3399 3409 3456 tandem
3439 3402 3569 3461 mihi

280 3494 570 3553 faciendus
592 3495 800 3561 modus,
828 3510 947 3550 cum
974 3502 1029 3550 et
1070 3492 1333 3549 inﬁnitum
1356 3509 1523 3565 prope
1548 3502 1696 3551 esset
1722 3494 1902 3549 omnia
1930 3494 2201 3565 persequi,
2249 3500 2306 3550 et
2350 3494 2571 3549 minime
2598 3495 2978 3559 necessarium.
3021 3493 3152 3549 Nam
3181 3510 3303 3565 quae
3341 3496 3571 3556 adducta

281 3597 435 3656 sunt,
468 3590 600 3643 satis
627 3602 895 3658 superque
918 3586 1307 3654 demonstrant,
1341 3585 1411 3642 de
1439 3587 1696 3658 mysterio
1719 3584 2107 3640 lncarnatiouis
2134 3596 2295 3651 agere
2322 3591 2567 3639 sanctum
2598 3583 2929 3653 episcopum,
2971 3593 3031 3639 ut
3058 3586 3167 3653 agit
3193 3583 3303 3641 Leo
3326 3585 3567 3656 Magnus,

280 3686 458 3749 utque
491 3685 717 3746 egerunt
738 3676 923 3731 Patres
952 3678 1279 3747 synodorum
1308 3676 1597 3746 Ephesinze
1620 3682 1675 3730 et
1701 3672 2175 3728 Chalcedonensis.
2201 3672 2305 3739 Qui
2328 3673 2471 3727 enim
2506 3686 2666 3727 unum
2699 3673 3027 3748 eamdemque
3048 3672 3239 3731 Filium
3270 3676 3366 3734 Dei
3390 3687 3570 3734 natum

279 3771 347 3828 ab
376 3784 581 3827 a'terno
619 3786 681 3824 ex
702 3771 863 3824 Patre
902 3768 1010 3825 Deo
1032 3770 1147 3824 sine
1170 3769 1275 3824 ullo
1305 3769 1618 3824 conditionis
1642 3767 1919 3837 principio,
1945 3773 2114 3820 ortum
2133 3766 2189 3820 in
2220 3775 2443 3837 tempore
2469 3781 2533 3820 ea:
2553 3766 2765 3840 virgine,
2796 3768 3010 3836 Scribit,
3043 3777 3206 3842 atque
3227 3786 3350 3827 eum
3375 3772 3571 3830 fatetur

280 3862 338 3917 in
367 3861 551 3932 prima
574 3859 843 3912 nativitate
861 3869 1040 3911 natum
1068 3874 1180 3911 esse
1198 3856 1385 3922 Deum,
1416 3857 1468 3910 in
1490 3855 1721 3911 secunda
1747 3863 2073 3927 procreatum
2093 3856 2382 3922 hominem;
2412 3863 2732 3928 rursumque
2759 3858 2850 3928 qui
2871 3856 3099 3914 al'ﬁrmst
3126 3861 3181 3916 in
3211 3878 3319 3919 uno
3346 3864 3570 3920 eodem-

281 3967 398 4021 que
426 3950 651 4004 Christo
671 3957 726 4002 et
746 3949 1117 4019 plenitudinem
1138 3963 1249 4003 esse
1276 3947 1599 4015 Divinitatis,
1630 3954 1686 4003 et
1706 3946 1937 4003 hominis
1963 3957 2227 4011 naturam,
2257 3947 2636 4019 Christumque
2665 3951 2837 4020 ipsum
2863 3950 3129 4022 privilegio
3156 3957 3418 4027 utriusque
3446 3954 3570 4011 sub-

281 4042 510 4100 stantia:
539 4040 825 4094 Dominum
853 4055 971 4095 esse
999 4039 1258 4105 omnium,
1288 4038 1431 4112 quod
1460 4041 1708 4096 universa
1733 4040 1832 4095 sibi
1859 4039 2130 4109 subegerit
2158 4048 2250 4095 aut
2276 4042 2541 4097 creatione
2561 4048 2651 4095 aut
2678 4041 3046 4112 redemptione,
3080 4045 3437 4117 eumdemque
3477 4049 3570 4119 qui

286 4144 454 4192 natus
485 4132 555 4186 ab
591 4139 785 4187 teterno
806 4149 872 4187 ea:
906 4130 1015 4186 Deo
1053 4141 1148 4195 est,
1181 4141 1359 4186 natum
1385 4147 1497 4188 esse
1528 4132 1583 4187 in
1614 4141 1844 4205 tempore
1880 4148 1945 4186 ea:
1981 4134 2211 4205 femina,
2230 4146 2295 4189 ac
2320 4132 2735 4205 inseparabiliter
2754 4150 2954 4206 semper
2979 4137 3149 4207 ipsum
3174 4138 3573 4208 omnipotentem

240 4290 243 4293 _
278 4228 604 4288 Dominum,
641 4221 974 4296 Unigenitum
1004 4221 1101 4278 D'ei
1140 4224 1234 4277 vivi
1261 4238 1568 4295 permanere
1611 4223 1751 4295 apud
1789 4222 2035 4289 Patrem,
2078 4240 2110 4278 a
2144 4239 2242 4296 quo
2270 4240 2361 4296 per
2382 4223 2714 4280 indiscretum
2751 4223 3035 4281 divinitatis
3069 4225 3413 4283 substantiam
3440 4245 3574 4284 nun4

278 4338 445 4397 quam
473 4327 558 4376 est
589 4324 887 4390 separatus;
915 4317 1008 4386 qui
1034 4315 1253 4386 quidem
1273 4315 1438 4371 Filius
1467 4317 1755 4388 perfectam
1784 4316 1836 4370 in
1867 4322 2110 4386 tempore
2137 4316 2417 4388 susceperit
2438 4316 2842 4383 humanitatem;
2877 4317 2924 4373 is
2949 4316 3180 4390 denique
3208 4320 3299 4389 qui
3324 4329 3569 4387 testatur,

274 4429 446 4469 unum
475 4407 840 4477 eumdemque
867 4407 1137 4463 Christum
1174 4423 1241 4463 ex
1272 4410 1473 4478 virgine
1502 4416 1683 4464 natum
1713 4410 2126 4478 esse'hominem,
2158 4413 2245 4483 qui
2286 4412 2606 4485 incogitabili
2626 4412 2898 4483 majestate
2924 4409 3063 4467 Deus
3078 4421 3157 4467 est
3183 4412 3322 4484 apud
3365 4412 3572 4480 Deum;

273 4510 325 4559 et
345 4498 558 4557 Filium
585 4499 758 4570 ipsum
783 4495 903 4561 Dei,
932 4496 1014 4549 cui
1033 4512 1150 4550 eum
1178 4496 1341 4551 Patre
1360 4508 1419 4553 et
1430 4499 1630 4570 Spiritu
1660 4509 1843 4556 sancto
1865 4516 1970 4554 una
1998 4509 2149 4573 atque
2168 4501 2350 4557 eadem
2373 4510 2451 4558 est
2479 4501 2742 4557 Divinitas
2759 4543 2774 4569 ,
2809 4501 3048 4572 idemque
3073 4503 3199 4556 velle
3219 4512 3269 4556 et
3296 4520 3465 4573 posse,
3496 4507 3574 4561 ita

278 4603 528 4651 nostram
558 4590 910 4660 assumpsisse
936 4596 1200 4654 naturam,
1229 4597 1288 4643 ut
1314 4590 1448 4661 quod
1468 4594 1523 4645 in
1543 4606 1598 4646 se
1616 4601 1729 4646 erat
1756 4609 1861 4647 non
1888 4594 2148 4648 dimittens
2170 4594 2398 4649 divinam
2425 4610 2543 4647 cum
2561 4595 2788 4648 humana
2815 4602 3003 4647 natura
3030 4592 3335 4649 mirabiliter
3361 4596 3573 4669 copula-

274 4690 409 4745 verit
426 4679 878 4759 inseparabiliter,
903 4690 961 4735 ut
978 4681 1132 4735 simul
1164 4680 1300 4737 Deus
1320 4684 1406 4746 sit,
1429 4690 1482 4737 et
1502 4683 1674 4750 homo,
1700 4685 1866 4755 sitque
1905 4680 2080 4739 Filius
2120 4686 2344 4755 feminae,
2380 4691 2431 4738 et
2457 4681 2629 4737 Filius
2676 4681 3003 4755 majestatis;
3042 4683 3155 4753 qui,
3186 4682 3422 4754 inquam,
3455 4688 3572 4745 haec

276 4777 601 4843 conﬁtetur,
643 4775 693 4829 is
720 4789 1006 4846 personam
1033 4773 1232 4831 Christi
1261 4791 1422 4831 unam
1460 4776 1739 4834 confessus
1785 4775 1947 4831 fuerit
1975 4791 2195 4833 necesse
2241 4785 2344 4843 est,
2376 4776 2431 4832 in
2459 4791 2566 4847 qua
2592 4775 3007 4849 inseparabiliter
3046 4787 3251 4834 natura:
3276 4780 3573 4838 subsistant

276 4870 585 4929 inconfusae
612 4867 1079 4936 impermixtmque
1106 4867 1242 4932 dum,
1270 4868 1448 4923 divina
1478 4869 1685 4924 scilicet
1710 4876 1766 4925 et
1792 4869 2049 4923 humana.
2081 4867 2216 4923 Nam
2261 4868 2308 4925 si
2335 4884 2583 4940 persona:
2627 4866 2954 4939 ﬁngerentur
2977 4871 3096 4927 dure
3118 4912 3134 4939 ,
3184 4889 3291 4928 non
3334 4890 3473 4930 unus
3518 4883 3574 4930 et

278 4965 424 5038 idem
453 4962 630 5019 Filius
660 4966 806 5013 esset
831 4955 948 5023 Dei,
972 4965 1026 5038 et
1049 4956 1198 5030 [xw]
1221 4958 1637 5029 Filiusvirginis,
1662 4958 1762 5015 sed
1788 4968 1970 5015 essent
1995 4958 2091 5016 ﬁlii
2108 4960 2237 5029 duo,
2258 4962 2402 5032 quod
2422 4960 2639 5018 Maximi
2660 4962 2897 5031 dogmati
2925 4972 3203 5035 repugnat.
3229 4964 3363 5033 Quid
3391 4977 3573 5027 autem

279 5036 585 5112 desiderari
616 5064 785 5119 supra
814 5036 990 5117 potuii
1018 5048 1086 5105 ad
1112 5051 1432 5107 evertendas
1456 5051 1690 5107 hmreses
1716 5050 1948 5108 Nestorii
1990 5061 2046 5109 et
2082 5052 2357 5126 Eutychis,
2388 5069 2618 5125 quorum
2644 5056 2784 5112 alter
2830 5069 3087 5127 personas
3113 5058 3248 5113 duas
3276 5060 3328 5114 in
3352 5056 3593 5125 Christoi

281 5148 684 5211 constituebat,
732 5142 870 5199 alter
914 5149 1160 5205 naturam
1197 5152 1322 5215 post
1358 5144 1644 5200 unitionem
1676 5146 1874 5199 unam?
1920 5143 2172 5203 Profecto
2206 5148 2299 5218 qui
2345 5148 2461 5204 haec
2506 5146 2723 5204 Maximi
2768 5152 2898 5225 ῥητά
2937 5164 3059 5207 cum
3100 5150 3343 5207 doctrina
3387 5150 3574 5227 Cyrilli

285 5238 650 5301 Alexandrini
679 5242 737 5291 et
764 5235 936 5289 sancti
973 5232 1249 5291 leestini
1274 5233 1572 5291 [adversus
1596 5232 1965 5302 Nestorianos,
2009 5250 2242 5308 cumque
2288 5238 2517 5310 epistola
2544 5238 2716 5294 sancti
2742 5236 2937 5296 Leonis
2965 5240 3139 5313 Magni
3169 5241 3238 5296 ad
3262 5238 3573 5300 Flavianum

283 5346 477 5394 contra
506 5328 823 5403 Eutychem
842 5323 1101 5392 conferet,
1131 5327 1178 5381 is
1204 5332 1353 5382 certe
1377 5326 1692 5397 comperiet,
1718 5327 2013 5386 sententias
2043 5326 2264 5384 Maximi
2289 5308 2536 5398 eiusdem
2559 5326 2864 5399 Cyrillianis
2901 5308 3298 5402 Leonianisque
3339 5331 3412 5386 ita
3438 5348 3569 5388 con-
3604 5308 3617 5377 ἶ

280 5440 482 5497 κηποι-ε
500 5402 674 5495 atque
699 5421 778 5477 ita
802 5418 1005 5476 similes
1032 5434 1170 5486 esse,
1201 5426 1263 5474 ut
1287 5435 1449 5476 ovum
1471 5427 1707 5492 nequeat
1728 5424 1839 5477 ovo
1860 5435 1984 5477 esse
2006 5419 2255 5478 shnilius.
3600 5402 3645 5505 Si,

354 5510 445 5577 ιν.
487 5517 636 5588 Quid
673 5514 724 5571 si
761 5511 1050 5579 Maximus,
1088 5511 1255 5567 Deum
1282 5510 1378 5567 Dei
1407 5510 1600 5569 Filium
1627 5528 1698 5571 ex
1723 5512 1889 5569 Maria
1915 5512 2138 5583 Virgine
2172 5526 2292 5568 esse
2319 5520 2523 5579 natum,
2558 5510 2803 5583 adeoque
2840 5520 3066 5569 matrem
3112 5515 3283 5584 ipsam
3310 5527 3433 5570 esse
3474 5512 3572 5570 Dei

287 5608 587 5676 afﬁrmans,
610 5602 858 5663 funditus
875 5609 1082 5660 evertat
1106 5601 1414 5658 haereticum
1438 5603 1632 5674 dogma
1664 5603 2124 5677 Nestorianoruut,
2153 5602 2398 5661 eamdem
2431 5605 2692 5671 θωτὸκον,
2720 5602 2823 5660 Dei
2864 5607 3181 5678 genitricem,
3213 5617 3336 5659 esse
3366 5620 3571 5676 negan-

288 5707 463 5763 tium?
491 5704 657 5775 Quod
682 5701 905 5775 quidem
932 5706 989 5755 et
1016 5684 1356 5754 unnilestum
1397 5711 1467 5755 ex
1508 5699 1679 5754 sancti
1724 5698 1985 5770 episcopi,
2034 5711 2153 5767 qua
2178 5713 2342 5768 supra
2382 5696 2777 5769 descripsimus,
2812 5698 3132 5755 testimoniis
3168 5703 3278 5761 est;
3310 5704 3365 5754 et
3393 5698 3482 5755 ﬁet
3510 5704 3573 5757 iis

293 5818 414 5878 qua
441 5820 572 5861 mox
609 5795 952 5871 proferemus
979 5791 1254 5848 illustrius.
1283 5788 1360 5846 Ac
1386 5804 1633 5845 sermone
1657 5788 1875 5860 quidem
1898 5787 1999 5855 36,,
2020 5801 2138 5858 pag.
2171 5786 2311 5841 492:
2345 5785 2498 5851 Eum,
2545 5785 2735 5854 inquit,
2767 5802 2831 5841 ea:
2859 5785 3031 5840 Maria
3071 5784 3265 5851 virgine
3292 5788 3572 5842 secundum
