  <div class='ocr_page' id='page_1' title='image "/cluster/home/n/w/nwhite01/storage/ocr_20150623/57/hvd.32044015471618/029.png"; bbox 0 0 4050 6356; ppageno 0'>
   <div class='ocr_carea' id='block_1_1' title="bbox 483 372 3730 410">
    <p class='ocr_par' dir='ltr' id='par_1_1' title="bbox 483 372 3730 410">
     <span class='ocr_line' id='line_1_1' title="bbox 483 372 3730 410; baseline 0.005 -29"><span class='ocrx_word' id='word_1_1' title='bbox 483 399 488 404; x_wconf 26' lang='grc'>⁸</span> <span class='ocrx_word' id='word_1_2' title='bbox 2037 381 2114 389; x_wconf 87' lang='grc'><strong><em>..</em></strong></span> <span class='ocrx_word' id='word_1_3' title='bbox 2284 381 2296 390; x_wconf 84' lang='grc'><strong>.</strong></span> <span class='ocrx_word' id='word_1_4' title='bbox 3675 372 3730 410; x_wconf 72' lang='grc' dir='ltr'>ςι</span> 
     </span>
    </p>
   </div>
   <div class='ocr_carea' id='block_1_2' title="bbox 469 421 3764 507">
    <p class='ocr_par' dir='ltr' id='par_1_2' title="bbox 469 421 3764 507">
     <span class='ocr_line' id='line_1_2' title="bbox 469 421 3764 507; baseline 0.005 -38"><span class='ocrx_word' id='word_1_5' title='bbox 469 425 559 486; x_wconf 63' lang='grc' dir='ltr'><strong><em>,ιτ</em></strong></span> <span class='ocrx_word' id='word_1_6' title='bbox 1371 500 1377 507; x_wconf 85' lang='lat'><strong>_</strong></span> <span class='ocrx_word' id='word_1_7' title='bbox 1671 500 1676 504; x_wconf 22' lang='grc' dir='ltr'><strong><em>π</em></strong></span> <span class='ocrx_word' id='word_1_8' title='bbox 1771 499 1776 503; x_wconf 9' lang='grc' dir='ltr'>ἦ</span> <span class='ocrx_word' id='word_1_9' title='bbox 1923 421 2306 480; x_wconf 62' lang='lat' dir='ltr'><strong><em>amaram.</em></strong></span> <span class='ocrx_word' id='word_1_10' title='bbox 3685 421 3764 484; x_wconf 71' lang='grc' dir='ltr'><strong><em>ιε</em></strong></span> 
     </span>
    </p>
   </div>
   <div class='ocr_carea' id='block_1_3' title="bbox 471 525 3762 626">
    <p class='ocr_par' dir='ltr' id='par_1_3' title="bbox 471 525 3762 626">
     <span class='ocr_line' id='line_1_3' title="bbox 471 525 3762 626; baseline -0.001 -32"><span class='ocrx_word' id='word_1_11' title='bbox 471 537 707 626; x_wconf 66' lang='lat' dir='ltr'><strong><em>[mem</em></strong></span> <span class='ocrx_word' id='word_1_12' title='bbox 731 548 910 595; x_wconf 87' lang='lat' dir='ltr'><strong><em>natum</em></strong></span> <span class='ocrx_word' id='word_1_13' title='bbox 935 554 1062 605; x_wconf 85' lang='lat' dir='ltr'><strong><em>esse,</em></strong></span> <span class='ocrx_word' id='word_1_14' title='bbox 1093 546 1142 592; x_wconf 91' lang='lat' dir='ltr'><strong><em>et</em></strong></span> <span class='ocrx_word' id='word_1_15' title='bbox 1167 554 1451 593; x_wconf 75' lang='lat' dir='ltr'><strong><em>secundum</em></strong></span> <span class='ocrx_word' id='word_1_16' title='bbox 1468 537 1820 613; x_wconf 29' lang='lat' dir='ltr'><strong><em>&#39;Divinitatem</em></strong></span> <span class='ocrx_word' id='word_1_17' title='bbox 1848 540 2160 610; x_wconf 72' lang='lat' dir='ltr'><strong><em>processisse</em></strong></span> <span class='ocrx_word' id='word_1_18' title='bbox 2187 556 2252 594; x_wconf 78' lang='lat' dir='ltr'><strong><em>ea:</em></strong></span> <span class='ocrx_word' id='word_1_19' title='bbox 2276 538 2374 592; x_wconf 88' lang='lat' dir='ltr'><strong><em>Dei</em></strong></span> <span class='ocrx_word' id='word_1_20' title='bbox 2401 536 2584 592; x_wconf 92' lang='lat' dir='ltr'><strong><em>Patris</em></strong></span> <span class='ocrx_word' id='word_1_21' title='bbox 2604 554 2710 593; x_wconf 89' lang='lat' dir='ltr'><strong><em>ore.</em></strong></span> <span class='ocrx_word' id='word_1_22' title='bbox 2737 536 2806 592; x_wconf 88' lang='lat' dir='ltr'><strong><em>Et</em></strong></span> <span class='ocrx_word' id='word_1_23' title='bbox 2832 551 2993 593; x_wconf 85' lang='lat' dir='ltr'><strong><em>serm.</em></strong></span> <span class='ocrx_word' id='word_1_24' title='bbox 3020 536 3111 603; x_wconf 89' lang='lat'><strong><em>47,</em></strong></span> <span class='ocrx_word' id='word_1_25' title='bbox 3128 525 3248 623; x_wconf 78' lang='lat' dir='ltr'><strong><em>pag.</em></strong></span> <span class='ocrx_word' id='word_1_26' title='bbox 3273 534 3380 589; x_wconf 81' lang='grc'><strong><em>495</em></strong></span> <span class='ocrx_word' id='word_1_27' title='bbox 3396 551 3550 608; x_wconf 87' lang='lat' dir='ltr'><strong><em>seqq.</em></strong></span> <span class='ocrx_word' id='word_1_28' title='bbox 3582 555 3595 591; x_wconf 90' lang='lat'>:</span> <span class='ocrx_word' id='word_1_29' title='bbox 3627 536 3762 605; x_wconf 74' lang='lat' dir='ltr'><strong><em>Quis</em></strong></span> 
     </span>
    </p>
   </div>
   <div class='ocr_carea' id='block_1_4' title="bbox 491 627 3758 708">
    <p class='ocr_par' dir='ltr' id='par_1_4' title="bbox 491 627 3758 708">
     <span class='ocr_line' id='line_1_4' title="bbox 491 627 3758 708; baseline -0.001 -17"><span class='ocrx_word' id='word_1_30' title='bbox 491 632 686 691; x_wconf 76' lang='lat' dir='ltr'><strong><em>dubitet</em></strong></span> <span class='ocrx_word' id='word_1_31' title='bbox 719 631 1053 704; x_wconf 71' lang='lat' dir='ltr'><strong><em>inefj&#39;abiliter</em></strong></span> <span class='ocrx_word' id='word_1_32' title='bbox 1086 649 1202 687; x_wconf 92' lang='lat' dir='ltr'><strong><em>eum</em></strong></span> <span class='ocrx_word' id='word_1_33' title='bbox 1237 631 1435 706; x_wconf 84' lang='lat' dir='ltr'><strong><em>Filium</em></strong></span> <span class='ocrx_word' id='word_1_34' title='bbox 1463 632 1594 699; x_wconf 89' lang='lat' dir='ltr'><strong><em>Dei,</em></strong></span> <span class='ocrx_word' id='word_1_35' title='bbox 1629 630 1922 705; x_wconf 83' lang='lat' dir='ltr'><strong><em>Filiumque</em></strong></span> <span class='ocrx_word' id='word_1_36' title='bbox 1947 627 2065 688; x_wconf 80' lang='lat' dir='ltr'><strong><em>esse</em></strong></span> <span class='ocrx_word' id='word_1_37' title='bbox 2085 633 2328 708; x_wconf 84' lang='lat' dir='ltr'><strong><em>hominis,</em></strong></span> <span class='ocrx_word' id='word_1_38' title='bbox 2353 635 2440 706; x_wconf 92' lang='lat' dir='ltr'><strong><em>qui</em></strong></span> <span class='ocrx_word' id='word_1_39' title='bbox 2459 634 2623 705; x_wconf 88' lang='lat' dir='ltr'><strong><em>potuit</em></strong></span> <span class='ocrx_word' id='word_1_40' title='bbox 2652 641 2702 688; x_wconf 88' lang='lat' dir='ltr'><strong><em>ct</em></strong></span> <span class='ocrx_word' id='word_1_41' title='bbox 2745 641 2958 687; x_wconf 90' lang='lat' dir='ltr'><strong><em>mortem</em></strong></span> <span class='ocrx_word' id='word_1_42' title='bbox 2995 633 3209 705; x_wconf 88' lang='lat' dir='ltr'><strong><em>perpeti,</em></strong></span> <span class='ocrx_word' id='word_1_43' title='bbox 3240 641 3322 700; x_wconf 91' lang='lat' dir='ltr'><strong><em>et,</em></strong></span> <span class='ocrx_word' id='word_1_44' title='bbox 3354 642 3518 688; x_wconf 89' lang='lat' dir='ltr'><strong><em>ntorte</em></strong></span> <span class='ocrx_word' id='word_1_45' title='bbox 3539 632 3758 704; x_wconf 78' lang='lat' dir='ltr'><strong><em>devicta,</em></strong></span> 
     </span>
    </p>
   </div>
   <div class='ocr_carea' id='block_1_5' title="bbox 491 715 3761 798">
    <p class='ocr_par' dir='ltr' id='par_1_5' title="bbox 491 715 3761 798">
     <span class='ocr_line' id='line_1_5' title="bbox 491 715 3761 798; baseline -0.001 -13"><span class='ocrx_word' id='word_1_46' title='bbox 491 729 815 798; x_wconf 73' lang='lat' dir='ltr'><strong><em>sanetipsum</em></strong></span> <span class='ocrx_word' id='word_1_47' title='bbox 841 728 1092 782; x_wconf 72' lang='lat' dir='ltr'><strong><em>suscitare</em></strong></span> <span class='ocrx_word' id='word_1_48' title='bbox 1115 726 1178 781; x_wconf 84' lang='lat' dir='ltr'><strong><em>de</em></strong></span> <span class='ocrx_word' id='word_1_49' title='bbox 1207 725 1404 781; x_wconf 89' lang='lat' dir='ltr'><strong><em>tumulo</em></strong></span> <span class='ocrx_word' id='word_1_50' title='bbox 1425 724 1524 798; x_wconf 92' lang='lat' dir='ltr'><strong><em>(a).</em></strong></span> <span class='ocrx_word' id='word_1_51' title='bbox 1557 723 1698 781; x_wconf 89' lang='lat' dir='ltr'><strong><em>Nam</em></strong></span> <span class='ocrx_word' id='word_1_52' title='bbox 1722 736 1956 797; x_wconf 88' lang='lat' dir='ltr'><strong><em>suscepta</em></strong></span> <span class='ocrx_word' id='word_1_53' title='bbox 1975 743 2132 781; x_wconf 89' lang='lat' dir='ltr'><strong><em>carne</em></strong></span> <span class='ocrx_word' id='word_1_54' title='bbox 2152 725 2215 781; x_wconf 89' lang='lat' dir='ltr'><strong><em>de</em></strong></span> <span class='ocrx_word' id='word_1_55' title='bbox 2237 717 2450 798; x_wconf 82' lang='lat' dir='ltr'><strong><em>virgine,</em></strong></span> <span class='ocrx_word' id='word_1_56' title='bbox 2474 743 2538 780; x_wconf 92' lang='lat' dir='ltr'><strong><em>ne</em></strong></span> <span class='ocrx_word' id='word_1_57' title='bbox 2564 715 2717 798; x_wconf 87' lang='lat' dir='ltr'><strong><em>quam</em></strong></span> <span class='ocrx_word' id='word_1_58' title='bbox 2741 717 2796 778; x_wconf 88' lang='lat' dir='ltr'><strong><em>in</em></strong></span> <span class='ocrx_word' id='word_1_59' title='bbox 2817 724 2922 795; x_wconf 83' lang='lat' dir='ltr'><strong><em>ﬁde</em></strong></span> <span class='ocrx_word' id='word_1_60' title='bbox 2942 732 3136 780; x_wconf 76' lang='lat' dir='ltr'><strong><em>nostra:</em></strong></span> <span class='ocrx_word' id='word_1_61' title='bbox 3153 726 3494 795; x_wconf 77' lang='lat' dir='ltr'><strong><em>confessionis</em></strong></span> <span class='ocrx_word' id='word_1_62' title='bbox 3523 727 3761 783; x_wconf 88' lang='lat' dir='ltr'><strong><em>nebulam</em></strong></span> 
     </span>
    </p>
   </div>
   <div class='ocr_carea' id='block_1_6' title="bbox 489 817 3758 892">
    <p class='ocr_par' dir='ltr' id='par_1_6' title="bbox 489 817 3758 892">
     <span class='ocr_line' id='line_1_6' title="bbox 489 817 3758 892; baseline -0 -16"><span class='ocrx_word' id='word_1_63' title='bbox 489 830 801 891; x_wconf 86' lang='lat' dir='ltr'><strong><em>pateremur,</em></strong></span> <span class='ocrx_word' id='word_1_64' title='bbox 826 828 930 876; x_wconf 90' lang='lat' dir='ltr'><strong><em>toto</em></strong></span> <span class='ocrx_word' id='word_1_65' title='bbox 957 819 1344 892; x_wconf 70' lang='lat' dir='ltr'><strong><em>prazdicationis</em></strong></span> <span class='ocrx_word' id='word_1_66' title='bbox 1363 835 1471 874; x_wconf 74' lang='lat' dir='ltr'><strong><em>sua:</em></strong></span> <span class='ocrx_word' id='word_1_67' title='bbox 1497 829 1722 891; x_wconf 90' lang='lat' dir='ltr'><strong><em>tempore</em></strong></span> <span class='ocrx_word' id='word_1_68' title='bbox 1743 833 1920 874; x_wconf 65' lang='lat' dir='ltr'><strong><em>vanum</em></strong></span> <span class='ocrx_word' id='word_1_69' title='bbox 1941 835 2002 874; x_wconf 69' lang='lat' dir='ltr'><strong><em>si:</em></strong></span> <span class='ocrx_word' id='word_1_70' title='bbox 2023 835 2335 874; x_wconf 63' lang='lat' dir='ltr'><strong><em>uersuum</em></strong></span> <span class='ocrx_word' id='word_1_71' title='bbox 2351 817 2540 883; x_wconf 65' lang='lat' dir='ltr'><strong><em>Deus,</em></strong></span> <span class='ocrx_word' id='word_1_72' title='bbox 2573 833 2888 872; x_wconf 70' lang='lat' dir='ltr'><strong><em>PBBFECTUI</em></strong></span> <span class='ocrx_word' id='word_1_73' title='bbox 2927 831 3266 872; x_wconf 71' lang='lat' dir='ltr'><strong><em>osmnnens&#39;r</em></strong></span> <span class='ocrx_word' id='word_1_74' title='bbox 3304 826 3354 870; x_wconf 92' lang='lat' dir='ltr'><strong><em>et</em></strong></span> <span class='ocrx_word' id='word_1_75' title='bbox 3381 833 3758 876; x_wconf 58' lang='lat' dir='ltr'><strong><em>nonnum&quot;...</em></strong></span> 
     </span>
    </p>
   </div>
   <div class='ocr_carea' id='block_1_7' title="bbox 491 909 3765 985">
    <p class='ocr_par' dir='ltr' id='par_1_7' title="bbox 491 909 3765 985">
     <span class='ocr_line' id='line_1_7' title="bbox 491 909 3765 985; baseline -0.001 -17"><span class='ocrx_word' id='word_1_76' title='bbox 491 913 580 970; x_wconf 82' lang='lat' dir='ltr'><strong><em>Ita</em></strong></span> <span class='ocrx_word' id='word_1_77' title='bbox 607 931 736 969; x_wconf 88' lang='lat' dir='ltr'><strong><em>sane</em></strong></span> <span class='ocrx_word' id='word_1_78' title='bbox 762 913 1342 985; x_wconf 85' lang='lat' dir='ltr'><strong><em>incomprehensibiliter</em></strong></span> <span class='ocrx_word' id='word_1_79' title='bbox 1370 930 1492 968; x_wconf 86' lang='lat' dir='ltr'><strong><em>caro</em></strong></span> <span class='ocrx_word' id='word_1_80' title='bbox 1520 914 1576 966; x_wconf 89' lang='lat' dir='ltr'><strong><em>in</em></strong></span> <span class='ocrx_word' id='word_1_81' title='bbox 1596 911 1730 976; x_wconf 90' lang='lat' dir='ltr'><strong><em>Deo,</em></strong></span> <span class='ocrx_word' id='word_1_82' title='bbox 1753 921 1802 966; x_wconf 91' lang='lat' dir='ltr'><strong><em>et</em></strong></span> <span class='ocrx_word' id='word_1_83' title='bbox 1829 913 1884 966; x_wconf 91' lang='lat' dir='ltr'><strong><em>in</em></strong></span> <span class='ocrx_word' id='word_1_84' title='bbox 1905 929 2062 966; x_wconf 91' lang='lat' dir='ltr'><strong><em>carne</em></strong></span> <span class='ocrx_word' id='word_1_85' title='bbox 2090 910 2250 982; x_wconf 85' lang='lat' dir='ltr'><strong><em>Deus,</em></strong></span> <span class='ocrx_word' id='word_1_86' title='bbox 2281 921 2339 966; x_wconf 91' lang='lat' dir='ltr'><strong><em>ut</em></strong></span> <span class='ocrx_word' id='word_1_87' title='bbox 2365 928 2524 984; x_wconf 88' lang='lat' dir='ltr'><strong><em>neque</em></strong></span> <span class='ocrx_word' id='word_1_88' title='bbox 2549 909 2718 966; x_wconf 90' lang='lat' dir='ltr'><strong><em>Deum</em></strong></span> <span class='ocrx_word' id='word_1_89' title='bbox 2735 911 2800 966; x_wconf 92' lang='lat' dir='ltr'><strong><em>ab</em></strong></span> <span class='ocrx_word' id='word_1_90' title='bbox 2825 912 3031 972; x_wconf 87' lang='lat' dir='ltr'><strong><em>homine</em></strong></span> <span class='ocrx_word' id='word_1_91' title='bbox 3061 911 3234 982; x_wconf 83' lang='lat' dir='ltr'><strong><em>passio</em></strong></span> <span class='ocrx_word' id='word_1_92' title='bbox 3265 919 3568 980; x_wconf 88' lang='lat' dir='ltr'><strong><em>separaret,</em></strong></span> <span class='ocrx_word' id='word_1_93' title='bbox 3602 927 3765 984; x_wconf 84' lang='lat' dir='ltr'><strong><em>neque</em></strong></span> 
     </span>
    </p>
   </div>
   <div class='ocr_carea' id='block_1_8' title="bbox 490 1001 3765 1078">
    <p class='ocr_par' dir='ltr' id='par_1_8' title="bbox 490 1001 3765 1078">
     <span class='ocr_line' id='line_1_8' title="bbox 490 1001 3765 1078; baseline -0.001 -15"><span class='ocrx_word' id='word_1_94' title='bbox 490 1025 581 1078; x_wconf 89' lang='lat' dir='ltr'><strong><em>per</em></strong></span> <span class='ocrx_word' id='word_1_95' title='bbox 603 1008 860 1063; x_wconf 79' lang='lat' dir='ltr'><strong><em>hominem</em></strong></span> <span class='ocrx_word' id='word_1_96' title='bbox 884 1007 1024 1063; x_wconf 89' lang='lat' dir='ltr'><strong><em>Deus</em></strong></span> <span class='ocrx_word' id='word_1_97' title='bbox 1053 1008 1291 1078; x_wconf 85' lang='lat' dir='ltr'><strong><em>humanis</em></strong></span> <span class='ocrx_word' id='word_1_98' title='bbox 1319 1001 1645 1078; x_wconf 87' lang='lat' dir='ltr'><strong><em>passionibus</em></strong></span> <span class='ocrx_word' id='word_1_99' title='bbox 1671 1005 1979 1077; x_wconf 87' lang='lat' dir='ltr'><strong><em>subjaceret.</em></strong></span> <span class='ocrx_word' id='word_1_100' title='bbox 2013 1005 2164 1070; x_wconf 80' lang='lat' dir='ltr'><strong><em>Quod</em></strong></span> <span class='ocrx_word' id='word_1_101' title='bbox 2184 1021 2300 1059; x_wconf 88' lang='lat' dir='ltr'><strong><em>vero</em></strong></span> <span class='ocrx_word' id='word_1_102' title='bbox 2327 1003 2668 1060; x_wconf 90' lang='lat' dir='ltr'><strong><em>annuntiatur</em></strong></span> <span class='ocrx_word' id='word_1_103' title='bbox 2703 1002 2876 1074; x_wconf 73' lang='lat' dir='ltr'><strong><em>Filius</em></strong></span> <span class='ocrx_word' id='word_1_104' title='bbox 2921 1003 3014 1058; x_wconf 89' lang='lat' dir='ltr'><strong><em>Dei</em></strong></span> <span class='ocrx_word' id='word_1_105' title='bbox 3057 1018 3228 1058; x_wconf 74' lang='lat' dir='ltr'><strong><em>unus</em></strong></span> <span class='ocrx_word' id='word_1_106' title='bbox 3261 1018 3330 1057; x_wconf 71' lang='lat' dir='ltr'><strong><em>na</em></strong></span> <span class='ocrx_word' id='word_1_107' title='bbox 3356 1018 3586 1069; x_wconf 76' lang='lat' dir='ltr'><strong><em>VIRGINE,</em></strong></span> <span class='ocrx_word' id='word_1_108' title='bbox 3619 1011 3765 1059; x_wconf 82' lang='lat' dir='ltr'><strong><em>tanto</em></strong></span> 
     </span>
    </p>
   </div>
   <div class='ocr_carea' id='block_1_9' title="bbox 417 1085 3766 1176">
    <p class='ocr_par' dir='ltr' id='par_1_9' title="bbox 417 1085 3766 1176">
     <span class='ocr_line' id='line_1_9' title="bbox 417 1085 3766 1176; baseline -0.001 -21"><span class='ocrx_word' id='word_1_109' title='bbox 417 1159 426 1166; x_wconf 66' lang='grc'>,</span> <span class='ocrx_word' id='word_1_110' title='bbox 491 1103 548 1155; x_wconf 88' lang='lat' dir='ltr'><strong><em>in</em></strong></span> <span class='ocrx_word' id='word_1_111' title='bbox 577 1101 826 1156; x_wconf 88' lang='lat' dir='ltr'><strong><em>miraculo</em></strong></span> <span class='ocrx_word' id='word_1_112' title='bbox 854 1117 960 1157; x_wconf 90' lang='lat' dir='ltr'><strong><em>non</em></strong></span> <span class='ocrx_word' id='word_1_113' title='bbox 980 1100 1128 1155; x_wconf 84' lang='lat' dir='ltr'><strong><em>debet</em></strong></span> <span class='ocrx_word' id='word_1_114' title='bbox 1156 1101 1381 1155; x_wconf 88' lang='lat' dir='ltr'><strong><em>humana</em></strong></span> <span class='ocrx_word' id='word_1_115' title='bbox 1401 1100 1654 1168; x_wconf 79' lang='lat' dir='ltr'><strong><em>ﬂuctuare</em></strong></span> <span class='ocrx_word' id='word_1_116' title='bbox 1675 1101 1956 1176; x_wconf 78' lang='lat' dir='ltr'><strong><em>fragilitas,</em></strong></span> <span class='ocrx_word' id='word_1_117' title='bbox 1980 1101 2102 1171; x_wconf 86' lang='lat' dir='ltr'><strong><em>quia</em></strong></span> <span class='ocrx_word' id='word_1_118' title='bbox 2128 1087 2412 1171; x_wconf 52' lang='lat' dir='ltr'><strong><em>stupendae</em></strong></span> <span class='ocrx_word' id='word_1_119' title='bbox 2436 1099 2554 1153; x_wconf 90' lang='lat' dir='ltr'><strong><em>huic</em></strong></span> <span class='ocrx_word' id='word_1_120' title='bbox 2582 1085 2802 1155; x_wconf 85' lang='lat' dir='ltr'><strong><em>novitati</em></strong></span> <span class='ocrx_word' id='word_1_121' title='bbox 2838 1097 3026 1164; x_wconf 90' lang='lat' dir='ltr'><strong><em>Deum,</em></strong></span> <span class='ocrx_word' id='word_1_122' title='bbox 3075 1099 3156 1152; x_wconf 91' lang='lat' dir='ltr'><strong><em>cui</em></strong></span> <span class='ocrx_word' id='word_1_123' title='bbox 3177 1115 3326 1152; x_wconf 91' lang='lat' dir='ltr'><strong><em>omne</em></strong></span> <span class='ocrx_word' id='word_1_124' title='bbox 3355 1114 3482 1169; x_wconf 90' lang='lat' dir='ltr'><strong><em>opus</em></strong></span> <span class='ocrx_word' id='word_1_125' title='bbox 3521 1095 3766 1168; x_wconf 78' lang='lat' dir='ltr'><strong><em>possibile</em></strong></span> 
     </span>
    </p>
   </div>
   <div class='ocr_carea' id='block_1_10' title="bbox 480 1189 3764 1269">
    <p class='ocr_par' dir='ltr' id='par_1_10' title="bbox 480 1189 3764 1269">
     <span class='ocr_line' id='line_1_10' title="bbox 480 1189 3764 1269; baseline -0.001 -21"><span class='ocrx_word' id='word_1_126' title='bbox 480 1195 589 1262; x_wconf 75' lang='lat' dir='ltr'><strong><em>&#39;est,</em></strong></span> <span class='ocrx_word' id='word_1_127' title='bbox 620 1196 928 1266; x_wconf 91' lang='lat' dir='ltr'><strong><em>conﬁtemur</em></strong></span> <span class='ocrx_word' id='word_1_128' title='bbox 957 1201 1343 1268; x_wconf 54' lang='lat' dir='ltr'><strong><em>auctorem”...</em></strong></span> <span class='ocrx_word' id='word_1_129' title='bbox 1367 1193 1545 1248; x_wconf 92' lang='lat' dir='ltr'><strong><em>Voluit</em></strong></span> <span class='ocrx_word' id='word_1_130' title='bbox 1572 1193 1840 1269; x_wconf 37' lang='lat' dir='ltr'><strong><em>virginem.</em></strong></span> <span class='ocrx_word' id='word_1_131' title='bbox 1860 1189 2076 1262; x_wconf 71' lang='lat' dir='ltr'><strong><em>parere,</em></strong></span> <span class='ocrx_word' id='word_1_132' title='bbox 2107 1201 2157 1246; x_wconf 90' lang='lat' dir='ltr'><strong><em>et</em></strong></span> <span class='ocrx_word' id='word_1_133' title='bbox 2192 1191 2581 1246; x_wconf 86' lang='lat' dir='ltr'><strong><em>obumbratione</em></strong></span> <span class='ocrx_word' id='word_1_134' title='bbox 2610 1191 2900 1262; x_wconf 83' lang='lat' dir='ltr'><strong><em>majestatis</em></strong></span> <span class='ocrx_word' id='word_1_135' title='bbox 2927 1191 3070 1262; x_wconf 89' lang='lat' dir='ltr'><strong><em>ejus,</em></strong></span> <span class='ocrx_word' id='word_1_136' title='bbox 3108 1189 3251 1244; x_wconf 89' lang='lat' dir='ltr'><strong><em>nullo</em></strong></span> <span class='ocrx_word' id='word_1_137' title='bbox 3289 1190 3507 1262; x_wconf 82' lang='lat' dir='ltr'><strong><em>virginei</em></strong></span> <span class='ocrx_word' id='word_1_138' title='bbox 3553 1189 3764 1262; x_wconf 86' lang='lat' dir='ltr'><strong><em>pudoris</em></strong></span> 
     </span>
    </p>
   </div>
   <div class='ocr_carea' id='block_1_11' title="bbox 495 1270 3762 1364">
    <p class='ocr_par' dir='ltr' id='par_1_11' title="bbox 495 1270 3762 1364">
     <span class='ocr_line' id='line_1_11' title="bbox 495 1270 3762 1364; baseline 0 -26"><span class='ocrx_word' id='word_1_139' title='bbox 495 1270 718 1360; x_wconf 66' lang='lat' dir='ltr'><strong><em>damno,</em></strong></span> <span class='ocrx_word' id='word_1_140' title='bbox 737 1282 971 1338; x_wconf 87' lang='lat' dir='ltr'><strong><em>Christus</em></strong></span> <span class='ocrx_word' id='word_1_141' title='bbox 999 1287 1246 1354; x_wconf 85' lang='lat' dir='ltr'><strong><em>processit</em></strong></span> <span class='ocrx_word' id='word_1_142' title='bbox 1287 1301 1352 1338; x_wconf 71' lang='lat' dir='ltr'><strong><em>ea:</em></strong></span> <span class='ocrx_word' id='word_1_143' title='bbox 1379 1283 1630 1364; x_wconf 23' lang='lat' dir='ltr'><strong><em>‘Maria...</em></strong></span> <span class='ocrx_word' id='word_1_144' title='bbox 1676 1284 1783 1339; x_wconf 87' lang='lat' dir='ltr'><strong><em>Sed</em></strong></span> <span class='ocrx_word' id='word_1_145' title='bbox 1821 1286 2048 1355; x_wconf 89' lang='lat' dir='ltr'><strong><em>fortasse</em></strong></span> <span class='ocrx_word' id='word_1_146' title='bbox 2064 1285 2293 1356; x_wconf 87' lang='lat' dir='ltr'><strong><em>perfidus</em></strong></span> <span class='ocrx_word' id='word_1_147' title='bbox 2335 1285 2586 1351; x_wconf 88' lang='lat' dir='ltr'><strong><em>occurrit,</em></strong></span> <span class='ocrx_word' id='word_1_148' title='bbox 2631 1292 2682 1340; x_wconf 90' lang='lat' dir='ltr'><strong><em>et</em></strong></span> <span class='ocrx_word' id='word_1_149' title='bbox 2705 1285 2833 1340; x_wconf 89' lang='lat' dir='ltr'><strong><em>dicit</em></strong></span> <span class='ocrx_word' id='word_1_150' title='bbox 2860 1301 2878 1338; x_wconf 94' lang='lat'><strong><em>:</em></strong></span> <span class='ocrx_word' id='word_1_151' title='bbox 2901 1282 3070 1339; x_wconf 87' lang='lat' dir='ltr'><strong><em>Nemo</em></strong></span> <span class='ocrx_word' id='word_1_152' title='bbox 3101 1300 3323 1356; x_wconf 82' lang='lat' dir='ltr'><strong><em>unquam</em></strong></span> <span class='ocrx_word' id='word_1_153' title='bbox 3359 1285 3435 1337; x_wconf 90' lang='lat' dir='ltr'><strong><em>ita</em></strong></span> <span class='ocrx_word' id='word_1_154' title='bbox 3474 1291 3551 1338; x_wconf 91' lang='lat' dir='ltr'><strong><em>est</em></strong></span> <span class='ocrx_word' id='word_1_155' title='bbox 3587 1296 3762 1339; x_wconf 89' lang='lat' dir='ltr'><strong><em>natus.</em></strong></span> 
     </span>
    </p>
   </div>
   <div class='ocr_carea' id='block_1_12' title="bbox 480 1376 3765 1452">
    <p class='ocr_par' dir='ltr' id='par_1_12' title="bbox 480 1376 3765 1452">
     <span class='ocr_line' id='line_1_12' title="bbox 480 1376 3765 1452; baseline 0 -20"><span class='ocrx_word' id='word_1_156' title='bbox 480 1378 676 1452; x_wconf 39' lang='lat' dir='ltr'><strong><em>fNemo</em></strong></span> <span class='ocrx_word' id='word_1_157' title='bbox 704 1396 902 1444; x_wconf 84' lang='lat' dir='ltr'><strong><em>revera,</em></strong></span> <span class='ocrx_word' id='word_1_158' title='bbox 935 1379 1057 1449; x_wconf 86' lang='lat' dir='ltr'><strong><em>quia</em></strong></span> <span class='ocrx_word' id='word_1_159' title='bbox 1087 1379 1298 1446; x_wconf 86' lang='lat' dir='ltr'><strong><em>nullius,</em></strong></span> <span class='ocrx_word' id='word_1_160' title='bbox 1329 1387 1518 1450; x_wconf 80' lang='lat' dir='ltr'><strong><em>prwter</em></strong></span> <span class='ocrx_word' id='word_1_161' title='bbox 1548 1380 1702 1445; x_wconf 88' lang='lat' dir='ltr'><strong><em>hanc,</em></strong></span> <span class='ocrx_word' id='word_1_162' title='bbox 1725 1395 1846 1432; x_wconf 89' lang='lat' dir='ltr'><strong><em>caro</em></strong></span> <span class='ocrx_word' id='word_1_163' title='bbox 1885 1379 2032 1432; x_wconf 89' lang='lat' dir='ltr'><strong><em>unita</em></strong></span> <span class='ocrx_word' id='word_1_164' title='bbox 2059 1395 2176 1432; x_wconf 90' lang='lat' dir='ltr'><strong><em>cum</em></strong></span> <span class='ocrx_word' id='word_1_165' title='bbox 2193 1378 2304 1434; x_wconf 93' lang='lat' dir='ltr'><strong><em>Deo</em></strong></span> <span class='ocrx_word' id='word_1_166' title='bbox 2332 1387 2498 1434; x_wconf 88' lang='lat' dir='ltr'><strong><em>est....</em></strong></span> <span class='ocrx_word' id='word_1_167' title='bbox 2530 1377 2842 1434; x_wconf 79' lang='lat' dir='ltr'><strong><em>Mirabiliter</em></strong></span> <span class='ocrx_word' id='word_1_168' title='bbox 2871 1387 3025 1432; x_wconf 88' lang='lat' dir='ltr'><strong><em>natus</em></strong></span> <span class='ocrx_word' id='word_1_169' title='bbox 3062 1386 3137 1432; x_wconf 88' lang='lat' dir='ltr'><strong><em>est</em></strong></span> <span class='ocrx_word' id='word_1_170' title='bbox 3183 1376 3435 1442; x_wconf 84' lang='lat' dir='ltr'><strong><em>Christus,</em></strong></span> <span class='ocrx_word' id='word_1_171' title='bbox 3459 1387 3510 1432; x_wconf 90' lang='lat' dir='ltr'><strong><em>et</em></strong></span> <span class='ocrx_word' id='word_1_172' title='bbox 3533 1377 3765 1433; x_wconf 87' lang='lat' dir='ltr'><strong><em>obstina-</em></strong></span> 
     </span>
    </p>
   </div>
   <div class='ocr_carea' id='block_1_13' title="bbox 479 1453 3768 1543">
    <p class='ocr_par' dir='ltr' id='par_1_13' title="bbox 479 1453 3768 1543">
     <span class='ocr_line' id='line_1_13' title="bbox 479 1453 3768 1543; baseline -0.001 -19"><span class='ocrx_word' id='word_1_173' title='bbox 479 1465 635 1528; x_wconf 59' lang='lat' dir='ltr'><strong><em>&#39;tione</em></strong></span> <span class='ocrx_word' id='word_1_174' title='bbox 660 1470 861 1543; x_wconf 88' lang='lat' dir='ltr'><strong><em>perﬁda</em></strong></span> <span class='ocrx_word' id='word_1_175' title='bbox 881 1487 986 1525; x_wconf 89' lang='lat' dir='ltr'><strong><em>non</em></strong></span> <span class='ocrx_word' id='word_1_176' title='bbox 1006 1470 1175 1524; x_wconf 82' lang='lat' dir='ltr'><strong><em>credis</em></strong></span> <span class='ocrx_word' id='word_1_177' title='bbox 1198 1455 1404 1524; x_wconf 86' lang='lat' dir='ltr'><strong><em>Deum?</em></strong></span> <span class='ocrx_word' id='word_1_178' title='bbox 1430 1468 1581 1534; x_wconf 85' lang='lat' dir='ltr'><strong><em>Quod</em></strong></span> <span class='ocrx_word' id='word_1_179' title='bbox 1611 1472 1900 1541; x_wconf 77' lang='lat' dir='ltr'><strong><em>prtecipuus</em></strong></span> <span class='ocrx_word' id='word_1_180' title='bbox 1931 1471 2284 1542; x_wconf 88' lang='lat' dir='ltr'><strong><em>apostolorum</em></strong></span> <span class='ocrx_word' id='word_1_181' title='bbox 2313 1470 2688 1541; x_wconf 83' lang='lat' dir='ltr'><strong><em>redemptorem</em></strong></span> <span class='ocrx_word' id='word_1_182' title='bbox 2727 1453 2955 1524; x_wconf 85' lang='lat' dir='ltr'><strong><em>omnium</em></strong></span> <span class='ocrx_word' id='word_1_183' title='bbox 2993 1467 3190 1522; x_wconf 89' lang='lat' dir='ltr'><strong><em>Filium</em></strong></span> <span class='ocrx_word' id='word_1_184' title='bbox 3228 1467 3325 1523; x_wconf 90' lang='lat' dir='ltr'><strong><em>Dei</em></strong></span> <span class='ocrx_word' id='word_1_185' title='bbox 3354 1469 3452 1523; x_wconf 82' lang='lat' dir='ltr'><strong><em>vivi</em></strong></span> <span class='ocrx_word' id='word_1_186' title='bbox 3498 1467 3640 1532; x_wconf 87' lang='lat' dir='ltr'><strong><em>dicit,</em></strong></span> <span class='ocrx_word' id='word_1_187' title='bbox 3671 1486 3768 1540; x_wconf 91' lang='lat' dir='ltr'><strong><em>pa-</em></strong></span> 
     </span>
    </p>
   </div>
   <div class='ocr_carea' id='block_1_14' title="bbox 473 1561 3769 1646">
    <p class='ocr_par' dir='ltr' id='par_1_14' title="bbox 473 1561 3769 1646">
     <span class='ocr_line' id='line_1_14' title="bbox 473 1561 3769 1646; baseline -0.002 -26"><span class='ocrx_word' id='word_1_188' title='bbox 473 1563 666 1642; x_wconf 35' lang='lat' dir='ltr'><strong><em>:te&#39;rnae</em></strong></span> <span class='ocrx_word' id='word_1_189' title='bbox 685 1568 739 1620; x_wconf 93' lang='lat' dir='ltr'><strong><em>in</em></strong></span> <span class='ocrx_word' id='word_1_190' title='bbox 767 1584 826 1620; x_wconf 92' lang='lat' dir='ltr'><strong><em>eo</em></strong></span> <span class='ocrx_word' id='word_1_191' title='bbox 854 1564 1080 1620; x_wconf 87' lang='lat' dir='ltr'><strong><em>Deitatis</em></strong></span> <span class='ocrx_word' id='word_1_192' title='bbox 1095 1564 1441 1640; x_wconf 84' lang='lat' dir='ltr'><strong><em>substantiam</em></strong></span> <span class='ocrx_word' id='word_1_193' title='bbox 1475 1565 1776 1646; x_wconf 81' lang='lat' dir='ltr'><strong><em>conﬁtetur;</em></strong></span> <span class='ocrx_word' id='word_1_194' title='bbox 1804 1565 1941 1636; x_wconf 85' lang='lat' dir='ltr'><strong><em>quod</em></strong></span> <span class='ocrx_word' id='word_1_195' title='bbox 1978 1581 2196 1619; x_wconf 63' lang='lat' dir='ltr'><strong><em>neuneu</em></strong></span> <span class='ocrx_word' id='word_1_196' title='bbox 2217 1563 2495 1618; x_wconf 78' lang='lat' dir='ltr'><strong><em>&#39;Christunt</em></strong></span> <span class='ocrx_word' id='word_1_197' title='bbox 2523 1564 2844 1635; x_wconf 84' lang='lat' dir='ltr'><strong><em>pronuntiat,</em></strong></span> <span class='ocrx_word' id='word_1_198' title='bbox 2877 1578 3110 1618; x_wconf 74' lang='lat' dir='ltr'><strong><em>IA&#39;I&#39;ERNI</em></strong></span> <span class='ocrx_word' id='word_1_199' title='bbox 3139 1562 3308 1616; x_wconf 85' lang='lat' dir='ltr'><strong><em>inesse</em></strong></span> <span class='ocrx_word' id='word_1_200' title='bbox 3330 1562 3562 1632; x_wconf 88' lang='lat' dir='ltr'><strong><em>corporis</em></strong></span> <span class='ocrx_word' id='word_1_201' title='bbox 3583 1561 3769 1616; x_wconf 88' lang='lat' dir='ltr'><strong><em>asserit</em></strong></span> 
     </span>
    </p>
   </div>
   <div class='ocr_carea' id='block_1_15' title="bbox 498 1646 3768 1736">
    <p class='ocr_par' dir='ltr' id='par_1_15' title="bbox 498 1646 3768 1736">
     <span class='ocr_line' id='line_1_15' title="bbox 498 1646 3768 1736; baseline -0.002 -21"><span class='ocrx_word' id='word_1_202' title='bbox 498 1650 786 1736; x_wconf 69' lang='lat' dir='ltr'><strong><em>veritatem.</em></strong></span> <span class='ocrx_word' id='word_1_203' title='bbox 815 1661 904 1716; x_wconf 85' lang='lat' dir='ltr'><strong><em>Sic</em></strong></span> <span class='ocrx_word' id='word_1_204' title='bbox 928 1649 1104 1716; x_wconf 79' lang='lat' dir='ltr'><strong><em>revera</em></strong></span> <span class='ocrx_word' id='word_1_205' title='bbox 1135 1662 1456 1716; x_wconf 88' lang='lat' dir='ltr'><strong><em>beatissimus</em></strong></span> <span class='ocrx_word' id='word_1_206' title='bbox 1488 1651 1686 1736; x_wconf 73' lang='lat' dir='ltr'><strong><em>Petrus</em></strong></span> <span class='ocrx_word' id='word_1_207' title='bbox 1707 1678 1988 1725; x_wconf 68' lang='lat' dir='ltr'><strong><em>U&#39;I‘BAIIQUE</em></strong></span> <span class='ocrx_word' id='word_1_208' title='bbox 2022 1662 2074 1714; x_wconf 92' lang='lat' dir='ltr'><strong><em>in</em></strong></span> <span class='ocrx_word' id='word_1_209' title='bbox 2099 1646 2310 1715; x_wconf 75' lang='lat' dir='ltr'><strong><em>Christo</em></strong></span> <span class='ocrx_word' id='word_1_210' title='bbox 2342 1668 2582 1714; x_wconf 88' lang='lat' dir='ltr'><strong><em>naturam</em></strong></span> <span class='ocrx_word' id='word_1_211' title='bbox 2612 1657 2688 1730; x_wconf 89' lang='lat' dir='ltr'><strong><em>(b)</em></strong></span> <span class='ocrx_word' id='word_1_212' title='bbox 2717 1657 2810 1712; x_wconf 89' lang='lat' dir='ltr'><strong><em>sub</em></strong></span> <span class='ocrx_word' id='word_1_213' title='bbox 2841 1673 2947 1711; x_wconf 92' lang='lat' dir='ltr'><strong><em>una</em></strong></span> <span class='ocrx_word' id='word_1_214' title='bbox 2967 1667 3042 1710; x_wconf 90' lang='lat' dir='ltr'><strong><em>est</em></strong></span> <span class='ocrx_word' id='word_1_215' title='bbox 3075 1654 3421 1726; x_wconf 86' lang='lat' dir='ltr'><strong><em>appellatione</em></strong></span> <span class='ocrx_word' id='word_1_216' title='bbox 3447 1655 3768 1726; x_wconf 74' lang='lat' dir='ltr'><strong><em>complexus,</em></strong></span> 
     </span>
    </p>
   </div>
   <div class='ocr_carea' id='block_1_16' title="bbox 476 1737 3767 1836">
    <p class='ocr_par' dir='ltr' id='par_1_16' title="bbox 476 1737 3767 1836">
     <span class='ocr_line' id='line_1_16' title="bbox 476 1737 3767 1836; baseline -0.002 -29"><span class='ocrx_word' id='word_1_217' title='bbox 476 1737 847 1823; x_wconf 27' lang='lat' dir='ltr'><strong><em>tutineﬂ&#39;abilis</em></strong></span> <span class='ocrx_word' id='word_1_218' title='bbox 869 1741 1099 1826; x_wconf 83' lang='lat' dir='ltr'><strong><em>mysterii</em></strong></span> <span class='ocrx_word' id='word_1_219' title='bbox 1118 1764 1496 1808; x_wconf 81' lang='lat' dir='ltr'><strong><em>sacramentum</em></strong></span> <span class='ocrx_word' id='word_1_220' title='bbox 1517 1752 1814 1809; x_wconf 84' lang='lat' dir='ltr'><strong><em>brevissimo</em></strong></span> <span class='ocrx_word' id='word_1_221' title='bbox 1837 1752 2356 1836; x_wconf 78' lang='lat' dir='ltr'><strong><em>sermonedelibans,</em></strong></span> <span class='ocrx_word' id='word_1_222' title='bbox 2389 1737 2560 1834; x_wconf 65' lang='lat' dir='ltr'><strong><em>Nudus</em></strong></span> <span class='ocrx_word' id='word_1_223' title='bbox 2597 1768 2866 1808; x_wconf 75' lang='lat' dir='ltr'><strong><em>GBIINATA</em></strong></span> <span class='ocrx_word' id='word_1_224' title='bbox 2905 1766 3212 1811; x_wconf 74' lang='lat' dir='ltr'><strong><em>DIVIDERET,</em></strong></span> <span class='ocrx_word' id='word_1_225' title='bbox 3255 1764 3426 1811; x_wconf 77' lang='lat' dir='ltr'><strong><em>NEQUE</em></strong></span> <span class='ocrx_word' id='word_1_226' title='bbox 3450 1762 3606 1802; x_wconf 68' lang='lat' dir='ltr'><strong><em>unm</em></strong></span> <span class='ocrx_word' id='word_1_227' title='bbox 3635 1763 3767 1802; x_wconf 79' lang='lat' dir='ltr'><strong><em>CON-</em></strong></span> 
     </span>
    </p>
   </div>
   <div class='ocr_carea' id='block_1_17' title="bbox 499 1830 3763 1924">
    <p class='ocr_par' dir='ltr' id='par_1_17' title="bbox 499 1830 3763 1924">
     <span class='ocr_line' id='line_1_17' title="bbox 499 1830 3763 1924; baseline -0.002 -22"><span class='ocrx_word' id='word_1_228' title='bbox 499 1831 776 1924; x_wconf 68' lang='lat' dir='ltr'><strong><em>t&#39;unoana&#39;r</em></strong></span> <span class='ocrx_word' id='word_1_229' title='bbox 800 1830 891 1920; x_wconf 41' lang='lat' dir='ltr'><strong><em>(a)..</em></strong></span> <span class='ocrx_word' id='word_1_230' title='bbox 931 1847 998 1902; x_wconf 82' lang='lat' dir='ltr'><strong><em>Ut</em></strong></span> <span class='ocrx_word' id='word_1_231' title='bbox 1019 1857 1190 1900; x_wconf 82' lang='lat' dir='ltr'><strong><em>autent</em></strong></span> <span class='ocrx_word' id='word_1_232' title='bbox 1218 1849 1420 1917; x_wconf 82' lang='lat' dir='ltr'><strong><em>plenius</em></strong></span> <span class='ocrx_word' id='word_1_233' title='bbox 1449 1830 1848 1908; x_wconf 80' lang='lat' dir='ltr'><strong><em>adverterentus,</em></strong></span> <span class='ocrx_word' id='word_1_234' title='bbox 1873 1848 1927 1900; x_wconf 89' lang='lat' dir='ltr'><strong><em>in</em></strong></span> <span class='ocrx_word' id='word_1_235' title='bbox 1957 1833 2230 1900; x_wconf 75' lang='lat' dir='ltr'><strong><em>Saluatore</em></strong></span> <span class='ocrx_word' id='word_1_236' title='bbox 2260 1830 2418 1918; x_wconf 86' lang='lat' dir='ltr'><strong><em>neque</em></strong></span> <span class='ocrx_word' id='word_1_237' title='bbox 2441 1830 2475 1900; x_wconf 81' lang='lat' dir='ltr'><strong><em>a</em></strong></span> <span class='ocrx_word' id='word_1_238' title='bbox 2505 1847 2612 1899; x_wconf 92' lang='lat' dir='ltr'><strong><em>Deo</em></strong></span> <span class='ocrx_word' id='word_1_239' title='bbox 2633 1845 2910 1909; x_wconf 82' lang='lat' dir='ltr'><strong><em>hominem,</em></strong></span> <span class='ocrx_word' id='word_1_240' title='bbox 2943 1859 3102 1912; x_wconf 88' lang='lat' dir='ltr'><strong><em>neque</em></strong></span> <span class='ocrx_word' id='word_1_241' title='bbox 3150 1841 3315 1895; x_wconf 89' lang='lat' dir='ltr'><strong><em>Deum</em></strong></span> <span class='ocrx_word' id='word_1_242' title='bbox 3345 1841 3409 1892; x_wconf 92' lang='lat' dir='ltr'><strong><em>ab</em></strong></span> <span class='ocrx_word' id='word_1_243' title='bbox 3435 1840 3640 1894; x_wconf 87' lang='lat' dir='ltr'><strong><em>homine</em></strong></span> <span class='ocrx_word' id='word_1_244' title='bbox 3678 1856 3763 1894; x_wconf 84' lang='lat' dir='ltr'><strong><em>se-</em></strong></span> 
     </span>
    </p>
   </div>
   <div class='ocr_carea' id='block_1_18' title="bbox 498 1931 3764 2014">
    <p class='ocr_par' dir='ltr' id='par_1_18' title="bbox 498 1931 3764 2014">
     <span class='ocr_line' id='line_1_18' title="bbox 498 1931 3764 2014; baseline -0.001 -25"><span class='ocrx_word' id='word_1_245' title='bbox 498 1937 807 2005; x_wconf 88' lang='lat' dir='ltr'><strong><em>parandum,</em></strong></span> <span class='ocrx_word' id='word_1_246' title='bbox 841 1937 913 1988; x_wconf 86' lang='lat' dir='ltr'><strong><em>ait</em></strong></span> <span class='ocrx_word' id='word_1_247' title='bbox 949 1933 1350 2005; x_wconf 82' lang='lat' dir='ltr'><strong><em>gloriosissimus</em></strong></span> <span class='ocrx_word' id='word_1_248' title='bbox 1389 1936 1637 2005; x_wconf 84' lang='lat' dir='ltr'><strong><em>magister</em></strong></span> <span class='ocrx_word' id='word_1_249' title='bbox 1665 1935 1787 2004; x_wconf 83' lang='lat' dir='ltr'><strong><em>fidei</em></strong></span> <span class='ocrx_word' id='word_1_250' title='bbox 1819 1934 2020 1989; x_wconf 87' lang='lat' dir='ltr'><strong><em>Paulus</em></strong></span> <span class='ocrx_word' id='word_1_251' title='bbox 2061 1936 2322 2005; x_wconf 80' lang='lat' dir='ltr'><strong><em>apostolus</em></strong></span> <span class='ocrx_word' id='word_1_252' title='bbox 2359 1953 2376 1989; x_wconf 91' lang='lat'><strong><em>:</em></strong></span> <span class='ocrx_word' id='word_1_253' title='bbox 2415 1934 2562 1990; x_wconf 77' lang='lat' dir='ltr'><strong><em>Misit</em></strong></span> <span class='ocrx_word' id='word_1_254' title='bbox 2594 1934 2735 2014; x_wconf 88' lang='lat' dir='ltr'><strong><em>Deus</em></strong></span> <span class='ocrx_word' id='word_1_255' title='bbox 2774 1932 2971 1988; x_wconf 87' lang='lat' dir='ltr'><strong><em>Filium</em></strong></span> <span class='ocrx_word' id='word_1_256' title='bbox 3017 1950 3164 1988; x_wconf 90' lang='lat' dir='ltr'><strong><em>suum</em></strong></span> <span class='ocrx_word' id='word_1_257' title='bbox 3193 1933 3385 2003; x_wconf 87' lang='lat' dir='ltr'><strong><em>factum</em></strong></span> <span class='ocrx_word' id='word_1_258' title='bbox 3422 1947 3486 1985; x_wconf 76' lang='lat' dir='ltr'><strong><em>ea:</em></strong></span> <span class='ocrx_word' id='word_1_259' title='bbox 3523 1931 3764 2010; x_wconf 75' lang='lat' dir='ltr'><strong><em>muliere,</em></strong></span> 
     </span>
    </p>
   </div>
   <div class='ocr_carea' id='block_1_19' title="bbox 475 2017 3766 2099">
    <p class='ocr_par' dir='ltr' id='par_1_19' title="bbox 475 2017 3766 2099">
     <span class='ocr_line' id='line_1_19' title="bbox 475 2017 3766 2099; baseline 0.001 -22"><span class='ocrx_word' id='word_1_260' title='bbox 475 2017 483 2096; x_wconf 56' lang='grc' dir='ltr'><em>ξ</em></span> <span class='ocrx_word' id='word_1_261' title='bbox 499 2027 694 2095; x_wconf 87' lang='lat' dir='ltr'><strong><em>factunt</em></strong></span> <span class='ocrx_word' id='word_1_262' title='bbox 723 2023 814 2078; x_wconf 90' lang='lat' dir='ltr'><strong><em>sub</em></strong></span> <span class='ocrx_word' id='word_1_263' title='bbox 843 2024 970 2095; x_wconf 82' lang='lat' dir='ltr'><strong><em>lege.</em></strong></span> <span class='ocrx_word' id='word_1_264' title='bbox 1005 2021 1130 2077; x_wconf 84' lang='lat' dir='ltr'><strong><em>Non</em></strong></span> <span class='ocrx_word' id='word_1_265' title='bbox 1151 2025 1324 2096; x_wconf 83' lang='lat' dir='ltr'><strong><em>utique</em></strong></span> <span class='ocrx_word' id='word_1_266' title='bbox 1352 2027 1520 2095; x_wconf 90' lang='lat' dir='ltr'><strong><em>factus</em></strong></span> <span class='ocrx_word' id='word_1_267' title='bbox 1541 2035 1618 2079; x_wconf 88' lang='lat' dir='ltr'><strong><em>est</em></strong></span> <span class='ocrx_word' id='word_1_268' title='bbox 1647 2024 1816 2080; x_wconf 79' lang='lat' dir='ltr'><strong><em>Filius</em></strong></span> <span class='ocrx_word' id='word_1_269' title='bbox 1841 2017 2036 2094; x_wconf 25' lang='lat' dir='ltr'><strong><em>Dei,‘ut</em></strong></span> <span class='ocrx_word' id='word_1_270' title='bbox 2058 2029 2372 2092; x_wconf 76' lang='lat' dir='ltr'><strong><em>mitteretur;</em></strong></span> <span class='ocrx_word' id='word_1_271' title='bbox 2395 2027 2487 2082; x_wconf 89' lang='lat' dir='ltr'><strong><em>sed</em></strong></span> <span class='ocrx_word' id='word_1_272' title='bbox 2518 2027 2588 2080; x_wconf 89' lang='lat' dir='ltr'><strong><em>ad</em></strong></span> <span class='ocrx_word' id='word_1_273' title='bbox 2619 2027 2674 2081; x_wconf 87' lang='lat' dir='ltr'><strong><em>id</em></strong></span> <span class='ocrx_word' id='word_1_274' title='bbox 2701 2026 2836 2098; x_wconf 86' lang='lat' dir='ltr'><strong><em>quod</em></strong></span> <span class='ocrx_word' id='word_1_275' title='bbox 2854 2027 3038 2080; x_wconf 86' lang='lat' dir='ltr'><strong><em>missus</em></strong></span> <span class='ocrx_word' id='word_1_276' title='bbox 3079 2033 3173 2090; x_wconf 91' lang='lat' dir='ltr'><strong><em>est,</em></strong></span> <span class='ocrx_word' id='word_1_277' title='bbox 3206 2023 3374 2099; x_wconf 71' lang='lat' dir='ltr'><strong><em>[XLVI]</em></strong></span> <span class='ocrx_word' id='word_1_278' title='bbox 3405 2024 3577 2080; x_wconf 83' lang='lat' dir='ltr'><strong><em>Filius</em></strong></span> <span class='ocrx_word' id='word_1_279' title='bbox 3604 2028 3766 2098; x_wconf 87' lang='lat' dir='ltr'><strong><em>factus</em></strong></span> 
     </span>
    </p>
   </div>
   <div class='ocr_carea' id='block_1_20' title="bbox 479 2101 3764 2194">
    <p class='ocr_par' dir='ltr' id='par_1_20' title="bbox 479 2101 3764 2194">
     <span class='ocr_line' id='line_1_20' title="bbox 479 2101 3764 2194; baseline 0.001 -24"><span class='ocrx_word' id='word_1_280' title='bbox 479 2125 575 2194; x_wconf 31' lang='lat' dir='ltr'><strong><em>.est</em></strong></span> <span class='ocrx_word' id='word_1_281' title='bbox 598 2101 842 2171; x_wconf 84' lang='lat' dir='ltr'><strong><em>hominis.</em></strong></span> <span class='ocrx_word' id='word_1_282' title='bbox 867 2114 1027 2170; x_wconf 89' lang='lat' dir='ltr'><strong><em>Salva</em></strong></span> <span class='ocrx_word' id='word_1_283' title='bbox 1047 2115 1183 2169; x_wconf 90' lang='lat' dir='ltr'><strong><em>enim</em></strong></span> <span class='ocrx_word' id='word_1_284' title='bbox 1205 2114 1393 2171; x_wconf 86' lang='lat' dir='ltr'><strong><em>divina:</em></strong></span> <span class='ocrx_word' id='word_1_285' title='bbox 1417 2119 1730 2187; x_wconf 88' lang='lat' dir='ltr'><strong><em>proprietate</em></strong></span> <span class='ocrx_word' id='word_1_286' title='bbox 1761 2118 1839 2188; x_wconf 80' lang='lat' dir='ltr'><strong><em>(cl)</em></strong></span> <span class='ocrx_word' id='word_1_287' title='bbox 1871 2128 2090 2185; x_wconf 81' lang='lat' dir='ltr'><strong><em>naturw,</em></strong></span> <span class='ocrx_word' id='word_1_288' title='bbox 2123 2129 2374 2173; x_wconf 87' lang='lat' dir='ltr'><strong><em>naturam-</em></strong></span> <span class='ocrx_word' id='word_1_289' title='bbox 2388 2121 2440 2172; x_wconf 92' lang='lat' dir='ltr'><strong><em>in</em></strong></span> <span class='ocrx_word' id='word_1_290' title='bbox 2461 2135 2516 2174; x_wconf 89' lang='lat' dir='ltr'><strong><em>se</em></strong></span> <span class='ocrx_word' id='word_1_291' title='bbox 2541 2119 2765 2189; x_wconf 83' lang='lat' dir='ltr'><strong><em>suscepit</em></strong></span> <span class='ocrx_word' id='word_1_292' title='bbox 2795 2118 3097 2182; x_wconf 89' lang='lat' dir='ltr'><strong><em>humanam,</em></strong></span> <span class='ocrx_word' id='word_1_293' title='bbox 3135 2135 3239 2172; x_wconf 88' lang='lat' dir='ltr'><strong><em>non</em></strong></span> <span class='ocrx_word' id='word_1_294' title='bbox 3269 2120 3410 2190; x_wconf 91' lang='lat' dir='ltr'><strong><em>facta</em></strong></span> <span class='ocrx_word' id='word_1_295' title='bbox 3441 2118 3764 2190; x_wconf 85' lang='lat' dir='ltr'><strong><em>confusione,</em></strong></span> 
     </span>
    </p>
   </div>
   <div class='ocr_carea' id='block_1_21' title="bbox 473 2201 3766 2284">
    <p class='ocr_par' dir='ltr' id='par_1_21' title="bbox 473 2201 3766 2284">
     <span class='ocr_line' id='line_1_21' title="bbox 473 2201 3766 2284; baseline 0.001 -22"><span class='ocrx_word' id='word_1_296' title='bbox 473 2201 486 2284; x_wconf 53' lang='lat'><strong><em>_&#39;</em></strong></span> <span class='ocrx_word' id='word_1_297' title='bbox 500 2209 593 2262; x_wconf 87' lang='lat' dir='ltr'><strong><em>sed</em></strong></span> <span class='ocrx_word' id='word_1_298' title='bbox 619 2209 852 2262; x_wconf 89' lang='lat' dir='ltr'><strong><em>unitione</em></strong></span> <span class='ocrx_word' id='word_1_299' title='bbox 878 2209 1107 2279; x_wconf 90' lang='lat' dir='ltr'><strong><em>perfecta</em></strong></span> <span class='ocrx_word' id='word_1_300' title='bbox 1141 2208 1233 2278; x_wconf 84' lang='lat' dir='ltr'><strong><em>(e).</em></strong></span> <span class='ocrx_word' id='word_1_301' title='bbox 1263 2206 1464 2262; x_wconf 79' lang='lat' dir='ltr'><strong><em>Confer</em></strong></span> <span class='ocrx_word' id='word_1_302' title='bbox 1489 2223 1610 2276; x_wconf 71' lang='lat' dir='ltr'><strong><em>qum</em></strong></span> <span class='ocrx_word' id='word_1_303' title='bbox 1630 2217 1942 2277; x_wconf 84' lang='lat' dir='ltr'><strong><em>sequuntur,</em></strong></span> <span class='ocrx_word' id='word_1_304' title='bbox 1975 2225 2095 2277; x_wconf 75' lang='lat' dir='ltr'><strong><em>quae</em></strong></span> <span class='ocrx_word' id='word_1_305' title='bbox 2123 2219 2178 2263; x_wconf 86' lang='lat' dir='ltr'><strong><em>et</em></strong></span> <span class='ocrx_word' id='word_1_306' title='bbox 2205 2210 2281 2264; x_wconf 92' lang='lat' dir='ltr'><strong><em>rei</em></strong></span> <span class='ocrx_word' id='word_1_307' title='bbox 2299 2218 2496 2265; x_wconf 71' lang='lat' dir='ltr'><strong>[10$le</strong></span> <span class='ocrx_word' id='word_1_308' title='bbox 2524 2210 2877 2278; x_wconf 84' lang='lat' dir='ltr'><strong><em>institutoque</em></strong></span> <span class='ocrx_word' id='word_1_309' title='bbox 2905 2208 3230 2273; x_wconf 87' lang='lat' dir='ltr'><strong><em>conducunt,</em></strong></span> <span class='ocrx_word' id='word_1_310' title='bbox 3254 2215 3308 2263; x_wconf 91' lang='lat' dir='ltr'><strong><em>et</em></strong></span> <span class='ocrx_word' id='word_1_311' title='bbox 3336 2215 3459 2262; x_wconf 88' lang='lat' dir='ltr'><strong><em>sunt</em></strong></span> <span class='ocrx_word' id='word_1_312' title='bbox 3479 2225 3510 2262; x_wconf 86' lang='lat' dir='ltr'><strong><em>a</em></strong></span> <span class='ocrx_word' id='word_1_313' title='bbox 3537 2209 3766 2266; x_wconf 77' lang='lat' dir='ltr'><strong><em>Maximo</em></strong></span> 
     </span>
    </p>
   </div>
   <div class='ocr_carea' id='block_1_22' title="bbox 475 2293 3765 2368">
    <p class='ocr_par' dir='ltr' id='par_1_22' title="bbox 475 2293 3765 2368">
     <span class='ocr_line' id='line_1_22' title="bbox 475 2293 3765 2368; baseline 0.001 -18"><span class='ocrx_word' id='word_1_314' title='bbox 475 2293 695 2350; x_wconf 59' lang='lat' dir='ltr'><strong><em>tradita</em></strong></span> <span class='ocrx_word' id='word_1_315' title='bbox 725 2302 886 2363; x_wconf 88' lang='lat' dir='ltr'><strong><em>atque</em></strong></span> <span class='ocrx_word' id='word_1_316' title='bbox 911 2293 1195 2364; x_wconf 86' lang='lat' dir='ltr'><strong><em>explanata</em></strong></span> <span class='ocrx_word' id='word_1_317' title='bbox 1226 2294 1458 2363; x_wconf 82' lang='lat' dir='ltr'><strong><em>egregie.</em></strong></span> <span class='ocrx_word' id='word_1_318' title='bbox 1494 2295 1757 2350; x_wconf 84' lang='lat' dir='ltr'><strong><em>Sermone</em></strong></span> <span class='ocrx_word' id='word_1_319' title='bbox 1785 2304 1964 2350; x_wconf 86' lang='lat' dir='ltr'><strong><em>autem</em></strong></span> <span class='ocrx_word' id='word_1_320' title='bbox 1994 2295 2074 2360; x_wconf 73' lang='lat'><strong><em>45,</em></strong></span> <span class='ocrx_word' id='word_1_321' title='bbox 2105 2312 2227 2366; x_wconf 84' lang='lat' dir='ltr'><strong><em>pag.</em></strong></span> <span class='ocrx_word' id='word_1_322' title='bbox 2255 2296 2350 2350; x_wconf 84' lang='grc'><strong>511</strong></span> <span class='ocrx_word' id='word_1_323' title='bbox 2389 2315 2400 2349; x_wconf 93' lang='lat'><strong>:</strong></span> <span class='ocrx_word' id='word_1_324' title='bbox 2433 2297 2537 2353; x_wconf 90' lang='lat' dir='ltr'><strong><em>Per</em></strong></span> <span class='ocrx_word' id='word_1_325' title='bbox 2564 2298 2680 2364; x_wconf 88' lang='lat' dir='ltr'><strong><em>hoc,</em></strong></span> <span class='ocrx_word' id='word_1_326' title='bbox 2710 2299 2902 2368; x_wconf 85' lang='lat' dir='ltr'><strong><em>inquit,</em></strong></span> <span class='ocrx_word' id='word_1_327' title='bbox 2935 2298 3346 2352; x_wconf 86' lang='lat' dir='ltr'><strong><em>sacratissimum</em></strong></span> <span class='ocrx_word' id='word_1_328' title='bbox 3385 2297 3765 2354; x_wconf 82' lang='lat' dir='ltr'><strong><em>lncarnationis</em></strong></span> 
     </span>
    </p>
   </div>
   <div class='ocr_carea' id='block_1_23' title="bbox 475 2384 3765 2463">
    <p class='ocr_par' dir='ltr' id='par_1_23' title="bbox 475 2384 3765 2463">
     <span class='ocr_line' id='line_1_23' title="bbox 475 2384 3765 2463; baseline 0.003 -25"><span class='ocrx_word' id='word_1_329' title='bbox 475 2385 797 2457; x_wconf 85' lang='lat' dir='ltr'><strong><em>&#39;mgsterium</em></strong></span> <span class='ocrx_word' id='word_1_330' title='bbox 818 2387 892 2438; x_wconf 89' lang='lat' dir='ltr'><strong><em>ita</em></strong></span> <span class='ocrx_word' id='word_1_331' title='bbox 918 2387 972 2439; x_wconf 87' lang='lat' dir='ltr'><strong><em>in</em></strong></span> <span class='ocrx_word' id='word_1_332' title='bbox 996 2403 1156 2440; x_wconf 89' lang='lat' dir='ltr'><strong><em>unum</em></strong></span> <span class='ocrx_word' id='word_1_333' title='bbox 1183 2384 1486 2451; x_wconf 91' lang='lat' dir='ltr'><strong><em>Dominum,</em></strong></span> <span class='ocrx_word' id='word_1_334' title='bbox 1511 2403 1755 2450; x_wconf 67' lang='lat' dir='ltr'><strong><em>unamque</em></strong></span> <span class='ocrx_word' id='word_1_335' title='bbox 1785 2403 2056 2442; x_wconf 65' lang='lat' dir='ltr'><strong><em>pansossn</em></strong></span> <span class='ocrx_word' id='word_1_336' title='bbox 2088 2387 2156 2461; x_wconf 88' lang='lat' dir='ltr'><strong><em>(f)</em></strong></span> <span class='ocrx_word' id='word_1_337' title='bbox 2188 2406 2324 2445; x_wconf 62' lang='lat' dir='ltr'><strong><em>cano</em></strong></span> <span class='ocrx_word' id='word_1_338' title='bbox 2352 2406 2632 2456; x_wconf 76' lang='lat' dir='ltr'><strong><em>CONVENI&#39;I‘,</em></strong></span> <span class='ocrx_word' id='word_1_339' title='bbox 2659 2399 2708 2445; x_wconf 89' lang='lat' dir='ltr'><strong><em>et</em></strong></span> <span class='ocrx_word' id='word_1_340' title='bbox 2735 2407 2967 2456; x_wconf 76' lang='lat' dir='ltr'><strong><em>VERBUI,</em></strong></span> <span class='ocrx_word' id='word_1_341' title='bbox 2996 2401 3053 2444; x_wconf 89' lang='lat' dir='ltr'><strong><em>ut</em></strong></span> <span class='ocrx_word' id='word_1_342' title='bbox 3077 2401 3126 2444; x_wconf 89' lang='lat' dir='ltr'><strong><em>et</em></strong></span> <span class='ocrx_word' id='word_1_343' title='bbox 3155 2390 3295 2446; x_wconf 90' lang='lat' dir='ltr'><strong><em>Deus</em></strong></span> <span class='ocrx_word' id='word_1_344' title='bbox 3324 2402 3590 2463; x_wconf 88' lang='lat' dir='ltr'><strong><em>putaretur</em></strong></span> <span class='ocrx_word' id='word_1_345' title='bbox 3616 2404 3765 2448; x_wconf 91' lang='lat' dir='ltr'><strong><em>natus</em></strong></span> 
     </span>
    </p>
   </div>
   <div class='ocr_carea' id='block_1_24' title="bbox 471 2469 3768 2560">
    <p class='ocr_par' dir='ltr' id='par_1_24' title="bbox 471 2469 3768 2560">
     <span class='ocr_line' id='line_1_24' title="bbox 471 2469 3768 2560; baseline 0.002 -28"><span class='ocrx_word' id='word_1_346' title='bbox 471 2469 524 2560; x_wconf 43' lang='grc' dir='ltr'><strong><em>ξε</em></strong></span> <span class='ocrx_word' id='word_1_347' title='bbox 567 2480 778 2551; x_wconf 88' lang='lat' dir='ltr'><strong><em>femina,</em></strong></span> <span class='ocrx_word' id='word_1_348' title='bbox 802 2489 851 2532; x_wconf 91' lang='lat' dir='ltr'><strong><em>et</em></strong></span> <span class='ocrx_word' id='word_1_349' title='bbox 873 2479 1024 2534; x_wconf 88' lang='lat' dir='ltr'><strong><em>ltomo</em></strong></span> <span class='ocrx_word' id='word_1_350' title='bbox 1045 2479 1286 2533; x_wconf 88' lang='lat' dir='ltr'><strong><em>credatur</em></strong></span> <span class='ocrx_word' id='word_1_351' title='bbox 1327 2480 1520 2534; x_wconf 90' lang='lat' dir='ltr'><strong><em>venisse</em></strong></span> <span class='ocrx_word' id='word_1_352' title='bbox 1547 2479 1610 2534; x_wconf 90' lang='lat' dir='ltr'><strong><em>de</em></strong></span> <span class='ocrx_word' id='word_1_353' title='bbox 1647 2480 1792 2546; x_wconf 74' lang='lat' dir='ltr'><strong><em>caelo,</em></strong></span> <span class='ocrx_word' id='word_1_354' title='bbox 1817 2480 2094 2534; x_wconf 87' lang='lat' dir='ltr'><strong><em>secundum</em></strong></span> <span class='ocrx_word' id='word_1_355' title='bbox 2141 2483 2275 2552; x_wconf 89' lang='lat' dir='ltr'><strong><em>quod</em></strong></span> <span class='ocrx_word' id='word_1_356' title='bbox 2309 2483 2385 2535; x_wconf 84' lang='lat' dir='ltr'><strong><em>ait</em></strong></span> <span class='ocrx_word' id='word_1_357' title='bbox 2413 2482 2668 2537; x_wconf 88' lang='lat' dir='ltr'><strong><em>Dominus</em></strong></span> <span class='ocrx_word' id='word_1_358' title='bbox 2717 2500 2735 2536; x_wconf 89' lang='lat'><strong><em>:</em></strong></span> <span class='ocrx_word' id='word_1_359' title='bbox 2777 2483 2946 2537; x_wconf 88' lang='lat' dir='ltr'><strong><em>Nemo</em></strong></span> <span class='ocrx_word' id='word_1_360' title='bbox 2979 2483 3211 2537; x_wconf 85' lang='lat' dir='ltr'><strong><em>ascendit</em></strong></span> <span class='ocrx_word' id='word_1_361' title='bbox 3237 2485 3290 2538; x_wconf 91' lang='lat' dir='ltr'><strong><em>in</em></strong></span> <span class='ocrx_word' id='word_1_362' title='bbox 3315 2485 3514 2550; x_wconf 74' lang='lat' dir='ltr'><strong><em>caelum,</em></strong></span> <span class='ocrx_word' id='word_1_363' title='bbox 3538 2485 3640 2539; x_wconf 90' lang='lat' dir='ltr'><strong><em>nisi</em></strong></span> <span class='ocrx_word' id='word_1_364' title='bbox 3682 2485 3768 2555; x_wconf 81' lang='lat' dir='ltr'><strong><em>qui</em></strong></span> 
     </span>
    </p>
   </div>
   <div class='ocr_carea' id='block_1_25' title="bbox 500 2560 3766 2646">
    <p class='ocr_par' dir='ltr' id='par_1_25' title="bbox 500 2560 3766 2646">
     <span class='ocr_line' id='line_1_25' title="bbox 500 2560 3766 2646; baseline 0.002 -22"><span class='ocrx_word' id='word_1_365' title='bbox 500 2572 759 2626; x_wconf 87' lang='lat' dir='ltr'><strong><em>descendit</em></strong></span> <span class='ocrx_word' id='word_1_366' title='bbox 781 2571 843 2625; x_wconf 88' lang='lat' dir='ltr'><strong><em>de</em></strong></span> <span class='ocrx_word' id='word_1_367' title='bbox 865 2571 1061 2636; x_wconf 80' lang='lat' dir='ltr'><strong><em>co:lo,F</em></strong></span> <span class='ocrx_word' id='word_1_368' title='bbox 1065 2571 1188 2626; x_wconf 89' lang='lat' dir='ltr'><strong><em>ilius</em></strong></span> <span class='ocrx_word' id='word_1_369' title='bbox 1213 2571 1458 2638; x_wconf 86' lang='lat' dir='ltr'><strong><em>hominis,</em></strong></span> <span class='ocrx_word' id='word_1_370' title='bbox 1489 2573 1578 2644; x_wconf 90' lang='lat' dir='ltr'><strong><em>qui</em></strong></span> <span class='ocrx_word' id='word_1_371' title='bbox 1601 2582 1676 2626; x_wconf 85' lang='lat' dir='ltr'><strong><em>est</em></strong></span> <span class='ocrx_word' id='word_1_372' title='bbox 1703 2572 1758 2625; x_wconf 90' lang='lat' dir='ltr'><strong><em>in</em></strong></span> <span class='ocrx_word' id='word_1_373' title='bbox 1787 2572 2026 2626; x_wconf 57' lang='lat' dir='ltr'><strong><em>creto”...</em></strong></span> <span class='ocrx_word' id='word_1_374' title='bbox 2051 2571 2182 2625; x_wconf 76' lang='lat' dir='ltr'><strong><em>Erat</em></strong></span> <span class='ocrx_word' id='word_1_375' title='bbox 2210 2571 2380 2628; x_wconf 86' lang='lat' dir='ltr'><strong><em>Filius</em></strong></span> <span class='ocrx_word' id='word_1_376' title='bbox 2411 2574 2633 2629; x_wconf 89' lang='lat' dir='ltr'><strong><em>hominis</em></strong></span> <span class='ocrx_word' id='word_1_377' title='bbox 2663 2584 2713 2628; x_wconf 93' lang='lat' dir='ltr'><strong><em>et</em></strong></span> <span class='ocrx_word' id='word_1_378' title='bbox 2737 2574 2908 2630; x_wconf 83' lang='lat' dir='ltr'><strong><em>Filius</em></strong></span> <span class='ocrx_word' id='word_1_379' title='bbox 2938 2573 3054 2628; x_wconf 92' lang='lat' dir='ltr'><strong><em>Dei.</em></strong></span> <span class='ocrx_word' id='word_1_380' title='bbox 3085 2574 3194 2630; x_wconf 80' lang='lat' dir='ltr'><strong><em>Nec</em></strong></span> <span class='ocrx_word' id='word_1_381' title='bbox 3219 2591 3498 2646; x_wconf 88' lang='lat' dir='ltr'><strong><em>possumus</em></strong></span> <span class='ocrx_word' id='word_1_382' title='bbox 3523 2560 3766 2629; x_wconf 71' lang='lat' dir='ltr'><strong><em>seorsum</em></strong></span> 
     </span>
    </p>
   </div>
   <div class='ocr_carea' id='block_1_26' title="bbox 497 2658 3767 2732">
    <p class='ocr_par' dir='ltr' id='par_1_26' title="bbox 497 2658 3767 2732">
     <span class='ocr_line' id='line_1_26' title="bbox 497 2658 3767 2732; baseline 0.001 -16"><span class='ocrx_word' id='word_1_383' title='bbox 497 2670 591 2716; x_wconf 85' lang='lat' dir='ltr'><strong><em>aut</em></strong></span> <span class='ocrx_word' id='word_1_384' title='bbox 617 2661 874 2716; x_wconf 92' lang='lat' dir='ltr'><strong><em>hominem</em></strong></span> <span class='ocrx_word' id='word_1_385' title='bbox 905 2663 1018 2716; x_wconf 88' lang='lat' dir='ltr'><strong><em>sine</em></strong></span> <span class='ocrx_word' id='word_1_386' title='bbox 1044 2658 1174 2726; x_wconf 91' lang='lat' dir='ltr'><strong><em>Deo,</em></strong></span> <span class='ocrx_word' id='word_1_387' title='bbox 1199 2669 1292 2716; x_wconf 89' lang='lat' dir='ltr'><strong><em>aut</em></strong></span> <span class='ocrx_word' id='word_1_388' title='bbox 1328 2661 1499 2716; x_wconf 91' lang='lat' dir='ltr'><strong><em>Deum</em></strong></span> <span class='ocrx_word' id='word_1_389' title='bbox 1517 2664 1629 2716; x_wconf 88' lang='lat' dir='ltr'><strong><em>sine</em></strong></span> <span class='ocrx_word' id='word_1_390' title='bbox 1657 2662 1862 2716; x_wconf 90' lang='lat' dir='ltr'><strong><em>homine</em></strong></span> <span class='ocrx_word' id='word_1_391' title='bbox 1894 2661 2152 2732; x_wconf 88' lang='lat' dir='ltr'><strong><em>conﬁteri.</em></strong></span> <span class='ocrx_word' id='word_1_392' title='bbox 2187 2660 2378 2718; x_wconf 88' lang='lat' dir='ltr'><strong><em>Nonne</em></strong></span> <span class='ocrx_word' id='word_1_393' title='bbox 2405 2663 2602 2719; x_wconf 70' lang='lat' dir='ltr'><strong><em>videtur</em></strong></span> <span class='ocrx_word' id='word_1_394' title='bbox 2625 2663 2803 2718; x_wconf 71' lang='lat' dir='ltr'><strong><em>ctutum</em></strong></span> <span class='ocrx_word' id='word_1_395' title='bbox 2845 2664 3227 2719; x_wconf 86' lang='lat' dir='ltr'><strong><em>transcendisse</em></strong></span> <span class='ocrx_word' id='word_1_396' title='bbox 3256 2665 3428 2731; x_wconf 92' lang='lat' dir='ltr'><strong><em>homo,</em></strong></span> <span class='ocrx_word' id='word_1_397' title='bbox 3475 2663 3678 2731; x_wconf 82' lang='lat' dir='ltr'><strong><em>quando</em></strong></span> <span class='ocrx_word' id='word_1_398' title='bbox 3709 2665 3767 2722; x_wconf 77' lang='lat' dir='ltr'><strong><em>in</em></strong></span> 
     </span>
    </p>
   </div>
   <div class='ocr_carea' id='block_1_27' title="bbox 497 2743 3768 2832">
    <p class='ocr_par' dir='ltr' id='par_1_27' title="bbox 497 2743 3768 2832">
     <span class='ocr_line' id='line_1_27' title="bbox 497 2743 3768 2832; baseline 0.001 -23"><span class='ocrx_word' id='word_1_399' title='bbox 497 2765 643 2810; x_wconf 87' lang='lat' dir='ltr'><strong><em>utero</em></strong></span> <span class='ocrx_word' id='word_1_400' title='bbox 663 2756 878 2826; x_wconf 89' lang='lat' dir='ltr'><strong><em>virginis</em></strong></span> <span class='ocrx_word' id='word_1_401' title='bbox 906 2755 1081 2809; x_wconf 87' lang='lat' dir='ltr'><strong><em>unitus</em></strong></span> <span class='ocrx_word' id='word_1_402' title='bbox 1099 2763 1176 2809; x_wconf 91' lang='lat' dir='ltr'><strong><em>est</em></strong></span> <span class='ocrx_word' id='word_1_403' title='bbox 1195 2753 1296 2808; x_wconf 89' lang='lat' dir='ltr'><strong><em>Dei</em></strong></span> <span class='ocrx_word' id='word_1_404' title='bbox 1331 2753 1529 2824; x_wconf 63' lang='lat' dir='ltr'><strong><em>Verbo,</em></strong></span> <span class='ocrx_word' id='word_1_405' title='bbox 1553 2752 1620 2808; x_wconf 89' lang='lat' dir='ltr'><strong><em>Et</em></strong></span> <span class='ocrx_word' id='word_1_406' title='bbox 1645 2769 1806 2810; x_wconf 88' lang='lat' dir='ltr'><strong><em>serm.</em></strong></span> <span class='ocrx_word' id='word_1_407' title='bbox 1839 2753 1926 2820; x_wconf 88' lang='lat'><strong><em>46,</em></strong></span> <span class='ocrx_word' id='word_1_408' title='bbox 1957 2743 2078 2825; x_wconf 49' lang='lat' dir='ltr'><strong><em>pagi</em></strong></span> <span class='ocrx_word' id='word_1_409' title='bbox 2115 2753 2216 2808; x_wconf 74' lang='grc'><strong><em>520</em></strong></span> <span class='ocrx_word' id='word_1_410' title='bbox 2249 2772 2261 2806; x_wconf 90' lang='lat'><strong>:</strong></span> <span class='ocrx_word' id='word_1_411' title='bbox 2301 2755 2429 2822; x_wconf 83' lang='lat' dir='ltr'><strong><em>Quce</em></strong></span> <span class='ocrx_word' id='word_1_412' title='bbox 2452 2765 2531 2809; x_wconf 92' lang='lat' dir='ltr'><strong><em>est</em></strong></span> <span class='ocrx_word' id='word_1_413' title='bbox 2551 2755 2707 2826; x_wconf 87' lang='lat' dir='ltr'><strong><em>hujus</em></strong></span> <span class='ocrx_word' id='word_1_414' title='bbox 2747 2755 3079 2832; x_wconf 85' lang='lat' dir='ltr'><strong><em>profunditas</em></strong></span> <span class='ocrx_word' id='word_1_415' title='bbox 3111 2759 3442 2819; x_wconf 89' lang='lat' dir='ltr'><strong><em>sacramenti,</em></strong></span> <span class='ocrx_word' id='word_1_416' title='bbox 3474 2773 3628 2828; x_wconf 89' lang='lat' dir='ltr'><strong><em>quam</em></strong></span> <span class='ocrx_word' id='word_1_417' title='bbox 3671 2759 3768 2812; x_wconf 89' lang='lat' dir='ltr'><strong><em>im-</em></strong></span> 
     </span>
    </p>
   </div>
   <div class='ocr_carea' id='block_1_28' title="bbox 498 2835 3765 2921">
    <p class='ocr_par' dir='ltr' id='par_1_28' title="bbox 498 2835 3765 2921">
     <span class='ocr_line' id='line_1_28' title="bbox 498 2835 3765 2921; baseline 0.001 -21"><span class='ocrx_word' id='word_1_418' title='bbox 498 2846 866 2920; x_wconf 84' lang='lat' dir='ltr'><strong><em>perscrutabile</em></strong></span> <span class='ocrx_word' id='word_1_419' title='bbox 900 2845 1089 2900; x_wconf 71' lang='lat' dir='ltr'><strong><em>divinat</em></strong></span> <span class='ocrx_word' id='word_1_420' title='bbox 1117 2847 1432 2917; x_wconf 88' lang='lat' dir='ltr'><strong><em>operationis</em></strong></span> <span class='ocrx_word' id='word_1_421' title='bbox 1469 2863 1735 2914; x_wconf 87' lang='lat' dir='ltr'><strong><em>arcanum,</em></strong></span> <span class='ocrx_word' id='word_1_422' title='bbox 1779 2847 1913 2920; x_wconf 91' lang='lat' dir='ltr'><strong><em>quod</em></strong></span> <span class='ocrx_word' id='word_1_423' title='bbox 1933 2849 1978 2902; x_wconf 90' lang='lat' dir='ltr'><strong><em>is</em></strong></span> <span class='ocrx_word' id='word_1_424' title='bbox 2017 2835 2103 2920; x_wconf 85' lang='lat' dir='ltr'><strong><em>qui</em></strong></span> <span class='ocrx_word' id='word_1_425' title='bbox 2132 2856 2253 2903; x_wconf 91' lang='lat' dir='ltr'><strong><em>ante</em></strong></span> <span class='ocrx_word' id='word_1_426' title='bbox 2280 2849 2472 2904; x_wconf 81' lang='lat' dir='ltr'><strong><em>stecula</em></strong></span> <span class='ocrx_word' id='word_1_427' title='bbox 2501 2849 2723 2920; x_wconf 85' lang='lat' dir='ltr'><strong><em>prodivit</em></strong></span> <span class='ocrx_word' id='word_1_428' title='bbox 2748 2867 2780 2902; x_wconf 95' lang='lat' dir='ltr'><strong><em>a</em></strong></span> <span class='ocrx_word' id='word_1_429' title='bbox 2811 2848 2989 2914; x_wconf 87' lang='lat' dir='ltr'><strong><em>Patre,</em></strong></span> <span class='ocrx_word' id='word_1_430' title='bbox 3035 2849 3125 2902; x_wconf 91' lang='lat' dir='ltr'><strong><em>ille</em></strong></span> <span class='ocrx_word' id='word_1_431' title='bbox 3151 2851 3236 2921; x_wconf 88' lang='lat' dir='ltr'><strong><em>qui</em></strong></span> <span class='ocrx_word' id='word_1_432' title='bbox 3265 2850 3319 2903; x_wconf 90' lang='lat' dir='ltr'><strong><em>in</em></strong></span> <span class='ocrx_word' id='word_1_433' title='bbox 3355 2849 3461 2920; x_wconf 89' lang='lat' dir='ltr'><strong><em>ﬁne</em></strong></span> <span class='ocrx_word' id='word_1_434' title='bbox 3482 2858 3765 2921; x_wconf 87' lang='lat' dir='ltr'><strong><em>temporum</em></strong></span> 
     </span>
    </p>
   </div>
   <div class='ocr_carea' id='block_1_29' title="bbox 503 2929 3767 3011">
    <p class='ocr_par' dir='ltr' id='par_1_29' title="bbox 503 2929 3767 3011">
     <span class='ocr_line' id='line_1_29' title="bbox 503 2929 3767 3011; baseline 0 -19"><span class='ocrx_word' id='word_1_435' title='bbox 503 2939 750 3008; x_wconf 84' lang='lat' dir='ltr'><strong><em>processit</em></strong></span> <span class='ocrx_word' id='word_1_436' title='bbox 778 2953 842 2992; x_wconf 71' lang='lat' dir='ltr'><strong><em>ea:</em></strong></span> <span class='ocrx_word' id='word_1_437' title='bbox 875 2938 1090 3010; x_wconf 86' lang='lat' dir='ltr'><strong><em>femina,</em></strong></span> <span class='ocrx_word' id='word_1_438' title='bbox 1121 2953 1254 2991; x_wconf 91' lang='lat' dir='ltr'><strong><em>unus</em></strong></span> <span class='ocrx_word' id='word_1_439' title='bbox 1287 2939 1457 3009; x_wconf 83' lang='lat' dir='ltr'><strong><em>factus</em></strong></span> <span class='ocrx_word' id='word_1_440' title='bbox 1491 2947 1567 2991; x_wconf 90' lang='lat' dir='ltr'><strong><em>est</em></strong></span> <span class='ocrx_word' id='word_1_441' title='bbox 1609 2929 1784 3004; x_wconf 83' lang='lat' dir='ltr'><strong><em>Deus;</em></strong></span> <span class='ocrx_word' id='word_1_442' title='bbox 1818 2948 1970 3010; x_wconf 88' lang='lat' dir='ltr'><strong><em>atque</em></strong></span> <span class='ocrx_word' id='word_1_443' title='bbox 2001 2939 2097 2993; x_wconf 91' lang='lat' dir='ltr'><strong><em>hoc</em></strong></span> <span class='ocrx_word' id='word_1_444' title='bbox 2123 2939 2259 3006; x_wconf 90' lang='lat' dir='ltr'><strong><em>ideo,</em></strong></span> <span class='ocrx_word' id='word_1_445' title='bbox 2291 2949 2347 2993; x_wconf 93' lang='lat' dir='ltr'><strong><em>ut</em></strong></span> <span class='ocrx_word' id='word_1_446' title='bbox 2370 2956 2484 2994; x_wconf 91' lang='lat' dir='ltr'><strong><em>cum</em></strong></span> <span class='ocrx_word' id='word_1_447' title='bbox 2515 2950 2650 2994; x_wconf 90' lang='lat' dir='ltr'><strong><em>esset</em></strong></span> <span class='ocrx_word' id='word_1_448' title='bbox 2682 2939 2986 3011; x_wconf 88' lang='lat' dir='ltr'><strong><em>Unigenitus</em></strong></span> <span class='ocrx_word' id='word_1_449' title='bbox 3013 2939 3265 2995; x_wconf 88' lang='lat' dir='ltr'><strong><em>indivisus</em></strong></span> <span class='ocrx_word' id='word_1_450' title='bbox 3292 2957 3326 2994; x_wconf 92' lang='lat' dir='ltr'><strong><em>a</em></strong></span> <span class='ocrx_word' id='word_1_451' title='bbox 3354 2939 3534 3007; x_wconf 86' lang='lat' dir='ltr'><strong><em>Patre,</em></strong></span> <span class='ocrx_word' id='word_1_452' title='bbox 3564 2939 3767 2995; x_wconf 87' lang='lat' dir='ltr'><strong><em>haberet</em></strong></span> 
     </span>
    </p>
   </div>
   <div class='ocr_carea' id='block_1_30' title="bbox 501 3021 3768 3103">
    <p class='ocr_par' dir='ltr' id='par_1_30' title="bbox 501 3021 3768 3103">
     <span class='ocr_line' id='line_1_30' title="bbox 501 3021 3768 3103; baseline 0.002 -20"><span class='ocrx_word' id='word_1_453' title='bbox 501 3032 652 3086; x_wconf 89' lang='lat' dir='ltr'><strong><em>homo</em></strong></span> <span class='ocrx_word' id='word_1_454' title='bbox 680 3031 734 3084; x_wconf 94' lang='lat' dir='ltr'><strong><em>in</em></strong></span> <span class='ocrx_word' id='word_1_455' title='bbox 761 3028 1036 3102; x_wconf 88' lang='lat' dir='ltr'><strong><em>Unigenito</em></strong></span> <span class='ocrx_word' id='word_1_456' title='bbox 1080 3028 1179 3084; x_wconf 92' lang='lat' dir='ltr'><strong><em>Dei</em></strong></span> <span class='ocrx_word' id='word_1_457' title='bbox 1201 3037 1420 3103; x_wconf 86' lang='lat' dir='ltr'><strong><em>paterna</em></strong></span> <span class='ocrx_word' id='word_1_458' title='bbox 1447 3046 1562 3083; x_wconf 90' lang='lat' dir='ltr'><strong><em>cum</em></strong></span> <span class='ocrx_word' id='word_1_459' title='bbox 1586 3021 1978 3085; x_wconf 87' lang='lat' dir='ltr'><strong><em>immortalitate</em></strong></span> <span class='ocrx_word' id='word_1_460' title='bbox 2025 3033 2358 3086; x_wconf 87' lang='lat' dir='ltr'><strong><em>consortium.</em></strong></span> <span class='ocrx_word' id='word_1_461' title='bbox 2403 3031 2470 3086; x_wconf 90' lang='lat' dir='ltr'><strong><em>Et</em></strong></span> <span class='ocrx_word' id='word_1_462' title='bbox 2505 3047 2666 3088; x_wconf 87' lang='lat' dir='ltr'><strong><em>serm.</em></strong></span> <span class='ocrx_word' id='word_1_463' title='bbox 2721 3030 2805 3098; x_wconf 77' lang='grc'><strong><em>55,</em></strong></span> <span class='ocrx_word' id='word_1_464' title='bbox 2839 3047 2958 3102; x_wconf 89' lang='lat' dir='ltr'><strong><em>pag.</em></strong></span> <span class='ocrx_word' id='word_1_465' title='bbox 3005 3031 3108 3098; x_wconf 77' lang='grc'><strong>555</strong></span> <span class='ocrx_word' id='word_1_466' title='bbox 3139 3051 3150 3085; x_wconf 93' lang='lat'>:</span> <span class='ocrx_word' id='word_1_467' title='bbox 3185 3031 3369 3087; x_wconf 84' lang='lat' dir='ltr'><strong><em>Tenuit</em></strong></span> <span class='ocrx_word' id='word_1_468' title='bbox 3407 3050 3501 3088; x_wconf 91' lang='lat' dir='ltr'><strong><em>suo</em></strong></span> <span class='ocrx_word' id='word_1_469' title='bbox 3529 3035 3689 3089; x_wconf 85' lang='lat' dir='ltr'><strong><em>Pater</em></strong></span> <span class='ocrx_word' id='word_1_470' title='bbox 3713 3035 3768 3089; x_wconf 91' lang='lat' dir='ltr'><strong><em>in</em></strong></span> 
     </span>
    </p>
   </div>
   <div class='ocr_carea' id='block_1_31' title="bbox 422 3107 3769 3195">
    <p class='ocr_par' dir='ltr' id='par_1_31' title="bbox 422 3107 3769 3195">
     <span class='ocr_line' id='line_1_31' title="bbox 422 3107 3769 3195; baseline 0.002 -21"><span class='ocrx_word' id='word_1_471' title='bbox 422 3183 428 3188; x_wconf 91' lang='lat'>_</span> <span class='ocrx_word' id='word_1_472' title='bbox 502 3121 644 3176; x_wconf 78' lang='lat' dir='ltr'><strong><em>Filio</em></strong></span> <span class='ocrx_word' id='word_1_473' title='bbox 668 3137 878 3176; x_wconf 56' lang='lat' dir='ltr'><strong><em>camus:</em></strong></span> <span class='ocrx_word' id='word_1_474' title='bbox 909 3137 1245 3176; x_wconf 70' lang='lat' dir='ltr'><strong><em>sunsnu&#39;rnu</em></strong></span> <span class='ocrx_word' id='word_1_475' title='bbox 1276 3121 1534 3188; x_wconf 86' lang='lat' dir='ltr'><strong><em>virtutem,</em></strong></span> <span class='ocrx_word' id='word_1_476' title='bbox 1583 3130 1834 3192; x_wconf 87' lang='lat' dir='ltr'><strong><em>quatenus</em></strong></span> <span class='ocrx_word' id='word_1_477' title='bbox 1877 3111 2152 3193; x_wconf 83' lang='lat' dir='ltr'><strong><em>majestate</em></strong></span> <span class='ocrx_word' id='word_1_478' title='bbox 2199 3107 2400 3177; x_wconf 87' lang='lat' dir='ltr'><strong><em>virtutis</em></strong></span> <span class='ocrx_word' id='word_1_479' title='bbox 2438 3124 2551 3195; x_wconf 85' lang='lat' dir='ltr'><strong><em>ejus</em></strong></span> <span class='ocrx_word' id='word_1_480' title='bbox 2588 3141 2900 3179; x_wconf 60' lang='lat' dir='ltr'><strong><em>vesanum</em></strong></span> <span class='ocrx_word' id='word_1_481' title='bbox 2953 3140 3227 3179; x_wconf 73' lang='lat' dir='ltr'><strong><em>PUERPERA</em></strong></span> <span class='ocrx_word' id='word_1_482' title='bbox 3275 3138 3417 3180; x_wconf 66' lang='lat' dir='ltr'><strong><em>unum</em></strong></span> <span class='ocrx_word' id='word_1_483' title='bbox 3451 3141 3769 3190; x_wconf 69' lang='lat' dir='ltr'><strong><em>nonnenon:</em></strong></span> 
     </span>
    </p>
   </div>
   <div class='ocr_carea' id='block_1_32' title="bbox 477 3214 3768 3292">
    <p class='ocr_par' dir='ltr' id='par_1_32' title="bbox 477 3214 3768 3292">
     <span class='ocr_line' id='line_1_32' title="bbox 477 3214 3768 3292; baseline 0.002 -21"><span class='ocrx_word' id='word_1_484' title='bbox 477 3216 779 3292; x_wconf 38' lang='lat' dir='ltr'><strong><em>.Cumswu</em></strong></span> <span class='ocrx_word' id='word_1_485' title='bbox 811 3232 878 3270; x_wconf 80' lang='lat' dir='ltr'><strong><em>ET</em></strong></span> <span class='ocrx_word' id='word_1_486' title='bbox 905 3231 972 3269; x_wconf 86' lang='lat' dir='ltr'>UT</span> <span class='ocrx_word' id='word_1_487' title='bbox 1003 3214 1155 3269; x_wconf 71' lang='lat' dir='ltr'><strong><em>Deus:</em></strong></span> <span class='ocrx_word' id='word_1_488' title='bbox 1185 3229 1536 3281; x_wconf 75' lang='lat' dir='ltr'><strong><em>CONCIPERE‘I&#39;,</em></strong></span> <span class='ocrx_word' id='word_1_489' title='bbox 1567 3231 1636 3270; x_wconf 75' lang='grc' dir='ltr'><strong><em>ετ</em></strong></span> <span class='ocrx_word' id='word_1_490' title='bbox 1669 3231 1743 3270; x_wconf 80' lang='grc' dir='ltr'><strong><em>υτ</em></strong></span> <span class='ocrx_word' id='word_1_491' title='bbox 1763 3232 1997 3272; x_wconf 69' lang='lat' dir='ltr'><strong><em>nomnen</em></strong></span> <span class='ocrx_word' id='word_1_492' title='bbox 2020 3233 2284 3272; x_wconf 67' lang='lat' dir='ltr'><strong><em>pauens-1&#39;.</em></strong></span> <span class='ocrx_word' id='word_1_493' title='bbox 2307 3218 2388 3271; x_wconf 82' lang='lat' dir='ltr'><strong><em>An</em></strong></span> <span class='ocrx_word' id='word_1_494' title='bbox 2417 3235 2522 3272; x_wconf 90' lang='lat' dir='ltr'><strong><em>non</em></strong></span> <span class='ocrx_word' id='word_1_495' title='bbox 2550 3219 2638 3273; x_wconf 87' lang='lat' dir='ltr'><strong><em>ille</em></strong></span> <span class='ocrx_word' id='word_1_496' title='bbox 2657 3217 2757 3273; x_wconf 87' lang='lat' dir='ltr'><strong><em>Dei</em></strong></span> <span class='ocrx_word' id='word_1_497' title='bbox 2793 3217 2965 3274; x_wconf 85' lang='lat' dir='ltr'><strong><em>Filius</em></strong></span> <span class='ocrx_word' id='word_1_498' title='bbox 2991 3219 3188 3273; x_wconf 90' lang='lat' dir='ltr'><strong><em>videtur</em></strong></span> <span class='ocrx_word' id='word_1_499' title='bbox 3223 3237 3336 3275; x_wconf 91' lang='lat' dir='ltr'><strong><em>esse</em></strong></span> <span class='ocrx_word' id='word_1_500' title='bbox 3362 3231 3656 3292; x_wconf 88' lang='lat' dir='ltr'><strong><em>conceptus,</em></strong></span> <span class='ocrx_word' id='word_1_501' title='bbox 3684 3221 3768 3276; x_wconf 90' lang='lat' dir='ltr'><strong><em>ubi</em></strong></span> 
     </span>
    </p>
   </div>
   <div class='ocr_carea' id='block_1_33' title="bbox 497 3306 3770 3391">
    <p class='ocr_par' dir='ltr' id='par_1_33' title="bbox 497 3306 3770 3391">
     <span class='ocr_line' id='line_1_33' title="bbox 497 3306 3770 3391; baseline 0.003 -30"><span class='ocrx_word' id='word_1_502' title='bbox 497 3308 698 3362; x_wconf 85' lang='lat' dir='ltr'><strong><em>carnali</em></strong></span> <span class='ocrx_word' id='word_1_503' title='bbox 720 3318 949 3362; x_wconf 87' lang='lat' dir='ltr'><strong><em>cessante</em></strong></span> <span class='ocrx_word' id='word_1_504' title='bbox 968 3309 1216 3379; x_wconf 85' lang='lat' dir='ltr'><strong><em>germine,</em></strong></span> <span class='ocrx_word' id='word_1_505' title='bbox 1241 3314 1289 3360; x_wconf 86' lang='lat' dir='ltr'><strong><em>et</em></strong></span> <span class='ocrx_word' id='word_1_506' title='bbox 1317 3306 1469 3361; x_wconf 84' lang='lat' dir='ltr'><strong><em>homo</em></strong></span> <span class='ocrx_word' id='word_1_507' title='bbox 1489 3307 1718 3362; x_wconf 87' lang='lat' dir='ltr'><strong><em>creditur</em></strong></span> <span class='ocrx_word' id='word_1_508' title='bbox 1744 3310 1972 3379; x_wconf 81' lang='lat' dir='ltr'><strong><em>virgineo</em></strong></span> <span class='ocrx_word' id='word_1_509' title='bbox 2002 3311 2253 3381; x_wconf 90' lang='lat' dir='ltr'><strong><em>formatus</em></strong></span> <span class='ocrx_word' id='word_1_510' title='bbox 2281 3312 2336 3391; x_wconf 85' lang='lat' dir='ltr'><strong><em>in</em></strong></span> <span class='ocrx_word' id='word_1_511' title='bbox 2365 3320 2528 3374; x_wconf 89' lang='lat' dir='ltr'><strong><em>utero,</em></strong></span> <span class='ocrx_word' id='word_1_512' title='bbox 2559 3321 2608 3364; x_wconf 87' lang='lat' dir='ltr'><strong><em>et</em></strong></span> <span class='ocrx_word' id='word_1_513' title='bbox 2639 3312 2782 3386; x_wconf 72' lang='lat' dir='ltr'><strong><em>Deus</em></strong></span> <span class='ocrx_word' id='word_1_514' title='bbox 2831 3327 2930 3366; x_wconf 65' lang='lat' dir='ltr'><strong><em>nos</em></strong></span> <span class='ocrx_word' id='word_1_515' title='bbox 2969 3329 3269 3368; x_wconf 78' lang='lat' dir='ltr'><strong><em>vvarnwa</em></strong></span> <span class='ocrx_word' id='word_1_516' title='bbox 3298 3329 3443 3380; x_wconf 68' lang='lat' dir='ltr'><strong><em>esse,</em></strong></span> <span class='ocrx_word' id='word_1_517' title='bbox 3469 3330 3574 3388; x_wconf 69' lang='grc' dir='ltr'><strong><em>,θυι</em></strong></span> <span class='ocrx_word' id='word_1_518' title='bbox 3601 3329 3770 3370; x_wconf 64' lang='lat' dir='ltr'><strong><em>uaros</em></strong></span> 
     </span>
    </p>
   </div>
   <div class='ocr_carea' id='block_1_34' title="bbox 501 3392 3769 3472">
    <p class='ocr_par' dir='ltr' id='par_1_34' title="bbox 501 3392 3769 3472">
     <span class='ocr_line' id='line_1_34' title="bbox 501 3392 3769 3472; baseline 0.001 -16"><span class='ocrx_word' id='word_1_519' title='bbox 501 3402 634 3456; x_wconf 60' lang='lat' dir='ltr'><strong><em>asa?</em></strong></span> <span class='ocrx_word' id='word_1_520' title='bbox 661 3398 918 3454; x_wconf 80' lang='lat' dir='ltr'><strong><em>Mirabilis</em></strong></span> <span class='ocrx_word' id='word_1_521' title='bbox 939 3409 1118 3471; x_wconf 87' lang='lat' dir='ltr'><strong><em>partus</em></strong></span> <span class='ocrx_word' id='word_1_522' title='bbox 1140 3413 1332 3454; x_wconf 68' lang='lat' dir='ltr'><strong><em>urnis</em></strong></span> <span class='ocrx_word' id='word_1_523' title='bbox 1358 3399 1589 3454; x_wconf 65' lang='lat' dir='ltr'><strong><em>intactae.</em></strong></span> <span class='ocrx_word' id='word_1_524' title='bbox 1621 3397 1689 3451; x_wconf 85' lang='lat' dir='ltr'><strong><em>Et</em></strong></span> <span class='ocrx_word' id='word_1_525' title='bbox 1715 3392 1878 3453; x_wconf 74' lang='lat' dir='ltr'><strong><em>serui.</em></strong></span> <span class='ocrx_word' id='word_1_526' title='bbox 1912 3397 2000 3463; x_wconf 84' lang='grc'><strong>61,</strong></span> <span class='ocrx_word' id='word_1_527' title='bbox 2031 3411 2152 3468; x_wconf 90' lang='lat' dir='ltr'><strong><em>pag.</em></strong></span> <span class='ocrx_word' id='word_1_528' title='bbox 2187 3396 2308 3461; x_wconf 71' lang='lat'><strong><em>554,</em></strong></span> <span class='ocrx_word' id='word_1_529' title='bbox 2342 3399 2432 3453; x_wconf 87' lang='lat' dir='ltr'><strong><em>ubi</em></strong></span> <span class='ocrx_word' id='word_1_530' title='bbox 2458 3399 2525 3454; x_wconf 88' lang='lat' dir='ltr'><strong><em>de</em></strong></span> <span class='ocrx_word' id='word_1_531' title='bbox 2554 3398 2640 3454; x_wconf 89' lang='lat' dir='ltr'><strong><em>die</em></strong></span> <span class='ocrx_word' id='word_1_532' title='bbox 2665 3399 2827 3454; x_wconf 86' lang='lat' dir='ltr'><strong><em>natali</em></strong></span> <span class='ocrx_word' id='word_1_533' title='bbox 2855 3400 3027 3454; x_wconf 86' lang='lat' dir='ltr'><strong><em>sancti</em></strong></span> <span class='ocrx_word' id='word_1_534' title='bbox 3067 3399 3290 3456; x_wconf 85' lang='lat' dir='ltr'><strong><em>Joannis</em></strong></span> <span class='ocrx_word' id='word_1_535' title='bbox 3317 3393 3571 3472; x_wconf 63' lang='lat' dir='ltr'><strong><em>Baptista:</em></strong></span> <span class='ocrx_word' id='word_1_536' title='bbox 3601 3403 3769 3458; x_wconf 83' lang='lat' dir='ltr'><strong><em>disse-</em></strong></span> 
     </span>
    </p>
   </div>
   <div class='ocr_carea' id='block_1_35' title="bbox 475 3479 3769 3568">
    <p class='ocr_par' dir='ltr' id='par_1_35' title="bbox 475 3479 3769 3568">
     <span class='ocr_line' id='line_1_35' title="bbox 475 3479 3769 3568; baseline 0 -19"><span class='ocrx_word' id='word_1_537' title='bbox 475 3485 671 3550; x_wconf 54' lang='lat' dir='ltr'><strong><em>rens:</em></strong></span> <span class='ocrx_word' id='word_1_538' title='bbox 704 3494 820 3560; x_wconf 85' lang='lat' dir='ltr'><strong><em>Cui,</em></strong></span> <span class='ocrx_word' id='word_1_539' title='bbox 851 3495 1039 3564; x_wconf 83' lang='lat' dir='ltr'><strong><em>inquit,</em></strong></span> <span class='ocrx_word' id='word_1_540' title='bbox 1074 3495 1207 3548; x_wconf 89' lang='lat' dir='ltr'><strong><em>tanti</em></strong></span> <span class='ocrx_word' id='word_1_541' title='bbox 1245 3494 1456 3549; x_wconf 85' lang='lat' dir='ltr'><strong><em>honoris</em></strong></span> <span class='ocrx_word' id='word_1_542' title='bbox 1485 3491 1676 3548; x_wconf 87' lang='lat' dir='ltr'><strong><em>collata</em></strong></span> <span class='ocrx_word' id='word_1_543' title='bbox 1705 3499 1782 3546; x_wconf 88' lang='lat' dir='ltr'><strong><em>est</em></strong></span> <span class='ocrx_word' id='word_1_544' title='bbox 1811 3481 2000 3562; x_wconf 80' lang='lat' dir='ltr'><strong><em>gloria,</em></strong></span> <span class='ocrx_word' id='word_1_545' title='bbox 2031 3499 2086 3543; x_wconf 91' lang='lat' dir='ltr'><strong><em>ut</em></strong></span> <span class='ocrx_word' id='word_1_546' title='bbox 2112 3479 2372 3544; x_wconf 43' lang='lat' dir='ltr'><strong><em>na&#39;tivitati</em></strong></span> <span class='ocrx_word' id='word_1_547' title='bbox 2401 3491 2655 3561; x_wconf 82' lang='lat' dir='ltr'><strong><em>ejusipsa</em></strong></span> <span class='ocrx_word' id='word_1_548' title='bbox 2682 3490 2779 3546; x_wconf 78' lang='lat' dir='ltr'><strong><em>DEI</em></strong></span> <span class='ocrx_word' id='word_1_549' title='bbox 2803 3507 3052 3547; x_wconf 75' lang='lat' dir='ltr'><strong><em>GENITle</em></strong></span> <span class='ocrx_word' id='word_1_550' title='bbox 3081 3493 3368 3559; x_wconf 88' lang='lat' dir='ltr'><strong><em>interesset,</em></strong></span> <span class='ocrx_word' id='word_1_551' title='bbox 3392 3495 3601 3566; x_wconf 82' lang='lat' dir='ltr'><strong><em>ejusque</em></strong></span> <span class='ocrx_word' id='word_1_552' title='bbox 3623 3497 3769 3568; x_wconf 88' lang='lat' dir='ltr'><strong><em>prin-</em></strong></span> 
     </span>
    </p>
   </div>
   <div class='ocr_carea' id='block_1_36' title="bbox 497 3575 3763 3668">
    <p class='ocr_par' dir='ltr' id='par_1_36' title="bbox 497 3575 3763 3668">
     <span class='ocr_line' id='line_1_36' title="bbox 497 3575 3763 3668; baseline 0.001 -26"><span class='ocrx_word' id='word_1_553' title='bbox 497 3591 688 3660; x_wconf 89' lang='lat' dir='ltr'><strong><em>cipiunt</em></strong></span> <span class='ocrx_word' id='word_1_554' title='bbox 724 3590 890 3644; x_wconf 80' lang='lat' dir='ltr'><strong><em>laten&#39;s</em></strong></span> <span class='ocrx_word' id='word_1_555' title='bbox 917 3590 972 3643; x_wconf 93' lang='lat' dir='ltr'><strong><em>in</em></strong></span> <span class='ocrx_word' id='word_1_556' title='bbox 993 3581 1136 3643; x_wconf 86' lang='lat' dir='ltr'><strong><em>utero</em></strong></span> <span class='ocrx_word' id='word_1_557' title='bbox 1183 3589 1363 3643; x_wconf 87' lang='lat' dir='ltr'><strong><em>mundi</em></strong></span> <span class='ocrx_word' id='word_1_558' title='bbox 1401 3586 1644 3658; x_wconf 80' lang='lat' dir='ltr'><strong><em>conditor</em></strong></span> <span class='ocrx_word' id='word_1_559' title='bbox 1684 3603 1781 3640; x_wconf 91' lang='lat' dir='ltr'><strong><em>sua</em></strong></span> <span class='ocrx_word' id='word_1_560' title='bbox 1825 3575 2104 3656; x_wconf 79' lang='lat' dir='ltr'><strong><em>prwsentia</em></strong></span> <span class='ocrx_word' id='word_1_561' title='bbox 2143 3586 2426 3640; x_wconf 89' lang='lat' dir='ltr'><strong><em>dedicaret.</em></strong></span> <span class='ocrx_word' id='word_1_562' title='bbox 2471 3586 2730 3668; x_wconf 74' lang='lat' dir='ltr'><strong><em>Etserm.</em></strong></span> <span class='ocrx_word' id='word_1_563' title='bbox 2775 3589 2862 3654; x_wconf 69' lang='lat'><strong><em>62,</em></strong></span> <span class='ocrx_word' id='word_1_564' title='bbox 2893 3604 3016 3660; x_wconf 88' lang='lat' dir='ltr'><strong><em>pag.</em></strong></span> <span class='ocrx_word' id='word_1_565' title='bbox 3043 3587 3145 3642; x_wconf 78' lang='lat'><strong><em>538</em></strong></span> <span class='ocrx_word' id='word_1_566' title='bbox 3179 3607 3190 3641; x_wconf 94' lang='lat'><strong>:</strong></span> <span class='ocrx_word' id='word_1_567' title='bbox 3222 3587 3458 3644; x_wconf 87' lang='lat' dir='ltr'><strong><em>Christus</em></strong></span> <span class='ocrx_word' id='word_1_568' title='bbox 3497 3605 3622 3644; x_wconf 63' lang='grc' dir='ltr'><strong><em>ωε.</em></strong></span> <span class='ocrx_word' id='word_1_569' title='bbox 3648 3603 3763 3646; x_wconf 73' lang='grc' dir='ltr'>ιιιειι</span> 
     </span>
    </p>
   </div>
   <div class='ocr_carea' id='block_1_37' title="bbox 507 3677 3766 3756">
    <p class='ocr_par' dir='ltr' id='par_1_37' title="bbox 507 3677 3766 3756">
     <span class='ocr_line' id='line_1_37' title="bbox 507 3677 3766 3756; baseline 0.001 -24"><span class='ocrx_word' id='word_1_570' title='bbox 507 3679 749 3744; x_wconf 84' lang='lat' dir='ltr'><strong><em>Verbum,</em></strong></span> <span class='ocrx_word' id='word_1_571' title='bbox 773 3690 821 3734; x_wconf 91' lang='lat' dir='ltr'><strong><em>et</em></strong></span> <span class='ocrx_word' id='word_1_572' title='bbox 841 3698 962 3735; x_wconf 88' lang='lat' dir='ltr'><strong><em>caro</em></strong></span> <span class='ocrx_word' id='word_1_573' title='bbox 991 3698 1120 3735; x_wconf 88' lang='lat' dir='ltr'><strong><em>unus</em></strong></span> <span class='ocrx_word' id='word_1_574' title='bbox 1148 3692 1225 3735; x_wconf 88' lang='lat' dir='ltr'><strong><em>est</em></strong></span> <span class='ocrx_word' id='word_1_575' title='bbox 1252 3681 1526 3747; x_wconf 90' lang='lat' dir='ltr'><strong><em>Dominus,</em></strong></span> <span class='ocrx_word' id='word_1_576' title='bbox 1552 3688 1706 3752; x_wconf 90' lang='lat' dir='ltr'><strong><em>atque</em></strong></span> <span class='ocrx_word' id='word_1_577' title='bbox 1742 3695 1874 3732; x_wconf 90' lang='lat' dir='ltr'><strong><em>unus</em></strong></span> <span class='ocrx_word' id='word_1_578' title='bbox 1895 3677 2131 3749; x_wconf 75' lang='lat' dir='ltr'><strong><em>ideinque</em></strong></span> <span class='ocrx_word' id='word_1_579' title='bbox 2151 3688 2415 3756; x_wconf 45' lang='lat' dir='ltr'><strong><em>aeternus,</em></strong></span> <span class='ocrx_word' id='word_1_580' title='bbox 2447 3689 2497 3733; x_wconf 86' lang='lat' dir='ltr'><strong><em>et</em></strong></span> <span class='ocrx_word' id='word_1_581' title='bbox 2526 3697 2685 3734; x_wconf 90' lang='lat' dir='ltr'><strong><em>novus</em></strong></span> <span class='ocrx_word' id='word_1_582' title='bbox 2727 3681 2803 3753; x_wconf 90' lang='lat' dir='ltr'><strong><em>(g)</em></strong></span> <span class='ocrx_word' id='word_1_583' title='bbox 2837 3689 2948 3746; x_wconf 87' lang='lat' dir='ltr'><strong><em>est;</em></strong></span> <span class='ocrx_word' id='word_1_584' title='bbox 2983 3691 3208 3736; x_wconf 78' lang='lat' dir='ltr'><strong><em>ceternus</em></strong></span> <span class='ocrx_word' id='word_1_585' title='bbox 3229 3698 3261 3734; x_wconf 91' lang='lat' dir='ltr'><strong><em>a</em></strong></span> <span class='ocrx_word' id='word_1_586' title='bbox 3289 3680 3420 3746; x_wconf 88' lang='lat' dir='ltr'><strong><em>Deo,</em></strong></span> <span class='ocrx_word' id='word_1_587' title='bbox 3453 3698 3608 3736; x_wconf 85' lang='lat' dir='ltr'><strong><em>novus</em></strong></span> <span class='ocrx_word' id='word_1_588' title='bbox 3636 3699 3668 3734; x_wconf 93' lang='lat' dir='ltr'><strong><em>a</em></strong></span> <span class='ocrx_word' id='word_1_589' title='bbox 3697 3682 3766 3752; x_wconf 86' lang='lat' dir='ltr'><strong><em>fe-</em></strong></span> 
     </span>
    </p>
   </div>
   <div class='ocr_carea' id='block_1_38' title="bbox 499 3759 3764 3855">
    <p class='ocr_par' dir='ltr' id='par_1_38' title="bbox 499 3759 3764 3855">
     <span class='ocr_line' id='line_1_38' title="bbox 499 3759 3764 3855; baseline 0 -28"><span class='ocrx_word' id='word_1_590' title='bbox 499 3775 661 3828; x_wconf 88' lang='lat' dir='ltr'><strong><em>mina.</em></strong></span> <span class='ocrx_word' id='word_1_591' title='bbox 696 3771 776 3826; x_wconf 83' lang='lat' dir='ltr'><strong><em>lbi</em></strong></span> <span class='ocrx_word' id='word_1_592' title='bbox 798 3773 1384 3844; x_wconf 87' lang='lat' dir='ltr'><strong><em>incomprehensibiliter</em></strong></span> <span class='ocrx_word' id='word_1_593' title='bbox 1409 3772 1702 3855; x_wconf 8' lang='lat' dir='ltr'><strong><em>genitusqab</em></strong></span> <span class='ocrx_word' id='word_1_594' title='bbox 1739 3759 1989 3846; x_wconf 85' lang='lat' dir='ltr'><strong><em>ingenito.</em></strong></span> <span class='ocrx_word' id='word_1_595' title='bbox 2123 3773 2431 3830; x_wconf 86' lang='lat' dir='ltr'><strong><em>mirabiliter</em></strong></span> <span class='ocrx_word' id='word_1_596' title='bbox 2458 3785 2607 3830; x_wconf 88' lang='lat' dir='ltr'><strong><em>natus</em></strong></span> <span class='ocrx_word' id='word_1_597' title='bbox 2629 3795 2661 3829; x_wconf 87' lang='lat' dir='ltr'><strong><em>a</em></strong></span> <span class='ocrx_word' id='word_1_598' title='bbox 2690 3777 2918 3855; x_wconf 82' lang='lat' dir='ltr'><strong><em>virgine;</em></strong></span> <span class='ocrx_word' id='word_1_599' title='bbox 2939 3776 3008 3850; x_wconf 87' lang='lat' dir='ltr'><strong><em>ibi</em></strong></span> <span class='ocrx_word' id='word_1_600' title='bbox 3042 3786 3259 3848; x_wconf 90' lang='lat' dir='ltr'><strong><em>paterna</em></strong></span> <span class='ocrx_word' id='word_1_601' title='bbox 3287 3779 3556 3850; x_wconf 84' lang='lat' dir='ltr'><strong><em>majestate</em></strong></span> <span class='ocrx_word' id='word_1_602' title='bbox 3573 3775 3764 3841; x_wconf 86' lang='lat' dir='ltr'><strong><em>editus,</em></strong></span> 
     </span>
    </p>
   </div>
   <div class='ocr_carea' id='block_1_39' title="bbox 499 3851 3758 3942">
    <p class='ocr_par' dir='ltr' id='par_1_39' title="bbox 499 3851 3758 3942">
     <span class='ocr_line' id='line_1_39' title="bbox 499 3851 3758 3942; baseline 0 -22"><span class='ocrx_word' id='word_1_603' title='bbox 499 3868 581 3921; x_wconf 90' lang='lat' dir='ltr'><strong><em>hic</em></strong></span> <span class='ocrx_word' id='word_1_604' title='bbox 605 3868 814 3938; x_wconf 86' lang='lat' dir='ltr'><strong><em>spiritus</em></strong></span> <span class='ocrx_word' id='word_1_605' title='bbox 840 3868 1140 3938; x_wconf 87' lang='lat' dir='ltr'><strong><em>operatione</em></strong></span> <span class='ocrx_word' id='word_1_606' title='bbox 1169 3859 1456 3940; x_wconf 86' lang='lat' dir='ltr'><strong><em>formatus;</em></strong></span> <span class='ocrx_word' id='word_1_607' title='bbox 1485 3869 1577 3923; x_wconf 88' lang='lat' dir='ltr'><strong><em>tibi</em></strong></span> <span class='ocrx_word' id='word_1_608' title='bbox 1615 3851 1835 3939; x_wconf 76' lang='lat' dir='ltr'><strong><em>simplex</em></strong></span> <span class='ocrx_word' id='word_1_609' title='bbox 1864 3869 1921 3922; x_wconf 90' lang='lat' dir='ltr'><strong><em>in</em></strong></span> <span class='ocrx_word' id='word_1_610' title='bbox 1962 3853 2204 3923; x_wconf 80' lang='lat' dir='ltr'><strong><em>Genitore</em></strong></span> <span class='ocrx_word' id='word_1_611' title='bbox 2247 3877 2435 3942; x_wconf 84' lang='lat' dir='ltr'><strong><em>natura</em></strong></span> <span class='ocrx_word' id='word_1_612' title='bbox 2479 3878 2574 3934; x_wconf 88' lang='lat' dir='ltr'><strong><em>est,</em></strong></span> <span class='ocrx_word' id='word_1_613' title='bbox 2606 3870 2688 3922; x_wconf 88' lang='lat' dir='ltr'><strong><em>hic</em></strong></span> <span class='ocrx_word' id='word_1_614' title='bbox 2727 3851 2922 3925; x_wconf 60' lang='lat' dir='ltr'><strong><em>cunnus</em></strong></span> <span class='ocrx_word' id='word_1_615' title='bbox 2954 3886 3003 3922; x_wconf 69' lang='lat' dir='ltr'><strong><em>IN</em></strong></span> <span class='ocrx_word' id='word_1_616' title='bbox 3045 3869 3386 3941; x_wconf 85' lang='lat' dir='ltr'><strong><em>Redemptore</em></strong></span> <span class='ocrx_word' id='word_1_617' title='bbox 3404 3868 3758 3923; x_wconf 86' lang='lat' dir='ltr'><strong><em>substantia...</em></strong></span> 
     </span>
    </p>
   </div>
   <div class='ocr_carea' id='block_1_40' title="bbox 479 3947 3758 4040">
    <p class='ocr_par' dir='ltr' id='par_1_40' title="bbox 479 3947 3758 4040">
     <span class='ocr_line' id='line_1_40' title="bbox 479 3947 3758 4040; baseline -0 -27"><span class='ocrx_word' id='word_1_618' title='bbox 479 3947 567 4013; x_wconf 32' lang='lat' dir='ltr'><strong><em>‘Si</em></strong></span> <span class='ocrx_word' id='word_1_619' title='bbox 590 3975 774 4013; x_wconf 86' lang='lat' dir='ltr'><strong><em>novum</em></strong></span> <span class='ocrx_word' id='word_1_620' title='bbox 805 3957 882 4030; x_wconf 89' lang='lat' dir='ltr'><strong><em>(h)</em></strong></span> <span class='ocrx_word' id='word_1_621' title='bbox 915 3959 1012 4032; x_wconf 92' lang='lat' dir='ltr'><strong><em>fuit</em></strong></span> <span class='ocrx_word' id='word_1_622' title='bbox 1047 3959 1182 4030; x_wconf 88' lang='lat' dir='ltr'><strong><em>quod</em></strong></span> <span class='ocrx_word' id='word_1_623' title='bbox 1209 3958 1349 4014; x_wconf 90' lang='lat' dir='ltr'><strong><em>Deus</em></strong></span> <span class='ocrx_word' id='word_1_624' title='bbox 1377 3969 1454 4014; x_wconf 91' lang='lat' dir='ltr'><strong><em>est</em></strong></span> <span class='ocrx_word' id='word_1_625' title='bbox 1483 3970 1637 4014; x_wconf 88' lang='lat' dir='ltr'><strong><em>natus</em></strong></span> <span class='ocrx_word' id='word_1_626' title='bbox 1665 3947 1720 4012; x_wconf 87' lang='lat' dir='ltr'><strong><em>in</em></strong></span> <span class='ocrx_word' id='word_1_627' title='bbox 1748 3961 1920 4040; x_wconf 78' lang='lat' dir='ltr'><strong><em>terris,</em></strong></span> <span class='ocrx_word' id='word_1_628' title='bbox 1959 3949 2119 4038; x_wconf 80' lang='lat' dir='ltr'><strong><em>multo</em></strong></span> <span class='ocrx_word' id='word_1_629' title='bbox 2139 3962 2308 4032; x_wconf 76' lang='lat' dir='ltr'><strong><em>magis</em></strong></span> <span class='ocrx_word' id='word_1_630' title='bbox 2330 3973 2410 4037; x_wconf 83' lang='lat' dir='ltr'><strong><em>est</em></strong></span> <span class='ocrx_word' id='word_1_631' title='bbox 2439 3979 2623 4015; x_wconf 86' lang='lat' dir='ltr'><strong><em>novum</em></strong></span> <span class='ocrx_word' id='word_1_632' title='bbox 2648 3962 2785 4033; x_wconf 86' lang='lat' dir='ltr'><strong><em>quod</em></strong></span> <span class='ocrx_word' id='word_1_633' title='bbox 2824 3962 2976 4017; x_wconf 90' lang='lat' dir='ltr'><strong><em>homo</em></strong></span> <span class='ocrx_word' id='word_1_634' title='bbox 2998 3972 3177 4034; x_wconf 85' lang='lat' dir='ltr'><strong><em>regnet</em></strong></span> <span class='ocrx_word' id='word_1_635' title='bbox 3203 3964 3257 4017; x_wconf 89' lang='lat' dir='ltr'><strong><em>in</em></strong></span> <span class='ocrx_word' id='word_1_636' title='bbox 3299 3963 3440 4028; x_wconf 76' lang='lat' dir='ltr'><strong><em>caelo,</em></strong></span> <span class='ocrx_word' id='word_1_637' title='bbox 3467 3966 3570 4015; x_wconf 81' lang='lat' dir='ltr'><strong><em>etc.</em></strong></span> <span class='ocrx_word' id='word_1_638' title='bbox 3601 3955 3758 4021; x_wconf 79' lang='lat' dir='ltr'><strong><em>Nam,</em></strong></span> 
     </span>
    </p>
   </div>
   <div class='ocr_carea' id='block_1_41' title="bbox 496 4050 3760 4127">
    <p class='ocr_par' dir='ltr' id='par_1_41' title="bbox 496 4050 3760 4127">
     <span class='ocr_line' id='line_1_41' title="bbox 496 4050 3760 4127; baseline -0.001 -21"><span class='ocrx_word' id='word_1_639' title='bbox 496 4061 559 4106; x_wconf 90' lang='lat' dir='ltr'><strong><em>ut</em></strong></span> <span class='ocrx_word' id='word_1_640' title='bbox 583 4067 746 4122; x_wconf 67' lang='lat' dir='ltr'><strong><em>scrin.</em></strong></span> <span class='ocrx_word' id='word_1_641' title='bbox 777 4050 897 4118; x_wconf 83' lang='grc'><strong>107,</strong></span> <span class='ocrx_word' id='word_1_642' title='bbox 929 4067 1050 4122; x_wconf 89' lang='lat' dir='ltr'><strong><em>pag.</em></strong></span> <span class='ocrx_word' id='word_1_643' title='bbox 1076 4051 1198 4119; x_wconf 72' lang='lat'><strong><em>669,</em></strong></span> <span class='ocrx_word' id='word_1_644' title='bbox 1229 4053 1416 4108; x_wconf 84' lang='lat' dir='ltr'><strong><em>scribit</em></strong></span> <span class='ocrx_word' id='word_1_645' title='bbox 1441 4070 1452 4106; x_wconf 91' lang='lat'><strong>:</strong></span> <span class='ocrx_word' id='word_1_646' title='bbox 1487 4051 1880 4108; x_wconf 90' lang='lat' dir='ltr'><strong><em>Consideranda</em></strong></span> <span class='ocrx_word' id='word_1_647' title='bbox 1908 4063 1985 4107; x_wconf 90' lang='lat' dir='ltr'><strong><em>est</em></strong></span> <span class='ocrx_word' id='word_1_648' title='bbox 2009 4054 2064 4106; x_wconf 89' lang='lat' dir='ltr'><strong><em>in</em></strong></span> <span class='ocrx_word' id='word_1_649' title='bbox 2093 4070 2196 4127; x_wconf 88' lang='lat' dir='ltr'><strong><em>uno</em></strong></span> <span class='ocrx_word' id='word_1_650' title='bbox 2221 4053 2496 4124; x_wconf 89' lang='lat' dir='ltr'><strong><em>eodemque</em></strong></span> <span class='ocrx_word' id='word_1_651' title='bbox 2523 4053 2866 4126; x_wconf 84' lang='lat' dir='ltr'><strong><em>Redemptore</em></strong></span> <span class='ocrx_word' id='word_1_652' title='bbox 2889 4065 3064 4112; x_wconf 91' lang='lat' dir='ltr'><strong><em>nostro</em></strong></span> <span class='ocrx_word' id='word_1_653' title='bbox 3102 4056 3364 4127; x_wconf 84' lang='lat' dir='ltr'><strong><em>disjuncta</em></strong></span> <span class='ocrx_word' id='word_1_654' title='bbox 3399 4056 3416 4124; x_wconf 95' lang='lat'>(</span> <span class='ocrx_word' id='word_1_655' title='bbox 3440 4053 3543 4109; x_wconf 85' lang='lat' dir='ltr'><strong><em>hoc</em></strong></span> <span class='ocrx_word' id='word_1_656' title='bbox 3571 4059 3654 4108; x_wconf 90' lang='lat' dir='ltr'><strong><em>est</em></strong></span> <span class='ocrx_word' id='word_1_657' title='bbox 3677 4050 3760 4104; x_wconf 88' lang='lat' dir='ltr'><strong><em>di-</em></strong></span> 
     </span>
    </p>
   </div>
   <div class='ocr_carea' id='block_1_42' title="bbox 497 4126 3764 4221">
    <p class='ocr_par' dir='ltr' id='par_1_42' title="bbox 497 4126 3764 4221">
     <span class='ocr_line' id='line_1_42' title="bbox 497 4126 3764 4221; baseline 0 -21"><span class='ocrx_word' id='word_1_658' title='bbox 497 4143 709 4214; x_wconf 87' lang='lat' dir='ltr'><strong><em>stincta)</em></strong></span> <span class='ocrx_word' id='word_1_659' title='bbox 735 4143 797 4216; x_wconf 95' lang='lat' dir='ltr'><strong><em>(i)</em></strong></span> <span class='ocrx_word' id='word_1_660' title='bbox 830 4145 1060 4216; x_wconf 88' lang='lat' dir='ltr'><strong><em>operatio</em></strong></span> <span class='ocrx_word' id='word_1_661' title='bbox 1088 4144 1374 4200; x_wconf 87' lang='lat' dir='ltr'><strong><em>divinitatis</em></strong></span> <span class='ocrx_word' id='word_1_662' title='bbox 1394 4153 1444 4199; x_wconf 92' lang='lat' dir='ltr'><strong><em>et</em></strong></span> <span class='ocrx_word' id='word_1_663' title='bbox 1465 4144 1805 4198; x_wconf 86' lang='lat' dir='ltr'><strong><em>humanitatis</em></strong></span> <span class='ocrx_word' id='word_1_664' title='bbox 1816 4162 1850 4221; x_wconf 59' lang='grc' dir='ltr'><strong><em>;Δ</em></strong></span> <span class='ocrx_word' id='word_1_665' title='bbox 1865 4154 2018 4215; x_wconf 87' lang='lat' dir='ltr'><strong><em>atque</em></strong></span> <span class='ocrx_word' id='word_1_666' title='bbox 2045 4126 2354 4199; x_wconf 79' lang='lat' dir='ltr'><strong><em>omnimodis</em></strong></span> <span class='ocrx_word' id='word_1_667' title='bbox 2381 4145 2713 4201; x_wconf 87' lang='lat' dir='ltr'><strong><em>detestandus</em></strong></span> <span class='ocrx_word' id='word_1_668' title='bbox 2746 4165 2894 4204; x_wconf 89' lang='lat' dir='ltr'><strong><em>error</em></strong></span> <span class='ocrx_word' id='word_1_669' title='bbox 2923 4126 3238 4221; x_wconf 83' lang='lat' dir='ltr'><strong><em>Eutychetis,</em></strong></span> <span class='ocrx_word' id='word_1_670' title='bbox 3263 4150 3350 4220; x_wconf 89' lang='lat' dir='ltr'><strong><em>qui</em></strong></span> <span class='ocrx_word' id='word_1_671' title='bbox 3383 4165 3540 4202; x_wconf 87' lang='lat' dir='ltr'><strong><em>unam</em></strong></span> <span class='ocrx_word' id='word_1_672' title='bbox 3566 4155 3764 4202; x_wconf 89' lang='lat' dir='ltr'><strong><em>tantum</em></strong></span> 
     </span>
    </p>
   </div>
   <div class='ocr_carea' id='block_1_43' title="bbox 499 4216 3762 4315">
    <p class='ocr_par' dir='ltr' id='par_1_43' title="bbox 499 4216 3762 4315">
     <span class='ocr_line' id='line_1_43' title="bbox 499 4216 3762 4315; baseline 0.001 -24"><span class='ocrx_word' id='word_1_673' title='bbox 499 4237 557 4291; x_wconf 93' lang='lat' dir='ltr'><strong><em>in</em></strong></span> <span class='ocrx_word' id='word_1_674' title='bbox 585 4233 1183 4310; x_wconf 54' lang='lat' dir='ltr'><strong><em>Christo&#39;dogmatizare</em></strong></span> <span class='ocrx_word' id='word_1_675' title='bbox 1206 4237 1482 4309; x_wconf 67' lang='lat' dir='ltr'><strong><em>praesumit</em></strong></span> <span class='ocrx_word' id='word_1_676' title='bbox 1510 4216 1879 4308; x_wconf 68' lang='lat' dir='ltr'><strong><em>operationem.</em></strong></span> <span class='ocrx_word' id='word_1_677' title='bbox 1907 4235 1972 4290; x_wconf 93' lang='lat' dir='ltr'><strong><em>In</em></strong></span> <span class='ocrx_word' id='word_1_678' title='bbox 2010 4237 2263 4292; x_wconf 90' lang='lat' dir='ltr'><strong><em>alterutra</em></strong></span> <span class='ocrx_word' id='word_1_679' title='bbox 2293 4241 2430 4293; x_wconf 87' lang='lat' dir='ltr'><strong><em>enim</em></strong></span> <span class='ocrx_word' id='word_1_680' title='bbox 2451 4251 2619 4311; x_wconf 90' lang='lat' dir='ltr'><strong><em>parte,</em></strong></span> <span class='ocrx_word' id='word_1_681' title='bbox 2651 4242 2728 4296; x_wconf 89' lang='lat' dir='ltr'><strong><em>vel</em></strong></span> <span class='ocrx_word' id='word_1_682' title='bbox 2764 4245 2850 4315; x_wconf 91' lang='lat' dir='ltr'><strong><em>qui</em></strong></span> <span class='ocrx_word' id='word_1_683' title='bbox 2887 4216 3054 4298; x_wconf 78' lang='lat' dir='ltr'><strong><em>solum</em></strong></span> <span class='ocrx_word' id='word_1_684' title='bbox 3083 4216 3338 4298; x_wconf 85' lang='lat' dir='ltr'><strong><em>hominem</em></strong></span> <span class='ocrx_word' id='word_1_685' title='bbox 3369 4242 3528 4313; x_wconf 82' lang='lat' dir='ltr'><strong><em>fuisse</em></strong></span> <span class='ocrx_word' id='word_1_686' title='bbox 3551 4241 3762 4304; x_wconf 74' lang='lat' dir='ltr'><strong><em>dixerit,</em></strong></span> 
     </span>
    </p>
   </div>
   <div class='ocr_carea' id='block_1_44' title="bbox 500 4320 3762 4408">
    <p class='ocr_par' dir='ltr' id='par_1_44' title="bbox 500 4320 3762 4408">
     <span class='ocr_line' id='line_1_44' title="bbox 500 4320 3762 4408; baseline 0.002 -28"><span class='ocrx_word' id='word_1_687' title='bbox 500 4325 721 4397; x_wconf 87' lang='lat' dir='ltr'><strong><em>gloriam</em></strong></span> <span class='ocrx_word' id='word_1_688' title='bbox 749 4320 956 4398; x_wconf 78' lang='lat' dir='ltr'><strong><em>negabit</em></strong></span> <span class='ocrx_word' id='word_1_689' title='bbox 984 4325 1307 4392; x_wconf 85' lang='lat' dir='ltr'><strong><em>conditoris;</em></strong></span> <span class='ocrx_word' id='word_1_690' title='bbox 1340 4325 1420 4380; x_wconf 87' lang='lat' dir='ltr'><strong><em>vel</em></strong></span> <span class='ocrx_word' id='word_1_691' title='bbox 1472 4327 1558 4397; x_wconf 92' lang='lat' dir='ltr'><strong><em>qui</em></strong></span> <span class='ocrx_word' id='word_1_692' title='bbox 1603 4325 1767 4379; x_wconf 85' lang='lat' dir='ltr'><strong><em>solum</em></strong></span> <span class='ocrx_word' id='word_1_693' title='bbox 1814 4325 2001 4393; x_wconf 87' lang='lat' dir='ltr'><strong><em>Deum,</em></strong></span> <span class='ocrx_word' id='word_1_694' title='bbox 2059 4327 2266 4399; x_wconf 91' lang='lat' dir='ltr'><strong><em>negabit</em></strong></span> <span class='ocrx_word' id='word_1_695' title='bbox 2322 4331 2729 4388; x_wconf 86' lang='lat' dir='ltr'><strong><em>misericordiam</em></strong></span> <span class='ocrx_word' id='word_1_696' title='bbox 2771 4333 3146 4408; x_wconf 84' lang='lat' dir='ltr'><strong><em>Redemptoris.</em></strong></span> <span class='ocrx_word' id='word_1_697' title='bbox 3181 4331 3368 4408; x_wconf 72' lang='lat' dir='ltr'><strong><em>[nm]</em></strong></span> <span class='ocrx_word' id='word_1_698' title='bbox 3408 4331 3476 4388; x_wconf 82' lang='lat' dir='ltr'><strong><em>Et</em></strong></span> <span class='ocrx_word' id='word_1_699' title='bbox 3519 4341 3677 4389; x_wconf 85' lang='lat' dir='ltr'><strong><em>tract.</em></strong></span> <span class='ocrx_word' id='word_1_700' title='bbox 3705 4330 3762 4397; x_wconf 70' lang='grc'><strong>2,</strong></span> 
     </span>
    </p>
   </div>
   <div class='ocr_carea' id='block_1_45' title="bbox 478 4414 3766 4498">
    <p class='ocr_par' dir='ltr' id='par_1_45' title="bbox 478 4414 3766 4498">
     <span class='ocr_line' id='line_1_45' title="bbox 478 4414 3766 4498; baseline 0.004 -28"><span class='ocrx_word' id='word_1_701' title='bbox 478 4417 561 4495; x_wconf 61' lang='grc' dir='ltr'><strong><em>ξιίε</em></strong></span> <span class='ocrx_word' id='word_1_702' title='bbox 599 4415 886 4486; x_wconf 88' lang='lat' dir='ltr'><strong><em>Baptismo,</em></strong></span> <span class='ocrx_word' id='word_1_703' title='bbox 917 4432 1040 4488; x_wconf 85' lang='lat' dir='ltr'><strong><em>pag.</em></strong></span> <span class='ocrx_word' id='word_1_704' title='bbox 1077 4414 1217 4470; x_wconf 76' lang='lat'><strong><em>715:</em></strong></span> <span class='ocrx_word' id='word_1_705' title='bbox 1251 4415 1382 4472; x_wconf 70' lang='lat' dir='ltr'><strong><em>Hac</em></strong></span> <span class='ocrx_word' id='word_1_706' title='bbox 1422 4424 1498 4470; x_wconf 90' lang='lat' dir='ltr'><strong><em>est</em></strong></span> <span class='ocrx_word' id='word_1_707' title='bbox 1539 4415 1952 4472; x_wconf 89' lang='lat' dir='ltr'><strong><em>Christianorum</em></strong></span> <span class='ocrx_word' id='word_1_708' title='bbox 1994 4419 2363 4476; x_wconf 89' lang='lat' dir='ltr'><strong><em>catholicorum</em></strong></span> <span class='ocrx_word' id='word_1_709' title='bbox 2405 4424 2568 4494; x_wconf 89' lang='lat' dir='ltr'><strong><em>ﬁdes,</em></strong></span> <span class='ocrx_word' id='word_1_710' title='bbox 2618 4435 2674 4480; x_wconf 91' lang='lat' dir='ltr'><strong><em>ut</em></strong></span> <span class='ocrx_word' id='word_1_711' title='bbox 2720 4429 3020 4497; x_wconf 88' lang='lat' dir='ltr'><strong><em>credamus,</em></strong></span> <span class='ocrx_word' id='word_1_712' title='bbox 3072 4448 3166 4486; x_wconf 90' lang='lat' dir='ltr'><strong><em>nos</em></strong></span> <span class='ocrx_word' id='word_1_713' title='bbox 3207 4446 3324 4484; x_wconf 88' lang='lat' dir='ltr'><strong><em>cum</em></strong></span> <span class='ocrx_word' id='word_1_714' title='bbox 3375 4429 3490 4495; x_wconf 89' lang='lat' dir='ltr'><strong><em>hac,</em></strong></span> <span class='ocrx_word' id='word_1_715' title='bbox 3555 4430 3610 4482; x_wconf 89' lang='lat' dir='ltr'><strong><em>in</em></strong></span> <span class='ocrx_word' id='word_1_716' title='bbox 3663 4443 3766 4498; x_wconf 83' lang='lat' dir='ltr'><strong><em>qua</em></strong></span> 
     </span>
    </p>
   </div>
   <div class='ocr_carea' id='block_1_46' title="bbox 477 4506 3767 4595">
    <p class='ocr_par' dir='ltr' id='par_1_46' title="bbox 477 4506 3767 4595">
     <span class='ocr_line' id='line_1_46' title="bbox 477 4506 3767 4595; baseline 0.002 -31"><span class='ocrx_word' id='word_1_717' title='bbox 477 4513 636 4594; x_wconf 55' lang='lat' dir='ltr'><strong><em>:nunc</em></strong></span> <span class='ocrx_word' id='word_1_718' title='bbox 661 4527 854 4577; x_wconf 87' lang='lat' dir='ltr'><strong><em>sumus,</em></strong></span> <span class='ocrx_word' id='word_1_719' title='bbox 887 4510 1066 4564; x_wconf 89' lang='lat' dir='ltr'><strong><em>anima</em></strong></span> <span class='ocrx_word' id='word_1_720' title='bbox 1084 4524 1384 4595; x_wconf 84' lang='lat' dir='ltr'><strong><em>resurgere,</em></strong></span> <span class='ocrx_word' id='word_1_721' title='bbox 1414 4506 1658 4563; x_wconf 84' lang='lat' dir='ltr'><strong><em>habentes</em></strong></span> <span class='ocrx_word' id='word_1_722' title='bbox 1694 4510 1938 4565; x_wconf 89' lang='lat' dir='ltr'><strong><em>idoneum</em></strong></span> <span class='ocrx_word' id='word_1_723' title='bbox 1967 4513 2158 4583; x_wconf 65' lang='lat' dir='ltr'><strong><em>futura:</em></strong></span> <span class='ocrx_word' id='word_1_724' title='bbox 2205 4523 2396 4595; x_wconf 72' lang='lat' dir='ltr'><strong><em>nostra:</em></strong></span> <span class='ocrx_word' id='word_1_725' title='bbox 2434 4520 2827 4575; x_wconf 87' lang='lat' dir='ltr'><strong><em>resurrectionis</em></strong></span> <span class='ocrx_word' id='word_1_726' title='bbox 2871 4522 3160 4594; x_wconf 72' lang='lat' dir='ltr'><strong><em>exemplum</em></strong></span> <span class='ocrx_word' id='word_1_727' title='bbox 3195 4520 3478 4577; x_wconf 88' lang='lat' dir='ltr'><strong><em>Dominunt</em></strong></span> <span class='ocrx_word' id='word_1_728' title='bbox 3531 4527 3767 4576; x_wconf 87' lang='lat' dir='ltr'><strong><em>nostrum</em></strong></span> 
     </span>
    </p>
   </div>
   <div class='ocr_carea' id='block_1_47' title="bbox 473 4591 3768 4677">
    <p class='ocr_par' dir='ltr' id='par_1_47' title="bbox 473 4591 3768 4677">
     <span class='ocr_line' id='line_1_47' title="bbox 473 4591 3768 4677; baseline 0.003 -19"><span class='ocrx_word' id='word_1_729' title='bbox 473 4591 484 4611; x_wconf 56' lang='grc'>³</span> <span class='ocrx_word' id='word_1_730' title='bbox 517 4603 741 4658; x_wconf 85' lang='lat' dir='ltr'><strong><em>Verbum</em></strong></span> <span class='ocrx_word' id='word_1_731' title='bbox 768 4601 977 4668; x_wconf 88' lang='lat' dir='ltr'><strong><em>Patris,</em></strong></span> <span class='ocrx_word' id='word_1_732' title='bbox 1009 4591 1232 4673; x_wconf 87' lang='lat' dir='ltr'><strong><em>quicum</em></strong></span> <span class='ocrx_word' id='word_1_733' title='bbox 1255 4601 1325 4655; x_wconf 88' lang='lat' dir='ltr'><strong><em>sit</em></strong></span> <span class='ocrx_word' id='word_1_734' title='bbox 1350 4599 1512 4667; x_wconf 90' lang='lat' dir='ltr'><strong><em>Deus,</em></strong></span> <span class='ocrx_word' id='word_1_735' title='bbox 1553 4610 1601 4656; x_wconf 92' lang='lat' dir='ltr'><strong><em>et</em></strong></span> <span class='ocrx_word' id='word_1_736' title='bbox 1642 4601 1743 4657; x_wconf 92' lang='lat' dir='ltr'><strong><em>Dei</em></strong></span> <span class='ocrx_word' id='word_1_737' title='bbox 1795 4601 1987 4671; x_wconf 79' lang='lat' dir='ltr'><strong><em>Filius,</em></strong></span> <span class='ocrx_word' id='word_1_738' title='bbox 2029 4621 2118 4659; x_wconf 88' lang='lat' dir='ltr'><strong><em>seu</em></strong></span> <span class='ocrx_word' id='word_1_739' title='bbox 2180 4591 2423 4677; x_wconf 86' lang='lat' dir='ltr'><strong><em>Verbum,</em></strong></span> <span class='ocrx_word' id='word_1_740' title='bbox 2463 4620 2512 4665; x_wconf 91' lang='lat' dir='ltr'><strong><em>et</em></strong></span> <span class='ocrx_word' id='word_1_741' title='bbox 2558 4613 2838 4668; x_wconf 86' lang='lat' dir='ltr'><strong><em>secundum</em></strong></span> <span class='ocrx_word' id='word_1_742' title='bbox 2883 4591 3228 4671; x_wconf 84' lang='lat' dir='ltr'><strong><em>substantiam</em></strong></span> <span class='ocrx_word' id='word_1_743' title='bbox 3283 4615 3568 4670; x_wconf 77' lang='lat' dir='ltr'><strong><em>divinitatis</em></strong></span> <span class='ocrx_word' id='word_1_744' title='bbox 3613 4613 3768 4668; x_wconf 87' lang='lat' dir='ltr'><strong><em>Patri</em></strong></span> 
     </span>
    </p>
   </div>
   <div class='ocr_carea' id='block_1_48' title="bbox 501 4691 3766 4777">
    <p class='ocr_par' dir='ltr' id='par_1_48' title="bbox 501 4691 3766 4777">
     <span class='ocr_line' id='line_1_48' title="bbox 501 4691 3766 4777; baseline 0.003 -28"><span class='ocrx_word' id='word_1_745' title='bbox 501 4705 786 4772; x_wconf 71' lang='lat' dir='ltr'><strong><em>coaeternus</em></strong></span> <span class='ocrx_word' id='word_1_746' title='bbox 821 4703 869 4747; x_wconf 92' lang='lat' dir='ltr'><strong><em>et</em></strong></span> <span class='ocrx_word' id='word_1_747' title='bbox 899 4691 1385 4758; x_wconf 83' lang='lat' dir='ltr'><strong><em>consubstantialis;</em></strong></span> <span class='ocrx_word' id='word_1_748' title='bbox 1434 4692 1549 4747; x_wconf 88' lang='lat' dir='ltr'><strong><em>ideo</em></strong></span> <span class='ocrx_word' id='word_1_749' title='bbox 1596 4702 1800 4749; x_wconf 76' lang='lat' dir='ltr'><strong><em>natura:</em></strong></span> <span class='ocrx_word' id='word_1_750' title='bbox 1843 4703 2038 4750; x_wconf 72' lang='lat' dir='ltr'><strong><em>nostrae</em></strong></span> <span class='ocrx_word' id='word_1_751' title='bbox 2057 4699 2283 4768; x_wconf 85' lang='lat' dir='ltr'><strong><em>suscepit</em></strong></span> <span class='ocrx_word' id='word_1_752' title='bbox 2319 4691 2772 4773; x_wconf 46' lang='lat' dir='ltr'><strong><em>hominem,,ju:cta</em></strong></span> <span class='ocrx_word' id='word_1_753' title='bbox 2799 4721 2949 4777; x_wconf 87' lang='lat' dir='ltr'><strong><em>quem</em></strong></span> <span class='ocrx_word' id='word_1_754' title='bbox 2975 4722 3042 4760; x_wconf 76' lang='lat' dir='ltr'><strong><em>na</em></strong></span> <span class='ocrx_word' id='word_1_755' title='bbox 3067 4721 3278 4763; x_wconf 73' lang='lat' dir='ltr'><strong><em>VIRGINE</em></strong></span> <span class='ocrx_word' id='word_1_756' title='bbox 3307 4721 3485 4771; x_wconf 74' lang='lat' dir='ltr'><strong><em>NASCI,</em></strong></span> <span class='ocrx_word' id='word_1_757' title='bbox 3508 4713 3558 4760; x_wconf 91' lang='lat' dir='ltr'><strong><em>et</em></strong></span> <span class='ocrx_word' id='word_1_758' title='bbox 3583 4712 3766 4776; x_wconf 85' lang='lat' dir='ltr'><strong><em>postea</em></strong></span> 
     </span>
    </p>
   </div>
   <div class='ocr_carea' id='block_1_49' title="bbox 507 4783 3764 4867">
    <p class='ocr_par' dir='ltr' id='par_1_49' title="bbox 507 4783 3764 4867">
     <span class='ocr_line' id='line_1_49' title="bbox 507 4783 3764 4867; baseline 0.003 -29"><span class='ocrx_word' id='word_1_759' title='bbox 507 4786 686 4855; x_wconf 62' lang='lat' dir='ltr'><strong><em>pati’et</em></strong></span> <span class='ocrx_word' id='word_1_760' title='bbox 708 4784 841 4838; x_wconf 90' lang='lat' dir='ltr'><strong><em>mori</em></strong></span> <span class='ocrx_word' id='word_1_761' title='bbox 867 4783 1044 4848; x_wconf 88' lang='lat' dir='ltr'><strong><em>voluit,</em></strong></span> <span class='ocrx_word' id='word_1_762' title='bbox 1066 4793 1116 4837; x_wconf 92' lang='lat' dir='ltr'><strong><em>et</em></strong></span> <span class='ocrx_word' id='word_1_763' title='bbox 1135 4784 1219 4838; x_wconf 88' lang='lat' dir='ltr'><strong><em>die</em></strong></span> <span class='ocrx_word' id='word_1_764' title='bbox 1239 4784 1392 4838; x_wconf 89' lang='lat' dir='ltr'><strong><em>tertia</em></strong></span> <span class='ocrx_word' id='word_1_765' title='bbox 1413 4801 1702 4860; x_wconf 82' lang='lat' dir='ltr'><strong><em>resurgere,</em></strong></span> <span class='ocrx_word' id='word_1_766' title='bbox 1727 4786 1842 4840; x_wconf 90' lang='lat' dir='ltr'><strong><em>etin</em></strong></span> <span class='ocrx_word' id='word_1_767' title='bbox 1869 4785 2051 4840; x_wconf 65' lang='lat' dir='ltr'><strong><em>caelum</em></strong></span> <span class='ocrx_word' id='word_1_768' title='bbox 2060 4789 2293 4842; x_wconf 87' lang='lat' dir='ltr'><strong><em>ascendit</em></strong></span> <span class='ocrx_word' id='word_1_769' title='bbox 2315 4789 2408 4863; x_wconf 84' lang='lat' dir='ltr'><strong><em>(j),</em></strong></span> <span class='ocrx_word' id='word_1_770' title='bbox 2430 4799 2487 4845; x_wconf 91' lang='lat' dir='ltr'><strong><em>ut</em></strong></span> <span class='ocrx_word' id='word_1_771' title='bbox 2507 4810 2600 4848; x_wconf 90' lang='lat' dir='ltr'><strong><em>nos</em></strong></span> <span class='ocrx_word' id='word_1_772' title='bbox 2620 4794 2689 4848; x_wconf 91' lang='lat' dir='ltr'><strong><em>ad</em></strong></span> <span class='ocrx_word' id='word_1_773' title='bbox 2716 4813 2858 4867; x_wconf 90' lang='lat' dir='ltr'><strong><em>spem</em></strong></span> <span class='ocrx_word' id='word_1_774' title='bbox 2876 4797 3263 4852; x_wconf 87' lang='lat' dir='ltr'><strong><em>resurrectionis</em></strong></span> <span class='ocrx_word' id='word_1_775' title='bbox 3285 4795 3605 4864; x_wconf 76' lang='lat' dir='ltr'><strong><em>accenderet.</em></strong></span> <span class='ocrx_word' id='word_1_776' title='bbox 3626 4793 3764 4850; x_wconf 86' lang='lat' dir='ltr'><strong><em>Sunt</em></strong></span> 
     </span>
    </p>
   </div>
   <div class='ocr_carea' id='block_1_50' title="bbox 506 4869 3764 4958">
    <p class='ocr_par' dir='ltr' id='par_1_50' title="bbox 506 4869 3764 4958">
     <span class='ocr_line' id='line_1_50' title="bbox 506 4869 3764 4958; baseline 0.003 -29"><span class='ocrx_word' id='word_1_777' title='bbox 506 4875 593 4931; x_wconf 84' lang='lat' dir='ltr'><strong><em>his</em></strong></span> <span class='ocrx_word' id='word_1_778' title='bbox 620 4872 833 4952; x_wconf 79' lang='lat' dir='ltr'><strong><em>similia,</em></strong></span> <span class='ocrx_word' id='word_1_779' title='bbox 863 4885 982 4940; x_wconf 74' lang='lat' dir='ltr'><strong><em>qua:</em></strong></span> <span class='ocrx_word' id='word_1_780' title='bbox 1007 4873 1346 4941; x_wconf 84' lang='lat' dir='ltr'><strong><em>persequitur</em></strong></span> <span class='ocrx_word' id='word_1_781' title='bbox 1373 4881 1604 4928; x_wconf 84' lang='lat' dir='ltr'><strong><em>tractatu</em></strong></span> <span class='ocrx_word' id='word_1_782' title='bbox 1619 4872 1684 4940; x_wconf 70' lang='lat'><strong><em>‘5,</em></strong></span> <span class='ocrx_word' id='word_1_783' title='bbox 1709 4869 1910 4929; x_wconf 77' lang='lat' dir='ltr'><strong><em>&#39;contra</em></strong></span> <span class='ocrx_word' id='word_1_784' title='bbox 1935 4875 2172 4943; x_wconf 61' lang='grc' dir='ltr'><strong><em>δυόωσι,</em></strong></span> <span class='ocrx_word' id='word_1_785' title='bbox 2203 4893 2326 4950; x_wconf 87' lang='lat' dir='ltr'><strong><em>pag.</em></strong></span> <span class='ocrx_word' id='word_1_786' title='bbox 2363 4879 2464 4936; x_wconf 80' lang='grc'><strong><em>759</em></strong></span> <span class='ocrx_word' id='word_1_787' title='bbox 2492 4890 2543 4936; x_wconf 91' lang='lat' dir='ltr'><strong><em>et</em></strong></span> <span class='ocrx_word' id='word_1_788' title='bbox 2576 4883 2640 4938; x_wconf 90' lang='lat' dir='ltr'><strong><em>de</em></strong></span> <span class='ocrx_word' id='word_1_789' title='bbox 2667 4884 2922 4954; x_wconf 87' lang='lat' dir='ltr'><strong><em>Capitulis</em></strong></span> <span class='ocrx_word' id='word_1_790' title='bbox 2946 4881 3310 4958; x_wconf 85' lang='lat' dir='ltr'><strong><em>Evangelior.,</em></strong></span> <span class='ocrx_word' id='word_1_791' title='bbox 3339 4899 3462 4956; x_wconf 87' lang='lat' dir='ltr'><strong><em>pag.</em></strong></span> <span class='ocrx_word' id='word_1_792' title='bbox 3496 4881 3618 4938; x_wconf 82' lang='lat'><strong><em>759.</em></strong></span> <span class='ocrx_word' id='word_1_793' title='bbox 3650 4883 3764 4952; x_wconf 80' lang='lat' dir='ltr'><strong><em>Age</em></strong></span> 
     </span>
    </p>
   </div>
   <div class='ocr_carea' id='block_1_51' title="bbox 571 5025 3760 5162">
    <p class='ocr_par' dir='ltr' id='par_1_51' title="bbox 571 5025 3760 5162">
     <span class='ocr_line' id='line_1_51' title="bbox 571 5025 3760 5110; baseline 0 -18"><span class='ocrx_word' id='word_1_794' title='bbox 571 5037 649 5110; x_wconf 90' lang='lat' dir='ltr'><strong><em>(a)</em></strong></span> <span class='ocrx_word' id='word_1_795' title='bbox 691 5025 896 5092; x_wconf 71' lang='lat' dir='ltr'><strong><em>Eodem</em></strong></span> <span class='ocrx_word' id='word_1_796' title='bbox 941 5033 1187 5088; x_wconf 85' lang='lat' dir='ltr'><strong><em>recidunt</em></strong></span> <span class='ocrx_word' id='word_1_797' title='bbox 1243 5047 1362 5102; x_wconf 65' lang='lat' dir='ltr'><strong><em>quae</em></strong></span> <span class='ocrx_word' id='word_1_798' title='bbox 1410 5032 1596 5087; x_wconf 83' lang='lat' dir='ltr'><strong><em>scribit</em></strong></span> <span class='ocrx_word' id='word_1_799' title='bbox 1639 5042 1854 5088; x_wconf 87' lang='lat' dir='ltr'><strong><em>sanctus</em></strong></span> <span class='ocrx_word' id='word_1_800' title='bbox 1896 5033 2008 5091; x_wconf 90' lang='lat' dir='ltr'><strong><em>Leo</em></strong></span> <span class='ocrx_word' id='word_1_801' title='bbox 2052 5035 2076 5091; x_wconf 92' lang='lat' dir='ltr'><strong><em>l</em></strong></span> <span class='ocrx_word' id='word_1_802' title='bbox 2217 5053 2247 5092; x_wconf 89' lang='lat' dir='ltr'><strong><em>a</em></strong></span> <span class='ocrx_word' id='word_1_803' title='bbox 2289 5077 2303 5091; x_wconf 94' lang='lat'><strong><em>.</em></strong></span> <span class='ocrx_word' id='word_1_804' title='bbox 2336 5035 2459 5106; x_wconf 79' lang='lat'><strong><em>500,</em></strong></span> <span class='ocrx_word' id='word_1_805' title='bbox 2491 5047 2548 5094; x_wconf 85' lang='lat' dir='ltr'><strong><em>et</em></strong></span> <span class='ocrx_word' id='word_1_806' title='bbox 2567 5054 2728 5094; x_wconf 85' lang='lat' dir='ltr'><strong><em>serm.</em></strong></span> <span class='ocrx_word' id='word_1_807' title='bbox 2771 5039 2859 5107; x_wconf 75' lang='lat'><strong><em>42,</em></strong></span> <span class='ocrx_word' id='word_1_808' title='bbox 2945 5054 3031 5110; x_wconf 85' lang='lat' dir='ltr'><strong><em>ag.</em></strong></span> <span class='ocrx_word' id='word_1_809' title='bbox 3062 5037 3183 5106; x_wconf 78' lang='lat'><strong><em>509,</em></strong></span> <span class='ocrx_word' id='word_1_810' title='bbox 3233 5048 3290 5094; x_wconf 91' lang='lat' dir='ltr'><strong><em>et</em></strong></span> <span class='ocrx_word' id='word_1_811' title='bbox 3311 5054 3473 5094; x_wconf 86' lang='lat' dir='ltr'><strong><em>serm.</em></strong></span> <span class='ocrx_word' id='word_1_812' title='bbox 3514 5035 3602 5107; x_wconf 79' lang='lat'><strong><em>44,</em></strong></span> <span class='ocrx_word' id='word_1_813' title='bbox 3674 5051 3760 5108; x_wconf 92' lang='lat' dir='ltr'><strong><em>ag.</em></strong></span> 
     </span>
     <span class='ocr_line' id='line_1_52' title="bbox 571 5051 3759 5162; baseline 0 0"><span class='ocrx_word' id='word_1_814' title='bbox 571 5124 660 5162; x_wconf 79' lang='lat' dir='ltr'><strong><em>rm.</em></strong></span> <span class='ocrx_word' id='word_1_815' title='bbox 692 5106 780 5162; x_wconf 61' lang='grc' dir='ltr'><strong><em>ΞΟ.</em></strong></span> <span class='ocrx_word' id='word_1_816' title='bbox 807 5106 872 5160; x_wconf 80' lang='lat' dir='ltr'><strong><em>de</em></strong></span> <span class='ocrx_word' id='word_1_817' title='bbox 897 5103 1076 5158; x_wconf 88' lang='lat' dir='ltr'><strong><em>Nativ.</em></strong></span> <span class='ocrx_word' id='word_1_818' title='bbox 1109 5101 1300 5156; x_wconf 83' lang='lat' dir='ltr'><strong><em>Christi</em></strong></span> <span class='ocrx_word' id='word_1_819' title='bbox 1331 5102 1380 5162; x_wconf 86' lang='grc'><strong>1,</strong></span> <span class='ocrx_word' id='word_1_820' title='bbox 1421 5116 1546 5162; x_wconf 77' lang='lat' dir='ltr'><strong><em>Datz.</em></strong></span> <span class='ocrx_word' id='word_1_821' title='bbox 1575 5102 1660 5162; x_wconf 83' lang='grc'><strong><em>45.</em></strong></span> <span class='ocrx_word' id='word_1_822' title='bbox 1707 5112 1839 5160; x_wconf 84' lang='lat' dir='ltr'><strong><em>tom.</em></strong></span> <span class='ocrx_word' id='word_1_823' title='bbox 1873 5106 1890 5159; x_wconf 93' lang='grc'><strong><em>1</em></strong></span> <span class='ocrx_word' id='word_1_824' title='bbox 1920 5121 2070 5162; x_wconf 76' lang='lat' dir='ltr'><strong><em>over.</em></strong></span> <span class='ocrx_word' id='word_1_825' title='bbox 2335 5117 2391 5162; x_wconf 91' lang='lat' dir='ltr'><strong><em>et</em></strong></span> <span class='ocrx_word' id='word_1_826' title='bbox 2417 5124 2580 5162; x_wconf 88' lang='lat' dir='ltr'><strong><em>serm.</em></strong></span> <span class='ocrx_word' id='word_1_827' title='bbox 2605 5108 2694 5162; x_wconf 85' lang='lat'><strong><em>46.</em></strong></span> <span class='ocrx_word' id='word_1_828' title='bbox 2726 5125 2849 5162; x_wconf 67' lang='lat' dir='ltr'><strong><em>nan.</em></strong></span> <span class='ocrx_word' id='word_1_829' title='bbox 2893 5056 3015 5162; x_wconf 46' lang='lat'><strong><em>£18.</em></strong></span> <span class='ocrx_word' id='word_1_830' title='bbox 3063 5119 3120 5162; x_wconf 85' lang='lat' dir='ltr'><strong><em>et</em></strong></span> <span class='ocrx_word' id='word_1_831' title='bbox 3165 5124 3328 5162; x_wconf 86' lang='lat' dir='ltr'><strong><em>serm.</em></strong></span> <span class='ocrx_word' id='word_1_832' title='bbox 3360 5107 3450 5162; x_wconf 80' lang='grc'><strong><em>51.</em></strong></span> <span class='ocrx_word' id='word_1_833' title='bbox 3478 5123 3601 5162; x_wconf 77' lang='lat' dir='ltr'><strong><em>pag.</em></strong></span> 
     </span>
    </p>
   </div>
   <div class='ocr_carea' id='block_1_52' title="bbox 499 5056 2098 5180">
    <p class='ocr_par' dir='ltr' id='par_1_52' title="bbox 499 5056 2076 5180">
     <span class='ocr_line' id='line_1_53' title="bbox 571 5056 2076 5110; baseline -0.001 -18"><span class='ocrx_word' id='word_1_834' title='bbox 571 5056 649 5110; x_wconf 65' lang='lat' dir='ltr'><strong><em>ta)</em></strong></span> <span class='ocrx_word' id='word_1_835' title='bbox 692 5056 896 5092; x_wconf 74' lang='lat' dir='ltr'><strong><em>nouem</em></strong></span> <span class='ocrx_word' id='word_1_836' title='bbox 942 5056 1187 5088; x_wconf 71' lang='grc' dir='ltr'>Γευιυυιιι</span> <span class='ocrx_word' id='word_1_837' title='bbox 1243 5056 1362 5102; x_wconf 69' lang='lat' dir='ltr'><strong><em>qua:</em></strong></span> <span class='ocrx_word' id='word_1_838' title='bbox 1410 5056 1596 5087; x_wconf 71' lang='grc' dir='ltr'>δυῐιυιι</span> <span class='ocrx_word' id='word_1_839' title='bbox 1639 5056 1854 5088; x_wconf 65' lang='grc' dir='ltr'><strong><em>δδυςιυδ</em></strong></span> <span class='ocrx_word' id='word_1_840' title='bbox 1896 5056 2008 5091; x_wconf 65' lang='lat' dir='ltr'><strong><em>L60</em></strong></span> <span class='ocrx_word' id='word_1_841' title='bbox 2052 5056 2076 5091; x_wconf 84' lang='lat' dir='ltr'><strong><em>I.</em></strong></span> 
     </span>
     <span class='ocr_line' id='line_1_54' title="bbox 499 5101 2070 5180; baseline -0.001 -18"><span class='ocrx_word' id='word_1_842' title='bbox 499 5124 678 5180; x_wconf 64' lang='lat' dir='ltr'><strong><em>seruiL</em></strong></span> <span class='ocrx_word' id='word_1_843' title='bbox 692 5106 780 5174; x_wconf 61' lang='grc' dir='ltr'><strong><em>ΞΟ,</em></strong></span> <span class='ocrx_word' id='word_1_844' title='bbox 807 5106 872 5160; x_wconf 80' lang='lat' dir='ltr'><strong><em>de</em></strong></span> <span class='ocrx_word' id='word_1_845' title='bbox 897 5103 1076 5180; x_wconf 64' lang='lat' dir='ltr'><strong><em>Nutjv.</em></strong></span> <span class='ocrx_word' id='word_1_846' title='bbox 1109 5101 1300 5180; x_wconf 64' lang='lat' dir='ltr'><strong><em>Christi</em></strong></span> <span class='ocrx_word' id='word_1_847' title='bbox 1331 5102 1380 5168; x_wconf 89' lang='grc'><strong>1,</strong></span> <span class='ocrx_word' id='word_1_848' title='bbox 1421 5116 1546 5173; x_wconf 89' lang='lat' dir='ltr'><strong><em>pag.</em></strong></span> <span class='ocrx_word' id='word_1_849' title='bbox 1575 5102 1660 5168; x_wconf 83' lang='grc'>45,</span> <span class='ocrx_word' id='word_1_850' title='bbox 1694 5112 1839 5180; x_wconf 83' lang='lat' dir='ltr'><strong><em>_tom.</em></strong></span> <span class='ocrx_word' id='word_1_851' title='bbox 1873 5106 1890 5159; x_wconf 93' lang='grc'><strong><em>1</em></strong></span> <span class='ocrx_word' id='word_1_852' title='bbox 1920 5121 2070 5180; x_wconf 73' lang='lat' dir='ltr'><strong><em>oper.</em></strong></span> 
     </span>
    </p>
   </div>
   <div class='ocr_carea' id='block_1_53' title="bbox 2159 5056 3758 5180">
    <p class='ocr_par' dir='ltr' id='par_1_53' title="bbox 2180 5056 3758 5180">
     <span class='ocr_line' id='line_1_55' title="bbox 2217 5056 3758 5110; baseline 0.001 -19"><span class='ocrx_word' id='word_1_853' title='bbox 2217 5056 2247 5092; x_wconf 88' lang='lat' dir='ltr'><strong><em>a</em></strong></span> <span class='ocrx_word' id='word_1_854' title='bbox 2289 5077 2303 5091; x_wconf 95' lang='lat'><strong><em>.</em></strong></span> <span class='ocrx_word' id='word_1_855' title='bbox 2336 5056 2459 5106; x_wconf 78' lang='grc' dir='ltr'><strong><em>ουυ,</em></strong></span> <span class='ocrx_word' id='word_1_856' title='bbox 2491 5056 2548 5094; x_wconf 79' lang='lat' dir='ltr'><strong><em>et</em></strong></span> <span class='ocrx_word' id='word_1_857' title='bbox 2567 5056 2728 5094; x_wconf 84' lang='lat' dir='ltr'><strong><em>serm.</em></strong></span> <span class='ocrx_word' id='word_1_858' title='bbox 2771 5056 2859 5107; x_wconf 66' lang='lat' dir='ltr'><strong><em>az,</em></strong></span> <span class='ocrx_word' id='word_1_859' title='bbox 2945 5056 3031 5110; x_wconf 88' lang='lat' dir='ltr'><strong><em>ag.</em></strong></span> <span class='ocrx_word' id='word_1_860' title='bbox 3062 5056 3183 5106; x_wconf 75' lang='lat' dir='ltr'><strong><em>oua,</em></strong></span> <span class='ocrx_word' id='word_1_861' title='bbox 3233 5056 3290 5094; x_wconf 88' lang='lat' dir='ltr'><strong><em>et</em></strong></span> <span class='ocrx_word' id='word_1_862' title='bbox 3311 5056 3473 5094; x_wconf 86' lang='lat' dir='ltr'><strong><em>serm.</em></strong></span> <span class='ocrx_word' id='word_1_863' title='bbox 3514 5056 3602 5107; x_wconf 70' lang='lat' dir='ltr'><strong><em>u,</em></strong></span> <span class='ocrx_word' id='word_1_864' title='bbox 3674 5056 3758 5108; x_wconf 92' lang='lat' dir='ltr'><strong><em>ag.</em></strong></span> 
     </span>
     <span class='ocr_line' id='line_1_56' title="bbox 2180 5056 3758 5180; baseline 0 -19"><span class='ocrx_word' id='word_1_865' title='bbox 2180 5056 2303 5174; x_wconf 43' lang='lat' dir='ltr'><strong><em>gi},</em></strong></span> <span class='ocrx_word' id='word_1_866' title='bbox 2335 5117 2391 5180; x_wconf 87' lang='lat' dir='ltr'><strong><em>et</em></strong></span> <span class='ocrx_word' id='word_1_867' title='bbox 2417 5124 2580 5180; x_wconf 75' lang='lat' dir='ltr'><strong><em>serm.</em></strong></span> <span class='ocrx_word' id='word_1_868' title='bbox 2605 5108 2694 5174; x_wconf 85' lang='lat'><strong><em>46,</em></strong></span> <span class='ocrx_word' id='word_1_869' title='bbox 2726 5125 2849 5180; x_wconf 88' lang='lat' dir='ltr'><strong><em>pag.</em></strong></span> <span class='ocrx_word' id='word_1_870' title='bbox 2893 5056 3015 5177; x_wconf 45' lang='lat'><strong><em>£18,</em></strong></span> <span class='ocrx_word' id='word_1_871' title='bbox 3063 5119 3120 5166; x_wconf 85' lang='lat' dir='ltr'><strong><em>et</em></strong></span> <span class='ocrx_word' id='word_1_872' title='bbox 3165 5124 3328 5174; x_wconf 84' lang='lat' dir='ltr'><strong><em>serm,</em></strong></span> <span class='ocrx_word' id='word_1_873' title='bbox 3360 5107 3450 5175; x_wconf 81' lang='grc'><strong>51,</strong></span> <span class='ocrx_word' id='word_1_874' title='bbox 3478 5123 3601 5180; x_wconf 88' lang='lat' dir='ltr'><strong><em>pag.</em></strong></span> 
     </span>
    </p>
   </div>
   <div class='ocr_carea' id='block_1_54' title="bbox 501 5171 3766 5259">
    <p class='ocr_par' dir='ltr' id='par_1_54' title="bbox 501 5171 3766 5259">
     <span class='ocr_line' id='line_1_57' title="bbox 501 5171 3766 5259; baseline 0 -27"><span class='ocrx_word' id='word_1_875' title='bbox 501 5171 1665 5259; x_wconf 30' lang='lat' dir='ltr'><strong><em>edit.i_\otn:‘an.:l—Deusqueverupet</em></strong></span> <span class='ocrx_word' id='word_1_876' title='bbox 1683 5175 1834 5259; x_wconf 78' lang='lat' dir='ltr'><strong><em>homo</em></strong></span> <span class='ocrx_word' id='word_1_877' title='bbox 1857 5171 2075 5259; x_wconf 69' lang='lat' dir='ltr'><strong><em>verus</em></strong></span> <span class='ocrx_word' id='word_1_878' title='bbox 2119 5191 2124 5196; x_wconf 81' lang='lat'><strong><em>&#39;</em></strong></span> <span class='ocrx_word' id='word_1_879' title='bbox 2251 5171 2556 5259; x_wconf 68' lang='lat' dir='ltr'><strong><em>(f)_Cpnl&#39;er</em></strong></span> <span class='ocrx_word' id='word_1_880' title='bbox 2595 5171 2768 5235; x_wconf 79' lang='lat' dir='ltr'><strong><em>saucii</em></strong></span> <span class='ocrx_word' id='word_1_881' title='bbox 2798 5171 3012 5236; x_wconf 53' lang='lat' dir='ltr'><strong><em>&#39;Leonis&#39;</em></strong></span> <span class='ocrx_word' id='word_1_882' title='bbox 3057 5181 3216 5250; x_wconf 87' lang='lat' dir='ltr'><strong><em>epist.</em></strong></span> <span class='ocrx_word' id='word_1_883' title='bbox 3257 5171 3522 5247; x_wconf 69' lang='lat' dir='ltr'><strong><em>eamdem,</em></strong></span> <span class='ocrx_word' id='word_1_884' title='bbox 3551 5171 3674 5250; x_wconf 68' lang='lat' dir='ltr'><strong><em>cap.</em></strong></span> <span class='ocrx_word' id='word_1_885' title='bbox 3708 5177 3766 5246; x_wconf 79' lang='lat'><strong><em>3,</em></strong></span> 
     </span>
    </p>
   </div>
   <div class='ocr_carea' id='block_1_55' title="bbox 471 5244 3332 5327">
    <p class='ocr_par' dir='ltr' id='par_1_55' title="bbox 471 5244 3332 5327">
     <span class='ocr_line' id='line_1_58' title="bbox 471 5244 3332 5327; baseline -0.011 -12"><span class='ocrx_word' id='word_1_886' title='bbox 471 5244 749 5327; x_wconf 59' lang='grc' dir='ltr'><strong><em>λιιηίεαεεηξ</em></strong></span> <span class='ocrx_word' id='word_1_887' title='bbox 776 5245 986 5300; x_wconf 76' lang='lat' dir='ltr'><strong><em>Domini</em></strong></span> <span class='ocrx_word' id='word_1_888' title='bbox 1009 5244 1421 5327; x_wconf 61' lang='lat' dir='ltr'><strong><em>leutperqgstMg</em></strong></span> <span class='ocrx_word' id='word_1_889' title='bbox 1446 5244 1582 5327; x_wconf 61' lang='lat' dir='ltr'><strong><em>quod</em></strong></span> <span class='ocrx_word' id='word_1_890' title='bbox 1614 5247 1804 5301; x_wconf 86' lang='lat' dir='ltr'><strong><em>nostris</em></strong></span> <span class='ocrx_word' id='word_1_891' title='bbox 1835 5247 2099 5327; x_wconf 65' lang='lat' dir='ltr'><strong><em>remediis</em></strong></span> <span class='ocrx_word' id='word_1_892' title='bbox 2177 5244 2710 5327; x_wconf 51' lang='lat' dir='ltr'><strong><em>pag,:119§eqq,____</em></strong></span> <span class='ocrx_word' id='word_1_893' title='bbox 2763 5273 2770 5278; x_wconf 89' lang='grc'><strong><em>-</em></strong></span> <span class='ocrx_word' id='word_1_894' title='bbox 2955 5272 2975 5327; x_wconf 70' lang='lat'><strong><em>_.</em></strong></span> <span class='ocrx_word' id='word_1_895' title='bbox 3091 5244 3110 5250; x_wconf 93' lang='grc'>·</span> <span class='ocrx_word' id='word_1_896' title='bbox 3196 5319 3279 5327; x_wconf 47' lang='grc' dir='ltr'>ψ</span> <span class='ocrx_word' id='word_1_897' title='bbox 3327 5278 3332 5285; x_wconf 92' lang='grc'><strong><em>.</em></strong></span> 
     </span>
    </p>
   </div>
   <div class='ocr_carea' id='block_1_56' title="bbox 499 5313 3764 5394">
    <p class='ocr_par' dir='ltr' id='par_1_56' title="bbox 499 5313 3764 5394">
     <span class='ocr_line' id='line_1_59' title="bbox 499 5313 3764 5394; baseline 0.002 -22"><span class='ocrx_word' id='word_1_898' title='bbox 499 5317 828 5394; x_wconf 75' lang='lat' dir='ltr'><strong><em>congruebat,</em></strong></span> <span class='ocrx_word' id='word_1_899' title='bbox 869 5331 1002 5370; x_wconf 90' lang='lat' dir='ltr'><strong><em>unus</em></strong></span> <span class='ocrx_word' id='word_1_900' title='bbox 1033 5313 1182 5385; x_wconf 79' lang='lat' dir='ltr'><strong><em>atque</em></strong></span> <span class='ocrx_word' id='word_1_901' title='bbox 1204 5314 1338 5386; x_wconf 81' lang='lat' dir='ltr'><strong><em>idem</em></strong></span> <span class='ocrx_word' id='word_1_902' title='bbox 1366 5313 1468 5368; x_wconf 87' lang='lat' dir='ltr'><strong><em>Dei</em></strong></span> <span class='ocrx_word' id='word_1_903' title='bbox 1491 5315 1848 5394; x_wconf 74' lang='lat' dir='ltr'><strong><em>hominumque</em></strong></span> <span class='ocrx_word' id='word_1_904' title='bbox 1876 5319 2099 5394; x_wconf 79' lang='lat' dir='ltr'><strong><em>media-&#39;</em></strong></span> <span class='ocrx_word' id='word_1_905' title='bbox 2131 5383 2138 5390; x_wconf 33' lang='grc'>,</span> <span class='ocrx_word' id='word_1_906' title='bbox 2177 5313 2198 5324; x_wconf 83' lang='grc'><em>’</em></span> <span class='ocrx_word' id='word_1_907' title='bbox 2248 5313 2326 5393; x_wconf 62' lang='grc' dir='ltr'><strong><em>ξς)</em></strong></span> <span class='ocrx_word' id='word_1_908' title='bbox 2444 5313 2756 5394; x_wconf 41' lang='lat' dir='ltr'><strong><em>item-ibid&quot;</em></strong></span> <span class='ocrx_word' id='word_1_909' title='bbox 2789 5336 2915 5394; x_wconf 76' lang='lat' dir='ltr'><strong><em>cap.</em></strong></span> <span class='ocrx_word' id='word_1_910' title='bbox 2941 5323 2994 5389; x_wconf 86' lang='lat'><strong><em>4,</em></strong></span> <span class='ocrx_word' id='word_1_911' title='bbox 3026 5337 3150 5394; x_wconf 75' lang='lat' dir='ltr'><strong><em>pag.</em></strong></span> <span class='ocrx_word' id='word_1_912' title='bbox 3190 5319 3498 5394; x_wconf 14' lang='lat' dir='ltr'><strong><em>1721.7Mitto</em></strong></span> <span class='ocrx_word' id='word_1_913' title='bbox 3541 5328 3764 5394; x_wconf 66' lang='lat' dir='ltr'><strong><em>sancto;</em></strong></span> 
     </span>
    </p>
   </div>
   <div class='ocr_carea' id='block_1_57' title="bbox 483 5387 3766 5464">
    <p class='ocr_par' dir='ltr' id='par_1_57' title="bbox 483 5387 3766 5464">
     <span class='ocr_line' id='line_1_60' title="bbox 483 5387 3766 5464; baseline 0.003 -24"><span class='ocrx_word' id='word_1_914' title='bbox 483 5387 667 5464; x_wconf 43' lang='lat' dir='ltr'><strong><em>-tor_,:et</em></strong></span> <span class='ocrx_word' id='word_1_915' title='bbox 683 5389 818 5464; x_wconf 69' lang='lat' dir='ltr'><strong><em>mori</em></strong></span> <span class='ocrx_word' id='word_1_916' title='bbox 839 5396 1012 5464; x_wconf 75' lang='lat' dir='ltr'><strong><em>posset</em></strong></span> <span class='ocrx_word' id='word_1_917' title='bbox 1029 5401 1096 5464; x_wconf 78' lang='lat' dir='ltr'><strong><em>ex</em></strong></span> <span class='ocrx_word' id='word_1_918' title='bbox 1114 5395 1304 5464; x_wconf 50' lang='grc' dir='ltr'><strong><em>πέρασι</em></strong></span> <span class='ocrx_word' id='word_1_919' title='bbox 1324 5387 1778 5464; x_wconf 64' lang='lat' dir='ltr'><strong><em>resurgerepo’sset</em></strong></span> <span class='ocrx_word' id='word_1_920' title='bbox 1802 5405 1868 5442; x_wconf 75' lang='lat' dir='ltr'><strong><em>ea:</em></strong></span> <span class='ocrx_word' id='word_1_921' title='bbox 1886 5389 2069 5445; x_wconf 89' lang='lat' dir='ltr'><strong><em>altero.</em></strong></span> <span class='ocrx_word' id='word_1_922' title='bbox 2132 5387 2137 5390; x_wconf 63' lang='grc'><strong>⁷</strong></span> <span class='ocrx_word' id='word_1_923' title='bbox 2177 5387 2317 5464; x_wconf 56' lang='lat' dir='ltr'><strong><em>[uni</em></strong></span> <span class='ocrx_word' id='word_1_924' title='bbox 2341 5387 2546 5464; x_wconf 71' lang='lat' dir='ltr'><strong><em>Cyrilii-</em></strong></span> <span class='ocrx_word' id='word_1_925' title='bbox 2571 5387 2922 5464; x_wconf 46' lang='lat' dir='ltr'><strong><em>Alexandri-ni</em></strong></span> <span class='ocrx_word' id='word_1_926' title='bbox 2945 5433 2961 5459; x_wconf 92' lang='lat'><strong><em>,</em></strong></span> <span class='ocrx_word' id='word_1_927' title='bbox 2981 5387 2987 5389; x_wconf 39' lang='lat'>&#39;</span> <span class='ocrx_word' id='word_1_928' title='bbox 3009 5387 3066 5450; x_wconf 70' lang='lat' dir='ltr'><strong><em>et</em></strong></span> <span class='ocrx_word' id='word_1_929' title='bbox 3098 5387 3410 5462; x_wconf 55' lang='lat' dir='ltr'><strong><em>&#39;leestini,</em></strong></span> <span class='ocrx_word' id='word_1_930' title='bbox 3447 5407 3536 5464; x_wconf 14' lang='lat' dir='ltr'><strong><em>Aac;</em></strong></span> <span class='ocrx_word' id='word_1_931' title='bbox 3569 5389 3766 5464; x_wconf 79' lang='lat' dir='ltr'><strong><em>synodi</em></strong></span> 
     </span>
    </p>
   </div>
   <div class='ocr_carea' id='block_1_58' title="bbox 575 5453 3760 5534">
    <p class='ocr_par' dir='ltr' id='par_1_58' title="bbox 575 5453 3760 5534">
     <span class='ocr_line' id='line_1_61' title="bbox 575 5453 3760 5534; baseline 0.002 -22"><span class='ocrx_word' id='word_1_932' title='bbox 575 5457 650 5529; x_wconf 88' lang='lat' dir='ltr'><strong><em>(b)</em></strong></span> <span class='ocrx_word' id='word_1_933' title='bbox 681 5456 737 5512; x_wconf 91' lang='lat' dir='ltr'><strong><em>S.</em></strong></span> <span class='ocrx_word' id='word_1_934' title='bbox 771 5453 902 5520; x_wconf 81' lang='lat' dir='ltr'><strong><em>Leo,</em></strong></span> <span class='ocrx_word' id='word_1_935' title='bbox 929 5457 1086 5534; x_wconf 86' lang='lat' dir='ltr'><strong><em>_e_pist.</em></strong></span> <span class='ocrx_word' id='word_1_936' title='bbox 1117 5453 1326 5534; x_wconf 40' lang='lat'><strong><em>25,31.</em></strong></span> <span class='ocrx_word' id='word_1_937' title='bbox 1355 5454 1442 5522; x_wconf 71' lang='lat'><strong><em>24,</em></strong></span> <span class='ocrx_word' id='word_1_938' title='bbox 1470 5453 1559 5512; x_wconf 66' lang='lat' dir='ltr'><strong><em>&#39;ad</em></strong></span> <span class='ocrx_word' id='word_1_939' title='bbox 1586 5453 1918 5524; x_wconf 80' lang='lat' dir='ltr'><strong><em>Flavianum,</em></strong></span> <span class='ocrx_word' id='word_1_940' title='bbox 1949 5475 2068 5530; x_wconf 79' lang='lat' dir='ltr'><strong><em>cap.</em></strong></span> <span class='ocrx_word' id='word_1_941' title='bbox 2176 5453 2470 5534; x_wconf 42' lang='lat' dir='ltr'><strong><em>Ephesiae</em></strong></span> <span class='ocrx_word' id='word_1_942' title='bbox 2489 5461 2635 5534; x_wconf 80' lang='lat' dir='ltr'><strong><em>loca,</em></strong></span> <span class='ocrx_word' id='word_1_943' title='bbox 2657 5478 2725 5534; x_wconf 83' lang='lat' dir='ltr'><strong><em>ne</em></strong></span> <span class='ocrx_word' id='word_1_944' title='bbox 2753 5463 2852 5518; x_wconf 86' lang='lat' dir='ltr'><strong><em>sim</em></strong></span> <span class='ocrx_word' id='word_1_945' title='bbox 2885 5453 3020 5522; x_wconf 61' lang='lat' dir='ltr'><strong><em>iure</em></strong></span> <span class='ocrx_word' id='word_1_946' title='bbox 3048 5481 3159 5522; x_wconf 86' lang='lat' dir='ltr'><strong><em>non</em></strong></span> <span class='ocrx_word' id='word_1_947' title='bbox 3189 5453 3495 5519; x_wconf 82' lang='lat' dir='ltr'><strong><em>necessaria</em></strong></span> <span class='ocrx_word' id='word_1_948' title='bbox 3521 5453 3760 5534; x_wconf 67' lang='lat' dir='ltr'><strong><em>longior.</em></strong></span> 
     </span>
    </p>
   </div>
   <div class='ocr_carea' id='block_1_59' title="bbox 501 5523 3017 5654">
    <p class='ocr_par' dir='ltr' id='par_1_59' title="bbox 501 5523 3017 5654">
     <span class='ocr_line' id='line_1_62' title="bbox 501 5523 3017 5654; baseline 0 0"><span class='ocrx_word' id='word_1_949' title='bbox 501 5523 738 5654; x_wconf 36' lang='lat' dir='ltr'><strong><em>sit???</em></strong></span> <span class='ocrx_word' id='word_1_950' title='bbox 765 5535 897 5654; x_wconf 47' lang='lat' dir='ltr'><strong><em>re?</em></strong></span> <span class='ocrx_word' id='word_1_951' title='bbox 925 5523 1290 5654; x_wconf 53' lang='lat' dir='ltr'><strong><em>ibidpagcabasi</em></strong></span> <span class='ocrx_word' id='word_1_952' title='bbox 1313 5540 1464 5654; x_wconf 47' lang='grc' dir='ltr'><strong><em>ἓξὲξ.</em></strong></span> <span class='ocrx_word' id='word_1_953' title='bbox 1526 5613 1628 5654; x_wconf 69' lang='lat' dir='ltr'><strong><em>nat:</em></strong></span> <span class='ocrx_word' id='word_1_954' title='bbox 1681 5597 1748 5654; x_wconf 89' lang='grc'><strong>18</strong></span> <span class='ocrx_word' id='word_1_955' title='bbox 1776 5614 1908 5654; x_wconf 84' lang='lat' dir='ltr'><strong><em>seua</em></strong></span> <span class='ocrx_word' id='word_1_956' title='bbox 2016 5523 2031 5530; x_wconf 46' lang='lat'><strong>-</strong></span> <span class='ocrx_word' id='word_1_957' title='bbox 2227 5523 2734 5654; x_wconf 39' lang='lat' dir='ltr'><strong><em>Vsidb-‘Z‘it’uib’tltiit.</em></strong></span> <span class='ocrx_word' id='word_1_958' title='bbox 2759 5553 2848 5654; x_wconf 14' lang='lat' dir='ltr'><strong><em>iaci</em></strong></span> <span class='ocrx_word' id='word_1_959' title='bbox 2952 5553 2958 5560; x_wconf 32' lang='lat'><strong>.</strong></span> <span class='ocrx_word' id='word_1_960' title='bbox 3009 5591 3017 5601; x_wconf 87' lang='grc'><em>’</em></span> 
     </span>
     <span class='ocr_line' id='line_1_63' title="bbox 718 5619 2998 5654; baseline 0.001 -2"><span class='ocrx_word' id='word_1_961' title='bbox 718 5639 730 5652; x_wconf 95' lang='grc'><strong>.</strong></span> <span class='ocrx_word' id='word_1_962' title='bbox 879 5638 894 5654; x_wconf 92' lang='grc'>.</span> <span class='ocrx_word' id='word_1_963' title='bbox 1038 5636 1077 5654; x_wconf 86' lang='grc'><strong>..</strong></span> <span class='ocrx_word' id='word_1_964' title='bbox 1213 5639 1226 5652; x_wconf 93' lang='grc'><strong>.</strong></span> <span class='ocrx_word' id='word_1_965' title='bbox 1451 5637 1490 5654; x_wconf 89' lang='grc'><strong><em>..</em></strong></span> <span class='ocrx_word' id='word_1_966' title='bbox 1633 5639 1647 5652; x_wconf 96' lang='grc'><strong>.</strong></span> <span class='ocrx_word' id='word_1_967' title='bbox 1913 5639 1927 5654; x_wconf 93' lang='grc'><strong>.</strong></span> <span class='ocrx_word' id='word_1_968' title='bbox 2733 5643 2748 5654; x_wconf 89' lang='grc'><strong>.</strong></span> <span class='ocrx_word' id='word_1_969' title='bbox 2877 5619 2998 5654; x_wconf 69' lang='lat' dir='ltr'><strong><em>nan.</em></strong></span> 
     </span>
    </p>
   </div>
   <div class='ocr_carea' id='block_1_60' title="bbox 593 5596 3766 5676">
    <p class='ocr_par' dir='ltr' id='par_1_60' title="bbox 593 5596 3766 5676">
     <span class='ocr_line' id='line_1_64' title="bbox 593 5596 3766 5676; baseline 0.003 -24"><span class='ocrx_word' id='word_1_970' title='bbox 593 5596 655 5676; x_wconf 49' lang='grc' dir='ltr'><em>οἱ</em></span> <span class='ocrx_word' id='word_1_971' title='bbox 763 5597 1077 5676; x_wconf 84' lang='lat' dir='ltr'><strong><em>_Leo,_ibid.,</em></strong></span> <span class='ocrx_word' id='word_1_972' title='bbox 1107 5613 1226 5668; x_wconf 88' lang='lat' dir='ltr'><strong><em>cap.</em></strong></span> <span class='ocrx_word' id='word_1_973' title='bbox 1254 5596 1490 5676; x_wconf 69' lang='lat' dir='ltr'><strong><em>2_seqq.,</em></strong></span> <span class='ocrx_word' id='word_1_974' title='bbox 1526 5597 1748 5676; x_wconf 74' lang='lat' dir='ltr'><strong><em>pag._l8</em></strong></span> <span class='ocrx_word' id='word_1_975' title='bbox 1776 5614 1964 5676; x_wconf 87' lang='lat' dir='ltr'><strong><em>seqq._</em></strong></span> <span class='ocrx_word' id='word_1_976' title='bbox 2134 5663 2140 5668; x_wconf 22' lang='lat' dir='ltr'><strong><em>I</em></strong></span> <span class='ocrx_word' id='word_1_977' title='bbox 2216 5596 2478 5676; x_wconf 13' lang='lat' dir='ltr'><strong><em>V_(i)&#39;_Vide</em></strong></span> <span class='ocrx_word' id='word_1_978' title='bbox 2506 5609 2748 5658; x_wconf 88' lang='lat' dir='ltr'><strong><em>annotat.</em></strong></span> <span class='ocrx_word' id='word_1_979' title='bbox 2780 5603 2848 5659; x_wconf 87' lang='lat' dir='ltr'><strong><em>ad</em></strong></span> <span class='ocrx_word' id='word_1_980' title='bbox 2875 5596 3124 5676; x_wconf 43' lang='lat' dir='ltr'><strong><em>pagﬁti&#39;li</em></strong></span> <span class='ocrx_word' id='word_1_981' title='bbox 3159 5618 3314 5676; x_wconf 88' lang='lat' dir='ltr'><strong><em>seqq.</em></strong></span> <span class='ocrx_word' id='word_1_982' title='bbox 3347 5602 3573 5674; x_wconf 79' lang='lat' dir='ltr'><strong><em>hujusce</em></strong></span> <span class='ocrx_word' id='word_1_983' title='bbox 3593 5602 3766 5662; x_wconf 78' lang='lat' dir='ltr'><strong><em>collo-</em></strong></span> 
     </span>
    </p>
   </div>
   <div class='ocr_carea' id='block_1_61' title="bbox 633 5667 3528 5741">
    <p class='ocr_par' dir='ltr' id='par_1_61' title="bbox 633 5667 3528 5741">
     <span class='ocr_line' id='line_1_65' title="bbox 633 5667 3528 5741; baseline -0.009 -16"><span class='ocrx_word' id='word_1_984' title='bbox 633 5672 652 5740; x_wconf 88' lang='lat'>)</span> <span class='ocrx_word' id='word_1_985' title='bbox 681 5667 814 5725; x_wconf 79' lang='lat' dir='ltr'><strong><em>Vide</em></strong></span> <span class='ocrx_word' id='word_1_986' title='bbox 841 5668 1004 5724; x_wconf 87' lang='lat' dir='ltr'><strong><em>etiam</em></strong></span> <span class='ocrx_word' id='word_1_987' title='bbox 1033 5678 1275 5724; x_wconf 85' lang='lat' dir='ltr'><strong><em>sanctum</em></strong></span> <span class='ocrx_word' id='word_1_988' title='bbox 1298 5667 1554 5736; x_wconf 70' lang='lat' dir='ltr'><strong><em>Leonem,</em></strong></span> <span class='ocrx_word' id='word_1_989' title='bbox 1598 5667 1749 5737; x_wconf 85' lang='lat' dir='ltr'><strong><em>ibid.,</em></strong></span> <span class='ocrx_word' id='word_1_990' title='bbox 1778 5667 1908 5741; x_wconf 59' lang='lat' dir='ltr'><strong><em>cap:</em></strong></span> <span class='ocrx_word' id='word_1_991' title='bbox 1932 5669 1985 5736; x_wconf 80' lang='lat'><strong><em>5,</em></strong></span> <span class='ocrx_word' id='word_1_992' title='bbox 2015 5685 2069 5740; x_wconf 93' lang='lat' dir='ltr'><strong><em>p.</em></strong></span> <span class='ocrx_word' id='word_1_993' title='bbox 2134 5667 2139 5668; x_wconf 53' lang='grc'><strong>“</strong></span> <span class='ocrx_word' id='word_1_994' title='bbox 2175 5667 2406 5741; x_wconf 41' lang='lat' dir='ltr'><strong><em>ctionis:</em></strong></span> <span class='ocrx_word' id='word_1_995' title='bbox 2463 5685 2484 5741; x_wconf 86' lang='lat'><strong><em>:_</em></strong></span> <span class='ocrx_word' id='word_1_996' title='bbox 2875 5667 2893 5676; x_wconf 90' lang='lat'><strong>&#39;</strong></span> <span class='ocrx_word' id='word_1_997' title='bbox 2949 5667 2974 5674; x_wconf 81' lang='lat'>&#39;</span> <span class='ocrx_word' id='word_1_998' title='bbox 3235 5667 3292 5676; x_wconf 85' lang='grc'><strong>--</strong></span> <span class='ocrx_word' id='word_1_999' title='bbox 3399 5667 3437 5740; x_wconf 21' lang='grc' dir='ltr'><strong><em>α-</em></strong></span> <span class='ocrx_word' id='word_1_1000' title='bbox 3517 5689 3528 5702; x_wconf 90' lang='grc'><em>.</em></span> 
     </span>
    </p>
   </div>
   <div class='ocr_carea' id='block_1_62' title="bbox 499 5735 3471 5818">
    <p class='ocr_par' dir='ltr' id='par_1_62' title="bbox 499 5735 3471 5818">
     <span class='ocr_line' id='line_1_66' title="bbox 499 5735 3471 5818; baseline 0.001 -23"><span class='ocrx_word' id='word_1_1001' title='bbox 499 5735 816 5818; x_wconf 27' lang='lat' dir='ltr'><strong><em>nam,</em></strong></span> <span class='ocrx_word' id='word_1_1002' title='bbox 1430 5811 1478 5818; x_wconf 93' lang='lat'><strong><em>__</em></strong></span> <span class='ocrx_word' id='word_1_1003' title='bbox 1540 5735 1566 5818; x_wconf 36' lang='grc' dir='ltr'>ί,</span> <span class='ocrx_word' id='word_1_1004' title='bbox 1735 5735 1741 5737; x_wconf 75' lang='lat'>&#39;</span> <span class='ocrx_word' id='word_1_1005' title='bbox 1845 5735 1864 5741; x_wconf 89' lang='grc'><strong>·</strong></span> <span class='ocrx_word' id='word_1_1006' title='bbox 1977 5735 2043 5818; x_wconf 58' lang='lat'><strong><em>_;</em></strong></span> <span class='ocrx_word' id='word_1_1007' title='bbox 2249 5738 2325 5812; x_wconf 70' lang='grc' dir='ltr'><strong><em>(ι’)</em></strong></span> <span class='ocrx_word' id='word_1_1008' title='bbox 2374 5739 2430 5796; x_wconf 89' lang='lat' dir='ltr'><strong><em>s.</em></strong></span> <span class='ocrx_word' id='word_1_1009' title='bbox 2463 5739 2596 5809; x_wconf 84' lang='lat' dir='ltr'><strong><em>Leo,</em></strong></span> <span class='ocrx_word' id='word_1_1010' title='bbox 2626 5743 2778 5812; x_wconf 66' lang='lat' dir='ltr'><strong><em>an,</em></strong></span> <span class='ocrx_word' id='word_1_1011' title='bbox 2808 5761 2930 5815; x_wconf 87' lang='lat' dir='ltr'><strong><em>cap.</em></strong></span> <span class='ocrx_word' id='word_1_1012' title='bbox 2961 5744 3014 5811; x_wconf 68' lang='grc' dir='ltr'><strong><em>κ,</em></strong></span> <span class='ocrx_word' id='word_1_1013' title='bbox 3045 5760 3170 5818; x_wconf 82' lang='lat' dir='ltr'><strong><em>pag.</em></strong></span> <span class='ocrx_word' id='word_1_1014' title='bbox 3207 5745 3306 5802; x_wconf 65' lang='grc' dir='ltr'>ιει</span> <span class='ocrx_word' id='word_1_1015' title='bbox 3357 5735 3471 5817; x_wconf 80' lang='lat' dir='ltr'><strong><em>seq.</em></strong></span> 
     </span>
    </p>
   </div>
   <div class='ocr_carea' id='block_1_63' title="bbox 569 5753 2066 5883">
    <p class='ocr_par' dir='ltr' id='par_1_63' title="bbox 569 5753 2066 5883">
     <span class='ocr_line' id='line_1_67' title="bbox 569 5753 2066 5883; baseline 0.002 -19"><span class='ocrx_word' id='word_1_1016' title='bbox 569 5753 1095 5883; x_wconf 48' lang='lat' dir='ltr'><strong><em>remuepmterea</em></strong></span> <span class='ocrx_word' id='word_1_1017' title='bbox 1142 5819 1381 5868; x_wconf 90' lang='lat' dir='ltr'><strong><em>sanctum</em></strong></span> <span class='ocrx_word' id='word_1_1018' title='bbox 1430 5811 1736 5874; x_wconf 77' lang='lat' dir='ltr'><strong><em>Maximum,</em></strong></span> <span class='ocrx_word' id='word_1_1019' title='bbox 1771 5826 1933 5868; x_wconf 86' lang='lat' dir='ltr'><strong><em>serm.</em></strong></span> <span class='ocrx_word' id='word_1_1020' title='bbox 1975 5809 2066 5879; x_wconf 77' lang='lat'><strong><em>38,</em></strong></span> 
     </span>
    </p>
   </div>
  </div>
