4050 6356
309 362 401 456 ω’
1747 386 2127 447 θείως-Απο.
3218 446 3227 451 _
3498 382 3571 440 so

305 528 434 571 vero
461 529 583 568 cum
605 513 699 569 Dei
719 513 932 580 Filium,
964 510 1111 567 Patri
1142 506 1656 567 consubstantialem
1677 513 1860 561 natum
1882 521 1951 562 ex
1977 506 2144 560 Maria
2173 502 2392 572 Virgine
2420 504 2476 559 in
2496 512 2745 574 tempore
2769 516 3063 560 secundum
3090 503 3383 566 hominem,
3408 498 3572 554 Maxi-

304 624 426 664 mus
450 606 715 676 fateatur;
743 622 975 676 cumque
1002 605 1241 660 divinam
1261 610 1317 658 et
1335 601 1627 657 humanam
1647 607 1920 664 naturam,
1947 600 2093 656 salva
2116 599 2395 667 utriusque
2413 598 2726 659 substantiae
2748 598 3097 669 proprietate,
3132 595 3183 651 in
3213 610 3374 650 unam
3401 592 3572 649 divini

306 680 467 756 Verbi
495 714 781 772 personam
809 699 1038 756 coivisse
1064 705 1314 763 testatur,
1336 696 1619 767 ipsamque
1646 691 1873 763 proinde
1899 692 2123 748 Mariam
2150 699 2204 747 et
2231 699 2464 747 matrem
2489 689 2689 745 Christi
2716 689 2811 745 Dei
2836 699 2892 745 et
2922 690 3018 746 Dei
3045 688 3358 759 genitricem
3387 684 3574 758 appel-

307 793 411 862 let;
443 791 572 862 quid
600 800 701 856 est,
723 792 867 864 quod
886 790 1173 861 quisquam
1193 789 1246 843 in
1272 785 1529 843 invidiam
1552 792 1798 841 sanctum
1813 784 2127 856 episcopum
2144 782 2319 849 vocet,
2344 783 2497 854 quasi
2517 782 2695 838 minus
2717 789 2967 837 accurate
2987 780 3231 836 minusve
3250 778 3319 834 ad
3337 776 3575 852 synodos

305 883 633 957 Ephesinam
661 896 717 941 et
741 883 1237 941 Chalcedonensem
1263 888 1387 952 apte
1413 878 1483 935 de
1508 877 1898 935 Incarnationis
1924 878 2184 951 mysterio
2212 876 2467 933 adversus
2491 874 2797 932 Nestorium
2825 882 2987 945 atque
3013 873 3309 945 Eutychum
3336 871 3576 944 disputa-

306 978 396 1044 rit,
420 989 515 1034 aut
541 979 835 1050 quidquam
861 977 1075 1045 dixerit,
1098 975 1242 1047 quod
1264 990 1388 1031 cum
1413 980 1724 1029 sanctorum
1743 970 1949 1045 Cyrilli,
1976 972 2275 1039 leestini,
2300 972 2497 1049 Leonis
2516 972 2760 1027 doctrina
2787 968 2931 1026 haud
2957 968 3112 1026 facile
3135 967 3387 1037 componi
3413 979 3576 1037 posse

305 1069 586 1126 videatur?
613 1069 880 1141 Equidem
908 1069 1065 1125 ﬁdem
1094 1069 1355 1125 lectorum
1368 1062 1696 1138 postulo,'ut
1719 1065 2284 1135 adsint,‘cognoscant,
2308 1063 2757 1129 animadvertant,
2787 1063 2927 1118 sitne
2954 1062 3008 1116 in
3036 1058 3346 1115 deﬁnitione
3381 1056 3574 1130 synodi

307 1162 546 1232 ejusdem
566 1154 1018 1219 Chalcedonensis
1034 1161 1316 1233 quidpiam
1353 1160 1500 1232 quod
1530 1176 1639 1216 non
1665 1159 1799 1216 satis
1831 1158 2081 1215 distincte
2108 1158 2497 1230 perspicueque
2515 1162 2734 1211 sanctus
2761 1154 3027 1209 Maximus
3047 1151 3290 1207 adductis
3327 1150 3573 1221 proxime

250 1242 441 1321 \locis
462 1255 828 1323 homiliarum,
858 1254 1164 1311 sermunum
1185 1262 1346 1323 atque
1373 1260 1699 1309 tractatuum
1726 1268 1948 1308 suorum
1986 1249 2472 1322 comprehenderit.
2505 1248 2585 1304 En
2624 1247 2813 1320 synodi
2844 1247 3005 1302 verba
3036 1262 3049 1299 ;
3083 1244 3367 1315 Sequentes
3404 1239 3575 1296 sancti

306 1346 517 1415 Patres,
546 1363 712 1403 unum
731 1349 1059 1419 eamdemque
1085 1347 1323 1418 conﬁteri
1343 1344 1392 1398 ιν
1394 1345 1544 1401 ilium
1566 1340 1567 1343 “
1590 1353 1641 1401 et
1668 1344 1955 1401 Dominum
1980 1352 2218 1399 nostrum
2243 1342 2425 1398 Iesum
2447 1342 2711 1397 Christum
2729 1349 3077 1396 consonanter
3103 1353 3280 1392 omnes
3307 1337 3572 1399 docemus,

306 1438 546 1494 eumdem
563 1441 848 1511 perfectum
867 1439 920 1493 in
943 1438 1172 1504 Deitate,
1202 1445 1254 1491 et
1279 1438 1515 1491 eumdem
1556 1438 1844 1510 perfectum
1864 1437 1920 1491 in
1949 1435 2292 1500 humanitate,
2324 1434 2495 1490 Deum
2522 1451 2719 1500 verum,
2749 1443 2799 1487 et
2827 1433 3086 1489 hominem
3112 1445 3314 1495 verum,
3340 1428 3575 1483 eumdem

309 1550 376 1589 ea:
403 1534 585 1588 animo
604 1534 875 1600 rationali,
900 1541 951 1589 et
976 1550 1214 1607 corpore,
1248 1533 1744 1590 consubstantialem
1770 1531 1919 1587 nobis
1940 1531 2224 1587 secundum
2251 1532 2646 1596 humanitatem,
2669 1547 2761 1601 per
2779 1530 2953 1584 omnia
2974 1528 3122 1583 nobis
3142 1526 3365 1581 similem
3384 1521 3574 1592 absque

309 1629 537 1695 peccato.
564 1624 697 1678 Ante
724 1623 913 1678 sarcula
950 1624 1159 1695 quidem
1185 1623 1250 1679 de
1281 1624 1443 1678 Patre
1472 1625 1703 1696 genitum
1729 1623 2009 1678 secundum
2052 1622 2335 1689 Deitatem,
2362 1625 2419 1678 in
2444 1622 2736 1678 novissimis
2759 1631 2931 1675 autem
2958 1620 3156 1685 diebus,
3182 1618 3417 1673 eumdem
3455 1630 3576 1686 pro-

307 1722 424 1784 pter
445 1731 541 1770 nos
561 1724 611 1769 et
633 1724 844 1787 propter
866 1723 1102 1770 nostram
1128 1715 1351 1770 salutem
1372 1733 1439 1770 ex
1468 1715 1527 1769 ll
1530 1718 1648 1772 aria
1670 1718 1871 1789 uirgine
1896 1714 1999 1770 Dei
2025 1717 2274 1788 genitrice
2302 1714 2587 1772 secundum
2612 1715 2993 1769 humanitatem
3008 1753 3023 1779 ,
3053 1727 3215 1766 unum
3241 1708 3575 1799 eumdemque

305 1807 584 1876 Christum,
604 1808 823 1877 Filium,
847 1810 1153 1878 Dominum,
1189 1811 1548 1885 Unigenitum,
1579 1812 1636 1865 in
1662 1810 1865 1864 duabus
1883 1809 2088 1864 naturis
2114 1811 2409 1882 inconfuse,
2430 1806 2946 1870 incommutabititer,
2977 1807 3215 1870 indivise,
3243 1802 3575 1873 inseparabi-

303 1898 419 1954 liter
446 1900 859 1971 agnoscendum;
886 1919 1143 1976 nusquom
1160 1903 1366 1958 sublata
1383 1901 1680 1972 differentia
1700 1908 2010 1955 naturarum
2030 1907 2239 1971 propter
2257 1900 2569 1966 unitionem,
2590 1900 2857 1971 magisque
2885 1898 3029 1952 salva
3053 1896 3371 1969 prapristate
3389 1893 3580 1949 utrius.

301 2008 395 2064 que
422 2000 645 2059 naturas,
676 2001 725 2048 et
750 1994 806 2049 in
849 2010 1013 2049 unam
1037 2010 1335 2066 personam,
1368 2002 1524 2065 atque
1552 1986 1943 2046 subsistentiam
1971 1998 2329 2057 concurrente,
2360 1990 2466 2045 non
2494 1992 2550 2045 in
2577 1990 2711 2044 duas
2733 2004 2987 2061 personas
3007 1988 3286 2052 partitum,
3315 1992 3469 2042 atoue
3494 1983 3578 2037 di-

301 2081 479 2148 visum,
508 2082 599 2136 sed
615 2097 804 2150 unum,
836 2084 1168 2158 eamdemque
1193 2082 1396 2140 Filium
1422 2076 1535 2155 (a).

368 2174 432 2230 γ.
463 2174 532 2230 At
560 2179 703 2233 enim
724 2179 903 2234 carnis
922 2180 1138 2249 quidem
1165 2164 1519 2249 corporisime
1544 2162 1745 2231 Christi
1775 2174 2019 2230 meminit
2046 2174 2339 2241 Maximus;
2363 2178 2556 2230 animi:
2582 2181 2763 2229 autem
2790 2172 3068 2228 rationalis
3087 2187 3196 2228 non
3224 2172 3357 2226 item
3380 2169 3575 2226 memi-
3607 2226 3619 2238 ,

299 2267 397 2323 nit.
430 2266 595 2334 Quasi
621 2262 873 2339 vero'qui
927 2268 1225 2340 perfectam
1254 2271 1310 2324 in
1338 2270 1557 2325 Christo
1583 2270 1873 2324 humanam
1903 2279 2152 2325 naturam
2205 2270 2515 2337 salvamque
2544 2271 2658 2340 ejus
2685 2269 3057 2340 proprietatem
3103 2272 3352 2329 testatur,
3394 2265 3441 2320 is
3466 2278 3577 2319 non

301 2372 409 2412 una
461 2366 709 2424 testatur,
739 2362 976 2415 animam
1002 2362 1215 2416 ratione
1250 2361 1530 2431 prteditam
1579 2361 1743 2416 fuisse
1771 2362 1931 2415 simul
1979 2377 2101 2415 cum
2143 2376 2373 2431 corpore
2403 2360 2609 2433 [xum]
2640 2372 2970 2432 assumptam
3009 2376 3041 2414 a
3069 2359 3285 2414 Verbo?
3314 2357 3421 2412 Sed
3447 2357 3579 2426 quid

303 2448 487 2504 multis
513 2465 651 2519 opus
679 2458 782 2515 est,
806 2452 853 2506 si
880 2451 1143 2507 Maximus
1172 2453 1316 2508 idem
1336 2468 1590 2509 sermone
1619 2452 1706 2519 51,
1735 2466 1855 2523 pag.
1883 2452 2007 2519 470,
2040 2452 2242 2508 scribat
2269 2454 2373 2509 hoc
2395 2454 2556 2509 modo
2587 2472 2600 2507 :
2632 2452 2701 2506 Et
2728 2471 2906 2508 revera
2932 2453 3148 2525 dignum
3190 2459 3326 2516 erat,
3354 2459 3412 2503 ut
3441 2466 3579 2505 ms

300 2540 397 2595 illa
416 2544 653 2613 corporis
679 2560 931 2607 smulque
961 2543 1256 2599 substantia
1281 2561 1388 2599 una
1415 2561 1534 2599 cum
1550 2543 1759 2601 Christo
1780 2546 1836 2600 in
1859 2553 2111 2601 internum
2135 2545 2422 2601 exsultaret
2447 2548 2503 2600 in
2524 2546 2684 2613 caelis,
2713 2562 2829 2606 aute
2853 2542 3063 2601 terrena
3085 2546 3190 2599 ista
3209 2543 3577 2615 impedimenta

296 2631 630 2701 conculcans,
661 2636 763 2689 soli
787 2636 890 2708 ipsi
915 2638 1166 2691 seruierat
1197 2637 1251 2691 in
1276 2639 1444 2692 terris.

314 2714 319 2719 ⁷
369 2723 457 2805 Yl.
484 2723 865 2782 Verumtamen
894 2728 1169 2782 simulasse
1183 2727 1456 2784 Christum
1478 2731 1730 2797 esuriem,
1756 2731 1943 2787 scribit
1961 2729 2228 2787 Maximus
2247 2746 2500 2787 sermone
2520 2732 2606 2797 la,
2637 2746 2757 2803 pag.
2782 2731 2886 2787 454
2911 2749 2925 2783 :
2970 2731 3167 2799 Videte,
3198 2731 3390 2799 inquit,
3412 2739 3577 2787 artem

294 2816 532 2885 Domini,
563 2839 666 2894 qua
693 2823 1051 2879 adversarium
1077 2833 1194 2880 arte
1220 2827 1574 2881 circumvenit.
1607 2825 1740 2881 Post
1761 2826 1926 2881 multa
1939 2826 2150 2899 jejunio
2176 2828 2375 2881 esurire
2400 2843 2456 2881 se
2475 2827 2705 2894 simulat,
2731 2836 2787 2882 ut
2814 2826 3096 2895 diabolum,
3115 2845 3263 2900 quem
3282 2827 3578 2900 jejunande

293 2912 411 2986 jam
435 2914 645 2981 vicerat,
666 2916 853 2971 iterum
879 2918 1154 2973 esuriendo
1183 2917 1446 2973 sollicitet.
1479 2917 1639 2990 Spem
1671 2919 1811 2973 enim
1839 2910 1920 2973 illi
1946 2917 2316 2990 congrediendi
2343 2933 2408 2973 ex
2430 2918 2739 2990 infirmitate
2764 2920 2937 2973 carnis
2965 2919 3341 2985 quodammodo
3378 2918 3573 2982 tribuit,

292 3010 342 3055 et
369 3003 500 3057 dum
526 3004 680 3059 veluti
707 3017 891 3061 contra
918 3007 1230 3063 imbecillam
1258 3008 1616 3083 congreditur,
1641 3009 1925 3082 gloriosius
1949 3018 2238 3080 superetur.
2271 3008 2427 3076 Quod
2448 3010 2514 3076 si,
2544 3019 2767 3066 auctore
2792 3010 3053 3077 Maximo,
3085 3028 3149 3067 ea
3194 3010 3294 3066 fuit
3316 3027 3345 3067 a
3364 3011 3577 3067 Christo

294 3093 552 3149 simulata
581 3096 805 3163 esuries,
838 3083 935 3153 cur
963 3114 1072 3155 non
1092 3099 1225 3154 item
1245 3099 1350 3155 dici
1376 3101 1576 3170 poterit
1621 3100 1903 3156 simulatas
1931 3100 2095 3157 fuisse
2120 3117 2152 3156 a
2179 3099 2395 3157 Christo
2424 3102 2560 3172 ipso,
2585 3100 2803 3157 Maximi
2843 3102 3085 3172 ejusdem
3106 3107 3393 3171 sententia,
3424 3104 3576 3159 lassi-

297 3190 533 3258 tudines,
558 3191 811 3259 gemitus,
838 3192 1102 3259 tristitiae,
1131 3195 1407 3249 mortem?
1430 3192 1545 3263 Ego
1588 3203 1718 3250 vero
1747 3210 1871 3249 eum
1919 3195 2090 3249 sancti
2116 3195 2357 3265 episcopi
2386 3195 2638 3251 homilias
2668 3211 3054 3268 sermonesque
3082 3199 3386 3264 considero,
3416 3199 3576 3268 plane

296 3281 455 3340 video
477 3283 532 3340 in
562 3283 754 3340 iisdem
781 3285 913 3340 satis
941 3293 1127 3357 aperte
1151 3286 1407 3342 constitui
1427 3301 1488 3341 re
1516 3285 1733 3357 quidem
1758 3302 1882 3342 vera
1904 3289 2135 3343 esurisse
2155 3284 2448 3341 Christum.
2482 3285 2679 3342 Homil.
2704 3288 2792 3353 57,
2821 3303 2945 3357 pag.
2978 3288 3080 3342 107
3105 3307 3118 3341 :
3153 3287 3459 3361 Ignorabat,
3491 3290 3573 3343 in-

295 3375 432 3445 quit,
464 3376 716 3431 nimirum
743 3376 1005 3443 diabolus,
1037 3379 1159 3445 quia
1203 3378 1342 3449 quod
1368 3373 1605 3433 Christus
1634 3381 1956 3433 nutrimenta
1983 3378 2279 3453 perferebat
2317 3380 2581 3451 infantia,
2610 3380 2845 3452 quodque
2890 3380 3150 3434 esuriebat
3176 3389 3235 3433 ut
3263 3382 3440 3446 homo,
3470 3399 3572 3437 non

293 3476 410 3525 erat
435 3469 741 3541 fragilitatis
766 3486 1046 3542 corporea,
1073 3471 1168 3525 sed
1188 3471 1410 3526 cmlestis
1430 3472 1621 3543 gratia:
1648 3478 2055 3525 sacramentum.
2086 3470 2387 3526 Esunmsn
2419 3472 2581 3539 igitur
2600 3480 2659 3526 ut
2688 3473 2839 3526 homo
2859 3470 3103 3527 Christus
3118 3512 3133 3537 ,
3157 3481 3294 3528 teste
3316 3471 3569 3531 Maximo.

297 3562 537 3617 Rursum
558 3560 701 3617 idem
732 3561 997 3619 Maximus
1022 3563 1242 3619 homilia
1270 3562 1360 3631 38,
1392 3578 1516 3635 pag.
1543 3562 1649 3616 “2
1680 3581 1692 3616 :
1727 3561 2031 3629 Quomodo,
2063 3564 2252 3632 inquit,
2286 3572 2453 3635 potest
2473 3565 2609 3634 fieri,
2641 3572 2697 3617 ut
2727 3565 2813 3634 qui
2842 3571 2917 3617 tot
2943 3563 3146 3618 dierum
3172 3580 3385 3619 numero
3417 3564 3573 3634 (jeju-

296 3653 455 3726 nans)
484 3654 678 3726 famem
703 3656 947 3728 sitimque
965 3672 1072 3710 non
1097 3657 1337 3720 senserit,
1368 3662 1550 3727 postea
1579 3655 1854 3708 esurierit?
1882 3653 2183 3709 Esuamau
2210 3669 2396 3716 rasus,
2429 3669 2529 3708 nec
2559 3667 2766 3708 secans
2807 3668 3066 3707 rossuuus
3103 3667 3240 3717 quon
3269 3668 3569 3718 usuusu”.

295 3740 366 3800 Et
383 3744 604 3799 homilia
634 3742 724 3808 45,
747 3758 870 3815 pag.
903 3743 1004 3798 129
1029 3763 1042 3798 :
1076 3742 1265 3810 Nobis,
1297 3745 1492 3814 inquit,
1516 3744 1656 3820 vicit,
1687 3744 1774 3813 qui
1817 3744 2067 3814 dignatus
2096 3750 2172 3795 est
2202 3758 2424 3797 ESURIRE
2467 3761 2562 3814 pro
2588 3743 2755 3798 nobis.
2788 3743 3102 3815 Aggreditur
3138 3744 3310 3816 itaque
3337 3743 3575 3800 diabolus

297 3841 500 3890 tentare
524 3831 901 3889 Christum.....
933 3834 1247 3905 Suspicatur
1272 3834 1421 3888 illum
1449 3834 1548 3887 Dei
1574 3850 1688 3887 esse
1715 3832 1934 3900 Filium,
1956 3851 2104 3906 quem
2124 3836 2482 3889 continuatum
2509 3837 2856 3909 quadraginta
2875 3838 3077 3892 dierum
3102 3839 3235 3893 videt
3267 3839 3575 3911 explicuisse

299 3925 576 4000 jejunium,
604 3928 698 3981 sed
748 3943 952 3981 rursum
978 3924 1202 3993 dubitat,
1234 3928 1462 3981 divinam
1486 3926 1566 3980 illi
1592 3927 1762 3981 inesse
1782 3935 2044 3994 naturam,
2069 3944 2217 3999 quem
2252 3930 2400 4000 quasi
2428 3929 2696 3999 inﬁrmum
2736 3932 2869 3984 inter
2899 3940 3112 3987 caeteros
3154 3932 3414 3998 homines,
3440 3948 3570 3987 psa-

299 4032 471 4074 srtcrr
502 4018 724 4071 esurire.
744 4017 930 4089 Stupet
950 4018 1204 4072 attonitus
1224 4035 1339 4091 qua
1366 4020 1435 4073 sit
1463 4020 1565 4073 ista
1592 4018 1815 4085 novitas,
1846 4018 2130 4074 humanum
2158 4036 2263 4074 non
2293 4019 2482 4075 habere
2507 4031 2795 4091 peccatum,
2827 4030 2877 4076 et
2904 4025 3264 4078 necessitatem
3289 4025 3575 4094 peccatoris

301 4109 527 4164 hominis
554 4110 827 4164 sustinere.
861 4107 1095 4164 Christus
1122 4118 1294 4165 autem
1313 4108 1571 4164 Dominus
1595 4108 1915 4179 Redemptor
1934 4118 2109 4164 noster
2126 4150 2140 4175 ,
2171 4118 2228 4163 ut
2262 4110 2518 4180 perditum
2540 4113 2906 4183 infirmumque
2933 4115 3191 4167 hominem
3216 4122 3478 4169 revocaret
3504 4115 3574 4168 ad

298 4195 487 4263 Deum,
512 4212 757 4263 usuusu,
789 4214 1187 4266 LASSI'I‘UDINEI,
1219 4214 1493 4255 lﬂ-IROREI
1523 4215 1593 4253 ετ
1613 4214 1775 4254 onum
1804 4215 1856 4253 in
1878 4214 1940 4254 ss
1969 4214 2173 4254 utrum
2190 4213 2443 4254 CORPORIS
2471 4215 2681 4255 mrtuus
2711 4216 2978 4256 suscsrrr.
3009 4200 3211 4256 Esuriit
3234 4190 3395 4270 igitur
3411 4201 3573 4257 Chri-

296 4299 413 4347 stus
437 4305 647 4355 revera,
674 4297 734 4344 ut
761 4288 1149 4359 lassitudinem,
1180 4306 1473 4347 maerorem
1501 4290 1715 4359 aliaque
1741 4288 1952 4344 inﬁrma
1979 4289 2198 4345 humani
2227 4291 2471 4360 corporis
2524 4307 2713 4347 revera
2761 4308 3047 4363 perpessus
3090 4302 3207 4360 est;
3238 4295 3334 4350 sed
3361 4296 3569 4362 esuriit,

297 4384 467 4440 nostri
490 4397 674 4447 causa,
702 4384 779 4437 uti
808 4383 1059 4438 nimirum
1086 4399 1188 4439 nos
1215 4393 1496 4439 revocaret
1523 4384 1592 4438 ad
1612 4383 1801 4439 Deum.
1835 4383 2013 4450 Quare
2038 4383 2183 4455 quod
2211 4385 2489 4454 superiore
2509 4385 2729 4440 homilia
2759 4384 2847 4450 58,
2871 4402 2993 4457 pag.
3019 4385 3140 4453 ιη,
3168 4387 3341 4442 dixit:
3371 4385 3573 4443 Esuriit

297 4492 401 4532 non
422 4475 592 4530 cibum
612 4474 896 4542 hominum,
919 4477 1012 4531 sed
1039 4477 1293 4541 salutem;
1315 4492 1411 4530 nec
1439 4492 1678 4530 escarum
1710 4478 2037 4531 swcularium
2078 4477 2258 4549 epulas
2293 4479 2601 4547 concupivit,
2631 4479 2725 4532 sed
2753 4480 3047 4534 animarum
3073 4480 3389 4535 desideravit
3416 4481 3569 4535 mle-

297 4572 454 4626 stium
496 4570 845 4623 sanctitatem.
882 4566 1038 4623 Cibus
1074 4568 1213 4623 enim
1240 4568 1434 4623 Christi
1461 4576 1537 4621 est
1567 4569 1852 4640 redemptio
1880 4570 2203 4641 populorum,
2238 4569 2378 4624 cibus
2406 4569 2600 4623 Christi
2627 4577 2703 4622 est
2732 4576 2965 4639 paternae
2991 4569 3271 4622 voluntatis
3317 4568 3567 4637 effectus;

295 4673 406 4716 Ion
426 4659 534 4714 alio
562 4658 815 4728 pertinet,
841 4672 1005 4728 quam
1034 4664 1094 4712 ut
1121 4655 1406 4725 signiﬁcet,
1439 4648 1694 4712 esuriisse
1722 4656 1939 4726 quidem
1967 4673 2094 4713 vere
2123 4658 2472 4711 Servatorcm
2512 4657 2727 4723 generis
2756 4657 3009 4719 humani;
3040 4654 3135 4709 sed
3155 4664 3267 4710 nun
3304 4663 3418 4712 tam
3440 4672 3566 4713 esu-

296 4752 449 4808 riisse
474 4749 657 4806 cibum
704 4749 986 4803 hominum
1019 4763 1184 4817 quam
1227 4748 1480 4814 salutem,
1506 4748 1658 4816 cujus
1696 4757 1845 4803 certe
1873 4748 2065 4802 salutis
2116 4746 2401 4800 afferenda:
2430 4760 2593 4801 causa
2638 4746 2906 4810 esuriem,
2939 4744 3331 4815 lassitudinem,
3362 4764 3568 4806 nmero»

292 4856 518 4912 remque
551 4848 888 4911 susceperat.
939 4839 1115 4910 Atque
1170 4838 1314 4895 idem
1361 4838 1626 4893 Maximus
1682 4838 1870 4893 homil.
1929 4836 2017 4900 45,
2074 4848 2194 4905 pag.
2256 4834 2377 4900 150,
2438 4828 2888 4905 Μαρίεέειυιρηι
2924 4835 3094 4909 [xux]
3124 4838 3403 4912 hominum
3442 4856 3565 4897 esu-

296 4934 449 4989 riisse
493 4914 817 4997 Christum,
868 4931 1044 5001 pergit
1096 4930 1373 4992 scribere,
1423 4928 1673 4983 videlicet
1727 4928 1866 4981 hanc
1916 4926 2087 4994 magis
2142 4939 2302 4994 quam
2356 4924 2576 4980 cibum:
2610 4924 2717 4979 Sed
2758 4942 2912 4992 vero,
2973 4927 3563 5003 inquitnomnipotens

300 5026 626 5101 Unigenitus,
663 5027 751 5095 qui
806 5033 1039 5079 nostram
1092 5038 1245 5079 MAGIS
1294 5036 1555 5077 ssumasr
1612 5034 1875 5081 SALUTEM,
1922 5019 2015 5072 tali
2073 5024 2376 5071 tentatorem
2426 5034 2573 5071 suum
2614 5019 2947 5088 responsione
2984 5022 3266 5091 confudit:
3300 5042 3320 5074 ι
3350 5021 3474 5077 Non
3508 5026 3564 5078 in

294 5122 404 5177 solo
458 5134 599 5191 pane
647 5119 766 5173 sint
806 5113 975 5176 horno,
1026 5115 1116 5170 sed
1165 5115 1222 5168 in
1269 5114 1410 5167 omni
1454 5109 1604 5166 verba
1632 5108 1752 5163 Dei.
1793 5127 1811 5157 ι
1848 5106 1962 5173 Quo
2012 5125 2278 5180 responso,
2332 5107 2646 5173 charissimi,
2701 5117 2758 5159 ut
2808 5108 3142 5179 explorator,
3194 5113 3282 5182 qui
3332 5112 3562 5167 incertus

297 5215 531 5276 venerat,
558 5209 804 5263 incertior
835 5205 1156 5269 redderetur,
1187 5204 1518 5258 inwstimata:
1544 5200 1832 5271 prudentia:
1861 5198 2114 5254 Dominus
2143 5216 2243 5255 asc
2278 5215 2455 5255 INBSSE
2482 5214 2578 5255 sm:
2604 5209 2833 5254 nsunt“
2876 5214 3194 5265 nussum
3226 5216 3325 5256 nec
3367 5219 3563 5258 πληθυ-

247 5321 257 5328 ’
298 5314 449 5357 csum
476 5311 875 5355 NECESSITATBI
901 5311 963 5350 ss
990 5311 1195 5350 manus
1224 5310 1513 5350 rnorsssus
1543 5309 1658 5348 ss-r.
1698 5313 1716 5343 ί
1750 5290 1894 5359 Non,
1924 5293 2114 5363 inquit,
2147 5294 2201 5347 in
2229 5309 2365 5364 pane
2393 5301 2611 5358 tantum,
2641 5311 2661 5344 ι
2687 5297 2793 5347 etc.
2818 5289 2936 5347 Hoc
2955 5300 3049 5357 est,
3078 5282 3287 5365 etsi'ego
3315 5297 3560 5360 esuriam,

298 5391 421 5445 mihi
449 5399 641 5452 tamen,
674 5384 897 5451 diabole,
925 5402 1025 5441 non
1054 5402 1151 5441 ssr
1182 5399 1530 5441 necesssaws
1558 5385 1729 5456 panis,
1757 5391 1861 5439 etc.
1891 5383 2119 5438 Homilia
2150 5398 2314 5452 porro
2334 5382 2424 5450 49,
2452 5395 2573 5453 pag.
2609 5381 2710 5438 154
2742 5399 2756 5435 :
2788 5380 2997 5453 Moyses
3026 5374 3388 5447 non'esurivit,
3422 5390 3477 5435 ut
3505 5384 3559 5437 in
3581 5408 3595 5460 ρ

301 5482 500 5537 homine
527 5479 707 5555 fragili
726 5487 939 5550 operata
964 5469 1227 5530 Divinitas
1265 5474 1601 5547 probaretur;
1632 5491 1877 5531 ssunm'r
1905 5475 2006 5530 Ds!
2033 5475 2232 5540 Fusus,
2264 5490 2333 5529 ur
2363 5488 2719 5529 ASSUIP'I‘IONE
2747 5487 2934 5529 came
2959 5488 3177 5529 nostum
3206 5487 3471 5529 raserunt
3498 5487 3559 5527 ss

296 5583 592 5627 BUSCBPISSB
619 5583 856 5625 nomn
895 5581 1231 5639 BEVELABET.
1266 5562 1415 5631 Quod
1453 5582 1560 5621 non
1606 5567 1764 5621 esurit
1799 5564 2008 5636 Moyses
2029 5605 2043 5631 ,
2076 5566 2294 5621 caelestis
2337 5571 2414 5619 est
2453 5563 2812 5635 possibilitatis
2857 5565 3183 5635 exemplum,-
3219 5563 3355 5633 quod
3398 5563 3562 5617 esurit

298 5654 550 5720 Christus,
581 5667 775 5714 nostra:
800 5664 875 5712 est
903 5654 1269 5723 redemntionis
1298 5662 1703 5710 sacramentum.
1737 5653 2055 5715 Huiusmodi
2089 5653 2344 5710 Dominus
2373 5655 2573 5727 peregit
2597 5655 2653 5709 in
2680 5670 2774 5708 sua
2803 5669 2960 5709 carne
2988 5654 3304 5724 mysterium,
3334 5658 3390 5704 ut
3422 5650 3563 5709 sicut

369 5837 450 5916 (a)
472 5840 684 5899 Action.
715 5840 766 5907 5,
796 5853 916 5910 pag.
949 5836 1071 5906 455,
1104 5844 1235 5891 tom.
1266 5833 1312 5891 ιι
1338 5830 1627 5889 Concilior.
1659 5832 1789 5889 odit.
1819 5833 1987 5891 Paris.
2020 5849 2107 5912 an.
2131 5833 2292 5932 .17“.
