4050 6356
2993 262 3074 314 τίς·

473 341 541 403 si
1731 345 2070 426 ,rna

2152 346 2292 414 3H0.
3676 353 3751 412 52

475 459 621 519 Deus
640 479 754 520 esse
777 465 968 520 divinis
990 463 1260 520 virtutibus
1285 463 1540 528 creditus;
1570 477 1661 518 in
1689 477 1758 518 ιτ
1785 476 1930 518 uolo
1959 477 2098 528 esss,
2131 477 2562 532 instentinstent
2587 448 2942 533 91056564!“
2971 479 3218 536 unum.
3256 462 3468 520 Ethinc
3505 471 3580 536 est
3608 466 3746 536 quod
3802 495 3828 540 χ

477 551 716 610 Christus
749 571 821 611 ur
850 569 994 610 nouo
1019 569 1226 622 nsum'r,
1255 563 1308 609 et
1333 555 1617 621 esurientes
1645 554 1812 626 pascit
1836 561 1894 609 ut
1919 551 2083 612 Deus.
2113 550 2256 608 Hinc
2282 553 2418 623 quod
2447 554 2699 627 fatigatur
2725 555 2930 621 itinera.
2962 563 3013 624 tl
3042 555 3242 618 claudis
3288 557 3525 610 virtutem
3563 553 3744 615 tribuit

473 644 793 702 ambulandi.
819 645 958 700 Hinc
984 647 1122 718 quod
1151 649 1327 703 oculos
1349 665 1471 704 suos
1497 649 1647 704 lateat
1686 649 1745 703 in
1767 647 2045 718 lacrymas,
2096 655 2147 707 et
2175 646 2483 709 mirabiliter
2511 650 2660 712 caecis
2693 651 2946 722 reformat
3000 660 3284 722 aspectum.
3312 649 3449 720 ῌίηι·
3477 648 3612 724 quod
3645 665 3742 726 ap-

472 741 849 814 propinquante
879 749 1044 796 morte
1069 742 1327 808 tristatur,
1361 752 1412 796 et
1455 748 1717 798 mortuum
1751 734 2022 800 Lanarum
2067 741 2285 799 suscitat
2325 741 2392 796 de
2437 741 2694 812 sepulcro.
2727 740 2860 800 Htec
2897 743 3103 808 omnia,
3145 745 3356 814 fratres,
3400 740 3648 795 Conditor
3677 755 3742 798 ae

473 831 786 904 Redemptor
813 843 1008 900 noster,
1038 843 1096 887 ut
1134 833 1271 888 Deus
1297 843 1350 888 et
1375 835 1527 890 homo
1553 836 1684 908 agit,
1719 849 1824 892 non
1847 849 1971 899 eun
1999 848 2153 897 rtus
2187 849 2297 896 ιιιι
2322 849 2579 898 numnum
2614 849 2930 894 necessus
2957 851 3103 902 rmr,
3131 834 3224 890 sed
3251 835 3371 907 quia
3401 833 3505 887 tale
3532 835 3585 891 in
3613 834 3739 892 casto

470 934 520 980 et
540 927 594 981 in
623 927 775 981 terris
802 927 961 982 voluit
979 942 1200 999 regnare
1224 928 1542 998 mysterium.
1568 926 1772 985 Etuletn
1793 934 2040 998 spectant
2057 941 2178 996 qum
2201 927 2517 998 complexus
2540 936 2626 992 est
2651 927 2873 994 homilia
2902 925 3022 991 108,
3050 939 3171 998 pag.
3203 923 3308 978 557
3331 943 3344 978 :
3372 923 3509 998 Quid
3530 926 3734 994 mirum,

468 1019 705 1090 fratres?
731 1019 918 1088 inquit.
952 1016 1190 1073 Christus
1214 1019 1353 1074 venit
1376 1018 1988 1091 suscipereinﬁrmitates
2014 1026 2222 1083 nostras
2259 1025 2309 1077 et
2333 1034 2458 1084 suas
2487 1017 2634 1086 nobis
2675 1018 2912 1090 conferre
2945 1017 3155 1070 virtutes
3171 1036 3183 1078 ,-
3231 1014 3459 1076 humana
3488 1031 3736 1085 querere,

467 1116 719 1178 prtestare
739 1109 949 1174 divina;
989 1109 1226 1180 accipere
1255 1107 1500 1179 injurias,
1534 1109 1752 1164 reddere
1775 1109 2093 1182 dignitates;
2122 1111 2260 1182 ferre
2288 1109 2469 1180 mdia,
2501 1105 2700 1180 referre
2722 1107 3092 1172 sanitates.....
3124 1103 3472 1160 Christus.....
3503 1105 3605 1158 nisi
3638 1106 3739 1158 im-

465 1201 656 1272 plesset
682 1205 857 1258 carnis
881 1192 1136 1272 ordinent,
1169 1207 1342 1262 carnis
1368 1207 1426 1261 in
1450 1205 1542 1261 illo
1567 1213 1704 1262 esset
1731 1208 1896 1262 otiosa
1923 1206 2200 1276 susceptio.
2231 1204 2491 1270 Sustinuit
2518 1219 2640 1275 ergo
2669 1203 2764 1257 has
2789 1202 3140 1267 necessitates,
3174 1208 3230 1254 ut
3267 1216 3411 1256 nouo
3440 1215 3607 1256 vanus
3638 1199 3735 1252 hu-

467 1297 636 1350 manis
663 1295 1050 1352 necessitatibus
1079 1314 1442 1354 rnontnu-run.
1472 1297 1592 1354 tam
1616 1315 1748 1356 vero
1773 1313 2026 1356 sermone
2051 1296 2152 1363 42,
2183 1311 2305 1367 pag.
2334 1294 2459 1362 509,
2489 1295 2736 1352 ethnicos
2771 1293 3055 1350 refellens.
3097 1293 3190 1370 qui
3226 1291 3462 1364 objicere
3497 1291 3744 1359 solerent

468 1385 714 1442 timuisse
741 1386 1012 1444 Christum
1041 1409 1054 1444 :
1089 1390 1300 1457 Timuit,
1330 1391 1519 1461 inquit,
1551 1389 1807 1456 Christus,
1837 1389 1929 1446 sed
1954 1399 2013 1444 ut
2032 1390 2214 1444 timere
2234 1397 2322 1442 aut
2349 1387 2516 1452 vellet,
2544 1370 2851 1457 autposset,
2871 1384 2942 1440 de
2970 1385 3134 1440 nostri
3159 1383 3290 1438 illud
3315 1384 3546 1454 corporis
3575 1384 3724 1454 infir-

463 1476 642 1531 mitate
665 1480 908 1552 suscepit.
951 1478 1084 1536 Inde
1109 1483 1247 1537 enim
1273 1483 1464 1548 tinuit,
1493 1482 1630 1538 unde
1667 1489 1716 1538 et
1743 1482 1975 1546 esurivit,
2004 1480 2142 1536 unde
2174 1479 2339 1535 tristis
2367 1487 2501 1545 erat,
2529 1477 2667 1535 unde
2704 1477 2968 1543 dormivit,
2999 1475 3138 1532 unde
3163 1475 3356 1540 doluit,
3384 1476 3523 1530 unde
3564 1477 3718 1545 ﬂevit.

465 1567 604 1637 Quid
635 1571 732 1628 hoc
758 1575 837 1628 rei
862 1577 978 1628 est?
1028 1575 1181 1631 Vides
1209 1575 1474 1632 Christum
1499 1579 1762 1634 timentem
1800 1577 1953 1641 mori,
1991 1585 2042 1631 et
2069 1594 2174 1635 non
2213 1576 2405 1647 aspicis
2431 1591 2548 1630 eum
2577 1561 2876 1645 triumphali
2904 1591 3061 1630 manu
3089 1575 3304 1646 captiva:
3336 1575 3517 1629 mortis
3558 1575 3725 1646 spolia

462 1657 856 1741 detrahentem?
890 1661 1098 1729 Quotus
1135 1672 1316 1720 autem
1354 1665 1584 1734 quisque
1615 1673 1719 1729 est,
1749 1666 1841 1734 qui
1868 1680 1938 1730 ex
1966 1665 2227 1722 hactenus
2267 1663 2442 1720 allatis
2470 1663 2693 1719 Maximi
2721 1663 2892 1720 nostri
2920 1663 3054 1719 locis
3091 1679 3199 1717 non
3219 1663 3379 1736 plane
3421 1664 3732 1738 perSpiciat,

461 1766 719 1821 quorsum
760 1755 1126 1824 accipiendum
1173 1758 1244 1813 sit
1271 1761 1328 1813 τὸ
1357 1757 1558 1814 esurire
1581 1773 1637 1814 se
1661 1756 1872 1818 simulat
1900 1772 1930 1810 a
1969 1765 2159 1812 sancto
2185 1755 2440 1830 episcopo
2480 1769 2731 1812 sermone
2761 1753 2830 1808 15
2850 1795 2867 1822 ,
2906 1769 3029 1826 pag.
3063 1754 3200 1823 454,
3231 1765 3545 1827 usurpatum
3571 1757 3583 1810 !
3614 1757 3732 1816 Non

465 1843 610 1896 enim
633 1843 724 1900 hic
740 1851 794 1902 τὸ
817 1847 1029 1902 simulat
1054 1848 1248 1904 eodem
1275 1855 1440 1920 atque
1460 1850 1520 1905 τὸ
1541 1849 1694 1920 ﬁngit
1719 1849 2031 1906 revehitur.
2057 1847 2178 1916 Quo
2197 1860 2428 1916 namque
2455 1845 2619 1902 modo
2644 1846 2890 1903 Christus
2915 1843 3153 1901 finxisset
3173 1846 3380 1912 esurire
3405 1862 3483 1913 se,
3514 1847 3730 1909 Maximi

461 1931 679 2001 quidem
707 1937 996 2002 sententia,
1037 1939 1086 1992 si
1122 1935 1384 1994 Maximus
1411 1937 1530 2007 ipse
1555 1946 1746 2007 aperte
1771 1937 1949 2003 docet,
1983 1946 2093 1994 tam
2123 1954 2232 1997 non
2272 1934 2494 1994 ﬁnxisse
2527 1933 2830 2001 Christum,
2863 1944 2924 1991 ut
2952 1953 3010 1992 re
3038 1953 3168 1992 sane
3195 1953 3320 1993 vera
3351 1941 3583 1995 esuriem
3609 1957 3728 2014 per-

459 2039 650 2095 pessus
674 2025 854 2094 luerit,
887 2029 1028 2084 haud
1057 2029 1135 2104 [L]
1163 2045 1319 2086 secus
1347 2045 1412 2085 ac
1440 2029 1802 2084 lassitudinem
1831 2039 1991 2098 atque
2043 2028 2376 2084 maerorem?
2409 2027 2528 2094 Qua
2554 2027 2770 2100 quidem
2800 2028 2868 2084 de
2894 2043 2956 2084 re
2983 2028 3232 2096 conferri,
3263 2045 3384 2104 qua:
3412 2031 3576 2104 paulo
3605 2041 3730 2094 ante

461 2115 738 2188 descripsi,
773 2122 1078 2177 testimonia
1107 2122 1325 2179 Maximi
1349 2125 1592 2196 ejusdem
1619 2142 1890 2198 cuperem.
1924 2127 2018 2184 His
2045 2135 2227 2184 autem
2254 2125 2516 2185 accedunt
2541 2139 2661 2200 qua
2687 2141 2816 2186 mox
2845 2123 3056 2194 addam,
3098 2141 3324 2202 quaeque
3353 2127 3419 2182 ad
3448 2129 3726 2186 veritatem

459 2208 620 2280 plane
645 2212 988 2283 persuadent,
1016 2230 1146 2270 vere
1182 2215 1314 2282 haec,
1347 2217 1560 2288 aliaque
1584 2219 1799 2287 generis
1825 2219 2099 2288 ejusdem,
2125 2235 2232 2289 qua
2259 2217 2554 2281 hominem,
2601 2217 2884 2288 pertulisse
2913 2215 3204 2276 Christum.
3237 2215 3500 2278 Sermone
3539 2220 3636 2288 '58,
3668 2223 3728 2278 de

462 2297 728 2374 Tempore,
757 2319 878 2374 pag.
912 2303 1052 2360 500:
1089 2305 1358 2379 Nunquid,
1389 2309 1560 2378 inquit
1586 2309 1867 2376 Maximus,
1899 2313 2099 2383 frustra
2121 2313 2294 2382 vagire
2323 2308 2610 2386 (Christus)
2640 2312 2694 2366 in
2725 2313 2873 2366 cunis
2901 2311 3164 2380 voluit?...
3199 2309 3449 2384 Nunquid
3467 2314 3726 2368 incassum

459 2395 600 2464 ﬂevit
777 2393 1030 2470 Nunquid
1055 2399 1220 2454 otiose
1247 2410 1452 2472 potatus
1479 2411 1658 2469 aceto,
1690 2402 1891 2458 cibatus
1915 2414 1994 2458 est
2023 2404 2290 2475 felle?.....
2325 2401 2578 2476 Nunquid
2606 2403 2780 2461 inanis
2807 2403 2920 2474 ejus
2946 2412 3024 2458 est
3048 2403 3375 2489 passio
3405 2402 3475 2458 Et
3502 2403 3618 2460 ideo
3643 2405 3723 2477 qui

459 2487 804 2543 crassitudine
827 2489 1059 2545 carnalis
1085 2490 1304 2561 ingenii,
1341 2493 1604 2562 passionis
1629 2492 1742 2563 ejus
1770 2495 2020 2564 mysteria
2044 2492 2478 2565 comprehendere
2517 2509 2621 2548 non
2649 2493 2918 2556 valemus;
2947 2487 3317 2552 canonum-re
3347 2509 3535 2550 unum
3565 2509 3720 2556 FIDE],

457 2595 575 2643 qua:
621 2597 936 2660 pusrtrtr,
968 2600 1265 2638 TENEAIUS.
1297 2583 1364 2639 Et
1391 2601 1552 2640 serm.
1583 2585 1672 2652 45,
1701 2601 1822 2656 pag.
1854 2585 1956 2638 5η
1981 2605 1994 2638 :
2023 2586 2156 2640 Erat
2185 2585 2340 2640 simul
2372 2589 2427 2640 in
2458 2570 2745 2640 Chrislooet
2773 2586 3041 2658 regnantis
3069 2585 3377 2650 dominatio,
3414 2593 3462 2639 et
3487 2586 3717 2638 ministe-

457 2670 596 2724 rium
613 2671 900 2726 servientis.
933 2669 1080 2728 Nam
1098 2689 1216 2730 cum
1241 2674 1296 2730 in
1325 2676 1498 2746 forma
1519 2673 1622 2730 Dei
1647 2684 1801 2742 esset,
1821 2685 1876 2732 ut
1905 2675 2052 2731 docet
2086 2675 2286 2736 Paulus
2315 2675 2602 2748 apostolus,
2638 2678 2862 2748 formam
2889 2676 3059 2732 induit
3081 2678 3357 2734 servitutis.
3391 2674 3519 2732 Erat
3547 2689 3719 2742 revera

456 2760 512 2813 in
535 2761 708 2831 forma
733 2759 836 2818 Dei
859 2759 1116 2824 Christus,
1146 2778 1262 2818 cum
1288 2780 1480 2836 aquam
1505 2765 1558 2820 in
1589 2767 1708 2822 vina
1734 2765 1996 2832 vertendo,
2028 2773 2394 2822 creaturarum
2417 2783 2474 2820 se
2499 2781 2610 2820 esse
2633 2763 2917 2820 Dominum
2945 2765 3320 2820 revelabat.....
3355 2763 3421 2819 In
3445 2767 3610 2838 forma
3639 2780 3721 2816 au.

458 2859 562 2904 tem
581 2851 716 2906 servi
742 2859 874 2918 erat,
901 2869 1018 2908 cum
1037 2855 1240 2912 itineris
1269 2857 1578 2929 fatigatione
1597 2859 1840 2926 lassatus,
1876 2859 2032 2918 ueluti
2061 2861 2383 2930 requiescens
2409 2876 2564 2930 super
2588 2875 2646 2915 os
2671 2860 2808 2930 putei
2833 2857 3061 2913 sedebat.
3089 2856 3342 2914 Formam
3366 2859 3499 2912 servi
3511 2856 3720 2929 agebat,

455 2961 569 3000 cunt
597 2948 650 3002 in
677 2964 794 3002 eum
828 2947 1142 3005 insultantes
1177 2953 1328 3022 impii
1348 2953 1696 3020 sordidissimi
1722 2955 1832 3009 oris
1857 2954 1942 3010 sui
1965 2962 2293 3025 sputamenta
2319 2954 2652 3028 projicerent.
2703 2951 2854 3006 Servi
2895 2953 3121 3023 formam
3158 2957 3474 3022 susceperat,
3505 2965 3622 3002 cum
3650 2950 3722 3020 fa-

455 3037 588 3091 ciem
615 3055 783 3102 suam,
816 3053 972 3110 quam
998 3040 1186 3096 intueri
1217 3041 1544 3099 credentibus
1563 3045 1744 3115 pavori
1764 3052 1896 3108 erat,
1924 3059 1956 3096 a
1977 3042 2168 3114 palmis
2195 3051 2246 3098 et
2273 3041 2459 3096 ictibus
2485 3040 2769 3108 ludentium
2794 3056 2899 3095 non
2928 3040 3110 3106 vertit;
3140 3047 3190 3094 et
3217 3039 3353 3112 quod
3373 3038 3468 3103 his,
3503 3039 3592 3112 qui
3612 3053 3720 3092 vere

451 3133 572 3180 situt
601 3127 754 3190 servi,
784 3129 986 3197 perpeti
1005 3136 1118 3184 erat
1151 3131 1523 3201 turpissimum,
1551 3133 1712 3188 etiam
1735 3133 1979 3203 scapulas
2007 3149 2150 3198 suas,
2178 3131 2360 3202 quibus
2385 3140 2570 3187 nostra
2597 3138 2805 3188 venerat
2841 3138 3051 3200 peccata
3079 3136 3308 3202 portare,
3347 3129 3718 3184 verberantium

451 3212 690 3303 manibus
727 3215 1135 3276 iuclinavit......
1170 3216 1374 3290 Itaque,
1405 3221 1618 3292 fratres,
1649 3237 1766 3276 cum
1791 3239 1928 3278 unus
1953 3223 2190 3296 identque
2215 3221 2315 3276 Dei
2352 3221 2524 3278 Filius
2552 3223 2687 3277 mira
2716 3223 2914 3303 fecerit,
2947 3237 3151 3276 unum
3184 3236 3519 3287 Ρειιτυιειιιτ
3545 3239 3559 3287 ;
3589 3237 3717 3275 unus

448 3300 685 3374 idemque
708 3313 822 3360 erat
843 3313 896 3368 et
921 3321 1113 3372 seruus,
1137 3315 1188 3362 et
1214 3307 1490 3366 Dominus.
1525 3309 1711 3366 Totum
1735 3311 1892 3375 enim,
1921 3319 1979 3376 ut
2013 3311 2285 3377 Dominus,
2316 3322 2554 3384 poterat;
2583 3321 2634 3372 et
2657 3300 2819 3370 totum
2845 3310 3156 3382 patiebatur,
3185 3319 3242 3365 ut
3269 3327 3460 3366 servus.
3493 3310 3609 3366 Huc
3637 3325 3715 3366 re-

449 3393 632 3452 cidunt
656 3410 777 3466 qua:
803 3397 944 3454 idem
971 3397 1131 3456 docet
1151 3397 1413 3454 Maximus
1439 3415 1688 3459 sermone
1717 3401 1804 3466 57,
1837 3402 1900 3457 de
1923 3401 2191 3474 Tempore,
2225 3415 2345 3476 pag.
2381 3401 2486 3454 495
2513 3418 2626 3472 seq.
2665 3421 2677 3454 ε
2705 3401 2976 3470 Suscepta,
3011 3400 3202 3469 inquit,
3230 3416 3388 3454 carne
3408 3401 3474 3455 de
3500 3401 3712 3472 virgine,

447 3502 514 3542 ne
539 3505 696 3562 quam
718 3493 774 3546 in
814 3509 935 3550 me
961 3508 1180 3555 uos'ru
1211 3510 1573 3552 consussrouts
1599 3511 1844 3554 NEBULAI
1873 3513 2214 3560 PATEBEMUB,
2242 3504 2350 3556 toto
2371 3495 2758 3566 prtedicationis
2798 3509 2907 3554 suta
2937 3503 3163 3564 tempore
3189 3509 3358 3546 verum
3389 3505 3446 3546 se
3464 3491 3716 3546 reuelabat

446 3580 634 3658 Deum.
663 3599 977 3646 runncruu
1004 3602 1347 3646 OSTENDEBAT
1379 3603 1447 3644 er
1477 3603 1733 3646 nomen.
1764 3586 1977 3644 Fuzur
2005 3590 2212 3659 quippe,
2242 3595 2298 3640 ut
2327 3575 2515 3642 nostro
2534 3586 2712 3640 dolore
2759 3601 3024 3650 IGIRENS;
3068 3585 3160 3640 sed
3187 3593 3242 3638 ut
3286 3599 3381 3639 sua
3409 3585 3596 3638 virtute
3622 3601 3711 3652 po-

450 3679 566 3728 tens
592 3673 866 3742 miseratus
893 3692 1146 3732 ctecorum
1171 3677 1428 3745 tenebras,
1467 3680 1585 3733 huic
1615 3679 1832 3746 necdum
1860 3680 2112 3750 formatos
2143 3675 2366 3750 faciebat
2405 3677 2602 3740 oculos,
2630 3677 2708 3730 illi
2734 3673 2982 3730 reddebat
3010 3677 3232 3730 amissos
3261 3691 3279 3729 :
3309 3676 3562 3746 navigans
3599 3689 3708 3726 cum

731 3767 840 3824 suis
868 3753 1036 3825 sortito
1058 3785 1266 3827 uoutxts
1294 3785 1592 3830 DORIIEBAT
1622 3786 1671 3826 IN
1701 3785 1914 3833 PUPPIS;
1945 3769 2036 3824 sed
2067 3770 2287 3824 conscia:
2307 3767 2598 3838 majestatis
2624 3767 2841 3837 imperio
2869 3766 3249 3836 insurgentium
3275 3765 3524 3835 ﬂuctuum
3553 3765 3708 3817 moles

786 3870 960 3922 ventos
985 3878 1172 3922 serena
1199 3865 1434 3933 protinus
1461 3863 1833 3934 tranquillitate
1861 3865 2285 3932 compescuit.....
2325 3861 2392 3915 Ut
2423 3858 2564 3913 Filio
2597 3859 2819 3912 hominis
2849 3857 3214 3929 ingerebantur
3241 3857 3468 3910 convicia
3484 3873 3502 3920 ;
3529 3853 3619 3907 sed
3649 3861 3706 3907 ut

439 3950 628 4020 ignara
653 3952 948 4008 mortalitas
964 3953 1286 4008 inostensam
1315 3953 1558 4008 credendi
1584 3953 1802 4010 disceret
1827 3955 2114 4018 veritatem,
2135 3954 2283 4025 quasi
2304 3954 2514 4006 unicum
2549 3949 2747 4005 Filium
2767 3967 2914 4005 suum
2945 3950 3106 4004 Pater
3125 3949 3480 4022 alloquebatur
3506 3964 3534 4001 e
3557 3946 3700 4002 coelo.

441 4035 508 4098 Si
545 4054 670 4110 ergo
696 4039 886 4106 credis,
914 4057 948 4100 ο
974 4041 1150 4108 homo,
1179 4043 1396 4114 indigna
1422 4058 1537 4114 qua:
1563 4042 1774 4112 pertulit
1801 4040 2056 4106 Christus,
2093 4058 2184 4095 cur
2209 4058 2312 4095 non
2341 4043 2506 4113 magis
2548 4039 2717 4095 credis'
2755 4040 2997 4095 miranda
3034 4056 3156 4115 quas
3185 4040 3462 4110 praestitit?
3487 4039 3542 4094 Si
3573 4052 3702 4106 ergo

439 4142 546 4188 non
573 4129 787 4198 frustra,
813 4146 918 4186 non
945 4132 1124 4198 otiose,
1149 4147 1256 4188 non
1289 4133 1569 4198 incassum,
1598 4148 1700 4188 non
1729 4133 1956 4188 inaniter
1976 4133 2132 4203 vagiit
2165 4133 2217 4186 in
2245 4133 2412 4198 cunis,
2449 4132 2608 4202 flevit,
2643 4141 2850 4203 potatus
2899 4140 3042 4186 aceto
3090 4130 3331 4186 Christus
3359 4145 3547 4186 revera
3578 4129 3693 4191 fuit,

439 4222 580 4283 “ste
609 4217 861 4288 Maximo,
886 4220 1183 4290 eodemque
1208 4220 1408 4278 fatente
1431 4237 1496 4278 ea
1523 4229 1649 4278 sunt
1665 4229 1818 4278 reclte
1835 4221 1959 4292 ﬁdei
1985 4221 2288 4276 credulitate
2316 4221 2592 4286 credenda,
2625 4238 2721 4278 cur
2747 4239 2854 4278 non
2883 4223 3029 4289 item,
3059 4222 3149 4276 illo
3178 4223 3294 4291 ipso
3323 4222 3482 4292 plane
3511 4235 3697 4275 assen-
3720 4233 3730 4244 '

439 4307 626 4376 ﬂente,
670 4309 964 4378 tenendum
999 4319 1154 4367 recta:
1192 4311 1318 4383 fidei
1344 4311 1647 4374 credulitate
1673 4312 1796 4378 erit,
1825 4311 2082 4366 Christum
2111 4314 2376 4378 esuriisse,
2406 4327 2527 4366 cum
2555 4309 2773 4366 Maximi
2816 4313 2980 4382 ipsius
3017 4311 3088 4365 sit
3115 4311 3242 4365 satis
3285 4310 3567 4380 explorata
3598 4309 3697 4379 (ut
3795 4367 3813 4378 _

435 4417 599 4472 siuna
619 4411 702 4463 est
723 4403 842 4474 ejus
862 4404 1037 4468 verbis
1065 4404 1490 4462 demonstratum
1519 4404 1617 4480 [Li]
1638 4405 1926 4470 sententia,
1956 4421 2220 4460 maerorem
2249 4404 2466 4472 Christi,
2498 4413 2659 4474 atque
2685 4405 2820 4460 adeo
2848 4405 3051 4476 ﬂetum,
3096 4403 3285 4459 eodem
3331 4403 3516 4457 haberi
3554 4402 3690 4464 loco,

434 4501 600 4566 atque
617 4497 852 4560 esuriem
877 4497 1177 4568 oportere?
1205 4495 1458 4565 Rursum,
1484 4513 1552 4553 an
1583 4512 1712 4563 non,
1735 4497 2192 4566 defatigationem,
2224 4513 2319 4552 seu
2345 4496 2711 4551 lassitudinem
2734 4495 2934 4551 Christi
2960 4496 3150 4551 eodem
3181 4510 3298 4550 esse
3327 4509 3579 4558 numero,
3609 4501 3692 4545 at-

432 4602 538 4658 que
557 4589 808 4654 esuriem,
839 4596 900 4646 ut
925 4587 1087 4659 paulo
1115 4597 1241 4658 ante
1261 4589 1510 4657 vidimus,
1540 4587 1805 4649 animat?
1832 4587 1971 4656 Quid
1997 4589 2101 4644 erit
2127 4590 2302 4659 igitur,
2333 4589 2477 4660 quod
2494 4590 2763 4662 suspicari
2790 4591 2910 4659 quis
2938 4590 3142 4660 possit,
3189 4597 3409 4643 auctore
3437 4587 3688 4651 Maximo,

431 4678 782 4749 defatigatum
807 4697 876 4738 ex
904 4683 1096 4741 itinere
1119 4680 1286 4750 fuisse
1311 4697 1500 4740 revera
1525 4681 1826 4748 Christum;
1856 4682 2183 4738 esurientem
2211 4689 2388 4736 autem
2416 4698 2521 4738 non
2552 4697 2738 4737 revera
2756 4721 2771 4746 ,
2811 4681 2906 4737 sed
2931 4681 3181 4735 simulate
3210 4679 3409 4735 fuisse?
3437 4677 3574 4746 Quid
3595 4679 3618 4732 ἒ
3644 4677 3690 4736 si

431 4770 666 4850 “axium
693 4778 849 4835 teste.
879 4770 1034 4841 ﬂebat
1058 4771 1312 4840 Christus,
1340 4781 1396 4831 ut
1415 4781 1591 4831 nostra
1619 4772 1797 4828 dolore
1821 4772 2079 4828 moerens?
2103 4769 2230 4836 Cur,
2261 4786 2392 4841 rogo
2411 4811 2427 4837 ,
2468 4772 2571 4828 nisi
2612 4780 2668 4825 ut
2707 4772 2986 4843 perfectum
3016 4787 3072 4824 se
3097 4769 3384 4824 ostenderet
3411 4767 3686 4831 hominem,

427 4875 496 4918 ne
511 4874 666 4932 quasi
690 4857 878 4928 inﬁde
903 4867 1094 4916 nostra:
1115 4862 1450 4932 confessionis
1472 4861 1711 4916 nebulam
1733 4870 2021 4932 pateremur
2039 4861 2066 4915 .9
2091 4858 2160 4915 Et
2198 4860 2505 4918 existimare
2533 4861 2653 4932 quis
2679 4861 2877 4930 poterit
2922 4875 3040 4914 eam
3087 4857 3325 4914 nebulam
3368 4857 3531 4912 fuisse
3565 4858 3689 4928 ﬁdet

366 4950 370 4954 ’
428 4955 621 5008 nostra
646 4948 962 5018 confessioni
986 4946 1214 5008 oll'usam
1239 4947 1633 5018 obductamque
1659 4965 1690 5004 a
1720 4949 1967 5015 Maximo,
1999 4958 2059 5009 ut
2084 4949 2339 5016 simulate,
2371 4966 2478 5005 non
2507 4963 2652 5016 vere,
2683 4951 2924 5004 esuriisse
2951 4947 3218 5010 Christum
3260 4948 3506 5004 eumdem
3535 4947 3686 5002 dice~

429 5049 548 5103 ret;
571 5053 606 5092 a
631 5035 880 5102 Maximo,
911 5036 1149 5105 inquam,
1179 5035 1272 5104 qui
1298 5035 1442 5104 idem
1477 5051 1595 5100 esse
1632 5043 1892 5104 statuerat
1919 5038 1987 5092 de
2016 5054 2231 5094 mturare
2269 5039 2486 5105 Christi,
2517 5054 2582 5093 ac
2608 5039 2676 5092 de
2702 5039 2869 5092 esurie
2894 5037 3270 5092 sentiendum?
3298 5035 3482 5102 Nobis,
3517 5036 3683 5105 inquit

428 5127 522 5186 ille
550 5128 650 5197 (α),
680 5129 818 5194 vicit,
846 5129 934 5200 qui
961 5127 1216 5200 dignam;
1230 5137 1308 5198 est
1333 5127 1528 5193 esurire
1555 5143 1649 5200 pro
1675 5126 1853 5194 nobis;
1897 5137 1952 5184 et
1996 5131 2158 5200 paulo
2192 5139 2312 5202 post
2343 5151 2355 5184 :
2389 5129 2644 5194 Christus,
2675 5138 2731 5182 ut
2759 5129 3010 5200 perditum
3038 5114 3400 5201 inﬁrmumque
3424 5128 3683 5189 hominem

427 5229 688 5279 revocaret
730 5219 801 5277 ad
842 5218 1006 5278 Deum
1032 5257 1048 5282 .
1099 5234 1352 5290 senatus,
1401 5218 1774 5284 lassitudinem,
1805 5235 2091 5285 utmorem,
2123 5229 2172 5275 et
2199 5222 2372 5280 omnia
2401 5223 2457 5276 in
2484 5237 2540 5275 se
2567 5221 2778 5273 humani
2804 5220 3032 5289 corporis
3069 5219 3278 5289 inﬁma
3303 5219 3544 5288 suscepit.
3570 5217 3680 5286 Age

398 5301 573 5378 ivero,
599 5309 894 5381 perfeotum
920 5309 1194 5382 houﬁnem
1221 5323 1341 5365 esse
1366 5307 1657 5373 Christum,
1679 5324 1801 5376 cum
1827 5307 1929 5366 ﬁde
1956 5318 2204 5368 constare
2231 5309 2492 5366 Maximus
2519 5307 2765 5372 affirmet,
2797 5321 3024 5376 cumque
3048 5321 3114 5362 ex
3141 5307 3389 5361 humanis
3411 5304 3678 5366 infirmita.

395 5380 572 5465 stibus
739 5400 984 5470 dignosci
1010 5380 1398 5471 humanitatem
1425 5398 1778 5478 confiteatur;
1816 5417 1950 5471 quas
1977 5402 2190 5458 demum
2219 5402 2550 5472 infirmitates
2577 5406 2961 5455 commemoret
2989 5399 3262 5453 videamus
3290 5415 3310 5452 :
3339 5397 3675 5468 Hujussnodi,

421 5492 612 5564 inquit,
639 5491 836 5564 pangit
856 5491 914 5546 in
934 5505 1031 5573 sua
1049 5505 1204 5562 carne
1221 5490 1538 5562 mysterium,
1569 5500 1626 5554 ut
1656 5493 1786 5559 sicut
1807 5491 1948 5546 Deus
1973 5508 2086 5546 esse
2110 5491 2298 5573 divinis
2317 5493 2572 5562 mysteriis
2591 5490 2833 5556 creditur,
2860 5491 2935 5544 ita
2965 5497 3016 5544 et
3043 5490 3196 5544 homo
3227 5504 3339 5544 esse
3358 5489 3673 5559 inﬁnitai-

427 5582 528 5640 bus
547 5563 883 5655 dignoscatur
909 5563 1169 5641 humanis.
1199 5582 1402 5652 Quibus
1429 5593 1634 5662 autem,
1661 5599 1870 5666 quaiso,
1901 5563 2292 5664 infirmitatibus
2314 5582 2340 5635 7
2367 5581 2622 5668 Adiungit
2655 5597 2782 5638 mox
2821 5581 3086 5636 Maximus
3113 5597 3128 5634 :
3159 5580 3234 5636 Et
3269 5584 3388 5638 hinc
3426 5589 3508 5636 est
3537 5581 3675 5654 quod

489 5761 566 5834 (η)
605 5761 738 5826 Vide
766 5761 923 5834 hujus
950 5761 1094 5837 prtef.
1123 5777 1245 5842 pag.
1277 5780 1456 5832 sunt.
