4050 6356
483 405 552 459 55
1009 393 1016 398 '
1149 362 1158 372 ’
1909 393 2082 452 enim

2171 393 2291 450 I‘IO.
3675 397 3770 453 56

483 515 706 585 epistola
737 514 949 580 eadem,
983 528 1124 567 num.
1158 512 1191 565 4
1223 511 1319 585 (a),
1353 513 1430 566 sic
1462 512 1687 580 legitur:
1727 511 1932 575 Quanta
1964 512 2188 564 amentia
2212 511 2535 580 funestorum
2561 508 2871 576 latratuum,
2911 518 2969 563 ut
3008 511 3165 564 iidem
3212 510 3460 575 dicerent,
3484 507 3767 571 Christum

483 625 550 666 EX
579 590 786 662 νιιιὰικε
816 621 914 662 NON
944 620 1188 661 POTUISSE
1217 621 1497 671 GENERARI,
1528 620 1616 668 QUI
1645 620 1909 659 ASSERUN'I‘
1943 620 2011 657 EX
2043 618 2296 669 MULIEBE,
2329 617 2505 657 EDITIS
2533 617 2858 659 HUIANOBUI
2889 619 3151 660 PIGNOBUII
3183 594 3472 671 PAMTUBUS,
3504 621 3767 663 VIRGINE‘

481 713 814 763 rennuens,
836 705 941 752 etc.
964 695 1119 763 Quod
1147 704 1326 751 autem
1355 696 1542 751 scribit
1569 695 1862 750 Maximus:
1890 694 2142 751 Eamdem
2172 693 2603 765 (blasphemiam)
2633 705 2899 750 exsecrata
2931 705 3009 751 est
3038 698 3152 767 ipsa
3178 697 3461 769 imperialis
3489 708 3760 770 potestas,

480 794 530 849 id
564 802 844 864 exceptum
875 807 943 848 ex
970 793 1036 849 iis
1063 800 1146 848 est
1189 806 1308 860 qua:
1338 792 1572 863 synodus
1602 792 1716 862 ipsa
1745 791 1935 845 litteris
1963 791 2151 846 iisdem
2190 795 2274 844 est
2311 797 2610 858 persecuta.
2642 787 2782 844 Sunt
2813 805 2940 844 vero
2961 804 3026 842 ea
3053 787 3356 857 hujusmodi
3392 804 3539 844 num.
3567 788 3599 842 8
3623 789 3702 860 (b)
3735 809 3758 846 :

478 883 707 956 Dignum
733 885 812 939 illi
834 880 1280 957 (Jovinianenses)
1303 885 1571 955 prmium
1595 883 1876 938 retulerunt
1902 883 2136 954 perﬁdiae
2153 898 2281 947 suas,
2302 881 2389 953 qui
2414 881 2530 936 ideo
2557 881 2655 935 huc
2692 890 2932 936 venerunt
2950 923 2965 948 ,
2999 899 3064 936 ne
3086 891 3371 950 superesset
3395 882 3536 936 locus
3562 883 3618 935 in
3644 900 3760 954 quo

479 992 584 1029 non
613 975 1002 1042 damnarentur,
1049 977 1135 1047 qui
1180 992 1294 1030 vere
1320 992 1377 1029 se
1418 974 1739 1030 Manichteos
1781 976 2124 1045 probaverunt
2165 974 2258 1045 (c),
2297 991 2404 1031 non
2437 972 2730 1040 credentes,
2761 976 2881 1047 quia
2918 991 2984 1028 ea:
3010 975 3208 1045 virgine
3227 976 3400 1046 utique
3418 977 3613 1034 venisse
3640 992 3761 1032 non

481 1065 725 1118 creditur.
759 1062 1009 1128 Quaenam
1053 1065 1164 1119 haec
1211 1074 1288 1118 est
1322 1082 1517 1137 suppar
1543 1081 1788 1120 novorum
1825 1063 2126 1119 Judworum
2165 1063 2433 1119 amentia?
2453 1063 2515 1119 Si
2535 1064 2731 1118 venisse
2758 1080 2862 1118 non
2890 1063 3136 1130 creditur,
3168 1081 3262 1119 nec
3281 1080 3494 1118 carnem
3523 1066 3767 1120 creditur

482 1159 794 1228 suscepisse;
821 1175 943 1227 ergo
976 1159 1031 1210 in
1062 1157 1424 1228 phantasmate
1461 1157 1599 1212 visus
1625 1167 1723 1222 est,
1748 1159 1804 1210 in
1843 1156 2203 1227 phantasmate
2230 1155 2508 1226 crucifixus
2533 1164 2628 1210 est.
2681 1153 2790 1210 Sed
2822 1156 2970 1209 nobis
2991 1157 3044 1208 in
3067 1156 3277 1210 veritate
3306 1157 3584 1227 cruciﬁxus
3616 1155 3760 1230 [Liv]

481 1257 577 1314 est,
608 1249 664 1302 in
691 1251 904 1303 veritate
935 1247 1247 1319 Redemptor
1282 1257 1358 1304 est
1398 1259 1591 1304 noster.
1643 1248 1966 1302 Manichacus
1991 1254 2069 1302 est
2105 1249 2192 1318 qui
2233 1247 2455 1319 abnegat
2481 1249 2769 1314 veritatem,
2795 1249 2884 1320 qui
2907 1265 3114 1302 carnem
3138 1245 3331 1302 Christi
3356 1257 3541 1320 negat,
3563 1259 3610 1304 et
3632 1250 3762 1306 ideo

481 1355 586 1393 non
605 1349 681 1393 est
706 1340 812 1392 illis
833 1340 1064 1392 remissio
1091 1348 1433 1409 peccatorum,
1465 1340 1556 1393 sed
1581 1348 1659 1394 est
1683 1341 1920 1411 impietas
1955 1338 2366 1394 Manichaeorum
2388 1381 2403 1406 ,
2434 1356 2588 1412 quam
2615 1349 2665 1394 et
2691 1340 3117 1394 clementissimus
3144 1350 3438 1395 exsecratus
3471 1350 3549 1396 est
3584 1345 3762 1414 impe-

481 1441 642 1498 rator,
687 1440 736 1484 et
790 1447 965 1484 omnes
1004 1431 1089 1502 qui
1133 1430 1252 1484 illos
1298 1432 1570 1497 viderunt,
1612 1433 1758 1502 quasi
1785 1431 2022 1504 quaedam
2049 1432 2292 1503 contagia
2319 1433 2634 1503 refugerunt.
2668 1430 2868 1486 Verum
2894 1431 2962 1486 de
2988 1431 3092 1486 hac
3120 1431 3324 1502 synodo
3354 1432 3502 1487 alias.
3563 1433 3759 1490 Redeo

491 1525 559 1579 ad
587 1524 802 1578 Maximi
844 1523 910 1577 de
938 1524 1241 1591 virginitate
1292 1523 1387 1578 Dei
1437 1524 1707 1592 genitricis
1755 1523 2071 1578 doctrinam.
2114 1522 2255 1590 Ergo
2303 1507 2350 1578 is
2397 1522 2616 1576 homilia
2643 1522 2732 1586 25,
2765 1537 2883 1592 pag.
2917 1522 3002 1589 74,
3033 1521 3272 1577 Judaeum
3306 1525 3706 1595 reprehendens
3737 1544 3756 1581 :

436 1682 440 1687 .
495 1617 645 1688 Apud
675 1625 739 1682 te,
774 1617 964 1684 inquit,
994 1613 1404 1687 virgo-concepit,
1445 1627 1494 1670 et
1521 1617 1734 1688 virginis
1757 1626 1858 1670 tute
1881 1623 2087 1695 partum
2123 1615 2324 1695 alienus
2359 1616 2626 1686 agnoscit;
2657 1614 2746 1668 tibi
2771 1614 2988 1690 salutem
3017 1623 3158 1668 tuam
3186 1615 3437 1687 angelica:
3463 1634 3609 1672 voces
3635 1635 3757 1689 per-

486 1711 703 1765 suadere
744 1727 848 1765 non
875 1720 1106 1781 possunt,
1137 1718 1186 1764 et
1211 1709 1280 1761 ad
1301 1709 1559 1764 Christum
1599 1719 1738 1762 tuum
1782 1725 1886 1763 una
1916 1691 2208 1761 ‘Chaldwos
2248 1691 2397 1760 slella
2437 1705 2700 1777 perduatit.
2748 1706 2815 1759 Et
2843 1705 3064 1760 homilia
3094 1705 3181 1769 29,
3215 1721 3335 1776 pag.
3369 1706 3458 1774 87,
3489 1706 3757 1768 Joannem

486 1804 777 1872 Baptistam
807 1805 886 1858 sic
911 1804 1111 1859 inducit
1140 1805 1502 1875 alloquentem
1530 1800 1805 1857 Christum
1836 1819 1849 1853 :
1879 1799 1966 1854 Me
1987 1801 2086 1854 viri
2105 1808 2154 1855 et
2176 1800 2384 1871 femina:
2411 1798 2668 1852 naturalis
2697 1787 2887 1870 copula.
2909 1800 3224 1870 procreavit;
3258 1809 3306 1854 te
3333 1811 3504 1856 autem
3525 1843 3540 1867 ,
3589 1803 3757 1857 Altis-

485 1895 602 1948 simi
630 1891 961 1947 obumbrante
990 1895 1190 1957 virtute,
1235 1892 1529 1947 veneranda
1567 1892 1716 1945 nobis
1743 1891 2017 1961 virginitas
2055 1889 2216 1944 dedit.
2255 1888 2364 1944 Sed
2391 1888 2520 1957 quid
2550 1888 2637 1943 his
2665 1903 2767 1957 ego
2796 1889 3072 1953 immorer,
3107 1890 3200 1959 qui
3224 1891 3269 1945 si
3297 1892 3476 1946 omnia
3508 1893 3758 1963 persequi

488 1987 836 2058 proponendo
863 1987 1023 2041 velim
1069 2003 1188 2056 qum
1227 1986 1486 2041 Maximus
1508 1987 1614 2040 hoc
1638 1984 1706 2039 de
1732 1984 1983 2052 dogmate
2013 1983 2246 2038 homiliis
2273 1981 2718 2051 sermonibusque
2746 1982 2855 2036 suis
2882 1982 3196 2051 complexus
3224 1989 3325 2049 est,
3359 1984 3451 2037 vix
3472 1984 3782 2056 aliquando.

489 2077 681 2133 iaciam
717 2079 984 2134 scribendi
1031 2079 1230 2133 linem?
1268 2079 1454 2147 Itaque
1498 2060 1718 2131 modum
1764 2075 1890 2129 huic
1937 2081 2256 2141 argumento
2301 2080 2567 2135 statuam,
2617 2087 2833 2142 unoque
2861 2071 2954 2125 illo
2983 2071 3152 2125 sancti
3183 2071 3421 2142 episcopi
3451 2073 3760 2130 testimonio

491 2178 774 2226 contentus
802 2185 918 2235 ero,
947 2169 1091 2238 quod
1127 2169 1323 2236 legitur
1360 2169 1415 2221 in
1460 2181 1709 2221 sermone
1732 2165 1816 2231 57,
1849 2178 1970 2234 pag.
2014 2162 2157 2216 497:
2196 2162 2370 2218 Voluit
2395 2164 2643 2234 virginem
2679 2178 2884 2230 parere,
2929 2169 2978 2214 et
3017 2159 3405 2216 obumbratione
3438 2165 3755 2235 majestatis,

492 2264 632 2319 nullo
660 2264 872 2333 virginei
892 2261 1105 2331 pudoris
1134 2261 1346 2325 damno,
1389 2257 1624 2312 Christus
1652 2258 1898 2329 processit
1939 2273 2003 2310 ex
2033 2257 2226 2310 Maria.
2282 2253 2353 2308 Et
2395 2255 2518 2309 inde
2544 2264 2622 2310 est
2654 2255 2791 2326 quod
2813 2254 3107 2325 philosophi
3129 2258 3356 2326 gentium
3383 2258 3760 2330 prudentesque

491 2356 690 2420 mundi,
724 2356 809 2425 qui
827 2356 1004 2409 omnia
1030 2353 1126 2407 sibi
1145 2354 1360 2424 propria
1391 2355 1566 2407 volunt
1588 2352 1958 2421 disceptatione
1987 2360 2250 2416 constare,
2279 2350 2401 2405 dum
2433 2360 2634 2405 terreno
2656 2365 2808 2404 sensu
2837 2349 3016 2404 divina
3044 2349 3345 2416 discutiunt,
3376 2352 3627 2421 sapientia
3667 2369 3759 2407 sua

493 2449 796 2519 desipientes
837 2448 905 2500 ad
944 2447 1312 2518 plenitudinem
1353 2463 1459 2500 non
1496 2446 1800 2516 perveniunt
1837 2445 2087 2499 veritatis.
2132 2441 2234 2507 Qui
2253 2444 2386 2497 hanc
2413 2445 2572 2515 igitur
2597 2442 2852 2496 desudant
2876 2441 3064 2496 habere
3085 2442 3394 2506 doctrinam,
3425 2452 3480 2497 ut
3507 2447 3642 2515 quod
3662 2448 3760 2516 ipsi

490 2543 751 2596 advertere
778 2548 1049 2612 nequeunt,
1095 2538 1310 2610 superbo
1338 2535 1604 2592 tumentes
1633 2539 1838 2609 spiritu,
1864 2535 2032 2590 Deum
2051 2545 2142 2589 aut
2166 2553 2269 2590 non
2305 2546 2440 2590 recte
2469 2535 2610 2600 velle,
2643 2545 2732 2588 aut
2755 2552 2861 2588 non
2889 2551 3041 2606 posse
3067 2537 3400 2591 contendunt.
3444 2534 3558 2600 Qui,
3605 2546 3659 2589 ut
3685 2540 3762 2590 ait

493 2633 768 2701 Apostolus
791 2649 807 2685 :
838 2632 1076 2685 Dicentes
1104 2648 1158 2683 se
1185 2649 1294 2685 esse
1321 2633 1598 2701 sapientes,
1623 2631 1768 2684 stulti
1791 2631 1918 2701 facti
1935 2637 2089 2693 sunt;
2113 2637 2168 2683 et
2198 2630 2390 2683 iterum
2421 2647 2433 2682 :
2469 2626 2802 2683 Evanuerunt
2819 2632 2874 2684 in
2898 2631 3286 2702 cogitationibus
3310 2633 3438 2686 suis.
3464 2629 3586 2695 Quis
3615 2633 3754 2686 enim

493 2724 568 2775 ita
595 2722 802 2776 demens
821 2723 878 2774 in
905 2721 995 2774 illo
1026 2731 1272 2790 conceptu
1293 2723 1520 2791 virgineo
1548 2737 1719 2774 semen
1747 2729 1947 2792 quaerat
1973 2719 2250 2774 humanum
2269 2760 2284 2785 ,
2316 2719 2402 2773 ubi
2428 2721 2602 2791 agitur
2629 2721 2828 2799 cgeleste
2852 2725 3189 2792 mysterium?
3215 2723 3319 2779 etc.
3370 2721 3486 2778 lam
3515 2723 3581 2778 de
3604 2724 3764 2792 virgi-

495 2818 663 2873 nitate
693 2817 862 2872 beata:
882 2805 1062 2871 Maria:
1088 2817 1363 2871 hactenus,

569 2908 696 2963 Vlll.
736 2905 904 2978 Hujus
933 2910 1062 2963 item
1107 2907 1369 2964 Maximus
1394 2907 1595 2978 passim
1623 2906 1865 2962 celebrat
1898 2907 2276 2974 sanctitatem,
2321 2921 2547 2975 eamque
2575 2907 2834 2978 repletam
2865 2910 3037 2977 gratia
3068 2909 3229 2965 fuisse
3260 2909 3533 2979 prmdicat.
3575 2907 3766 2965 Confer

495 3002 771 3058 homiliam
795 3001 847 3066 5,
879 3015 1002 3071 pag.
1033 3000 1100 3055 l7
1121 3015 1256 3069 seq.,
1288 3009 1344 3056 et
1370 2999 1558 3055 homil.
1585 2999 1634 3065 7,
1668 3013 1788 3069 pag.
1813 2997 1901 3065 22,
1925 3008 1980 3053 et
2008 2999 2192 3053 homil.
2220 2997 2273 3062 8,
2303 2994 2424 3068 pag.
2448 2997 2535 3051 ‘24.
2560 2998 2916 3055 Nihilominus
2935 3000 3149 3055 fuerunt
3175 3002 3266 3071 qui
3293 3000 3585 3055 Maximum
3606 3017 3758 3055 eum-

493 3098 618 3151 dem
645 3096 814 3164 culpae
841 3097 1064 3149 vertisse
1093 3094 1262 3148 beatae
1283 3092 1488 3162 Virgini
1519 3091 1932 3157 arbitrarentur,
1975 3090 2119 3160 quod
2147 3106 2179 3145 a
2205 3089 2420 3146 Christo
2443 3091 2686 3161 petiisset
2731 3102 2790 3146 nt
2818 3097 3033 3158 vinum,
3060 3110 3166 3163 quo
3194 3095 3246 3148 in
3276 3093 3500 3164 nuptiali
3519 3095 3763 3151 convivio

497 3190 656 3245 Canae
701 3188 935 3243 Galil-axe
983 3188 1199 3244 carebat
1226 3202 1454 3256 sponsus
1478 3228 1492 3251 ,
1544 3185 1915 3255 suppeditaret
1963 3183 2241 3237 miraculo.
2299 3182 2404 3236 Sed
2433 3198 2592 3252 quam
2621 3184 2675 3237 hi
2703 3186 2862 3253 longe
2891 3187 3150 3250 errarint,
3203 3197 3256 3241 et
3285 3187 3707 3242 demonstratum
3736 3205 3767 3247 a

502 3283 657 3336 nobis
686 3281 739 3335 in
770 3296 835 3336 ea
878 3279 1226 3334 annotatione
1273 3285 1355 3332 est
1382 3293 1543 3346 quam
1572 3277 1640 3331 ad
1666 3277 1856 3331 homil.
1888 3274 1975 3340 25,
2005 3289 2129 3344 pag.
2176 3273 2264 3338 67,
2297 3276 2668 3344 ascripsimus,
2693 3286 2746 3331 et
2767 3292 2833 3331 ex
2863 3278 3080 3332 homilia
3105 3279 3293 3333 eadem
3321 3279 3479 3349 plane
3505 3279 3690 3348 liquet,
3715 3281 3768 3336 in

500 3389 600 3443 qua
633 3374 776 3444 (pag.
807 3371 896 3444 68)
925 3391 936 3425 :
987 3360 1512 3444 grattaz'temporatis
1550 3367 1735 3432 fuisse,
1764 3366 2030 3421 Maximus
2059 3367 2153 3433 ait,
2187 3365 2550 3438 quod'petebat
2577 3367 2772 3435 Maria,
2807 3385 2904 3424 nec
2934 3385 3061 3425 vero
3095 3372 3320 3441 piguisse
3351 3371 3772 3443 benignissimum

389 3455 396 3464 ’
464 3451 473 3462 ’
497 3465 793 3530 Dominum,
820 3465 942 3518 dum
970 3477 1162 3534 magna
1186 3463 1412 3527 veniunt,
1436 3476 1598 3530 parva
1622 3468 1900 3530 praestare;
1930 3467 1979 3511 et
2002 3459 2118 3512 ideo
2142 3457 2482 3513 venerabilem
2512 3458 2760 3524 Mariam,
2785 3472 2836 3514 et
2862 3479 2976 3516 vere
3009 3471 3063 3515 ut
3099 3469 3315 3517 rnatrem
3359 3463 3568 3518 Domini
3599 3467 3770 3536 futura

496 3564 922 3628 praznoscentem,
954 3571 1015 3609 ac
1051 3552 1372 3608 Dominicam
1396 3552 1764 3625 praevidentem
1791 3551 2122 3616 voluntatem,
2148 3550 2368 3605 sollicite
2392 3552 2717 3607 admonuisse
2743 3556 3024 3620 ministros,
3050 3556 3376 3628 dixisseque:
3419 3556 3770 3626 Quodcunque

499 3647 691 3701 dixerit
715 3650 851 3703 vobis
880 3650 1050 3720 facite.
1079 3649 1301 3705 Scivisse
1324 3634 1496 3703 autem
1525 3647 1750 3702 Matrem
1776 3655 2010 3700 sanctam
2041 3645 2450 3717 objurgationem
2478 3646 2622 3700 illam
2651 3646 2862 3701 Domini
2888 3647 3113 3720 Filiique
3136 3652 3213 3704 sui
3237 3666 3254 3703 :
3284 3646 3421 3713 Quid
3449 3649 3572 3702 mihi
3598 3657 3647 3702 et
3675 3647 3762 3702 tibi

499 3751 592 3807 est,
622 3745 819 3808 mulier,
854 3743 963 3816 [LV]
989 3761 1092 3798 non
1119 3747 1390 3798 irascentis
1416 3745 1669 3813 offensam
1694 3743 2034 3814 praetendere,
2067 3742 2157 3796 sed
2185 3743 2533 3797 miserationis
2559 3752 2766 3813 portare
2801 3745 3116 3814 mysterium.
3163 3742 3335 3809 Quid?
3379 3741 3436 3795 In
3467 3741 3678 3811 culpam
3705 3754 3771 3794 ne

502 3840 746 3887 vocatam
769 3833 932 3887 fuisse
959 3842 1208 3904 putemus
1237 3850 1376 3901 eam,
1407 3851 1526 3903 qua:
1545 3837 1774 3906 gratiam
1802 3835 2049 3904 petierit,
2082 3836 2185 3890 etsi
2211 3838 2582 3907 temporalem;
2613 3845 2668 3890 at
2689 3851 2850 3906 quam
2881 3845 3060 3892 tamen
3105 3837 3334 3904 gratiam
3376 3835 3619 3891 Christus
3640 3851 3770 3902 pric-

502 3923 723 3977 stiterit?
780 3923 992 3978 Vitione
1029 3924 1261 3978 dandum
1293 3925 1471 3979 Maria:
1500 3926 1603 3979 erit
1625 3967 1640 3991 ,
1685 3941 1804 3994 quzc
1833 3943 2188 3995 praenoscens,
2221 3928 2365 3995 quod
2406 3926 2527 3982 Filii
2555 3930 2794 3984 voluntas
2835 3929 3026 3994 ferret,
3059 3929 3311 3998 quodque
3340 3929 3384 3984 is
3424 3941 3768 3984 concessurus

502 4019 676 4076 esset,
723 4011 776 4066 id
805 4020 860 4067 et
887 4011 1137 4080 ﬂagitarit
1161 4013 1230 4066 ab
1259 4013 1377 4082 ipso
1409 4011 1564 4076 Filio,
1613 4021 1670 4068 et
1695 4013 1956 4068 ministris
2000 4016 2269 4068 mandarit
2298 4025 2357 4070 ut
2402 4018 2549 4085 quod
2579 4019 2669 4074 ille
2694 4019 2943 4088 jussisset
2969 4020 3243 4075 lacerent?
3272 4018 3389 4074 Jam
3418 4034 3548 4074 vero
3572 4021 3628 4075 τὸ
3653 4016 3768 4090 quid

505 4105 649 4171 mihi,
703 4123 767 4162 ac
797 4107 886 4162 tibi
913 4108 1115 4175 mulier,
1148 4109 1193 4163 si
1223 4107 1436 4178 culpam
1467 4108 1631 4163 ullam
1655 4109 1877 4164 haesisse
1924 4109 2107 4164 Mariae
2139 4111 2421 4178 indicaret,
2453 4115 2710 4182 opinione
2738 4115 2984 4182 Maximi,
3033 4133 3143 4187 quo
3193 4117 3407 4172 tandem
3443 4117 3605 4172 modo
3635 4116 3769 4171 idem

505 4196 766 4255 Maximus
792 4199 1033 4266 dixisset,
1067 4199 1477 4272 objurgationem
1515 4201 1663 4256 illam
1710 4217 1818 4255 non
1857 4203 2022 4258 luisse
2065 4203 2340 4258 irascentis
2368 4205 2656 4274 offensam,
2687 4206 2782 4262 sed
2809 4209 3156 4263 miserationis
3182 4218 3414 4281 portasse
3431 4208 3772 4279 mysterium!

506 4292 636 4358 Quae
661 4306 780 4347 cum
809 4293 883 4346 ita
911 4292 1038 4354 sint,
1067 4290 1194 4360 quid
1215 4291 1318 4345 erit
1342 4291 1564 4360 reliqui,
1599 4292 1702 4346 nisi
1724 4300 1784 4345 ut
1806 4307 1836 4345 a
1867 4290 2101 4346 Maximo
2125 4293 2177 4347 id
2205 4309 2314 4348 non
2341 4291 2505 4350 fuisse
2535 4294 2738 4365 Virgini
2761 4297 3016 4352 tributum
3037 4299 3208 4368 culpa:
3236 4298 3628 4352 conliteamur?

495 4418 498 4428 -
573 4382 665 4438 IX.
697 4383 773 4439 De
801 4382 1016 4438 Christo
1062 4380 1395 4452 proﬁciente,
1424 4390 1483 4436 ut
1525 4381 1728 4437 dictum
1775 4398 1806 4436 a
1853 4381 1997 4437 Luca
2048 4391 2147 4450 est,
2191 4386 2452 4456 sapientia
2479 4395 2534 4441 et
2561 4398 2731 4453 tritate,
2761 4390 2888 4459 quid
2925 4398 3142 4446 sanctus
3170 4391 3454 4460 episcopus
3481 4391 3770 4461 scripserit,

506 4477 636 4534 satis
665 4483 746 4532 est
774 4492 803 4530 a
833 4476 987 4530 nobis
1014 4475 1232 4544 copiose
1260 4473 1582 4542 explicatum
1611 4474 1665 4527 in
1687 4474 2126 4529 annotationibus
2154 4477 2222 4530 ad
2250 4477 2522 4532 homiliam
2550 4479 2637 4546 21,
2668 4494 2788 4548 pag.
2824 4481 2892 4534 58
2915 4497 3030 4551 seq.
3072 4484 3148 4538 De
3187 4483 3392 4550 jejunio
3421 4489 3601 4536 autem
3628 4484 3772 4554 ejus-

505 4566 626 4622 dem
656 4565 958 4622 Servatoris
979 4573 1034 4621 et
1052 4564 1263 4620 Domini
1285 4565 1455 4618 nostri
1483 4564 1609 4620 Jesu
1637 4562 1834 4619 Christi
1863 4565 2044 4619 multis
2071 4568 2185 4636 ipse
2206 4567 2469 4625 Maximus
2487 4571 2752 4642 planeque
2776 4575 3076 4642 theologice
3095 4575 3352 4644 disputat.
3371 4575 3614 4644 Longum
3635 4587 3774 4632 esset

504 4659 625 4720 loca
644 4658 823 4712 omnia
848 4657 1084 4712 indicare
1113 4656 1166 4709 in
1196 4655 1387 4724 quibus
1414 4656 1517 4711 hac
1537 4655 1602 4710 de
1624 4670 1684 4709 re
1712 4654 1801 4709 ille
1828 4654 2059 4710 disserit.
2087 4656 2263 4712 Unum
2291 4657 2509 4714 alierum
2539 4677 2605 4716 ex
2633 4661 2823 4717 homil.
2841 4664 2928 4730 44,
2961 4679 3081 4734 pag.
3108 4666 3230 4731 155,
3255 4667 3307 4720 in
3335 4682 3443 4737 quo
3469 4669 3548 4722 sic
3571 4668 3770 4723 habet:

508 4750 712 4836 Moyses
726 4752 904 4804 veteris
919 4751 1082 4804 editor
1099 4749 1224 4821 legis
1238 4758 1332 4815 est,
1353 4749 1586 4804 Christus
1599 4746 1738 4804 Novi
1754 4749 1989 4805 conditor
2003 4750 2330 4806 Testamenti.
2348 4752 2560 4824 Jejunat
2575 4753 2798 4825 Moyses,
2815 4765 2870 4808 ut
2884 4760 3151 4828 praeceptis
3170 4758 3416 4830 legalibus
3434 4761 3586 4813 unius
3601 4758 3776 4831 populi

509 4842 710 4895 erudiat
733 4841 1093 4904 ‘disclvlinam;
1135 4840 1364 4895 Christus
1400 4841 1627 4911 jejunat,
1657 4850 1712 4893 ut
1748 4843 2014 4895 universas
2043 4842 2264 4896 redimat
2289 4853 2484 4915 gentes.
2513 4841 2725 4914 Jejunat
2763 4845 2987 4916 Moyses,
3010 4857 3066 4900 ut
3089 4851 3354 4918 prirsentis
3383 4851 3498 4905 vitae
3530 4851 3774 4904 mandatu

508 4934 781 5004 suscipiat;
805 4931 1013 5002 jejunat
1032 4941 1081 4984 et
1103 4929 1352 4996 Christus,
1375 4942 1431 4983 ut
1456 4917 1663 4985 internae
1691 4933 1872 4985 salutis
1893 4943 2218 4988 sacramenta
2247 4937 2541 4990 constituat.
2571 4937 2786 5008 Jejunat
2816 4937 3122 5008 Moysesput
3155 4937 3314 4992 Deum
3336 4939 3555 5004 rideret;
3571 4941 3774 5010 jejunat

510 5032 559 5076 et
584 5021 618 5074 Ι
621 5036 754 5087 esus,
783 5029 840 5073 ut
861 5036 1019 5072 unum
1043 5035 1097 5072 se
1115 5035 1225 5072 esse
1252 5035 1365 5072 cum
1386 5017 1517 5082 Deo,
1541 5019 1662 5072 dum
1692 5019 1951 5074 diabolum
1970 5025 2269 5095 triumphat,
2295 5027 2602 5082 ostenderet.
2630 5028 2834 5098 Moyses
2854 5039 2968 5098 post
2982 5029 3239 5100 jejunium
3260 5031 3479 5100 scriptas
3495 5031 3656 5100 digito
3679 5029 3773 5083 Dei

512 5113 712 5166 tabulas
738 5112 925 5181 populo
954 5112 1328 5182 prwvaricante
1354 5111 1636 5180 confregit;
1667 5108 1898 5166 Christus
1927 5131 2018 5168 suo
2041 5117 2242 5187 jejunio
2271 5131 2571 5174 mansurum
2597 5139 2688 5190 per
2705 5122 2896 5175 saecula
2919 5120 3255 5193 Evangelium
3284 5125 3614 5178 consecravit.
3640 5122 3774 5188 Quid

511 5203 639 5257 illud
664 5212 740 5257 est
760 5214 948 5270 autem,
973 5204 1107 5274 quod
1128 5221 1242 5258 cum
1278 5213 1489 5274 uterque
1515 5203 1873 5274 quadragenos
1893 5207 2203 5275 jejunaverit
2240 5211 2366 5273 dies,
2398 5203 2499 5266 non
2537 5223 2745 5283 uterque
2771 5223 2884 5284 post
2905 5214 3160 5285 jejunium
3190 5216 3426 5269 esuriisse
3451 5216 3775 5286 perhibetur?

514 5294 718 5364 Moyses
737 5296 908 5364 utique
926 5311 1029 5350 non
1055 5298 1281 5362 esurivit,
1311 5303 1369 5348 ut
1394 5296 1451 5348 in
1478 5294 1682 5349 homine
1705 5297 1882 5366 fragili
1912 5309 2122 5368 operata
2149 5301 2408 5358 Divinitas
2427 5306 2758 5375 probaretur;
2789 5308 2997 5361 esurivit
3024 5307 3124 5361 Dei
3143 5305 3333 5374 Filius,
3353 5317 3412 5362 ut
3429 5310 3774 5378 assumptione

511 5385 684 5437 carnis
728 5392 938 5449 nostra,
977 5385 1214 5456 fragilem
1259 5402 1314 5438 se
1359 5387 1641 5456 suscepisse
1671 5385 1925 5439 hominem
1965 5389 2228 5445 revelaret.
2260 5391 2410 5455 Quod
2437 5413 2540 5449 non
2567 5398 2726 5450 esurit
2774 5395 2999 5468 Moyses,
3034 5397 3247 5454 malestis
3291 5407 3369 5453 est
3419 5397 3773 5470 possibilitatis

511 5477 817 5548 exemplum,
844 5476 980 5550 quod
1006 5479 1182 5532 esuriit
1202 5475 1459 5542 Christus,
1487 5486 1680 5532 nostris
1705 5485 1782 5532 est
1806 5477 2168 5549 redemptionis
2197 5493 2589 5549 sacramentum,
2619 5494 2724 5541 etc.
2755 5485 2910 5555 Quod
2937 5487 3024 5543 hic
3051 5487 3119 5543 de
3145 5487 3477 5543 humanitate
3493 5477 3692 5556 fragili,
3718 5488 3770 5542 in

583 5634 660 5712 (α)
701 5633 826 5712 Pag.
853 5631 955 5712 679
977 5639 1105 5712 tom.
1130 5631 1530 5712 [Epistolarum
1555 5631 1917 5687 Romanorum
1943 5647 2079 5703 pon—
2187 5652 2374 5712 manca
2404 5639 2518 5712 lucc
2537 5639 2693 5695 lectio
2715 5641 2786 5696 ita
2815 5643 3133 5712 suppletur;
3155 5659 3180 5712 κε
3203 5640 3319 5696 Νοη
3341 5641 3623 5699 credentes
3644 5645 3768 5712 quia

517 5700 870 5779 tilicurnedit.
908 5700 1388 5779 Paris._an._l7'21.
1944 5700 1960 5703 ”
2186 5722 2258 5762 ex
2305 5711 2507 5779 virgine
2536 5719 2692 5766 natus
2733 5721 2816 5768 est
2841 5700 3203 5768 Christus.'Si
3243 5723 3421 5768 autem
3465 5729 3573 5768 non
3611 5700 3770 5770 natus

586 5771 658 5845 (bl
698 5774 1001 5856 ξὺὶιιηῄρτιὲ.
1166 5788 1278 5856 seq.
1356 5854 1364 5856 Δ
1469 5843 1518 5856 __
1747 5843 1760 5856 .
1796 5854 1805 5856 4
1962 5843 2060 5856 n__
2190 5789 2272 5834 est
2299 5796 2365 5837 ex
2387 5771 2628 5851 “virgine,
2663 5785 2848 5852 utique
2870 5782 3081 5838 venisse
3103 5799 3210 5838 non
3238 5783 3522 5840 creditur.»

589 5841 658 5902 lc)
698 5841 753 5896 ln
786 5841 899 5898 not:
945 5844 1084 5899 Petri
1111 5841 1389 5898 Constant.
1420 5843 1485 5896 ad
1506 5844 1642 5897 hanc
1675 5843 1854 5913 epist.,
1879 5859 1931 5912 p.
1958 5843 2062 5898 675
