4050 6356
240 424 311 480 57
1678 421 2058 481 PREFATIO.
3430 434 3503 489 58

237 555 346 613 qua
374 540 443 596 sit
470 549 688 612 operata
711 541 987 609 Divinltas,
1014 539 1220 608 scribit,
1248 552 1317 595 eo
1343 551 1475 594 sane
1499 536 1813 604 revolvitur,
1842 554 1952 609 quo
1981 538 2107 594 illud
2133 538 2276 609 quod
2305 539 2617 610 complexus
2642 550 2723 597 est
2748 544 2968 600 homilia
2997 544 3082 611 12,
3107 557 3227 615 pag.
3256 543 3325 597 55
3352 561 3364 596 :
3393 545 3503 600 Ad-

238 641 393 697 verte,
419 630 613 705 inquit,
639 649 755 688 eum
778 642 828 688 et
854 641 911 688 ut
938 633 1195 687 hominem
1222 646 1438 687 mutus
1464 645 1559 702 pro
1595 629 1825 701 infirmis
1871 645 2212 697 exarmasse,
2243 640 2293 683 et
2314 639 2373 684 ut
2399 628 2565 685 Deum
2601 634 2883 703 potentiam
2910 635 3199 691 exercuisse
3226 635 3496 690 ctelestem.

237 720 310 778 Et
333 720 521 779 homil.
550 722 637 790 18,
677 736 800 794 pag.
817 715 900 778 '55
932 741 944 776 :
970 721 1144 777 Hodie
1169 720 1400 777 Christus
1426 718 1581 775 Iesus
1610 718 1862 776 Dominus
1897 730 2088 787 noster,
2114 722 2170 776 in
2204 737 2303 794 quo
2331 719 2632 778 Divinitatis
2676 732 2755 779 est
2797 725 3081 797 plenitudo,
3106 727 3279 782 carnis
3307 736 3501 783 nostra

142 828 151 841 '
234 827 451 869 mrtuus
470 813 770 885 suscipiens,
798 830 957 869 novus
987 824 1139 869 natus
1170 820 1247 868 est
1268 812 1442 868 homo.
1462 809 1531 866 Et
1555 824 1681 883 pag.
1713 809 1785 865 58
1818 827 1832 863 :
1859 808 2009 875 Quod
2034 813 2083 867 si
2112 810 2222 877 tibi,
2251 827 2493 866 sensuum
2534 820 2735 868 tuorum
2766 814 3072 887 fragilitate,
3098 817 3271 872 minus
3290 815 3501 889 dignum

234 904 435 960 videtur
460 904 508 958 F
510 906 654 961 ilium
676 906 778 961 Dei
798 915 976 961 natum
1005 907 1069 961 de
1095 907 1290 979 femina
1319 903 1546 971 credere,
1577 904 1828 975 virginem
1854 904 2024 975 cogita
2050 903 2324 975 peperisse.
2375 902 2435 959 Si
2475 901 2564 958 tibi
2590 905 2751 975 panni
2784 904 2963 978 quibus
2989 906 3251 963 obvolutus
3278 915 3355 961 est
3392 909 3501 979 for-

237 1003 377 1049 tasse
402 996 663 1063 vilescunt,
686 996 899 1069 angelos
919 995 1274 1054 collaudantes
1302 994 1353 1049 et
1378 993 1761 1049 mstltitudinem
1782 994 1997 1049 caelestis
2024 994 2282 1049 exercitus
2307 993 2587 1049 admirare.
2621 993 2684 1050 Si
2717 1011 2948 1069 prwsepe
2984 998 3039 1053 in
3066 1014 3167 1070 quo
3206 996 3395 1070 Infans
3419 992 3526 1066 ᾔει-⁸

234 1089 338 1143 cuit
364 1088 604 1160 despicis,
623 1091 767 1161 erige
791 1090 1053 1162 paulisper
1079 1089 1273 1155 oculos,
1302 1097 1354 1144 et
1380 1104 1562 1143 novam
1592 1085 1723 1161 [m]
1750 1089 1803 1142 in
1828 1088 1954 1143 coelo
1980 1088 2185 1143 stellam
2206 1096 2573 1160 protestantem
2597 1089 2789 1145 mundo
2824 1069 3142 1147 nativitatem
3524 1069 3536 1084 ’

234 1187 492 1234 contuere.
525 1178 589 1234 Si
616 1180 738 1234 vilia
761 1180 946 1247 credis,
978 1179 1126 1234 crede
1142 1179 1387 1250 miriﬁca.
1420 1176 1481 1234 Si
1509 1177 1573 1231 de
1603 1179 1670 1232 iis
1689 1192 1804 1249 quae
1824 1176 2131 1232 humilitatis
2158 1184 2279 1232 sunt
2316 1177 2570 1248 disputas,
2601 1194 2716 1251 qua:
2741 1180 2850 1233 alta
2877 1187 2998 1234 sunt
3022 1189 3072 1235 et
3095 1180 3318 1236 caelestia
3344 1196 3496 1235 vene-

232 1288 369 1329 rare.
395 1271 595 1327 Iisdem
633 1272 769 1326 enim
806 1270 1161 1344 referentibus,
1198 1270 1480 1344 iisdemque
1518 1269 1814 1326 auctoribus
1843 1269 1910 1325 de
1939 1270 2161 1325 Domino
2182 1268 2474 1337 Salvatore,
2507 1286 2624 1343 qua:
2651 1271 2864 1327 humilia
2886 1280 2936 1326 et
2962 1287 3075 1344 qua
3105 1272 3331 1342 gloriosa
3353 1278 3495 1336 sunt,

233 1366 492 1433 didicisti;
521 1370 760 1422 universa
790 1383 906 1439 quae
933 1367 1002 1421 ad
1027 1367 1212 1423 salutis
1255 1374 1358 1422 tua
1392 1366 1690 1437 mysterium
1716 1364 2061 1436 pertinebant,
2090 1380 2242 1418 sacra
2282 1361 2373 1418 tibi
2408 1361 2696 1437 Evangelia
2723 1364 3077 1437 prodiderunt.
3110 1361 3286 1418 Habes
3320 1365 3379 1419 in
3417 1363 3498 1419 his

234 1460 368 1515 unde
394 1459 679 1515 Dominum
702 1458 882 1515 Iesum
904 1468 955 1514 et
979 1468 1159 1515 nam
1178 1458 1434 1514 hominem
1453 1456 1654 1524 credas,
1684 1465 1735 1512 et
1762 1455 1925 1511 Deum
1950 1471 2063 1511 esse
2090 1453 2329 1510 dubitare
2354 1471 2460 1510 non
2486 1456 2674 1528 passis.

305 1545 374 1602 Χ.
404 1546 722 1617 Quanquam
757 1562 921 1617 porro
956 1545 1217 1603 Maximus
1251 1554 1333 1602 tot
1365 1545 1574 1603 indiciis
1614 1544 2007 1600 manilestatam
2050 1542 2253 1599 Christi
2283 1542 2626 1600 Divinitatem
2671 1544 2836 1601 fuisse
2879 1544 3273 1609 animadvertit,
3313 1543 3496 1600 locar-

235 1637 466 1693 nationis
495 1645 669 1693 tamen
697 1638 1011 1711 mysterium
1032 1638 1246 1694 diabolo
1269 1638 1543 1705 cognitum
1570 1635 1751 1702 fuisse,
1784 1632 2003 1689 Patrum
2030 1634 2371 1704 superion
2398 1631 2476 1705 (a)
2513 1632 2855 1690 traditionem
2899 1643 3135 1699 secutus,
3164 1641 3343 1702 negat.
3376 1632 3491 1688 lio-

229 1728 372 1782 milia
400 1729 544 1784 enim
573 1728 660 1793 57,
690 1743 810 1798 quas
827 1736 911 1801 est
929 1729 1100 1799 prima
1127 1729 1191 1785 de
1215 1728 1564 1801 Quadrages.,
1594 1734 1713 1799 pag.
1750 1726 1870 1793 l07,
1900 1726 1979 1782 sic
2005 1725 2277 1782 diabolum
2303 1725 2511 1783 inducit
2537 1727 2848 1798 loquentem
2880 1746 2894 1781 :
2928 1725 3059 1791 Quae
3091 1726 3199 1783 haec
3228 1735 3332 1781 tam
3361 1742 3494 1783 nova

222 1828 501 1893 potensque
520 1822 782 1893 generatio
810 1823 924 1877 est?
950 1820 1097 1877 Inter
1115 1830 1411 1891 peccatores
1437 1831 1488 1875 et
1512 1822 1698 1892 impios
1737 1827 1909 1884 natus,
1941 1818 2149 1873 mortali
2176 1820 2336 1873 etiam
2363 1819 2428 1874 de
2453 1828 2618 1875 matre
2656 1835 2979 1892 progressus,
3007 1819 3273 1891 purgatior
3299 1819 3493 1873 cunctis

220 1909 567 1978 nascentibus,
599 1920 649 1967 et
673 1915 784 1985 ipso
811 1912 938 1968 mihi
967 1913 1092 1968 caelo
1118 1915 1296 1985 purior
1320 1920 1557 1984 apparet.
1587 1911 1834 1965 Avaritia:
1859 1912 1917 1964 in
1939 1925 2000 1963 eo
2020 1908 2173 1963 radis:
2199 1908 2346 1963 nulla
2367 1910 2651 1982 consurgit,
2670 1908 2815 1963 nulla
2843 1925 2934 1963 cor
2950 1907 3063 1979 ejus
3086 1907 3259 1974 pulsat
3276 1907 3491 1971 invidia,

219 2003 382 2056 nescit
418 2003 600 2075 lingua
635 2005 747 2076 ejus
792 2003 1136 2071 mendacium,
1168 2005 1303 2059 oculi
1342 2004 1457 2075 ejus
1494 2002 1958 2073 concupiscentiam
1986 2017 2091 2055 non
2115 1999 2414 2066 admittunt,
2444 2000 2589 2055 nulla
2625 2003 2829 2055 aurium
2869 2000 3127 2071 voluptate
3163 1997 3410 2065 mollitur,
3441 2010 3492 2053 et

216 2095 338 2166 quid
362 2096 553 2168 plura?
579 2097 712 2153 nihil
737 2100 793 2152 in
820 2116 880 2153 eo
910 2100 1106 2169 reperio
1133 2098 1270 2171 quod
1292 2115 1374 2153 me
1401 2097 1642 2162 delectet;
1667 2111 1844 2151 omnes
1871 2111 2013 2149 meos
2036 2102 2251 2149 conatus
2276 2100 2508 2148 evacuat.
2535 2090 2674 2157 Quid
2699 2092 2891 2164 agam?
2917 2108 3016 2163 quo
3043 2108 3124 2146 me
3144 2090 3478 2146 convertam?

217 2184 510 2243 Fortiorem
547 2189 733 2244 sentio.
763 2188 899 2243 Puto
927 2188 1075 2243 illum
1100 2191 1153 2243 in
1181 2206 1340 2260 regno
1368 2205 1479 2243 meo
1507 2186 1632 2241 velle
1652 2200 1889 2258 regnare,
1912 2201 1977 2265 ne
2007 2186 2140 2255 forte
2166 2183 2308 2238 Deus
2346 2185 2413 2238 sit
2448 2185 2566 2247 iste,
2606 2200 2757 2254 quem
2788 2183 2985 2238 nullum
3014 2190 3181 2254 potest
3220 2183 3491 2236 maculare

217 2275 482 2330 delictum.
524 2276 632 2333 Sed
659 2278 706 2332 si
732 2276 873 2331 Deus
915 2286 1065 2341 esset,
1095 2278 1348 2349 quomodo
1380 2277 1719 2347 indignitates
1755 2284 1934 2343 partus
1966 2275 2172 2345 feminei
2214 2275 2524 2327 sustineret?
2562 2272 2828 2338 Quomodo
2851 2282 2986 2328 esset
3024 2275 3171 2328 cunis
3204 2277 3491 2346 pannisque

220 2370 527 2423 contentus?
552 2367 681 2432 Quis
706 2369 915 2422 credere
934 2369 1093 2439 possit
1116 2370 1355 2439 infantiae
1390 2369 1590 2438 vagitus
1616 2368 1673 2421 in
1694 2365 1843 2419 Deo?
1882 2364 1977 2417 Cui
2007 2381 2110 2418 non
2134 2365 2359 2418 audienti
2380 2366 2652 2419 ridiculum
2678 2376 2773 2429 est,
2798 2366 2965 2419 Deum
2987 2368 3210 2437 femineo
3236 2367 3368 2420 lacte
3392 2384 3488 2421 nn-

220 2460 374 2513 triri?
394 2459 527 2513 Post
554 2448 730 2515 omnia
771 2476 888 2513 ecce
919 2460 1097 2525 esurit,
1128 2474 1245 2512 cum
1279 2459 1454 2530 utique
1478 2458 1673 2511 esurire
1710 2453 1877 2509 Deum
1920 2455 2055 2509 ratio
2091 2454 2236 2509 nulla
2264 2454 2593 2525 persuadeat.
2636 2455 2921 2527 Ignorabat
2959 2458 3201 2511 nimirum
3234 2457 3487 2524 diabolus,

216 2551 335 2621 quia
361 2550 501 2621 quod
526 2550 757 2605 Christus
782 2552 1094 2610 nutrimenta
1119 2549 1407 2622 perferebat
1438 2549 1698 2621 infantia,
1729 2547 1961 2618 quodque
1988 2546 2267 2611 esuriebat,
2311 2556 2368 2600 ut
2400 2548 2568 2613 homo,
2603 2565 2705 2603 non
2744 2560 2856 2603 erat
2884 2551 3186 2622 fragilitatis
3213 2567 3486 2622 corporea.
3558 2610 3568 2616 _

214 2645 305 2699 sed
325 2647 544 2701 cwlestis
567 2646 755 2718 gratia:
780 2653 1227 2700 sacramentum...
1254 2641 1390 2699 Ecce
1410 2651 1636 2696 tentator
1664 2643 1805 2696 trina
1825 2643 1941 2714 jam
1964 2640 2373 2710 interrogatione
2411 2642 2541 2696 nihil
2564 2644 2789 2714 proﬁcit.
2825 2642 3063 2699 Incertus
3100 2645 3237 2698 venit
3259 2643 3489 2714 (tentare

218 2738 544 2810 Christum);
577 2738 709 2794 redit
730 2739 992 2793 incertior.
1034 2735 1235 2792 Eodem
1262 2735 1536 2808 pertinent
1562 2749 1682 2804 quin
1705 2735 1927 2805 copiose
1954 2732 2141 2788 scribit
2168 2730 2389 2785 homilia
2418 2731 2505 2799 ι2,
2537 2750 2655 2804 qua:
2679 2743 2762 2790 est
2781 2743 2933 2790 sexta
2963 2736 3027 2789 de
3050 2733 3483 2808 Quadragesima,

215 2846 330 2904 pag.
372 2831 478 2887 125
503 2847 676 2902 seqq.,
706 2839 763 2886 et
806 2830 1025 2885 homilia
1044 2828 1131 2895 45,
1160 2844 1279 2899 quas
1324 2836 1407 2884 est
1433 2828 1662 2899 septima
1700 2827 1765 2882 de
1807 2823 2240 2900 Quadragesima,
2284 2843 2408 2899 pag.
2442 2825 2545 2880 129
2571 2842 2747 2898 seqq.,
2779 2834 2835 2883 et
2874 2825 3094 2897 humilia
3131 2823 3221 2893 ‘23,
3249 2841 3369 2896 qum
3397 2835 3482 2881 est

213 2928 443 2999 septima
472 2925 535 2981 de
552 2923 871 2996 Epiphania,
897 2936 1020 2993 pag.
1051 2920 1138 2989 66,
1165 2921 1515 2992 pluribusque
1536 2920 1653 2975 aliis
1674 2920 1729 2975 in
1756 2920 1891 2975 locis
1918 2935 2037 2991 qua:
2055 2921 2296 2977 indicare
2323 2938 2433 2977 non
2462 2928 2545 2976 est
2568 2935 2810 2977 necesse.

242 3041 247 3049 λ
280 3017 428 3092 [Lvn]
460 3016 549 3073 XI.
583 3017 660 3073 De
695 3017 959 3086 baptismo
987 3000 1223 3080 Christi,
1248 3013 1422 3084 deque
1450 3011 1796 3069 sanctiﬁcatis
1822 3012 1975 3082 aquis
2003 3014 2221 3083 egregie
2250 3013 2469 3071 disserit
2509 3013 2729 3068 homilia
2775 3011 2871 3077 22,
2919 3027 3040 3082 quia
3087 3020 3170 3068 est
3216 3021 3366 3067 sexta
3413 3014 3479 3071 de

214 3106 512 3183 Epiphania
531 3144 545 3168 ,
579 3119 701 3175 pag.
734 3102 804 3158 62
830 3117 1003 3183 seqq,
1036 3118 1143 3173 quo
1172 3103 1293 3158 loco
1322 3103 1483 3157 etiam
1515 3104 1624 3171 agit
1651 3101 1718 3157 de
1747 3102 1901 3157 stella
1933 3104 2102 3171 magis
2127 3104 2241 3160 visa
2259 3143 2275 3168 ,
2306 3104 2481 3174 deque
2522 3103 2713 3172 insigni
2741 3104 3003 3159 miraculo
3031 3118 3182 3173 aqum
3208 3116 3480 3159 conversae

217 3178 499 3251 inivinnm.
535 3193 726 3258 Hodie,
754 3178 947 3264 inquit,
968 3193 1098 3248 illud
1120 3194 1352 3260 colimus,
1382 3211 1480 3266 quo
1508 3212 1563 3249 se
1593 3192 1781 3266 (Deus)
1812 3196 1868 3249 in
1898 3195 2103 3250 homine
2130 3194 2399 3251 virtutibus
2425 3196 2741 3262 declaravit;
2770 3213 2829 3252 eo
2853 3197 2989 3269 quod
3015 3198 3070 3251 in
3110 3197 3208 3250 hac
3245 3196 3348 3261 die,
3369 3198 3474 3251 sire

214 3287 343 3358 quod
368 3287 421 3340 in
458 3284 583 3339 calo
610 3283 761 3339 stella
788 3291 929 3337 ortus
953 3283 1034 3336 sui
1055 3284 1289 3337 nuntium
1313 3283 1561 3356 prwbuit,
1603 3285 1706 3339 sive
1732 3285 1871 3356 quod
1905 3286 1962 3340 in
1988 3284 2133 3341 Cana
2163 3285 2394 3342 Calilca:
2418 3290 2473 3342 in
2502 3289 2730 3343 convivio
2757 3289 2977 3358 nuptiali
3002 3304 3189 3359 aquam
3215 3290 3268 3343 in
3307 3289 3478 3342 sinunt
3522 3320 3525 3327 -

213 3386 473 3451 convertit,
504 3385 607 3438 sive
632 3381 767 3456 quod
786 3382 839 3435 in
856 3379 1105 3435 Iordanis
1123 3380 1277 3435 undis
1298 3397 1458 3452 aquas
1481 3380 1549 3433 ad
1568 3383 1947 3451 reparationem
1976 3382 2187 3435 humani
2208 3384 2407 3452 generis
2428 3398 2522 3435 suo
2540 3381 2790 3452 baptismo
2809 3383 3143 3434 consecravit.
3170 3378 3237 3435 In
3259 3380 3479 3452 quolibet

213 3480 386 3534 horum
412 3479 601 3534 salutis
628 3488 821 3533 nostra:
846 3478 1091 3549 mysteria
1118 3477 1462 3539 continentur,
1494 3484 1544 3531 et
1570 3477 1780 3547 gaudia.
1814 3475 1982 3532 Nobis
2009 3479 2144 3532 enim
2171 3494 2236 3531 ea:
2270 3476 2484 3548 Virgine
2508 3484 2661 3530 natus
2690 3483 2788 3539 est,
2809 3474 2945 3546 quod
2971 3474 3123 3528 stella
3150 3477 3471 3529 monstravit.

216 3574 373 3629 Nobis
400 3592 467 3630 ea:
495 3573 745 3646 baptismo
772 3574 1034 3628 lavacrum
1060 3589 1360 3627 concessum
1386 3580 1480 3638 est,
1511 3572 1649 3644 quod
1675 3573 1731 3626 in
1757 3571 2006 3627 Iordanis
2036 3572 2179 3625 alveo
2218 3571 2551 3627 consecravit.
2582 3567 2699 3623 Nos
2717 3585 2911 3640 quoque
2936 3569 2990 3622 in
3016 3568 3197 3623 melius
3222 3583 3335 3621 esse
3351 3554 3467 3622 mul-

218 3667 390 3725 tandos
427 3664 886 3738 operismiraculo
923 3664 1364 3735 praemonstravit,
1406 3661 1613 3734 quando
1652 3680 1814 3733 aquas
1858 3664 1914 3715 in
1952 3664 2071 3715 vina
2112 3664 2393 3715 convertit.
2423 3700 2436 3713 .
2464 3700 2478 3714 .
2505 3701 2519 3714 .
2546 3700 2559 3714 .
2604 3657 2895 3714 Insinuavit
2938 3659 3086 3715 nobis
3122 3662 3348 3715 muneris
3392 3660 3476 3713 sui

219 3758 511 3828 baptismum
559 3774 649 3829 per
691 3756 932 3812 secunda:
968 3757 1254 3810 nativitatis
1291 3755 1627 3824 exemplum,“
1659 3762 1708 3806 et
1735 3753 1869 3824 quod
1907 3769 2000 3806 nos
2041 3754 2211 3823 facere
2255 3751 2442 3818 voluit,
2478 3752 2620 3824 prior
2659 3754 2770 3823 ipse
2806 3754 2944 3824 fecit.
2995 3752 3236 3825 Legimus
3262 3753 3471 3809 Iudaeos

218 3848 413 3902 diversa
463 3848 555 3903 sub
601 3847 713 3918 lege
753 3845 989 3900 habuisse
1030 3844 1365 3916 baptismata,
1412 3844 1503 3897 sed
1551 3842 1749 3896 nullum
1792 3858 1858 3896 ea:
1902 3843 1983 3896 his
2028 3849 2207 3897 contra
2235 3844 2672 3914 prazvaricationis
2700 3844 2892 3899 malum
2918 3846 3207 3917 generalem
3234 3849 3472 3918 conferre

220 3938 378 4005 potuit
396 3936 723 3990 medicinam.
749 3933 821 3987 Et
850 3933 967 3987 ideo
995 3950 1088 4004 pro
1117 3931 1436 3986 absolutione
1476 3933 1628 3987 totius
1650 3931 1843 3986 mundi
1869 3933 2168 4004 indigebant
2207 3936 2608 4006 regenerationis
2630 3953 2777 4009 aqua
2814 3938 3009 3992 salitus
3032 3940 3367 4010 sanctiﬁcari.
3406 3938 3475 3991 Et

222 4029 337 4099 quia
362 4044 451 4098 per
473 4027 765 4081 universum
792 4025 1039 4080 mundum
1079 4032 1456 4079 sacramentum
1496 4022 1736 4095 baptismi
1781 4024 2003 4096 humano
2045 4027 2221 4097 generi
2266 4044 2392 4099 opus
2438 4038 2579 4095 erat,
2612 4031 2848 4084 omnibus
2892 4033 3037 4102 aquis
3069 4030 3470 4087 benedictionem

223 4114 376 4181 dedit,
406 4115 606 4186 quando
631 4117 688 4170 in
711 4114 963 4170 Iordanis
990 4114 1187 4169 alveum
1211 4117 1365 4167 unica
1386 4130 1448 4167 ac
1473 4114 1728 4185 singulari
1754 4114 1942 4185 pietate
1963 4115 2243 4170 descendit.
2272 4115 2413 4172 Tunc
2442 4118 2697 4174 Christum
2718 4119 2994 4176 Dominum
3026 4139 3127 4178 non
3152 4125 3277 4177 lavit
3310 4124 3472 4189 unda,

220 4222 367 4279 quam
393 4205 495 4261 lota
515 4214 611 4261 est.
646 4204 759 4259 Tibi
786 4222 907 4277 ergo
928 4205 1190 4259 nascendo
1217 4203 1450 4260 Christus
1488 4205 1715 4271 advenit,
1756 4205 1845 4260 tibi
1883 4208 2094 4262 vivendo
2133 4209 2392 4275 militavit,
2433 4210 2523 4265 tibi
2560 4214 2825 4267 moriendo
2854 4216 3107 4285 conﬂixit.
3142 4213 3301 4279 Quem
3329 4217 3472 4270 vides
3516 4278 3521 4283 ἢ

222 4313 309 4367 pro
337 4304 386 4349 te
410 4305 682 4360 mortuum,
711 4311 805 4366 pro
834 4304 882 4348 te
904 4294 1134 4367 intellige
1158 4293 1491 4366 baptizatum.
1526 4294 1669 4351 Talis
1707 4298 1917 4352 omnino
1954 4301 2109 4353 etiam
2150 4308 2270 4353 ante
2308 4300 2615 4372 baptismum
2644 4306 2771 4376 fuit;
2801 4313 2850 4357 et
2875 4306 2990 4360 ideo
3019 4323 3309 4378 praecursor
3335 4309 3466 4378 ejus,
3516 4364 3521 4369 ,

224 4396 362 4461 atque
387 4386 620 4460 Baptista
638 4389 713 4442 ita
739 4403 875 4455 eum,
906 4402 1019 4440 cum
1047 4385 1117 4439 ad
1143 4403 1199 4440 se
1219 4386 1557 4456 baptizandus
1579 4390 1789 4453 veniret,
1814 4389 2094 4460 alloquitur
2118 4406 2135 4444 :
2172 4389 2405 4457 Domine,
2435 4409 2526 4463 ego
2556 4410 2587 4446 a
2613 4403 2661 4447 te
2685 4394 2838 4449 debeo
2860 4396 3131 4467 baptizari,
3167 4407 3216 4451 et
3245 4407 3299 4451 tu
3331 4400 3473 4453 venis

226 4486 432 4552 ad,mc?
467 4485 605 4552 Quid
632 4485 914 4539 evidentius
936 4483 1001 4536 de
1030 4482 1219 4536 Christi
1257 4483 1485 4537 nondum
1514 4484 1761 4554 baptizati
1786 4486 2049 4554 puritate?
2086 4483 2224 4549 Quid
2247 4488 2473 4558 fortius?
2500 4487 2612 4559 Ego
2645 4506 2676 4541 a
2706 4498 2752 4541 te
2775 4488 2928 4542 debeo
2957 4489 3242 4560 baptizari,
3273 4491 3327 4544 id
3364 4502 3466 4555 est,

225 4577 302 4647 qui
321 4578 430 4648 fons
454 4594 504 4632 es
526 4578 858 4659 innocentia,
888 4577 974 4649 qui
1002 4575 1144 4629 nullo
1182 4574 1401 4645 indiges,
1432 4574 1557 4628 dare
1583 4578 1705 4640 scis,
1736 4580 1903 4631 nescis
1940 4572 2187 4651 accipere.
2213 4578 2366 4633 Haud
2394 4594 2549 4635 secus
2578 4584 2685 4649 agit
2712 4582 2899 4636 homil.
2931 4580 3019 4644 29,
3042 4597 3160 4649 quae
3188 4591 3270 4635 est
3297 4583 3466 4651 prima

160 4684 166 4690 '
192 4720 195 4723 .
228 4664 286 4718 de
310 4664 557 4735 Baptismo
598 4661 808 4731 Christi,
831 4678 953 4735 pag.
983 4662 1072 4729 86,
1101 4678 1209 4733 quo
1237 4663 1358 4718 loco
1385 4681 1397 4716 ε
1431 4662 1622 4732 Hodie,
1647 4665 1853 4735 inquit,
1872 4666 2113 4722 Salvator
2141 4670 2350 4722 humani
2388 4671 2589 4740 generis
2610 4670 2899 4723 celestibus
2926 4676 3164 4725 ostensus
3190 4672 3395 4726 indiciis
3433 4692 3465 4727 a

192 4800 195 4803 '
241 4796 366 4871 ull)
400 4796 454 4852 8.
476 4797 643 4871 lgnat.
668 4796 1003 4871 mart.__epist.
1017 4795 1097 4871 ad
1123 4794 1517 4871 Ephes._,‘nu_m.
1545 4795 1633 4871 l9,
1657 4812 1759 4867 pag
1887 4808 2044 4871 roret,
2088 4807 2213 4871 etc.
2236 4799 2439 4853 Eodem
2487 4800 2730 4871 recidunt
2756 4816 2873 4871 qum
2912 4804 3095 4860 scribit
3124 4803 3309 4862 Iobius
3346 4824 3462 4865 mo-

236 4863 990 4939 Ἀξιοξιιξιινεψς)δι‹›1μί-‹5ος.⁸
1016 4863 1231 4939 Patrum
1271 4866 1399 4921 edit.
1433 4863 1777 4939 Londinfan.
1816 4898 1823 4939 ;
1886 4868 2109 4939 nachus,
2161 4868 2252 4923 lib.
2304 4886 2373 4924 vn
2413 4870 2551 4939 apud
2599 4863 2846 4926 Photium
2886 4873 3005 4929 cod.
3046 4872 3166 4929 222.
3210 4863 3462 4936 Μίιιυηᾶε

226 4934 389 5015 illiti;
415 4934 679 5015 Origenis:
701 4934 899 5015 homil.
917 4935 950 4989 li
978 4936 1043 5015 ξπ)-
1056 4935 1293 5015 ivngam,
1324 4949 1458 5015 pag.
1491 4934 1612 5015 Sil,
1645 4944 1787 5015 tom:
1816 4938 1825 4943 '
1887 4934 2105 5006 ahctore
2132 4934 2633 5015 commentarioer
2663 4941 2745 5015 .inA
2763 4940 3047 5015 Evangelia
3079 4946 3217 5015 (qua:
3245 4934 3456 5015 quidem

235 5001 294 5084 ill
317 5020 454 5075 oper.
481 5001 828 5084 edit.__Venc_t.
855 5021 942 5059 an.
976 5003 1131 5084 illiti;
1152 5003 1316 5060 Vetus
1328 5001 1532 5084 auctor
1551 5004 1787 5084 homilizd
1880 5001 2263 5084 commentaria
2294 5010 2508 5084 nomine
2546 5009 2826 5084 'llheophili
2872 5001 3189 5071 Aiitiocbeni
3226 5001 3456 5072 circum:

240 5075 287 5148 in
326 5084 547 5148 sanctam
583 5077 782 5148 Christi
821 5077 1355 5148 εςρξιιθιιεηῇυῃεειι),ἠέ⁸
1377 5075 1428 5137 5,
1461 5078 1579 5148 ςιιμω
1606 5082 1809 5148 exstqt-
1877 5075 2167 5148 feruntur),
2191 5078 2257 5134 de
2303 5079 2513 5134 Andrea
2561 5075 2822 5148 Cretensi,
2854 5084 2921 5138 de
2958 5094 3145 5141 sancto
3182 5085 3457 5144 Bernanlo

240 5142 288 5196 in
320 5159 380 5216 pp
444 5147 528 5201 nd.
576 5146 643 5201 ad
689 5142 852 5215 opera
888 5145 1057 5200 sancti
1093 5144 1270 5198 Basilii
1308 5142 1521 5214 Magni,
1545 5152 1672 5215 tom.
1714 5142 1780 5221 ll,
1882 5145 2077 5221 dicere.
2112 5147 2225 5204 Hoc
2251 5150 2423 5205 dicam
2450 5150 2612 5206 breve
2645 5170 2657 5204 :
2688 5142 3023 5209 communem
3053 5154 3192 5210 hanc
3210 5164 3266 5209 et
3297 5142 3455 5215 fuisse

240 5226 346 5266 Mil.
377 5160 470 5266 ἓξι
495 5217 617 5266 edit.
650 5214 818 5266 Paris.
848 5230 933 5266 an.
966 5213 1131 5266 1722ε
1162 5215 1331 5266 sancti
1358 5212 1579 5266 Ioannis
1606 5214 1779 5266 Chrv-
1879 5224 2185 5266 sanctorum
2216 5217 2452 5266 Patrum-
2484 5228 2539 5266 et
2567 5236 2685 5266 ρςςιρ
2715 5223 3083 5266 ihmlnnnmm
3110 5227 3428 5266 epnlnnlimm

240 5212 617 5291 pag'.'55li_edit.
650 5212 818 5291 _Paris.
842 5230 933 5291 _an.
966 5213 1131 5280 1722;
1162 5215 1331 5291 sancti
1358 5212 1779 5291 Ioannisllhr'yq-
1879 5214 2185 5291 sanctorum
2215 5217 2452 5291 Patrum,
2484 5228 2539 5275 et
2567 5236 2685 5276 esse
2715 5223 3083 5291 theologorum
3110 5212 3450 5283 sententiam.

241 5285 443 5357 §pslomi
473 5284 708 5357 Exposit.
732 5284 877 5357 _psal.
909 5299 1224 5357 x1.t_x_,_num.
1255 5284 1308 5346 2,
1336 5282 1463 5357 pag.
1492 5282 1613 5347 225,
1644 5282 1785 5339 tom.
1822 5310 1830 5319 -
1880 5285 2053 5352 Quid?
2100 5289 2181 5342 An
2219 5289 2489 5344 diabolum
2534 5293 2807 5347 metuebat
2842 5282 3016 5350 DEus?
3043 5294 3278 5351 Minime.
3311 5294 3453 5352 Sane

243 5347 441 5435 Χορος,
470 5347 790 5435 ediLi’ari's.
822 5368 911 5408 an.
944 5352 1112 5435 l7_24;
1150 5347 1773 5435 sanctus‘ﬂieron'ymus,
1799 5378 1805 5407 τ
1858 5347 1986 5410 :non
2042 5358 2314 5435 metuebat
2362 5359 2628 5435 Herodem
2681 5362 2876 5431 (quem
2900 5347 3452 5435 ienbngomnipdteiis

415 5423 821 5501 iullatlhaaum,
850 5421 1054 5501 capti.
1084 5416 1203 5501 P?$'
1249 5422 1332 5488 η’
1376 5431 1503 5477 ⁸⁰¹¹¹⁶
1547 5416 1627 5501 ῃ(
1645 5416 1807 5501 θδίηιίεί

1878 5429 2166 5501 metuat’),
2197 5429 2290 5501 sed
2327 5416 2563 5501 consilio,
2597 5416 2809 5501 summa
2826 5416 3289 5498 isuoviroluitfui
3302 5416 3447 5489 'éit'iui

206 5547 211 5553 _
403 5508 483 5547 au.
512 5494 673 5571 imi;
704 5483 933 5571 sanctus.
966 5483 1100 5571 Leo;
1112 5483 1349 5571 Magnus,
1379 5508 1539 5571 ser_m.
1570 5494 1657 5561 21,
1685 5491 1825 5571 qui}
1878 5483 2570 5571 Christus,'infansﬁlateret,
2598 5483 2822 5571 eiusque
2850 5483 3019 5560 inrori
3038 5483 3446 5571 subduceretur,

245 5565 320 5643 fit
352 5563 593 5643 secundus
617 5563 1004 5643 deﬂagrante
1050 5560 1280 5643 Domini,
1310 5578 1425 5631 cap.
1454 5564 1504 5643 ξι,
1535 5560 1654 5635 pag.
1670 5560 1821 5643 fi,“
1878 5564 2361 5643 transferreturque
2405 5571 2459 5624 in
2505 5560 2903 5643 Egiptu'm,ut
2942 5582 3023 5627 cst
3069 5574 3121 5626 in
3161 5560 3455 5643 Evangelia

249 5632 363 5711 tom.
400 5629 421 5683 ι
445 5634 804 5711 opemmedit.
828 5632 982 5711 Rom.
1024 5646 1113 5686 an.
1133 5630 1300 5711 _1155,
1328 5629 1436 5701 quo
1462 5629 1583 5711 loco
1606 5629 1629 5687 ἶ
1876 5629 2519 5711 secundum'ﬂa’tthmttm,
2547 5629 2665 5711 esi):
2703 5656 2759 5694 ιι.
2790 5629 2913 5711 Non
2934 5655 3063 5709 ergo
3090 5656 3156 5711 ex
3184 5629 3454 5696 occultata

247 5700 412 5780 ἱρειιζιι.
433 5700 759 5783 dilectissimi,
790 5704 980 5775 inquit,
1008 5702 1145 5776 quod
1181 5700 1412 5783 Christus
1440 5707 1583 5757 nasci
1624 5706 1775 5826 elegit
1874 5706 2089 5761 diabolo
2129 5700 2683 5781 incarnatione'Ver'bi
2723 5700 3025 5766 verendum”
3042 5710 3141 5765 erit
3176 5723 3243 5762 ne
3274 5720 3451 5767 metu;

249 5778 306 5815 ουτ
328 5783 524 5826 vti-ttae.
551 5790 710 5826 nonne
728 5782 939 5826 apparet
958 5773 1225 5826 altissimae
1246 5774 1401 5826 fuisse
1420 5774 1675 5826 rationis?
1736 5772 1772 5826 τι
1876 5776 1976 5826 ulla
2011 5776 2062 5826 in
2094 5774 2258 5826 Deum
2288 5778 2480 5826 cadere
2506 5781 2673 5826 noscit
2708 5778 2943 5826 susoiciu

551 5790 710 5852 nonne
728 5772 939 5852 apparet
958 5772 1225 5852 altissimae
1244 5774 1675 5852 fuisserqtionis?
1702 5772 1772 5827 l’t
1876 5776 1976 5830 ulla
2011 5776 2062 5829 in
2094 5772 2265 5830 Deum
2288 5778 2480 5836 cadere
2506 5781 2673 5852 possit
2708 5778 2943 5845 suspicio

253 5833 603 5895 scilicel'natam
631 5833 833 5898 humani
873 5846 1071 5905 generis
1112 5833 1326 5898 salutem
1367 5843 1598 5897 diabolus
1625 5845 1771 5911 igno-
2232 5870 2238 5874 ε
2460 5833 2470 5836 Ὗ
2509 5833 2522 5852 ⁸
2576 5870 2582 5876 ·
