4050 6356
1007 201 1117 225 44

525 308 602 389 η
1964 311 2350 381 ΡωΑτιο.
3775 307 3886 368 ω

529 433 793 498 Chaldcis
810 437 889 491 est
909 431 1174 498 adoratus.
1205 429 1382 500 Rodii
1399 429 1634 498 Christus
1663 427 1797 486 beati
1822 427 2046 491 Joannis
2072 427 2358 490 ministeria
2385 426 2577 492 ﬂuenta
2603 424 2852 490 Iordanis
2881 423 3232 494 bettedictione
3251 423 3449 496 proprii
3475 419 3883 496 baptismatis

893 523 1068 586 Hodie
1103 527 1264 588 etiam
1305 525 1552 590 invitatus
1584 522 1653 590 ad
1679 522 1886 593 nuptias
1927 520 2212 582 divinitatis
2253 535 2362 580 sua;
2387 519 2669 594 potentiam
2697 518 3068 590 manifestans,
3097 533 3260 590 aquas
3286 517 3343 570 in
3369 515 3573 584 vinum,
3621 527 3878 591 aquas,

531 620 758 692 inquam
787 619 937 682 vertit
959 619 1017 684 in
1042 618 1236 686 viuum,
1269 619 1365 681 hoc
1391 626 1487 686 est,
1517 632 1648 690 quat
1675 615 2017 686 sanctiﬁcavit
2044 615 2098 668 in
2121 612 2394 686 baptismo,
2415 611 2706 676 nobilitavit
2727 613 2783 666 in
2807 610 3018 682 nuptiis.
3049 607 3174 663 Tria
3199 607 3404 678 quidem
3427 607 3559 674 lucc,
3591 610 3880 682 fratr“,

533 711 684 768 unius
701 710 828 782 ﬁdei
844 711 1093 782 mysteria
1118 725 1462 776 sumamus,
1491 707 1583 764 sed
1601 723 1716 780 qua
1735 723 1826 779 per
1847 721 2004 770 unum
2026 703 2303 760 Dominum
2323 701 2558 778 dignatio
2583 699 2850 768 Trinitatis
2873 698 3114 771 implevit.
3142 695 3322 770 Neque
3337 695 3493 752 etiam
3521 697 3875 774 aliquando

531 801 592 857 its
617 801 917 871 cperaqu
942 801 1187 862 virtutum
1205 799 1386 860 abesse
1414 796 1516 861 sibi
1541 797 1717 863 unitas
1747 803 1930 868 potest,
1969 803 2060 850 aut
2081 809 2302 864 unquam
2329 793 2560 864 separari
2599 791 2662 850 ab
2691 792 2905 856 invicem
2943 789 3148 862 poterit,
3177 787 3312 862 quod
3338 787 3532 844 deitate
3555 800 3640 843 est
3667 791 3872 848 indi-

742 890 976 964 Denique
996 905 1114 950 cum
1140 889 1486 960 baptisaretur
1513 887 1776 954 Salvator,
1803 902 1908 942 non
1935 901 1990 942 se
2017 883 2193 950 deesse
2217 881 2492 954 Unigeuito
2522 880 2684 946 Pater
2711 883 2766 935 in
2793 897 2912 936 voce
2929 878 3187 951 prodidit,
3221 876 3446 947 Spiritus
3464 879 3519 930 in
3546 877 3865 934 columba.

491 975 501 988 ”
534 981 664 1044 Non
686 999 808 1054 ergo
833 983 1096 1048 miremur,
1117 984 1339 1054 Intres,
1363 979 1545 1052 quibus
1581 981 1639 1034 in
1674 977 1780 1051 ﬁde
1816 985 1893 1037 est
1935 975 2184 1043 Trinitas,
2213 975 2260 1032 si
2297 976 2398 1032 tria
2423 991 2583 1037 unum
2610 973 2758 1029 nobis
2787 973 2922 1028 dum
2946 971 3188 1044 mysteria
3216 980 3600 1026 consecrarunt.
3639 971 3871 1028 Hodie

534 1079 724 1148 itaque,
753 1082 813 1138 ut
848 1075 1093 1139 Minus,
1123 1075 1294 1145 majus
1333 1091 1424 1145 per
1463 1073 1667 1132 stellam
1705 1069 1875 1144 [cvm]
1913 1071 2124 1141 reperit,
2149 1067 2284 1140 quod
2308 1067 2520 1128 Judteus
2549 1067 2756 1132 credere
2782 1067 2947 1130 noluit
2976 1083 3066 1139 per
3091 1063 3387 1136 prophetas.
3421 1059 3597 1118 Hodie
3640 1066 3858 1134 genti-

535 1167 660 1225 litus
684 1166 868 1228 edocto
889 1165 953 1220 de
980 1165 1106 1225 calo
1140 1165 1531 1232 Redemptor-em
1555 1163 1736 1230 mundi
1760 1163 1974 1234 inquirit
2000 1171 2059 1226 ut
2083 1177 2276 1234 regem,
2299 1169 2599 1218 muneratur
2617 1170 2674 1224 ut
2702 1161 2906 1236 fortem,
2937 1159 3122 1222 adorat
3149 1165 3205 1210 ut
3233 1153 3419 1210 Deum.
3449 1197 3462 1209 .
3487 1195 3504 1211 .
3533 1196 3546 1209 .
3578 1196 3592 1210 .
3635 1155 3860 1214 Viden

532 1264 586 1316 at
611 1255 879 1320 intendite,
909 1257 1119 1328 fratres,
1151 1263 1400 1328 quantum
1429 1257 1614 1328 gratia
1641 1254 1705 1310 de
1733 1254 1910 1312 divina
1940 1253 2241 1324 dignatione
2264 1252 2558 1308 mortalitas
2589 1261 2945 1321 consequatur.
2981 1248 3122 1303 Nam
3145 1258 3201 1302 ut
3227 1247 3580 1302 sacratissima
3607 1249 3853 1304 redem-

536 1347 728 1404 vtionis
757 1353 951 1401 nostra:
987 1347 1234 1417 mysteria
1261 1347 1650 1436 conﬁt-minuit,
1677 1353 1731 1402 et
1757 1354 1809 1402 ut
1839 1345 2164 1416 manifestius
2194 1351 2392 1403 aeterna
2421 1342 2568 1402 nobis
2611 1341 2841 1397 Trinitas
2870 1341 3200 1406 revelaretur,
3233 1340 3523 1412 baptizatur
3551 1337 3742 1402 Filius
3777 1343 3848 1395 iss

537 1435 790 1503 Iordane,
823 1435 1050 1508 Spiritus
1093 1439 1383 1508 sancti/ient
1411 1428 1810 1504 sacramentum,
1860 1435 2024 1495 Pater
2071 1437 2237 1506 aperit
2282 1437 2566 1492 veritatem.
2601 1475 2614 1488 .
2651 1474 2666 1488 .
2699 1475 2716 1491 .
2758 1428 2932 1492 Hodie
2959 1433 3322 1500 nihilominus,
3353 1441 3410 1486 ut
3437 1429 3750 1504 perhibetur
3805 1450 3844 1485 ιι

540 1526 810 1594 Patribus,
840 1525 1100 1590 Dominus
1118 1529 1267 1584 Iesus
1294 1530 1350 1584 in
1377 1527 1524 1594 Cana
1553 1525 1790 1585 Galiltsat
1817 1525 1881 1587 de
1909 1525 2055 1595 aquis
2092 1524 2262 1597 olfacit
2288 1525 2478 1582 vinum.
2511 1522 2664 1593 Nihil
2690 1540 2723 1578 a
2750 1522 2892 1582 vobis
2913 1530 3020 1588 est,
3052 1524 3261 1598 fratres,
3305 1522 3360 1575 in
3388 1519 3696 1596 huiusmodi
3730 1523 3843 1575 mi-

539 1615 792 1680 rabilibus
819 1615 885 1672 de
913 1613 1157 1672 Creatore
1185 1617 1549 1682 cunctandum.
1585 1612 1689 1690 Qui
1715 1615 1854 1681 enim
1889 1616 1948 1676 in
1985 1614 2200 1676 exordio
2228 1614 2406 1678 mundi
2433 1614 2576 1670 dedit
2612 1630 2726 1670 esse
2762 1631 2954 1686 aquas;
2983 1615 3039 1668 in
3077 1615 3182 1686 fine
3207 1629 3406 1688 quoque
3445 1611 3650 1677 mundi,
3684 1612 3840 1686 quod

539 1708 720 1775 voluit,
752 1709 874 1780 fecit
895 1725 962 1767 ea:
991 1710 1160 1780 aquis.
2473 1768 2480 1776 ,
3167 1713 3179 1725 ⁸

611 1799 996 1863 Verumtamen
1018 1809 1173 1869 roget
1199 1801 1485 1872 quispiam,
1515 1801 1608 1872 qui
1637 1799 1852 1866 tandem
1879 1797 2142 1861 Maximus
2167 1797 2463 1865 Christum,
2492 1799 2594 1861 etsi
2621 1804 2866 1862 sanctum
2884 1837 2900 1863 ,
2931 1806 3288 1870 regeneratum
3317 1803 3495 1854 tamen
3523 1795 3829 1868 baptismo,

540 1908 664 1950 cum
693 1893 821 1948 alibi
865 1891 1182 1962 aliquando,
1226 1900 1341 1956 tum
1385 1895 1572 1953 bomil.
1621 1895 1717 1962 50,
1746 1911 1868 1967 quae
1896 1896 2132 1955 secunda
2159 1907 2242 1954 est
2268 1896 2332 1952 de
2362 1895 2630 1967 Baptismo
2659 1893 2878 1958 Christi,
2910 1907 3030 1964 pag.
3065 1891 3134 1948 89
3161 1908 3300 1962 seq.,
3344 1889 3609 1956 afﬁrmet,
3645 1907 3832 1962 neque

539 1996 675 2044 vero
705 1982 761 2040 id
785 1984 984 2049 solum,
1011 1983 1110 2040 sed
1139 1983 1304 2048 etiam
1333 1986 1716 2055 sanctiﬁcatum
1743 1985 1923 2044 dicat?
1951 1987 2125 2044 Habet
2153 1987 2296 2046 enim
2322 1987 2430 2044 hoc
2453 1985 2614 2044 modo
2640 2003 2653 2040 :
2687 1984 2756 2040 In
2782 2001 2886 2040 uno
2914 1984 3188 2054 eodemque
3221 1993 3468 2053 tempore,
3498 2001 3651 2058 quem
3676 1986 3830 2056 gem"

541 2081 655 2130 tum
679 2073 914 2136 homines
943 2073 1338 2145 gratulabantur
1363 2074 1420 2128 in
1451 2083 1620 2142 terra,
1665 2077 2049 2148 sanctiﬁcatum
2075 2076 2340 2132 laetaretur
2367 2078 2426 2130 in
2450 2076 2587 2140 ccelis
2611 2115 2625 2130 .
2659 2115 2674 2130 .
2705 2115 2719 2128 .
2745 2114 2759 2128 .
2788 2114 2800 2130 .
2833 2072 2972 2130 Novi
3007 2078 3185 2146 partus
3213 2090 3343 2128 nova
3377 2083 3641 2129 merentur
3676 2071 3825 2130 obse-

539 2165 682 2235 quia.
721 2163 810 2220 Ibi
839 2181 956 2224 cum
979 2165 1261 2229 secundum
1295 2166 1552 2232 honsiuem
1579 2169 1830 2236 nascitur,
1855 2179 2022 2226 mater
2041 2168 2217 2225 Maria
2241 2185 2358 2224 eum
2385 2184 2478 2225 suo
2513 2168 2629 2222 sinu
2663 2168 2991 2240 circumfovet
3011 2183 3029 2219 :
3060 2167 3142 2221 hic
3170 2183 3285 2223 cum
3321 2167 3606 2234 secundum
3629 2175 3809 2238 myste-

539 2255 677 2310 rium
696 2271 966 2323 multum.
991 2271 1110 2321 cum
1134 2255 1273 2314 Deus
1296 2257 1458 2321 Pater
1481 2275 1576 2314 sua
1603 2276 1724 2318 voce
1741 2261 2112 2332 complectitur.
2146 2259 2254 2316 Sed
2282 2261 2412 2315 nihil
2441 2268 2519 2315 est
2546 2259 2691 2329 quod
2717 2258 2959 2330 expediri
2988 2267 3095 2314 tam
3133 2256 3288 2314 facile
3316 2257 3504 2332 possit.
3534 2255 3816 2322 Renatum,

538 2353 918 2416 regeneratum,
948 2345 1332 2416 sanctiﬁcatum
1359 2346 1466 2404 dici
1497 2362 1528 2402 a
1555 2347 1790 2404 Maximo
1815 2329 2108 2416 Christum,
2137 2351 2246 2416 aio,
2277 2366 2386 2415 non
2413 2364 2521 2429 quo
2549 2329 2803 2405 Christus,
2828 2349 2943 2422 ipse
2969 2348 3258 2420 quidquam
3288 2329 3448 2406 inierit
3472 2357 3821 2412 consecutus,

542 2453 653 2508 quo
681 2437 1160 2506 antea'caruisset;
1189 2439 1282 2498 sed
1311 2454 1419 2510 quo
1459 2456 1518 2496 se
1545 2441 1708 2499 talem
1753 2441 2111 2499 manifestat-it
2137 2441 2478 2507 mortalibus,
2510 2442 2683 2512 qualis
2710 2449 2830 2496 erat
2863 2439 3070 2510 reipsa,
3101 2448 3344 2494 sanctum
3373 2454 3593 2510 nempe;
3625 2447 3681 2493 et
3711 2455 3826 2510 quo

546 2525 792 2584 Christus
820 2531 964 2592 idem
990 2532 1340 2588 sanctiﬁcarit
1365 2547 1552 2602 aquas,
1583 2533 1720 2588 adeo
1749 2540 1808 2588 ut
1833 2533 1926 2602 qui
1953 2532 2209 2602 baptizati
2231 2548 2330 2590 suo
2355 2531 2622 2600 baptismo
2651 2539 2848 2597 essent,
2881 2529 3042 2584 iidem
3071 2538 3478 2585 renascerentur
3500 2544 3561 2584 ac
3588 2542 3833 2596 regene-

543 2629 813 2686 rarentur.
842 2623 976 2678 Nam
1005 2625 1060 2680 in
1087 2623 1276 2683 eadem
1303 2625 1394 2680 illa
1421 2624 1641 2684 homilia
1670 2624 1755 2688 50,
1788 2637 1909 2695 pag.
1943 2622 2030 2690 90,
2072 2639 2196 2694 cum
2223 2623 2329 2682 hoc
2356 2622 2455 2681 sibi
2497 2620 2784 2690 obiecisset
2833 2620 3096 2676 Maximus
3137 2639 3149 2675 :
3184 2620 3245 2676 Si
3278 2632 3484 2676 sanctus
3521 2628 3626 2686 est,
3658 2637 3829 2690 quare

545 2712 704 2768 voluit
757 2713 1054 2782 baptizari?
1105 2713 1196 2772 Sic
1246 2713 1526 2784 respondit
1567 2732 1581 2767 :
1635 2715 1773 2768 Audi
1830 2731 1982 2788 ergo,
2037 2713 2154 2768 ideo
2215 2711 2504 2792 baptizatur
2557 2710 2824 2778 Christus,
2877 2727 2982 2766 non
3033 2719 3090 2766 ut
3139 2709 3493 2796 sanctiﬁcelur
3537 2707 3600 2763 ob
3650 2712 3825 2780 aquis,

546 2805 640 2860 sed
682 2813 739 2859 ut
789 2823 950 2877 aquas
1000 2808 1110 2878 ipse
1155 2807 1474 2878 sanctiﬁcet,
1531 2815 1582 2862 et
1634 2807 1996 2878 puriﬁcatione
2046 2807 2125 2862 sui
2177 2807 2376 2878 ﬂuenta
2436 2804 2670 2875 purificet
2733 2802 2826 2857 illa
2887 2819 3002 2874 quae
3048 2805 3233 2874 tangit.
3299 2801 3628 2858 Consecratio
3685 2804 3823 2857 enim

544 2894 740 2952 Christi
785 2899 1102 2956 consecratio
1147 2907 1224 2952 est
1259 2897 1430 2968 major
1479 2897 1735 2956 clamanti.
1793 2895 1936 2952 Nam
1979 2913 2093 2952 cum
2140 2897 2382 2952 Salvator
2423 2905 2598 2950 noster
2650 2891 2890 2958 abluitur,
2934 2895 3048 2966 jam
3088 2903 3206 2946 tunc
3250 2894 3304 2947 in
3353 2895 3522 2948 nostri
3569 2893 3824 2964 baptisma

545 2997 655 3044 tota
699 3003 836 3059 aqua
883 2989 1192 3054 mandatur;
1235 2997 1286 3042 et
1335 2988 1647 3060 puriﬁcatur
1701 2989 1840 3060 fons,
1869 2995 1928 3044 ut
1956 2988 2205 3044 secuturis
2255 2985 2580 3058 postmodum
2627 2984 2829 3054 populis
2857 2982 3051 3037 lavacri
3081 2985 3249 3058 gratia
3280 2971 3619 3036 ministretur.
3671 2979 3818 3038 Prte-

547 3078 698 3142 cedit,
727 3097 848 3152 ergo
890 3097 982 3148 per
1031 3079 1370 3150 baptismum,
1419 3088 1474 3136 ut
1516 3077 1798 3136 Christiani
1835 3088 1952 3150 post
1999 3093 2116 3133 eum
2160 3076 2478 3148 conﬁdenter
2531 3071 2705 3147 populi
2753 3075 3144 3146 subsequantur,
3203 3081 3307 3128 etc.
3352 3071 3419 3127 Et
3447 3073 3500 3126 in
3548 3073 3822 3144 superiore

547 3171 766 3228 bomilia
815 3186 935 3244 quae
979 3171 1050 3236 29
1095 3187 1352 3246 numero,
1397 3171 1652 3244 priorque
1695 3179 1778 3226 est
1826 3171 1890 3226 de
1928 3169 2192 3242 Baptismo
2221 3167 2430 3232 Christi,
2463 3181 2584 3236 pag.
2637 3165 2705 3219 87
2755 3181 2894 3237 seq.,
2944 3163 3204 3221 Joannem
3253 3166 3330 3222 sic
3373 3164 3648 3220 Christum
3695 3167 3822 3220 allo-

546 3274 796 3336 quonteln
843 3267 1096 3338 proponit
1137 3283 1154 3322 :
1194 3265 1309 3338 Ego
1353 3267 1527 3338 utique
1569 3282 1600 3320 a
1651 3274 1700 3328 te
1744 3263 1901 3324 debeo
1938 3263 2224 3338 baptizari,
2263 3265 2383 3337 quia
2411 3264 2538 3318 mihi
2566 3274 2641 3318 est
2669 3281 2734 3318 ex
2761 3272 2980 3335 paterna
3007 3263 3431 3333 prtevaricatione
3458 3264 3742 3334 corruptio,
3768 3269 3819 3315 et

545 3357 637 3416 tibi
676 3359 730 3426 in
757 3367 975 3430 paterna
1004 3359 1279 3430 maiestate
1305 3359 1616 3419 communio.
1641 3397 1657 3412 .
1684 3397 1698 3412 .
1739 3397 1752 3410 .
1788 3397 1802 3412 .
1833 3356 1944 3430 Ego
1975 3367 2233 3417 terrenum
2269 3356 2494 3426 animal,
2536 3365 2587 3410 tu
2626 3357 2802 3428 Agnus
2850 3355 2968 3409 Dei.
3021 3353 3134 3435 Ego
3162 3357 3358 3426 peccati
3404 3355 3514 3426 lege
3557 3353 3824 3418 mortalis,

546 3456 600 3502 tu
646 3457 815 3517 autem
863 3447 1107 3509 adversus
1153 3456 1365 3516 peccata
1411 3449 1616 3510 veniens
1661 3449 1828 3502 nescis
1870 3445 2136 3518 subjacere
2171 3458 2411 3517 peccato;
2449 3454 2500 3500 et
2547 3458 2662 3518 post
2708 3448 2914 3511 omnia,
2945 3463 3037 3517 ego
3083 3463 3194 3500 sum
3225 3448 3390 3518 factus
3432 3447 3760 3500 redimendus
3792 3462 3824 3498 ι

548 3545 612 3601 te,
656 3546 706 3591 tu.
743 3547 910 3595 autem
957 3547 1108 3604 natus
1164 3546 1218 3590 ut
1247 3536 1500 3602 redimas.
1551 3535 1676 3596 Mox
1719 3534 1902 3592 Iesum
1951 3535 2144 3592 Joanni
2180 3536 2593 3608 respondentem
2635 3536 2833 3596 inducit
2861 3536 2965 3590 hoc
2992 3536 3152 3591 modo
3186 3555 3198 3590 :
3233 3535 3424 3591 Omnia
3463 3537 3670 3608 quidem
3715 3551 3824 3591 vera

549 3634 666 3686 sunt
692 3641 804 3694 quae
831 3643 1116 3692 memoras;
1159 3627 1250 3680 sed
1286 3627 1394 3682 htec
1421 3627 1522 3680 mei
1563 3627 1810 3684 adventus
1840 3635 1918 3682 est
1955 3627 2126 3693 ratio,
2174 3634 2263 3692 ut,
2303 3628 2424 3694 quia
2461 3626 2552 3681 sub
2583 3627 2692 3698 lege
2730 3629 2897 3698 [actus
2943 3643 3083 3692 sum,
3133 3628 3260 3682 ordo
3289 3627 3546 3698 legitimus
3587 3629 3824 3700 supplea—

551 3723 652 3770 tur.
681 3714 812 3787 [ιιι]
849 3715 976 3772 Veni
1005 3719 1162 3784 enim,
1193 3735 1294 3773 non
1323 3727 1379 3772 ut
1401 3721 1524 3774 mihi
1554 3723 1788 3784 viverem,
1821 3722 1902 3776 cui
1927 3722 2030 3777 vita
2055 3729 2250 3777 teterna
2289 3739 2402 3778 cum
2425 3722 2586 3776 Patre
2604 3731 2713 3788 est;
2737 3722 2827 3776 sed
2853 3732 2907 3776 ut
2935 3723 3282 3778 conditionem
3309 3732 3489 3777 vestro:
3519 3723 3701 3776 mortis
3730 3737 3822 3772 ou-

550 3811 782 3881 feram...
815 3805 884 3860 Et
911 3824 1104 3873 revera,
1136 3809 1344 3879 fratres,
1377 3809 1628 3879 quomodo
1651 3827 1744 3880 pro
1766 3811 1910 3866 nobis
1939 3810 2169 3865 Christus
2196 3813 2266 3866 ad
2292 3811 2600 3882 baptismum
2629 3829 2729 3870 non
2771 3813 2978 3877 veniret,
3006 3821 3214 3885 prapter
3239 3828 3364 3884 quos
3389 3813 3544 3865 etiam
3572 3825 3828 3882 corporea

551 3897 955 3951 circumcisionis
983 3913 1086 3950 non
1126 3897 1300 3949 vitavit
1322 3897 1604 3963 iniuriam?
1637 3897 1786 3951 Unde
1805 3907 1854 3952 et
1876 3898 2107 3954 Joannes
2135 3901 2366 3956 salutare
2395 3904 2691 3973 mysterium
2711 3919 3110 3976 recognoscens,
3143 3919 3247 3956 non
3268 3903 3383 3973 jam
3408 3902 3500 3956 Dei
3530 3901 3828 3975 Filium,_ut

554 3988 790 4060 Baptista
814 3989 1126 4058 sanctiﬁcat,
1159 3987 1252 4040 sed
1296 3996 1352 4040 ut
1390 3987 1598 4042 devotus
1647 3989 1885 4042 minister
1929 3988 2211 4044 coelestibus
2251 3991 2565 4064 obtemperat
2613 3995 2948 4058 imperatis...
2991 3993 3168 4056 Videte
3211 4001 3260 4046 et
3305 3994 3584 4058 intendite,
3617 3996 3828 4061 fratres,

551 4091 795 4154 quantum
816 4082 999 4154 gratia:
1025 4080 1088 4133 de
1115 4080 1612 4152 divina-dignatione
1631 4081 1920 4134 mortalitas
1941 4090 2299 4154 consequatur.
2335 4081 2474 4139 Nam
2500 4094 2554 4138 ut
2581 4087 2936 4142 sacratissima
2963 4085 3326 4157 redemptionis
3357 4089 3550 4142 nostra:
3585 4089 3830 4157 mysteria

469 4177 484 4188 ’
551 4189 974 4236 OONFIRIIENTUR,
999 4181 1048 4226 et
1075 4181 1130 4225 ut
1157 4171 1500 4228 nimirusrlcs
1529 4189 1754 4230 gruum
1784 4187 1932 4229 NOBIB
1960 4173 2212 4242 Tmums
2239 4193 2576 4244 navumun,
2627 4195 2954 4236 BAPTIZATUR
2992 4178 3171 4234 Ftuvs
3207 4197 3258 4234 1N
3298 4178 3555 4244 Jonusnn,
3599 4180 3832 4250 Spiritus

550 4264 842 4334 sanctiﬁcat
869 4268 1267 4330 sacramentum,
1289 4261 1447 4317 Pater
1468 4265 1631 4335 aperit
1663 4266 1948 4319 veritatem.
1977 4263 2148 4332 Quid?
2178 4266 2227 4321 si
2257 4267 2472 4321 homilia
2499 4266 2586 4332 55',
2613 4283 2730 4338 qua:
2757 4268 2942 4336 quinta
2971 4280 3052 4322 est
3082 4268 3144 4322 de
3173 4267 3437 4339 Baptismo
3467 4265 3680 4332 Christi,
3707 4282 3826 4336 pag.

551 4357 640 4424 95,
663 4356 1036 4427 sanctificatum
1063 4354 1266 4426 quidem
1286 4371 1317 4408 a
1340 4352 1540 4410 Christo
1567 4373 1715 4410 suum
1743 4355 2032 4427 Baptistam
2046 4357 2281 4423 scribat;
2312 4357 2480 4426 ipsum
2505 4367 2682 4414 autem
2703 4357 2995 4421 Christum,
3012 4359 3102 4429 qui
3131 4359 3248 4414 sine
3276 4366 3512 4414 Peccno
3541 4369 3704 4424 esset,
3729 4375 3824 4414 ac-

553 4452 781 4508 cessisse
809 4453 944 4506 inter
970 4456 1296 4521 peccatorum
1318 4447 1492 4504 turbas
1512 4450 1576 4505 ad
1605 4450 1950 4520 baptismum,
1976 4451 2332 4521 sanctiﬁcasse
2359 4467 2460 4506 non
2495 4452 2647 4507 modo
2674 4451 2926 4510 Jordanis
2955 4469 3134 4524 aquas,
3157 4453 3247 4507 sed
3267 4453 3423 4506 etiam
3443 4468 3832 4527 aquarumque

553 4551 668 4596 sunt
689 4542 870 4613 ubique
898 4540 1240 4594 substantiam
1261 4539 1570 4606 universam,
1595 4557 1656 4594 ac
1682 4541 1929 4596 salutaris
1956 4541 2150 4596 lavacri
2175 4543 2456 4600 instituisse
2481 4554 2879 4599 sacramentum.
2908 4544 3046 4612 Quin
3075 4546 3234 4600 etiam
3265 4545 3448 4600 homil.
3483 4543 3571 4607 Si,
3603 4560 3726 4614 qum
3749 4553 3833 4598 est

553 4642 702 4688 sexta
729 4634 792 4686 de
816 4631 1085 4702 Baptismo
1113 4627 1326 4696 Christi,
1359 4644 1479 4700 pag.
1501 4629 1568 4683 97
1593 4649 1605 4684 :
1638 4629 1992 4699 Prtedicabat,
2023 4633 2212 4702 inquit,
2247 4635 2302 4688 in
2344 4633 2547 4689 deserto
2573 4634 2804 4689 Joannes
2829 4637 3135 4707 baptismum
3161 4617 3473 4706 paenitentia:
3495 4635 3682 4704 populo
3710 4649 3833 4705 pec-

555 4725 752 4788 calori;
775 4741 878 4777 non
906 4725 1027 4794 quia
1054 4725 1273 4777 crimina
1297 4725 1568 4777 commissa
1596 4723 1804 4791 deleret,
1833 4725 1924 4779 sed
1941 4741 2043 4797 quo
2069 4724 2369 4780 emendaret
2386 4735 2636 4780 errantes.
2673 4724 2816 4782 Nam
2834 4728 3068 4782 remissio
3088 4734 3414 4797 peccatorum
3433 4724 3628 4784 Christi
3648 4725 3834 4796 gratim

559 4812 922 4868 servabatur...
954 4810 1252 4880 Conﬂuebat
1293 4811 1360 4865 ad
1391 4812 1647 4869 Joannem
1685 4817 1939 4872 desiderio
1980 4818 2176 4886 lamcri
2212 4817 2529 4872 diversorum
2569 4820 2925 4890 copiosissima
2972 4819 3311 4874 multitudo...
3353 4817 3501 4872 Inter
3539 4814 3834 4887 hujusmodi

559 4905 789 4968 homines
813 4905 899 4958 ille
926 4905 1169 4960 virtutum
1185 4906 1462 4960 caelestium
1494 4907 1806 4962 Dominus...
1835 4907 2068 4966 Christus
2091 4909 2244 4968 Iesus
2273 4927 2376 4967 non
2405 4899 2714 4980 dedigndtur
2744 4910 2971 4975 humilis,
3005 4919 3054 4964 et
3074 4911 3272 4981 quietus
3305 4907 3376 4962 ad
3401 4908 3586 4962 servuli
3615 4908 3698 4960 sui
3737 4905 3835 4963 bss--

557 5002 802 5072 ptismum
846 5016 1186 5071 properare...
1228 5000 1528 5072 Baptizatur
1581 5019 1702 5075 ergo
1753 5003 1910 5058 Iesus
1955 5019 2054 5060 NON
2093 5021 2156 5060 su

2255 5005 2348 5058 sed
2401 5005 2566 5058 nobis.
2612 5005 2915 5076 Baptizatur
2969 5019 3070 5060 non
3119 5019 3186 5058 ur
3253 5007 3604 5060 ρυιιιῖιεετυι
3649 5015 3829 5068 Αοωδ,

559 5090 750 5178 sed'ut
789 5109 950 5164 aquas
1001 5093 1110 5165 ipse
1161 5093 1463 5172 sanctiﬁcat.
1498 5093 1802 5165 Baptizatur
1830 5113 1989 5150 novus
2037 5097 2207 5163 homo,
2257 5106 2314 5150 ut
2369 5101 2485 5153 novi
2533 5099 2858 5170 baptismatis
2911 5097 3684 5162 constituatgacramentum...
3737 5093 3858 5180 Μ..

560 5183 737 5246 vertite
761 5192 954 5255 quanta
981 5186 1132 5252 nobis
1162 5187 1218 5240 in
1260 5185 1564 5256 baptismate
1611 5186 1820 5244 Domini
1857 5203 2167 5243 PATEI‘ACTA
2195 5203 2276 5256 sn
2317 5207 2530 5256 enim,
2561 5207 2715 5262 quam
2755 5190 2928 5245 subtili
2963 5200 3286 5246 sacramento
3334 5190 3568 5246 Trinitas
3597 5205 3652 5244 se
3682 5186 3836 5240 hodie

563 5275 758 5329 homini
787 5277 1086 5332 revelarit...
1117 5276 1286 5343 Quam
1329 5279 1548 5349 miriﬁco
1592 5281 1830 5350 mysterio
1870 5279 2125 5334 Dominus
2170 5289 2344 5336 noster
2369 5282 2520 5336 Jesus
2550 5281 2784 5336 Christus
2823 5282 2900 5336 vel
2929 5291 3064 5336 tactu
3101 5283 3332 5352 corporis
3376 5281 3476 5346 sui,
3507 5279 3584 5346 uel
3614 5277 3836 5336 transitu

563 5367 744 5441 gloria:
768 5383 877 5422 sua:
902 5385 1105 5434 omnem
1128 5370 1196 5424 ad
1221 5379 1532 5424 momentum
1559 5381 1851 5426 creaturam
1898 5370 2210 5440 sanctiﬁcet,
2239 5371 2454 5440 viviﬁcet
2481 5379 2528 5425 et
2571 5371 2809 5438 illustret,
2843 5379 2994 5428 etc...
3027 5370 3324 5426 Conﬁrmat
3351 5369 3610 5438 majorem
3637 5369 3696 5422 in
3717 5381 3835 5420 mo-

563 5459 693 5516 dum
720 5473 970 5518 sermone
1017 5460 1100 5528 l0,
1130 5475 1251 5532 pag.
1283 5459 1380 5516 421
1413 5475 1552 5532 seq,
1582 5459 1843 5526 Maximus
1865 5461 1920 5516 id
1947 5459 2096 5532 quod
2133 5459 2202 5516 de
2244 5460 2672 5518 manifestatione
2698 5462 2896 5521 Christi
2935 5464 3097 5534 paulo
3126 5469 3252 5524 ante
3267 5461 3630 5531 animadverti
3661 5480 3676 5514 :
3707 5461 3834 5516 Dies

566 5552 1002 5626 Epiphaniorum,
1033 5555 1222 5624 inquit,
1256 5553 1438 5611 Graeco
1465 5555 1673 5608 nonsine
1713 5555 1796 5608 sic
1823 5561 2051 5608 vocatur.
2103 5549 2253 5618 Quod
2277 5555 2415 5608 enim
2461 5568 2554 5608 nos
2602 5556 2979 5625 appar-itionem
3005 5553 3082 5612 vel
3110 5555 3460 5619 mansionem
3504 5552 3746 5618 dicimus,
3777 5553 3835 5607 id

567 5642 734 5702 (ἔτεσί
759 5647 1090 5720 epiphaniam
1117 5656 1316 5702 vocant.
1349 5645 1467 5702 Hoc
1494 5653 1666 5702 tanmn
1709 5646 1825 5701 ideo
1853 5645 2089 5714 dicimus,
2120 5647 2240 5718 quia
2265 5645 2418 5702 hodie
2443 5645 2698 5703 Dominus
2724 5655 2899 5702 noster
2925 5662 2987 5704 ac
3015 5645 3262 5702 Saluator
3287 5645 3531 5718 apparuit
3550 5644 3832 5700 secundm

563 5751 774 5798 carnem
807 5740 863 5796 in
905 5743 1070 5799 terris.
1107 5738 1247 5798 Licet
1271 5741 1409 5797 enim
1449 5739 1574 5797 olim
1601 5748 1753 5796 natus
1779 5747 1912 5796 esset
1944 5755 2008 5795 ea
2047 5736 2242 5804 Maria,
2273 5747 2322 5798 et
2351 5737 2563 5809 triginta
2601 5753 2856 5800 annorum
2881 5737 3138 5817 calescat
3169 5743 3392 5808 atatem,
3421 5743 3598 5796 tamen
3621 5737 3833 5814 ὕψιστα-ο

3997 1583 4000 1764 Ν
