4050 6356
199 317 288 376 ns
1658 281 2044 372 punito.
2781 353 2798 364 .
3393 320 3463 374 ss

205 430 372 489 nobis
389 432 654 504 plenitudo
680 433 907 502 mysterii
933 433 1238 499 proﬁceret.
1258 469 1271 482 .
1291 469 1306 485 .
1327 469 1342 484 .
1370 429 1458 482 Ait
1481 428 1752 485 Ioannes:
1799 448 1818 481 ‹
1835 429 1952 502 Ego
1977 447 2010 483 a
2039 438 2086 484 te
2112 425 2269 483 debeo
2291 426 2568 501 baptizari.
2593 451 2611 482 ι
2655 431 2986 488 Contestatur
3025 447 3150 506 ergo
3177 433 3482 503 Dominum,

202 542 326 582 non
353 525 438 580 sui
472 542 632 582 causa
675 543 784 582 esse
824 525 1160 596 baptizatum,
1189 541 1304 578 cum
1341 532 1614 596 antequam
1640 523 2024 594 baptizaretur,
2073 523 2138 578 ab
2186 541 2244 579 eo
2273 540 2328 578 se
2353 525 2522 596 magis
2550 523 2807 596 baptizari
2833 525 3065 590 Ioannes
3101 528 3482 600 expostulabat.

197 616 557 674 Demonstrat
573 619 710 690 enim
738 618 832 673 hoc
859 618 1104 684 dicendo,
1154 618 1402 689 majorem
1449 617 1674 688 gratiam
1709 617 1881 691 [ιιιν]
1927 635 2039 672 esse
2059 618 2114 670 in
2139 619 2381 688 mysterio
2409 613 2653 682 Domini,
2699 637 2854 690 quam
2879 621 2936 675 in
2963 619 3212 694 (Joanne]
3240 624 3490 694 magistro

197 711 469 781 mysterii.
511 709 651 776 Quid
667 711 804 765 enim
830 709 909 765 illi
939 707 1198 782 (Christo)
1228 695 1628 764 consecrationis
1657 719 1861 779 poterat
1882 709 2117 776 tradere,
2149 726 2182 762 a
2205 726 2304 781 quo
2333 709 2798 780 sanctiﬁcationem
2821 712 2932 783 ipse
2951 711 3231 786 (Joannes)
3259 715 3490 785 accipere

194 803 471 875 optabat?
495 787 725 876 Inferior
743 805 880 860 enim
897 812 1012 859 erat
1032 804 1278 875 magister
1303 803 1520 868 meritis,
1549 819 1700 874 quam
1722 801 2003 874 discipulus
2031 803 2340 858 sanctitate?
2368 801 2560 858 Christi
2581 803 2717 858 enim
2736 806 3138 873 comparatione,
3168 814 3218 860 et
3245 807 3491 878 magister

199 896 499 970 (Joannes)
528 899 792 970 imperitus
814 939 830 963 ,
873 906 922 952 et
949 897 1157 968 justitia
1183 894 1492 968 semiplena,
1541 903 1591 949 et
1617 911 1753 966 aqua
1779 902 1857 948 est
1880 894 2188 950 turbulenta.
2234 897 2301 949 At
2338 893 2424 949 ubi
2463 893 2756 966 baptizatur
2782 894 3056 960 Dominus,
3088 897 3488 953 benedictin

191 989 331 1059 ejus
357 997 407 1045 et
429 991 674 1063 magister
717 989 996 1062 (Joannes)
1025 990 1250 1061 proﬁcit,
1299 998 1350 1043 et
1369 989 1578 1058 justitia
1616 988 1876 1059 impletur,
1915 996 1966 1041 et
1984 987 2126 1041 unda
2169 996 2434 1059 purgatur.
2493 985 2732 1059 Purgata
2757 995 2834 1042 est
2850 987 2991 1042 unda
3010 1029 3025 1054 ,
3047 1006 3178 1062 qua,
3211 1007 3324 1044 cum
3354 979 3488 1044 eiset

192 1083 334 1139 vilis
358 1094 410 1138 et
435 1084 650 1156 frigida,
680 1083 1048 1138 benedictionis
1062 1080 1350 1137 Dominicte
1370 1081 1542 1135 calore
1569 1079 1734 1134 ditata
1763 1087 1867 1144 est;
1895 1080 1971 1133 ita
1989 1089 2045 1132 ut
2071 1096 2186 1152 qua:
2209 1080 2295 1133 vis:
2321 1088 2476 1134 antea
2502 1077 2794 1134 mundanas
2816 1095 2986 1134 rerum
3005 1080 3235 1134 maculas
3255 1079 3483 1145 diluerit,

193 1192 354 1234 nunc
379 1194 724 1236 semrusws
751 1193 1028 1232 Pumrlcs'r
1057 1191 1297 1231 uacuus
1324 1190 1621 1230 sulusnuu.
1680 1170 1794 1227 Nec
1833 1173 2108 1238 miremini,
2137 1172 2273 1245 quod
2312 1188 2516 1243 aquam,
2551 1172 2646 1226 hoc
2685 1180 2761 1226 est
2779 1169 3119 1227 substantiam
3145 1172 3488 1244 corporalem.

193 1284 285 1324 Α»
313 1285 699 1326 Ρωιωωωολι
727 1283 930 1323 unus!
953 1282 1162 1324 DICIIUS
1187 1281 1505 1321 Pcnvnrnne.
1559 1264 1806 1319 Pervenit
1849 1263 2028 1336 plane,
2071 1272 2308 1336 penetrat
2345 1264 2674 1318 conscientia
2700 1264 2939 1318 universa
2967 1262 3204 1317 latibula.
3247 1263 3490 1328 Quamvis

191 1361 354 1415 enim
380 1362 497 1433 ipsa
543 1360 744 1417 subtilis
785 1371 834 1417 et
864 1363 1064 1427 tenuis,
1110 1359 1460 1416 benedictione
1504 1370 1675 1412 tamen
1721 1356 1913 1412 Christi
1960 1359 2100 1429 facta
2121 1341 2400 1423 'subtiliOr,
2444 1373 2534 1428 per
2573 1355 2803 1411 occultas
2826 1357 2946 1411 vita
2973 1373 3177 1420 causas,
3202 1357 3272 1410 ad
3297 1358 3492 1412 scelera

197 1450 408 1506 anime
436 1464 676 1508 srml'ws
703 1467 843 1508 nona
873 1467 1218 1506 Pnnrmusrr.
1253 1449 1507 1506 Subtilior
1535 1464 1662 1503 sum
1691 1464 1788 1503 εδτ
1822 1463 2245 1504 ιεηυιετιοκυιι
2272 1463 2493 1515 rwxns,
2525 1464 2664 1512 ausu
2695 1465 2941 1512 sousnuu
2971 1464 3200 1503 ussrns.
3270 1447 3419 1502 Unde
3445 1457 3494 1502 et

201 1540 448 1604 disirnus
467 1541 602 1614 quod
620 1543 676 1596 in
696 1540 1316 1613 Saluatoris'baptismate
1334 1538 1616 1595 benedictio
1632 1581 1646 1605 ,
1670 1555 1785 1610 qua:
1817 1539 2040 1609 deﬂuxit
2068 1549 2316 1612 tanquam
2339 1540 2524 1609 fluvius
2545 1541 2814 1611 specialis,
2839 1541 3069 1596 omnium
3098 1543 3355 1613 gurgitum
3387 1550 3494 1594 tra-

197 1643 333 1689 ctus
349 1641 402 1688 et
419 1642 713 1688 cunctorum
732 1633 955 1708 fontium
977 1649 1132 1688 venas
1158 1633 1412 1703 infecerit.
1440 1629 1636 1685 Mirum
1653 1631 1812 1695 enim,
1839 1630 2072 1699 inquam,
2095 1629 2220 1685 dum
2241 1629 2445 1685 Christo
2473 1631 2528 1684 in
2549 1630 2782 1686 Iordane
2803 1633 2990 1703 posito,
3017 1648 3265 1704 aquarum
3289 1630 3490 1703 quidem

186 1724 434 1794 ﬂamina
457 1723 712 1789 lavantur.
755 1723 864 1778 Sed
879 1733 931 1778 et
951 1723 1358 1796 bcnedictionum
1381 1723 1581 1802 ﬂuenta
1611 1722 1905 1777 currebant.
1947 1720 2082 1776 Inde
2103 1722 2236 1776 alvei
2262 1740 2449 1796 gurges
2480 1722 2734 1778 turbidior
2757 1723 3047 1796 ferebatur;
3074 1723 3191 1777 hinc
3221 1724 3339 1795 fons
3371 1721 3492 1777 Sal-

185 1817 403 1876 uatoris
431 1818 738 1890 purissimus
756 1814 1088 1880 enutndabat,
1111 1823 1160 1870 et
1187 1824 1400 1886 stupore
1425 1815 1650 1888 quodam
1689 1814 1928 1870 deorsum
1966 1814 2038 1868 ad
2057 1813 2310 1870 Iordanis
2337 1815 2590 1888 originem
2617 1816 2935 1871 consecratio
2956 1814 3277 1887 baptismatis
3305 1831 3486 1869 ascen-

151 1947 160 1962 .
180 1904 378 1974 debat,
402 1916 452 1962 et
479 1918 662 1964 contra
681 1925 934 1975 aquarum
952 1909 1180 1978 ﬂuvium,
1205 1905 1615 1962 bcnedictionum
1634 1907 1821 1976 ﬂuvius
1839 1907 2116 1980 ferebatur,
2137 1915 2245 1964 etc.
2269 1907 2420 1964 Alter
2439 1915 2522 1964 est
2546 1908 2696 1964 locus
2715 1916 2972 1979 exceptus
2996 1924 3064 1962 ex
3093 1924 3257 1964 serm.
3281 1907 3365 1974 i3,
3403 1910 3496 1978 qui

181 2007 292 2055 est
314 1999 374 2054 de
393 1997 576 2055 Gratia
598 2000 860 2074 baptismi,
873 1994 996 2072 pag'.
1013 2000 1118 2054 429
1137 2017 1274 2070 seq.,
1293 2009 1482 2071 estque
1501 1999 1838 2070 huiusmodi:
1861 1999 2014 2064 Quod
2029 2003 2173 2056 salva
2195 2001 2300 2071 ﬁde
2314 2001 2554 2063 dixerim.
2573 2001 2692 2055 licet
2712 1999 2963 2072 baptisma
2991 2010 3260 2072 utrumque
3275 2000 3494 2070 (nempe

187 2088 439 2146 Joannis
464 2098 520 2145 et
538 2089 759 2163 Christi)
781 2092 850 2146 sit
872 2090 1104 2156 Domini,
1141 2101 1283 2146 tanto
1309 2093 1510 2164 gratius
1537 2100 1658 2162 puto
1681 2092 1776 2146 hoc
1805 2089 2063 2164 baptisma
2091 2109 2204 2148 esse
2222 2110 2322 2166 quo
2347 2110 2442 2149 nos
2463 2093 2738 2158 abluimur,
2769 2111 2922 2167 quam
2945 2094 3075 2148 illud
3098 2092 3361 2165 (Joamis)
3391 2111 3490 2165 quo

193 2178 802 2251 Salvatorbaptisatur.
847 2179 964 2234 Hoc
981 2183 1116 2235 enim
1135 2180 1424 2236 celebratur
1443 2199 1535 2253 per
1553 2179 1834 2248 Christum,
1863 2171 1996 2237 illud
2015 2183 2324 2238 celebratum
2351 2194 2427 2239 est
2464 2202 2556 2255 per
2599 2184 2874 2241 Joannem.
2917 2184 2982 2241 In
3016 2187 3107 2241 illo
3149 2204 3204 2241 se
3241 2188 3489 2258 magister

187 2267 500 2340 (Joannes)
521 2277 754 2333 excusat,
777 2269 836 2322 in
856 2270 955 2322 isto
974 2285 1071 2324 nos
1092 2268 1335 2323 Salvator
1354 2271 1557 2324 invitat.
1586 2268 1652 2322 In
1669 2269 1762 2323 illo
1785 2271 1992 2341 justitia
2019 2271 2319 2341 semiplena,
2342 2274 2397 2326 in
2425 2273 2525 2327 isto
2555 2272 2784 2329 Trinitas
2807 2278 3052 2347 perfecta.
3095 2277 3176 2330 Ad
3206 2277 3336 2331 illud
3362 2295 3488 2331 san-

191 2370 334 2415 ctus
356 2361 509 2426 venit,
532 2369 741 2414 sanctus
761 2377 997 2432 egressus
1017 2369 1128 2425 est;
1153 2360 1222 2412 ad
1242 2361 1380 2414 istud
1400 2369 1638 2432 peccator
1657 2363 1811 2426 venit,
1837 2370 1886 2416 et
1902 2371 2114 2416 sanctus
2139 2362 2382 2416 abscedit.
2410 2362 2477 2417 In
2497 2364 2589 2420 illo
2609 2365 2890 2420 benedictio
2920 2370 3180 2437 confertur
3209 2371 3490 2440 mysteriis,

191 2457 260 2523 in
300 2453 695 2524 istohmgsteriis
721 2451 910 2520 delicta
943 2451 1186 2506 donatur.
1219 2451 1298 2507 Ac
1325 2451 1392 2507 de
1419 2452 1824 2521 comparatione
1850 2451 2100 2521 baptismi
2126 2449 2366 2519 Joannis,
2397 2469 2518 2510 cum
2546 2455 2814 2524 baptismo
2841 2456 3058 2525 Christi,
3091 2459 3371 2514 hactenus.

273 2541 432 2598 XIV.
465 2543 620 2598 Nunc
639 2542 707 2597 de
728 2541 1020 2608 miraculis,
1044 2541 1220 2611 deque
1243 2541 1622 2612 praedicatione
1646 2540 1948 2597 Servatoris
1969 2540 2191 2611 Christi,
2226 2550 2283 2598 ut
2312 2542 2424 2599 ﬁeri
2448 2545 2664 2614 poterit,
2686 2545 2956 2602 brevibus.
2983 2546 3060 2604 Ac
3083 2548 3353 2605 miraculis
3373 2550 3493 2622 qni-

178 2637 330 2697 tlem
349 2634 621 2691 Christum
643 2634 1041 2690 manifestatum
1061 2633 1226 2690 fuisse
1246 2635 1434 2701 Deum,
1448 2635 1538 2704 qui
1563 2634 1848 2690 humanam
1870 2642 2115 2691 naturam
2136 2651 2364 2706 eamque
2384 2635 2779 2694 inﬁrmitatibus
2799 2639 2998 2694 nostris
3017 2638 3304 2694 obnoxiam
3317 2656 3494 2696 susccv

181 2737 388 2804 perat,
401 2711 586 2786 monet
601 2727 866 2783 Maximus
880 2727 1065 2783 homil.
1083 2726 1111 2780 1
1122 2727 1172 2793 7,
1190 2742 1314 2798 pag.
1332 2726 1418 2782 50.
1437 2726 1691 2795 Christus,
1709 2729 1898 2798 inquit,
1916 2727 2172 2784 Dominus
2193 2739 2367 2785 noster
2380 2729 2450 2783 ad
2471 2739 2697 2784 terrenas
2719 2730 2962 2784 invitatus
2976 2731 3182 2802 nuptias
3197 2731 3493 2798 advenerat,

183 2840 308 2877 non
334 2830 395 2874 ut
414 2820 506 2876 illo
528 2819 867 2874 delectaretur
893 2819 1144 2886 convivio,
1174 2819 1266 2874 sed
1289 2828 1344 2872 ut
1365 2836 1420 2873 se
1439 2819 1740 2890 nuptiarum
1768 2836 1881 2875 esse
1899 2819 2279 2874 demonstraret
2305 2829 2601 2884 auctorem;
2627 2819 2933 2892 easdemque
2957 2820 3294 2890 sanctiﬁcans
3322 2821 3495 2876 divina

181 2896 373 2986 ipsius
389 2912 690 2965 incresceret
701 2909 1088 2982 virtus,quando
1099 2907 1476 2980 nuptiantibus,
1501 2909 1638 2982 quod
1651 2909 1777 2986 ipsis
1788 2908 2045 2981 defecerat
2059 2909 2250 2974 vinum,
2263 2911 2375 2978 ipse
2387 2909 2545 2964 dedit.
2567 2907 2722 2963 Dedit
2734 2909 2939 2981 quidem
2949 2910 3139 2986 vinum.
3155 2909 3300 2980 Aqua
3327 2909 3489 2981 reple-

183 2984 276 3059 tas
313 2999 473 3077 [va]
498 2987 711 3073 hydrias
739 3002 852 3073 ipse
878 3002 935 3055 in
964 3002 1080 3056 vina
1099 3003 1380 3056 mutavit...
1415 2984 1785 3073 Tantum'ergo
1814 3001 2040 3057 videntes
2069 3001 2378 3057 miraculum
2404 3002 2752 3068 crediderunt,
2783 3003 2858 3057 uti
2885 3001 3037 3057 habet
3063 2984 3230 3058 sermo
3259 3002 3487 3067 divinus,

181 3102 245 3155 in
277 3115 415 3154 eum
439 3095 681 3168 discipuli
698 3096 832 3168 ejus,
863 3113 970 3151 non
989 3095 1107 3167 jam
1133 3095 1270 3168 quod
1295 3097 1408 3163 ipse
1433 3105 1566 3151 esset
1586 3097 1830 3162 hominis,
1858 3095 1949 3150 sed
1977 3094 2075 3150 Dei
2104 3093 2294 3162 Filius,
2317 3095 2456 3168 quod
2481 3104 2625 3150 tanta
2664 3092 3092 3167 comprobabatur
3118 3095 3388 3150 miraculo.
3426 3094 3496 3151 Id

184 3206 410 3264 quoque
429 3196 477 3243 et
505 3204 617 3253 nos,
649 3190 855 3260 fratres,
889 3195 994 3244 toto
1013 3187 1168 3244 corde
1195 3187 1488 3254 credamus,
1517 3185 1686 3260 ipsum
1713 3204 1911 3260 nempe,
1943 3190 2038 3243 etsi
2066 3199 2260 3246 nostra
2280 3197 2572 3245 consortem
2601 3198 2823 3252 natura,
2855 3197 3090 3260 paternis
3116 3196 3288 3244 tamen
3315 3190 3496 3245 divina

184 3283 522 3340 substantia:
549 3297 660 3336 esse
686 3281 1017 3353 catequalem.
1049 3281 1118 3338 Et
1141 3283 1361 3339 homilia
1387 3283 1477 3350 23,
1524 3299 1642 3354 quae
1685 3292 1788 3362 est
1809 3284 2036 3356 septima
2079 3283 2144 3338 de
2175 3283 2499 3362 Epiphania,
2541 3293 2663 3355 pag.
2696 3281 2765 3337 69
2797 3301 2810 3337 :
2843 3283 3168 3338 Permutatio
3195 3301 3443 3354 aquarum
3470 3300 3500 3341 η

189 3395 298 3433 sua
313 3377 377 3430 in
408 3374 636 3428 alienam
663 3384 957 3430 creaturam
983 3377 1254 3446 praesentis
1282 3375 1545 3432 Creatoris
1563 3385 1639 3433 est
1670 3357 1858 3432 testata
1878 3379 2136 3433 virtutem.
2171 3357 2354 3448 Neque
2381 3392 2498 3431 vero
2518 3377 2788 3448 quisquam
2807 3385 3100 3430 convertere
3126 3391 3285 3446 aquas
3307 3377 3360 3428 in
3384 3391 3503 3432 usus

97 3532 100 3535 _
188 3476 386 3542 posset
419 3469 570 3534 alios,
601 3468 702 3522 nisi
728 3467 816 3522 ille
843 3469 928 3539 qui
956 3485 1044 3522 eas
1073 3469 1194 3540 fecit
1220 3485 1286 3523 ea:
1313 3469 1541 3524 nihilo...
1593 3467 1710 3524 Nec
1737 3468 2096 3545 dubitandum,
2128 3467 2442 3532 charissimi,
2474 3468 2596 3540 quia
2625 3467 2736 3537 ipse
2773 3481 2934 3537 aquas
2975 3467 3204 3520 traduxit
3232 3467 3286 3520 in
3312 3469 3504 3537 vinum,

191 3565 290 3636 qui
317 3579 418 3616 eas
439 3559 502 3616 ab
531 3561 680 3617 initio
700 3563 890 3616 creavit
916 3563 972 3616 in
1001 3563 1158 3628 uires,
1190 3561 1395 3616 duravit
1423 3564 1477 3616 in
1499 3564 1784 3634 glaciem...
1818 3561 2162 3622 Crediderunt
2184 3560 2443 3631 discipuli,
2467 3576 2572 3614 non
2592 3559 2766 3628 utique
2787 3557 2881 3612 hoc
2908 3558 3044 3628 quod
3069 3558 3183 3628 ﬁeri
3211 3556 3504 3625 cernebant,

199 3655 301 3711 sed
333 3654 475 3710 illud
502 3655 639 3728 quod
667 3654 894 3709 carnalis
921 3654 1088 3708 videre
1129 3672 1234 3708 non
1269 3656 1430 3726 possit
1459 3663 1716 3724 usjiectus.
1751 3651 2108 3716 Crediderunt,
2159 3667 2261 3705 non
2304 3651 2438 3721 quod
2471 3650 2718 3715 ,Christus
2761 3647 2915 3702 Iesus
2949 3648 3089 3719 ﬁlius
3117 3659 3246 3704 esset
3273 3649 3503 3724 virginis,

198 3746 351 3820 quod
381 3746 660 3810 sciebatur,
685 3747 775 3800 sed
803 3745 938 3818 quod
967 3746 1119 3800 idem
1145 3745 1454 3816 L'nigenitus
1483 3754 1616 3798 esset
1660 3744 1934 3818 .iltissimi,
1959 3743 2092 3812 quod
2133 3745 2184 3796 in
2217 3759 2369 3812 opere
2397 3741 2729 3813 probabatur.
2767 3739 2915 3796 l'nde
2941 3751 2990 3796 et
3019 3759 3132 3808 nos,
3156 3744 3366 3813 fratres,
3399 3750 3505 3800 tots

199 3838 374 3893 corde
415 3836 686 3890 credamus
723 3838 887 3904 ipsum
918 3853 1028 3890 esse
1054 3834 1152 3888 Dei
1183 3835 1400 3898 Filium,
1431 3851 1580 3904 quem
1609 3833 1802 3887 Filium
1831 3835 2052 3890 hominis
2083 3834 2404 3904 conﬁtemur.
2439 3833 2717 3888 Credamus
2749 3832 2893 3888 illum
2917 3844 2966 3887 et
2995 3843 3187 3888 nostra:
3214 3844 3504 3890 consortem

205 3938 434 3984 natura:
461 3938 510 3982 et
536 3936 768 3998 paternis
795 3925 1098 4006 substantive
1132 3925 1462 3997 cowqualem,
1488 3925 1746 3996 quoniam
1793 3933 1844 3978 et
1864 3925 2055 3996 nuptiis
2091 3926 2326 3996 interfuit
2364 3909 2421 3978 ut
2447 3925 2620 3990 homo,
2659 3937 2709 3979 et
2751 3941 2913 3998 aquas
2941 3927 2994 3980 in
3031 3927 3150 3980 vina
3195 3928 3408 3981 mutavit
3447 3933 3504 3982 ut

206 4019 389 4074 Deus.
424 4017 542 4084 Quo
568 4017 728 4088 plane
753 4015 995 4071 recidunt
1021 4030 1141 4086 qua:
1164 4015 1304 4072 idem
1332 4024 1550 4072 sanctus
1577 4017 1802 4072 antistes
1843 4016 2153 4088 complexus
2194 4025 2276 4073 est
2322 4017 2540 4074 homilia
2579 4018 2668 4086 24,
2699 4016 2822 4090 pag.
2853 4019 2918 4074 70
2946 4035 3084 4090 seq.,
3116 4029 3171 4076 et
3191 4020 3378 4078 homil.
3408 4021 3500 4091 ευ,

203 4127 344 4187 pag.
379 4111 455 4166 87
479 4125 616 4180 seq.,
649 4117 704 4165 et
731 4109 916 4164 homil.
951 4109 1036 4177 32,
1068 4101 1187 4181 qua:
1215 4111 1388 4165 estde
1415 4109 1604 4165 Christi
1635 4110 1900 4182 Baptism.)
1927 4120 2136 4183 quarta,
2169 4128 2293 4183 pag.
2343 4112 2430 4177 93,
2462 4129 2570 4188 quo
2607 4113 2728 4170 loco
2760 4132 2774 4168 :
2807 4115 3116 4184 Salvatoris,
3159 4116 3348 4186 inquit,
3389 4116 3502 4174 Do-

205 4207 349 4262 mini
377 4205 548 4260 nostri
573 4203 700 4256 Iesu
728 4201 922 4256 Christi
949 4203 1269 4274 omnipotens
1299 4205 1458 4258 virtus
1482 4221 1548 4258 ea:
1575 4203 1794 4259 lectione
1820 4223 1976 4278 quam
2004 4206 2156 4261 modo
2187 4207 2474 4262 audivimus
2491 4207 2763 4262 evidenter
2781 4207 3060 4279 colligitur.
3101 4207 3342 4273 Quamvis
3365 4213 3502 4266 enim

205 4295 603 4368 omnipotentia
621 4294 780 4357 illius,
807 4310 908 4367 qua
937 4293 990 4346 in
1019 4295 1273 4364 principio
1294 4311 1466 4348 rerum
1493 4311 1598 4348 una
1641 4311 1755 4349 cum
1783 4293 1946 4350 Patre
1973 4303 2020 4348 et
2053 4294 2255 4366 Spiritu
2284 4306 2464 4350 sancto
2493 4295 2672 4350 caelum
2700 4289 2765 4351 ea:
2793 4297 2956 4360 nihilo
2985 4299 3172 4351 creavit
3209 4309 3259 4352 et
3288 4309 3498 4363 terram,

207 4393 380 4448 latere
407 4387 668 4443 videretur
693 4386 748 4440 in
773 4385 998 4450 homine,
1031 4402 1178 4457 quem
1225 4403 1318 4457 pro
1366 4397 1542 4441 nostra
1579 4399 1929 4459 assumpserat
1975 4387 2342 4460 redemptione,
2373 4391 2482 4444 suis
2517 4398 2594 4443 est
2624 4397 2800 4445 tamen
2833 4390 3098 4461 discipulis
3139 4393 3496 4462 manifestata.

214 4479 364 4536 Nam
393 4495 514 4534 cum
541 4477 610 4532 ad
631 4477 838 4548 nuptias
863 4477 1040 4530 veteris
1067 4476 1293 4531 instituti
1315 4478 1532 4532 venisset
1559 4479 1614 4531 in
1634 4477 1778 4534 Cana
1801 4477 2054 4559 Calilwte,
2077 4490 2126 4535 et
2155 4481 2220 4535 de
2241 4490 2446 4552 repente
2473 4480 2855 4536 convivantibus
2877 4482 3124 4554 defuisset
3149 4484 3339 4548 vinum,
3366 4485 3498 4553 ipse,

211 4575 302 4646 qui
326 4573 530 4644 nuptiis
557 4569 661 4624 illis
689 4585 792 4623 non
811 4581 924 4624 erat
950 4567 1270 4640 dedignatus,
1287 4569 1490 4634 adesse,
1519 4572 1726 4642 nuptias
1753 4589 1948 4645 quoque
1982 4573 2101 4628 illas
2131 4574 2382 4628 miracula
2420 4573 2578 4628 roluit
2615 4572 2967 4640 comprobare,
3001 4581 3154 4644 atque
3182 4589 3342 4644 aquas
3371 4588 3502 4626 con-

214 4666 370 4720 vertit
395 4666 453 4718 in
479 4663 671 4717 vinum.
703 4659 814 4716 Nec
841 4661 948 4716 alio
975 4661 1248 4732 pertinent
1273 4676 1392 4732 quae
1420 4661 1561 4740 idgm
1590 4664 1931 4733 persequitur
1965 4665 2148 4721 homil.
2193 4664 2278 4730 34,
2323 4679 2444 4735 pag.
2487 4663 2556 4716 96
2600 4679 2715 4732 seq.
2743 4661 2863 4717 Jam
2896 4677 3025 4718 vero
3050 4677 3299 4719 sermone
3327 4662 3378 4731 9,
3407 4664 3500 4734 qui

214 4765 300 4812 est
326 4757 526 4812 tertius
551 4754 614 4808 de
641 4753 940 4826 Epiphania
969 4753 1199 4821 Domini,
1230 4768 1354 4825 pag,
1382 4751 1486 4809 us
1517 4773 1529 4807 :
1563 4753 1722 4821 Quia,
1753 4756 1944 4826 inquit,
1976 4764 2096 4809 tunc
2123 4757 2343 4825 primum
2378 4755 2621 4825 apparuit
2648 4753 2894 4808 Salvator
2919 4754 2974 4808 in
3000 4753 3212 4820 mundo,
3243 4755 3356 4826 ipsa
3391 4753 3499 4812 dies

217 4853 402 4909 eodem
445 4849 696 4908 vocabulo
733 4848 1031 4922 Epiphania
1059 4858 1356 4919 nuncupata
1383 4857 1479 4903 est.
1514 4846 1782 4912 Quomodo
1809 4857 1981 4903 autem
2009 4849 2327 4920 apparuerit,
2355 4846 2708 4924 requiramus;
2754 4863 2859 4902 non
2898 4845 3036 4917 quod
3059 4848 3114 4902 in
3150 4847 3340 4904 mundo
3377 4857 3501 4903 ante

219 4964 326 5004 non
345 4949 530 5020 fuerit,
553 4941 668 5000 cum
694 4945 913 5000 mundus
941 4962 1035 5017 per
1060 4947 1228 5018 ipsum
1257 4947 1424 5017 factus
1452 4945 1552 5008 sit;
1575 4943 1667 4998 sed
1685 4939 1821 5013 quod
1846 4948 1968 5007 tunc
1991 4940 2213 5010 primum
2239 4939 2401 5011 signis
2434 4948 2584 5012 atque
2621 4939 2883 4996 miraculis
2917 4940 3230 4997 credentium
3261 4943 3498 4999 cordibus
3555 4979 3571 4993 .

224 5040 363 5096 Deus
392 5035 635 5095 Christus
662 5038 911 5102 iunxerit,
942 5045 992 5093 et
1031 5038 1086 5092 in
1113 5035 1409 5092 tenebrosas
1437 5033 1780 5090 conscientias
1821 5031 2084 5087 hominum
2119 5032 2244 5102 ﬁdei
2270 5031 2514 5104 splendor
2551 5032 2881 5088 adverterit...
2915 5033 3172 5106 Apparuit
3193 5044 3364 5091 autem
3392 5051 3498 5092 non

224 5145 330 5189 tam
351 5134 518 5190 oculis
551 5123 813 5186 hominum
836 5147 990 5202 quam
1015 5130 1192 5196 saluti.
1220 5127 1366 5184 Nam
1393 5131 1438 5184 si
1466 5128 1610 5198 prius
1639 5134 1792 5182 natus
1817 5141 1882 5180 ea:
1901 5126 2100 5198 virgine
2142 5123 2303 5180 oculis
2331 5122 2629 5207 carnalibus
2661 5121 2950 5190 videbatur,
2988 5133 3158 5179 tamen
3195 5141 3300 5180 non
3328 5143 3486 5196 appa-

226 5230 390 5297 rebat,
421 5230 673 5304 quoniam
699 5227 931 5281 virtutem
957 5227 1068 5297 ejus
1096 5225 1263 5279 adhuc
1283 5225 1407 5294 ﬁdei
1433 5222 1570 5277 acies
1611 5220 1965 5294 ignorabat...
1988 5219 2178 5275 Postea
2204 5219 2350 5297 enim.
2379 5234 2534 5291 quam
2573 5217 2944 5273 humanitatem
2989 5233 3137 5273 suam
3177 5217 3496 5278 mirabilibus

222 5322 538 5391 declaravit,
571 5320 807 5374 Immanis
835 5311 1089 5373 mentibus
1113 5325 1359 5390 tanquam
1397 5330 1555 5370 novus
1594 5322 1646 5369 et
1682 5315 1978 5386 inopinatus
2005 5329 2283 5386 apparens,
2307 5310 2480 5368 oculos
2511 5311 2758 5386 quosdam
2796 5307 2963 5386 [Lm]
3003 5311 3174 5370 cordis
3210 5312 3422 5383 infudit,
3442 5321 3499 5367 ut

221 5391 566 5488 cognosceret
591 5431 796 5479 sensus,
817 5428 967 5485 quem
993 5429 1098 5466 non
1123 5412 1358 5483 cognovit
1377 5418 1630 5480 aspectus.
1664 5409 1812 5465 Unde
1837 5411 1898 5482 ﬁt
1925 5419 1982 5464 ut
2008 5425 2101 5466 nos
2130 5407 2386 5463 Christum
2423 5405 2704 5480 Dominum
2738 5423 2830 5479 per
2855 5405 3030 5476 ﬁdem,
3062 5419 3209 5477 quem
3236 5418 3498 5474 nunquam

233 5509 488 5578 vidimus,
505 5507 936 5580 contemplemur;
951 5491 1138 5560 Iudaei
1163 5505 1702 5577 quem‘perspexerunt
1728 5503 1909 5570 oculis,
1938 5503 2274 5575 palpaverunt
2299 5501 2556 5565 manibus,
2586 5499 2834 5570 hodieque
2860 5515 2963 5554 non
2987 5496 3213 5552 videant.
3247 5492 3499 5558 Requira-

223 5587 350 5654 1⁸³³⁸³³
375 5601 536 5672 ίσίεαν
561 5599 696 5672 ςυοά
721 5595 1187 5672 δίθηκηιόρεηαη
1208 5597 1295 5663 δίιδ
1318 5607 1375 5650 ιη
1401 5587 1725 5652 (inﬁnitatem
1750 5613 1900 5665 suam
1925 5596 2128 5668 populis
2155 5595 2463 5650 declararet.
2505 5593 2724 5649 Dicitur.
2745 5593 2841 5648 hoc
2867 5593 3100 5664 primum,
3125 5588 3305 5661 fecisse
3332 5583 3494 5636 mira-

240 5684 434 5759 atlum',‘
459 5704 518 5748 ut
559 5709 748 5768 aquam
786 5691 1018 5748 mutaret
1032 5692 1088 5746 in
1126 5691 1331 5746 vinum.‘
1350 5688 1603 5760 Magnum
1622 5689 1796 5763 'plane
1809 5691 2043 5764 ‘signum,
2082 5697 2131 5743 et
2151 5687 2224 5744 ad
2235 5685 2348 5742 'Dei
2385 5686 2692 5768 credendam
2715 5685 2969 5754 suﬁiciens
2995 5681 3332 5768 majestatem.
3367 5673 3518 5757 Quis_

243 5790 355 5842 non
372 5765 617 5854 mur,-
631 5788 687 5840 in
712 5785 856 5840 aliud
875 5767 1026 5855 ὶμίωηι
1054 5779 1626 5842 erant'elementaiesse
1641 5781 1934 5852 «unum?
1963 5779 2142 5844 Νακο,
2157 5781 2294 5861 enim
2312 5765 2486 5854 potest,
2505 5788 2706 5866 mutare
2726 5786 2985 5859 naturam.
3013 5771 3122 5866 nisi
3137 5768 3225 5864 aui
3246 5767 3496 5828 υυηιὲιηω
