  <div class='ocr_page' id='page_1' title='image "/cluster/home/n/w/nwhite01/storage/ocr_20150623/57/hvd.32044015471618/039.png"; bbox 0 0 4050 6356; ppageno 0'>
   <div class='ocr_carea' id='block_1_1' title="bbox 599 309 2198 389">
    <p class='ocr_par' dir='ltr' id='par_1_1' title="bbox 599 309 2198 386">
     <span class='ocr_line' id='line_1_1' title="bbox 599 309 2198 386; baseline 0.003 -5"><span class='ocrx_word' id='word_1_1' title='bbox 599 319 667 382; x_wconf 81' lang='lat'><strong><em>67</em></strong></span> <span class='ocrx_word' id='word_1_2' title='bbox 2026 309 2198 386; x_wconf 68' lang='lat' dir='ltr'><strong><em>pm</em></strong></span> 
     </span>
    </p>
   </div>
   <div class='ocr_carea' id='block_1_2' title="bbox 2355 309 3954 389">
    <p class='ocr_par' dir='ltr' id='par_1_2' title="bbox 2355 315 3954 389">
     <span class='ocr_line' id='line_1_2' title="bbox 2355 315 3954 389; baseline -0.001 -3"><span class='ocrx_word' id='word_1_3' title='bbox 2355 318 2407 389; x_wconf 67' lang='grc' dir='ltr'><strong><em>Β.</em></strong></span> <span class='ocrx_word' id='word_1_4' title='bbox 3871 315 3954 385; x_wconf 78' lang='lat' dir='ltr'><strong><em>cit</em></strong></span> 
     </span>
    </p>
   </div>
   <div class='ocr_carea' id='block_1_3' title="bbox 599 425 3952 520">
    <p class='ocr_par' dir='ltr' id='par_1_3' title="bbox 599 425 3952 520">
     <span class='ocr_line' id='line_1_3' title="bbox 599 425 3952 520; baseline 0.001 -22"><span class='ocrx_word' id='word_1_5' title='bbox 599 453 676 499; x_wconf 88' lang='lat' dir='ltr'><strong><em>est</em></strong></span> <span class='ocrx_word' id='word_1_6' title='bbox 703 453 920 502; x_wconf 66' lang='lat' dir='ltr'><strong><em>natura.</em></strong></span> <span class='ocrx_word' id='word_1_7' title='bbox 951 445 1271 503; x_wconf 83' lang='lat' dir='ltr'><strong><em>Credendutn</em></strong></span> <span class='ocrx_word' id='word_1_8' title='bbox 1298 455 1375 502; x_wconf 89' lang='lat' dir='ltr'><strong><em>est</em></strong></span> <span class='ocrx_word' id='word_1_9' title='bbox 1387 445 1504 520; x_wconf 82' lang='lat' dir='ltr'><strong><em>jam</em></strong></span> <span class='ocrx_word' id='word_1_10' title='bbox 1526 463 1592 502; x_wconf 78' lang='lat' dir='ltr'><strong><em>ea:</em></strong></span> <span class='ocrx_word' id='word_1_11' title='bbox 1611 445 1706 501; x_wconf 91' lang='lat' dir='ltr'><strong><em>hoc</em></strong></span> <span class='ocrx_word' id='word_1_12' title='bbox 1735 445 2007 502; x_wconf 74' lang='lat' dir='ltr'><strong><em>mortalem</em></strong></span> <span class='ocrx_word' id='word_1_13' title='bbox 2033 443 2290 502; x_wconf 78' lang='lat' dir='ltr'><strong><em>hominem</em></strong></span> <span class='ocrx_word' id='word_1_14' title='bbox 2324 448 2378 500; x_wconf 92' lang='lat' dir='ltr'><strong><em>in</em></strong></span> <span class='ocrx_word' id='word_1_15' title='bbox 2415 445 2854 501; x_wconf 75' lang='lat' dir='ltr'><strong><em>immortalitatem</em></strong></span> <span class='ocrx_word' id='word_1_16' title='bbox 2881 457 3031 513; x_wconf 85' lang='lat' dir='ltr'><strong><em>posse</em></strong></span> <span class='ocrx_word' id='word_1_17' title='bbox 3054 443 3306 512; x_wconf 80' lang='lat' dir='ltr'><strong><em>converti,</em></strong></span> <span class='ocrx_word' id='word_1_18' title='bbox 3345 425 3553 517; x_wconf 59' lang='lat' dir='ltr'><strong><em>quando</em></strong></span> <span class='ocrx_word' id='word_1_19' title='bbox 3589 437 3736 500; x_wconf 67' lang='lat' dir='ltr'><strong><em>viiit</em></strong></span> <span class='ocrx_word' id='word_1_20' title='bbox 3791 445 3952 501; x_wconf 77' lang='lat' dir='ltr'><strong><em>sub-</em></strong></span> 
     </span>
    </p>
   </div>
   <div class='ocr_carea' id='block_1_4' title="bbox 598 533 3954 610">
    <p class='ocr_par' dir='ltr' id='par_1_4' title="bbox 598 533 3954 610">
     <span class='ocr_line' id='line_1_4' title="bbox 598 533 3954 610; baseline 0 -20"><span class='ocrx_word' id='word_1_21' title='bbox 598 537 794 591; x_wconf 92' lang='lat' dir='ltr'><strong><em>stantia</em></strong></span> <span class='ocrx_word' id='word_1_22' title='bbox 814 539 867 592; x_wconf 91' lang='lat' dir='ltr'><strong><em>in</em></strong></span> <span class='ocrx_word' id='word_1_23' title='bbox 893 538 1172 610; x_wconf 89' lang='lat' dir='ltr'><strong><em>pretiosam</em></strong></span> <span class='ocrx_word' id='word_1_24' title='bbox 1195 547 1275 594; x_wconf 89' lang='lat' dir='ltr'><strong><em>est</em></strong></span> <span class='ocrx_word' id='word_1_25' title='bbox 1297 553 1545 595; x_wconf 89' lang='lat' dir='ltr'><strong><em>conversa</em></strong></span> <span class='ocrx_word' id='word_1_26' title='bbox 1565 533 1932 594; x_wconf 68' lang='lat' dir='ltr'><strong><em>substantiam.</em></strong></span> <span class='ocrx_word' id='word_1_27' title='bbox 1966 533 2147 592; x_wconf 89' lang='lat' dir='ltr'><strong><em>Nolim</em></strong></span> <span class='ocrx_word' id='word_1_28' title='bbox 2173 539 2330 604; x_wconf 88' lang='lat' dir='ltr'><strong><em>enim,</em></strong></span> <span class='ocrx_word' id='word_1_29' title='bbox 2353 536 2580 603; x_wconf 85' lang='lat' dir='ltr'><strong><em>auditor,</em></strong></span> <span class='ocrx_word' id='word_1_30' title='bbox 2611 537 2822 591; x_wconf 87' lang='lat' dir='ltr'><strong><em>nomina</em></strong></span> <span class='ocrx_word' id='word_1_31' title='bbox 2849 543 3046 590; x_wconf 89' lang='lat' dir='ltr'><strong><em>tantum</em></strong></span> <span class='ocrx_word' id='word_1_32' title='bbox 3072 534 3356 608; x_wconf 83' lang='lat' dir='ltr'><strong><em>perspicias</em></strong></span> <span class='ocrx_word' id='word_1_33' title='bbox 3381 535 3487 590; x_wconf 86' lang='lat' dir='ltr'><strong><em>vini</em></strong></span> <span class='ocrx_word' id='word_1_34' title='bbox 3512 541 3565 590; x_wconf 84' lang='lat' dir='ltr'><strong><em>et</em></strong></span> <span class='ocrx_word' id='word_1_35' title='bbox 3590 546 3814 606; x_wconf 60' lang='lat' dir='ltr'><strong><em>aqua,</em></strong></span> <span class='ocrx_word' id='word_1_36' title='bbox 3839 541 3954 592; x_wconf 73' lang='lat' dir='ltr'><strong><em>sed</em></strong></span> 
     </span>
    </p>
   </div>
   <div class='ocr_carea' id='block_1_5' title="bbox 537 609 3950 713">
    <p class='ocr_par' dir='ltr' id='par_1_5' title="bbox 537 609 3950 713">
     <span class='ocr_line' id='line_1_5' title="bbox 537 609 3950 713; baseline 0.001 -34"><span class='ocrx_word' id='word_1_37' title='bbox 537 609 556 713; x_wconf 70' lang='grc' dir='ltr'>ξ</span> <span class='ocrx_word' id='word_1_38' title='bbox 598 625 646 680; x_wconf 93' lang='lat' dir='ltr'><strong><em>si</em></strong></span> <span class='ocrx_word' id='word_1_39' title='bbox 673 626 746 680; x_wconf 90' lang='lat' dir='ltr'><strong><em>vis</em></strong></span> <span class='ocrx_word' id='word_1_40' title='bbox 765 609 1046 696; x_wconf 87' lang='lat' dir='ltr'><strong><em>potentiam</em></strong></span> <span class='ocrx_word' id='word_1_41' title='bbox 1073 625 1424 698; x_wconf 79' lang='lat' dir='ltr'><strong><em>comprobare,</em></strong></span> <span class='ocrx_word' id='word_1_42' title='bbox 1455 629 1689 684; x_wconf 85' lang='lat' dir='ltr'><strong><em>virtutem</em></strong></span> <span class='ocrx_word' id='word_1_43' title='bbox 1729 645 1900 684; x_wconf 91' lang='lat' dir='ltr'><strong><em>rerum</em></strong></span> <span class='ocrx_word' id='word_1_44' title='bbox 1927 629 2118 698; x_wconf 79' lang='lat' dir='ltr'><strong><em>aspice.</em></strong></span> <span class='ocrx_word' id='word_1_45' title='bbox 2152 625 2317 683; x_wconf 88' lang='lat' dir='ltr'><strong><em>Tanto</em></strong></span> <span class='ocrx_word' id='word_1_46' title='bbox 2337 629 2476 683; x_wconf 89' lang='lat' dir='ltr'><strong><em>enim</em></strong></span> <span class='ocrx_word' id='word_1_47' title='bbox 2511 629 2669 684; x_wconf 82' lang='lat' dir='ltr'><strong><em>altius</em></strong></span> <span class='ocrx_word' id='word_1_48' title='bbox 2705 627 2876 682; x_wconf 83' lang='lat' dir='ltr'><strong><em>nescio</em></strong></span> <span class='ocrx_word' id='word_1_49' title='bbox 2916 626 3040 701; x_wconf 86' lang='lat' dir='ltr'><strong><em>quid</em></strong></span> <span class='ocrx_word' id='word_1_50' title='bbox 3075 615 3519 682; x_wconf 68' lang='lat' dir='ltr'><strong><em>demonstratur...</em></strong></span> <span class='ocrx_word' id='word_1_51' title='bbox 3552 623 3681 682; x_wconf 73' lang='lat' dir='ltr'><strong><em>Hoc</em></strong></span> <span class='ocrx_word' id='word_1_52' title='bbox 3735 629 3950 702; x_wconf 66' lang='lat' dir='ltr'><strong><em>igitur</em></strong></span> 
     </span>
    </p>
   </div>
   <div class='ocr_carea' id='block_1_6' title="bbox 597 714 3944 790">
    <p class='ocr_par' dir='ltr' id='par_1_6' title="bbox 597 714 3944 790">
     <span class='ocr_line' id='line_1_6' title="bbox 597 714 3944 790; baseline 0.002 -23"><span class='ocrx_word' id='word_1_53' title='bbox 597 714 806 786; x_wconf 88' lang='lat' dir='ltr'><strong><em>dignum</em></strong></span> <span class='ocrx_word' id='word_1_54' title='bbox 841 725 918 772; x_wconf 86' lang='lat' dir='ltr'><strong><em>est</em></strong></span> <span class='ocrx_word' id='word_1_55' title='bbox 945 715 1172 784; x_wconf 80' lang='lat' dir='ltr'><strong><em>credere,</em></strong></span> <span class='ocrx_word' id='word_1_56' title='bbox 1204 719 1409 790; x_wconf 89' lang='lat' dir='ltr'><strong><em>operari</em></strong></span> <span class='ocrx_word' id='word_1_57' title='bbox 1437 715 1716 774; x_wconf 87' lang='lat' dir='ltr'><strong><em>Dominum</em></strong></span> <span class='ocrx_word' id='word_1_58' title='bbox 1753 714 1991 785; x_wconf 88' lang='lat' dir='ltr'><strong><em>voluisse,</em></strong></span> <span class='ocrx_word' id='word_1_59' title='bbox 2023 727 2078 772; x_wconf 89' lang='lat' dir='ltr'><strong><em>ut</em></strong></span> <span class='ocrx_word' id='word_1_60' title='bbox 2106 735 2197 789; x_wconf 87' lang='lat' dir='ltr'><strong><em>per</em></strong></span> <span class='ocrx_word' id='word_1_61' title='bbox 2241 716 2336 773; x_wconf 87' lang='lat' dir='ltr'><strong><em>hoc</em></strong></span> <span class='ocrx_word' id='word_1_62' title='bbox 2372 725 2630 772; x_wconf 87' lang='lat' dir='ltr'><strong><em>terrenum</em></strong></span> <span class='ocrx_word' id='word_1_63' title='bbox 2676 718 2898 790; x_wconf 88' lang='lat' dir='ltr'><strong><em>signum,</em></strong></span> <span class='ocrx_word' id='word_1_64' title='bbox 2943 717 3170 790; x_wconf 67' lang='lat' dir='ltr'><strong><em>futurum</em></strong></span> <span class='ocrx_word' id='word_1_65' title='bbox 3198 715 3312 788; x_wconf 85' lang='lat' dir='ltr'><strong><em>jam</em></strong></span> <span class='ocrx_word' id='word_1_66' title='bbox 3348 725 3464 769; x_wconf 83' lang='lat' dir='ltr'><strong><em>tunc</em></strong></span> <span class='ocrx_word' id='word_1_67' title='bbox 3491 721 3524 769; x_wconf 80' lang='lat' dir='ltr'><strong><em>‘a</em></strong></span> <span class='ocrx_word' id='word_1_68' title='bbox 3551 718 3944 788; x_wconf 64' lang='lat' dir='ltr'><strong><em>sapientibus</em></strong></span> 
     </span>
    </p>
   </div>
   <div class='ocr_carea' id='block_1_7' title="bbox 595 803 3940 881">
    <p class='ocr_par' dir='ltr' id='par_1_7' title="bbox 595 803 3940 881">
     <span class='ocr_line' id='line_1_7' title="bbox 595 803 3940 881; baseline 0.002 -23"><span class='ocrx_word' id='word_1_69' title='bbox 595 803 796 861; x_wconf 73' lang='lat' dir='ltr'><strong><em>caleste</em></strong></span> <span class='ocrx_word' id='word_1_70' title='bbox 823 811 1124 880; x_wconf 73' lang='lat' dir='ltr'><strong><em>mysterium</em></strong></span> <span class='ocrx_word' id='word_1_71' title='bbox 1149 809 1420 864; x_wconf 87' lang='lat' dir='ltr'><strong><em>videretur.</em></strong></span> <span class='ocrx_word' id='word_1_72' title='bbox 1454 805 1596 864; x_wconf 88' lang='lat' dir='ltr'><strong><em>Nam</em></strong></span> <span class='ocrx_word' id='word_1_73' title='bbox 1623 810 1668 865; x_wconf 94' lang='lat' dir='ltr'><strong><em>si</em></strong></span> <span class='ocrx_word' id='word_1_74' title='bbox 1691 807 1928 864; x_wconf 85' lang='lat' dir='ltr'><strong><em>mirabile</em></strong></span> <span class='ocrx_word' id='word_1_75' title='bbox 1963 817 2038 864; x_wconf 91' lang='lat' dir='ltr'><strong><em>est</em></strong></span> <span class='ocrx_word' id='word_1_76' title='bbox 2071 810 2260 880; x_wconf 89' lang='lat' dir='ltr'><strong><em>utique,</em></strong></span> <span class='ocrx_word' id='word_1_77' title='bbox 2290 820 2404 881; x_wconf 82' lang='lat' dir='ltr'><strong><em>qute</em></strong></span> <span class='ocrx_word' id='word_1_78' title='bbox 2441 807 2754 881; x_wconf 74' lang='lat' dir='ltr'><strong><em>defecerant,</em></strong></span> <span class='ocrx_word' id='word_1_79' title='bbox 2803 808 3025 864; x_wconf 83' lang='lat' dir='ltr'><strong><em>convivis</em></strong></span> <span class='ocrx_word' id='word_1_80' title='bbox 3067 809 3187 862; x_wconf 91' lang='lat' dir='ltr'><strong><em>vina</em></strong></span> <span class='ocrx_word' id='word_1_81' title='bbox 3227 807 3508 880; x_wconf 64' lang='lat' dir='ltr'><strong><em>suppleas,</em></strong></span> <span class='ocrx_word' id='word_1_82' title='bbox 3551 817 3789 880; x_wconf 57' lang='lat' dir='ltr'><strong><em>paulo</em></strong></span> <span class='ocrx_word' id='word_1_83' title='bbox 3849 827 3940 875; x_wconf 60' lang='lat' dir='ltr'><strong><em>es;</em></strong></span> 
     </span>
    </p>
   </div>
   <div class='ocr_carea' id='block_1_8' title="bbox 593 895 3938 976">
    <p class='ocr_par' dir='ltr' id='par_1_8' title="bbox 593 895 3938 976">
     <span class='ocr_line' id='line_1_8' title="bbox 593 895 3938 976; baseline 0.002 -25"><span class='ocrx_word' id='word_1_84' title='bbox 593 895 901 967; x_wconf 86' lang='lat' dir='ltr'><strong><em>mirabilius,</em></strong></span> <span class='ocrx_word' id='word_1_85' title='bbox 934 901 1092 957; x_wconf 89' lang='lat' dir='ltr'><strong><em>vitam</em></strong></span> <span class='ocrx_word' id='word_1_86' title='bbox 1120 918 1235 976; x_wconf 77' lang='lat' dir='ltr'><strong><em>quae</em></strong></span> <span class='ocrx_word' id='word_1_87' title='bbox 1255 909 1331 958; x_wconf 92' lang='lat' dir='ltr'><strong><em>est</em></strong></span> <span class='ocrx_word' id='word_1_88' title='bbox 1357 900 1628 968; x_wconf 71' lang='lat' dir='ltr'><strong><em>exhausta,</em></strong></span> <span class='ocrx_word' id='word_1_89' title='bbox 1653 899 1942 957; x_wconf 89' lang='lat' dir='ltr'><strong><em>hominibus</em></strong></span> <span class='ocrx_word' id='word_1_90' title='bbox 1981 915 2275 973; x_wconf 83' lang='lat' dir='ltr'><strong><em>reparasse.</em></strong></span> <span class='ocrx_word' id='word_1_91' title='bbox 2307 899 2384 956; x_wconf 89' lang='lat' dir='ltr'><strong><em>De</em></strong></span> <span class='ocrx_word' id='word_1_92' title='bbox 2405 900 2616 957; x_wconf 63' lang='lat' dir='ltr'><strong><em>(ueteris</em></strong></span> <span class='ocrx_word' id='word_1_93' title='bbox 2643 897 2899 971; x_wconf 74' lang='lat' dir='ltr'><strong><em>prodigiis</em></strong></span> <span class='ocrx_word' id='word_1_94' title='bbox 2927 915 2957 954; x_wconf 87' lang='lat' dir='ltr'><strong><em>a</em></strong></span> <span class='ocrx_word' id='word_1_95' title='bbox 2988 897 3204 956; x_wconf 75' lang='lat' dir='ltr'><strong><em>Christo</em></strong></span> <span class='ocrx_word' id='word_1_96' title='bbox 3230 899 3470 970; x_wconf 76' lang='lat' dir='ltr'><strong><em>patratis,</em></strong></span> <span class='ocrx_word' id='word_1_97' title='bbox 3495 906 3558 955; x_wconf 87' lang='lat' dir='ltr'><strong><em>ut</em></strong></span> <span class='ocrx_word' id='word_1_98' title='bbox 3581 898 3657 957; x_wconf 86' lang='lat' dir='ltr'><strong><em>de</em></strong></span> <span class='ocrx_word' id='word_1_99' title='bbox 3689 912 3938 959; x_wconf 73' lang='lat' dir='ltr'><strong><em>curato</em></strong></span> 
     </span>
    </p>
   </div>
   <div class='ocr_carea' id='block_1_9' title="bbox 594 990 3934 1068">
    <p class='ocr_par' dir='ltr' id='par_1_9' title="bbox 594 990 3934 1068">
     <span class='ocr_line' id='line_1_9' title="bbox 594 990 3934 1068; baseline 0.002 -24"><span class='ocrx_word' id='word_1_100' title='bbox 594 1000 816 1062; x_wconf 87' lang='lat' dir='ltr'><strong><em>repente</em></strong></span> <span class='ocrx_word' id='word_1_101' title='bbox 843 993 936 1051; x_wconf 89' lang='lat' dir='ltr'><strong><em>illo</em></strong></span> <span class='ocrx_word' id='word_1_102' title='bbox 961 995 1116 1066; x_wconf 80' lang='lat' dir='ltr'><strong><em>cujus</em></strong></span> <span class='ocrx_word' id='word_1_103' title='bbox 1143 995 1291 1052; x_wconf 87' lang='lat' dir='ltr'><strong><em>arida</em></strong></span> <span class='ocrx_word' id='word_1_104' title='bbox 1319 1004 1434 1052; x_wconf 89' lang='lat' dir='ltr'><strong><em>erat</em></strong></span> <span class='ocrx_word' id='word_1_105' title='bbox 1453 1009 1660 1063; x_wconf 88' lang='lat' dir='ltr'><strong><em>manus,</em></strong></span> <span class='ocrx_word' id='word_1_106' title='bbox 1686 995 1757 1051; x_wconf 85' lang='lat' dir='ltr'><strong><em>de</em></strong></span> <span class='ocrx_word' id='word_1_107' title='bbox 1785 997 2032 1052; x_wconf 90' lang='lat' dir='ltr'><strong><em>restituta</em></strong></span> <span class='ocrx_word' id='word_1_108' title='bbox 2061 995 2356 1068; x_wconf 84' lang='lat' dir='ltr'><strong><em>paralytico</em></strong></span> <span class='ocrx_word' id='word_1_109' title='bbox 2377 994 2629 1059; x_wconf 76' lang='lat' dir='ltr'><strong><em>sanitate,</em></strong></span> <span class='ocrx_word' id='word_1_110' title='bbox 2659 993 2834 1064; x_wconf 79' lang='lat' dir='ltr'><strong><em>deque</em></strong></span> <span class='ocrx_word' id='word_1_111' title='bbox 2858 990 3018 1049; x_wconf 83' lang='lat' dir='ltr'><strong><em>Petro</em></strong></span> <span class='ocrx_word' id='word_1_112' title='bbox 3049 991 3246 1049; x_wconf 85' lang='lat' dir='ltr'><strong><em>Christi</em></strong></span> <span class='ocrx_word' id='word_1_113' title='bbox 3284 994 3481 1049; x_wconf 73' lang='lat' dir='ltr'><strong><em>virtute</em></strong></span> <span class='ocrx_word' id='word_1_114' title='bbox 3507 1009 3682 1066; x_wconf 80' lang='lat' dir='ltr'><strong><em>super</em></strong></span> <span class='ocrx_word' id='word_1_115' title='bbox 3713 1008 3934 1068; x_wconf 69' lang='lat' dir='ltr'><strong><em>aqua</em></strong></span> 
     </span>
    </p>
   </div>
   <div class='ocr_carea' id='block_1_10' title="bbox 592 1081 3928 1158">
    <p class='ocr_par' dir='ltr' id='par_1_10' title="bbox 592 1081 3928 1158">
     <span class='ocr_line' id='line_1_10' title="bbox 592 1081 3928 1158; baseline 0.002 -22"><span class='ocrx_word' id='word_1_116' title='bbox 592 1081 917 1152; x_wconf 80' lang='lat' dir='ltr'><strong><em>ambulante,</em></strong></span> <span class='ocrx_word' id='word_1_117' title='bbox 941 1087 1129 1144; x_wconf 84' lang='lat' dir='ltr'><strong><em>scribit</em></strong></span> <span class='ocrx_word' id='word_1_118' title='bbox 1157 1085 1420 1145; x_wconf 78' lang='lat' dir='ltr'><strong><em>Maximus</em></strong></span> <span class='ocrx_word' id='word_1_119' title='bbox 1444 1087 1637 1143; x_wconf 89' lang='lat' dir='ltr'><strong><em>homil.</em></strong></span> <span class='ocrx_word' id='word_1_120' title='bbox 1667 1085 1765 1142; x_wconf 78' lang='grc'><strong><em>108</em></strong></span> <span class='ocrx_word' id='word_1_121' title='bbox 1791 1095 1845 1143; x_wconf 90' lang='lat' dir='ltr'><strong><em>et</em></strong></span> <span class='ocrx_word' id='word_1_122' title='bbox 1873 1086 1996 1143; x_wconf 79' lang='lat' dir='ltr'><strong><em>ll6.</em></strong></span> <span class='ocrx_word' id='word_1_123' title='bbox 2027 1086 2204 1158; x_wconf 83' lang='lat' dir='ltr'><strong><em>Atque</em></strong></span> <span class='ocrx_word' id='word_1_124' title='bbox 2249 1087 2306 1142; x_wconf 87' lang='lat' dir='ltr'><strong><em>in</em></strong></span> <span class='ocrx_word' id='word_1_125' title='bbox 2351 1087 2454 1142; x_wconf 89' lang='lat' dir='ltr'><strong><em>hac</em></strong></span> <span class='ocrx_word' id='word_1_126' title='bbox 2495 1083 2708 1156; x_wconf 87' lang='lat' dir='ltr'><strong><em>quidem</em></strong></span> <span class='ocrx_word' id='word_1_127' title='bbox 2751 1092 3040 1156; x_wconf 88' lang='lat' dir='ltr'><strong><em>postrema,</em></strong></span> <span class='ocrx_word' id='word_1_128' title='bbox 3085 1099 3206 1156; x_wconf 85' lang='lat' dir='ltr'><strong><em>pag.</em></strong></span> <span class='ocrx_word' id='word_1_129' title='bbox 3255 1084 3360 1140; x_wconf 75' lang='lat'><strong><em>583</em></strong></span> <span class='ocrx_word' id='word_1_130' title='bbox 3391 1104 3404 1139; x_wconf 75' lang='grc' dir='ltr'><strong>ε</strong></span> <span class='ocrx_word' id='word_1_131' title='bbox 3432 1084 3700 1144; x_wconf 78' lang='lat' dir='ltr'><strong><em>Dominus</em></strong></span> <span class='ocrx_word' id='word_1_132' title='bbox 3731 1087 3928 1144; x_wconf 61' lang='lat' dir='ltr'><strong><em>leas</em></strong></span> 
     </span>
    </p>
   </div>
   <div class='ocr_carea' id='block_1_11' title="bbox 481 1168 3920 1249">
    <p class='ocr_par' dir='ltr' id='par_1_11' title="bbox 481 1168 3920 1249">
     <span class='ocr_line' id='line_1_11' title="bbox 481 1168 3920 1249; baseline 0.002 -25"><span class='ocrx_word' id='word_1_133' title='bbox 481 1199 498 1210; x_wconf 67' lang='grc' dir='ltr'><strong>ι</strong></span> <span class='ocrx_word' id='word_1_134' title='bbox 591 1168 844 1238; x_wconf 77' lang='lat' dir='ltr'><strong><em>Christus,</em></strong></span> <span class='ocrx_word' id='word_1_135' title='bbox 868 1173 1059 1242; x_wconf 82' lang='lat' dir='ltr'><strong><em>inquit,</em></strong></span> <span class='ocrx_word' id='word_1_136' title='bbox 1089 1177 1350 1248; x_wconf 83' lang='lat' dir='ltr'><strong><em>ingressus</em></strong></span> <span class='ocrx_word' id='word_1_137' title='bbox 1379 1175 1590 1232; x_wconf 89' lang='lat' dir='ltr'><strong><em>sabbato</em></strong></span> <span class='ocrx_word' id='word_1_138' title='bbox 1621 1194 1957 1249; x_wconf 84' lang='lat' dir='ltr'><strong><em>synagogam,</em></strong></span> <span class='ocrx_word' id='word_1_139' title='bbox 1990 1176 2212 1232; x_wconf 84' lang='lat' dir='ltr'><strong><em>hominis</em></strong></span> <span class='ocrx_word' id='word_1_140' title='bbox 2243 1173 2478 1231; x_wconf 82' lang='lat' dir='ltr'><strong><em>habentis</em></strong></span> <span class='ocrx_word' id='word_1_141' title='bbox 2505 1187 2715 1230; x_wconf 86' lang='lat' dir='ltr'><strong><em>manum</em></strong></span> <span class='ocrx_word' id='word_1_142' title='bbox 2743 1174 2948 1229; x_wconf 85' lang='lat' dir='ltr'><strong><em>aridam</em></strong></span> <span class='ocrx_word' id='word_1_143' title='bbox 2975 1175 3201 1246; x_wconf 89' lang='lat' dir='ltr'><strong><em>spiritali</em></strong></span> <span class='ocrx_word' id='word_1_144' title='bbox 3226 1175 3482 1230; x_wconf 73' lang='lat' dir='ltr'><strong><em>medicina</em></strong></span> <span class='ocrx_word' id='word_1_145' title='bbox 3508 1180 3755 1246; x_wconf 62' lang='lat' dir='ltr'><strong><em>curavit;</em></strong></span> <span class='ocrx_word' id='word_1_146' title='bbox 3793 1193 3920 1234; x_wconf 67' lang='lat' dir='ltr'><strong><em>non</em></strong></span> 
     </span>
    </p>
   </div>
   <div class='ocr_carea' id='block_1_12' title="bbox 591 1261 3918 1340">
    <p class='ocr_par' dir='ltr' id='par_1_12' title="bbox 591 1261 3918 1340">
     <span class='ocr_line' id='line_1_12' title="bbox 591 1261 3918 1340; baseline 0.003 -27"><span class='ocrx_word' id='word_1_147' title='bbox 591 1263 839 1333; x_wconf 89' lang='lat' dir='ltr'><strong><em>appositis</em></strong></span> <span class='ocrx_word' id='word_1_148' title='bbox 864 1261 1142 1320; x_wconf 81' lang='lat' dir='ltr'><strong><em>herbarum</em></strong></span> <span class='ocrx_word' id='word_1_149' title='bbox 1169 1269 1352 1336; x_wconf 88' lang='lat' dir='ltr'><strong><em>succis,</em></strong></span> <span class='ocrx_word' id='word_1_150' title='bbox 1389 1285 1494 1323; x_wconf 91' lang='lat' dir='ltr'><strong><em>non</em></strong></span> <span class='ocrx_word' id='word_1_151' title='bbox 1531 1268 1905 1340; x_wconf 85' lang='lat' dir='ltr'><strong><em>pigmenton</em></strong></span> <span class='ocrx_word' id='word_1_152' title='bbox 1933 1265 2358 1322; x_wconf 87' lang='lat' dir='ltr'><strong><em>medicaminibus</em></strong></span> <span class='ocrx_word' id='word_1_153' title='bbox 2398 1265 2674 1338; x_wconf 81' lang='lat' dir='ltr'><strong><em>colligatis,</em></strong></span> <span class='ocrx_word' id='word_1_154' title='bbox 2703 1266 2798 1320; x_wconf 73' lang='lat' dir='ltr'><strong><em>sed</em></strong></span> <span class='ocrx_word' id='word_1_155' title='bbox 2823 1263 2975 1320; x_wconf 86' lang='lat' dir='ltr'><strong><em>verbo</em></strong></span> <span class='ocrx_word' id='word_1_156' title='bbox 3002 1262 3212 1336; x_wconf 72' lang='lat' dir='ltr'><strong><em>iubens,</em></strong></span> <span class='ocrx_word' id='word_1_157' title='bbox 3251 1275 3301 1320; x_wconf 85' lang='lat' dir='ltr'><strong><em>et</em></strong></span> <span class='ocrx_word' id='word_1_158' title='bbox 3344 1268 3398 1320; x_wconf 89' lang='lat' dir='ltr'><strong><em>in</em></strong></span> <span class='ocrx_word' id='word_1_159' title='bbox 3439 1268 3524 1320; x_wconf 90' lang='lat' dir='ltr'><strong><em>ira</em></strong></span> <span class='ocrx_word' id='word_1_160' title='bbox 3561 1270 3918 1338; x_wconf 67' lang='lat' dir='ltr'><strong><em>prccipieas</em></strong></span> 
     </span>
    </p>
   </div>
   <div class='ocr_carea' id='block_1_13' title="bbox 601 1353 3912 1432">
    <p class='ocr_par' dir='ltr' id='par_1_13' title="bbox 601 1353 3912 1432">
     <span class='ocr_line' id='line_1_13' title="bbox 601 1353 3912 1432; baseline 0.002 -25"><span class='ocrx_word' id='word_1_161' title='bbox 601 1354 795 1425; x_wconf 88' lang='lat' dir='ltr'><strong><em>refudit</em></strong></span> <span class='ocrx_word' id='word_1_162' title='bbox 821 1358 1024 1425; x_wconf 82' lang='lat' dir='ltr'><strong><em>corpori</em></strong></span> <span class='ocrx_word' id='word_1_163' title='bbox 1051 1359 1394 1413; x_wconf 87' lang='lat' dir='ltr'><strong><em>sanitatem...</em></strong></span> <span class='ocrx_word' id='word_1_164' title='bbox 1427 1357 1592 1414; x_wconf 84' lang='lat' dir='ltr'><strong><em>Verbo</em></strong></span> <span class='ocrx_word' id='word_1_165' title='bbox 1621 1360 1776 1432; x_wconf 88' lang='lat' dir='ltr'><strong><em>igitur</em></strong></span> <span class='ocrx_word' id='word_1_166' title='bbox 1795 1357 1961 1430; x_wconf 83' lang='lat' dir='ltr'><strong><em>jubet,</em></strong></span> <span class='ocrx_word' id='word_1_167' title='bbox 1985 1369 2042 1412; x_wconf 91' lang='lat' dir='ltr'><strong><em>ut</em></strong></span> <span class='ocrx_word' id='word_1_168' title='bbox 2061 1359 2230 1413; x_wconf 86' lang='lat' dir='ltr'><strong><em>arenti</em></strong></span> <span class='ocrx_word' id='word_1_169' title='bbox 2259 1357 2486 1412; x_wconf 75' lang='lat' dir='ltr'><strong><em>dextera:</em></strong></span> <span class='ocrx_word' id='word_1_170' title='bbox 2513 1371 2758 1411; x_wconf 82' lang='lat' dir='ltr'><strong><em>venarum</em></strong></span> <span class='ocrx_word' id='word_1_171' title='bbox 2779 1372 2836 1410; x_wconf 92' lang='lat' dir='ltr'><strong><em>se</em></strong></span> <span class='ocrx_word' id='word_1_172' title='bbox 2863 1371 3041 1410; x_wconf 85' lang='lat' dir='ltr'><strong><em>succus</em></strong></span> <span class='ocrx_word' id='word_1_173' title='bbox 3069 1355 3376 1425; x_wconf 84' lang='lat' dir='ltr'><strong><em>infunderet.</em></strong></span> <span class='ocrx_word' id='word_1_174' title='bbox 3411 1353 3536 1410; x_wconf 86' lang='lat' dir='ltr'><strong><em>Non</em></strong></span> <span class='ocrx_word' id='word_1_175' title='bbox 3553 1358 3770 1413; x_wconf 74' lang='lat' dir='ltr'><strong><em>mir-mss</em></strong></span> <span class='ocrx_word' id='word_1_176' title='bbox 3801 1368 3912 1426; x_wconf 67' lang='lat' dir='ltr'><strong><em>ut,</em></strong></span> 
     </span>
    </p>
   </div>
   <div class='ocr_carea' id='block_1_14' title="bbox 589 1445 3912 1524">
    <p class='ocr_par' dir='ltr' id='par_1_14' title="bbox 589 1445 3912 1524">
     <span class='ocr_line' id='line_1_14' title="bbox 589 1445 3912 1524; baseline 0.003 -25"><span class='ocrx_word' id='word_1_177' title='bbox 589 1447 639 1500; x_wconf 92' lang='lat' dir='ltr'><strong><em>si</em></strong></span> <span class='ocrx_word' id='word_1_178' title='bbox 663 1445 708 1501; x_wconf 89' lang='lat' dir='ltr'><strong><em>is</em></strong></span> <span class='ocrx_word' id='word_1_179' title='bbox 732 1458 961 1502; x_wconf 88' lang='lat' dir='ltr'><strong><em>arentem</em></strong></span> <span class='ocrx_word' id='word_1_180' title='bbox 989 1451 1244 1521; x_wconf 87' lang='lat' dir='ltr'><strong><em>reparavit</em></strong></span> <span class='ocrx_word' id='word_1_181' title='bbox 1271 1451 1554 1518; x_wconf 76' lang='lat' dir='ltr'><strong><em>dexteram,</em></strong></span> <span class='ocrx_word' id='word_1_182' title='bbox 1579 1452 1666 1524; x_wconf 89' lang='lat' dir='ltr'><strong><em>qui</em></strong></span> <span class='ocrx_word' id='word_1_183' title='bbox 1688 1460 1848 1506; x_wconf 89' lang='lat' dir='ltr'><strong><em>totum</em></strong></span> <span class='ocrx_word' id='word_1_184' title='bbox 1872 1465 2054 1522; x_wconf 90' lang='lat' dir='ltr'><strong><em>corpus</em></strong></span> <span class='ocrx_word' id='word_1_185' title='bbox 2085 1449 2146 1504; x_wconf 88' lang='lat' dir='ltr'><strong><em>de</em></strong></span> <span class='ocrx_word' id='word_1_186' title='bbox 2173 1449 2344 1505; x_wconf 79' lang='lat' dir='ltr'><strong><em>arenti</em></strong></span> <span class='ocrx_word' id='word_1_187' title='bbox 2370 1447 2576 1520; x_wconf 88' lang='lat' dir='ltr'><strong><em>pulvere</em></strong></span> <span class='ocrx_word' id='word_1_188' title='bbox 2591 1447 2892 1520; x_wconf 86' lang='lat' dir='ltr'><strong><em>procreavit,</em></strong></span> <span class='ocrx_word' id='word_1_189' title='bbox 2921 1455 2972 1502; x_wconf 90' lang='lat' dir='ltr'><strong><em>et</em></strong></span> <span class='ocrx_word' id='word_1_190' title='bbox 2993 1448 3050 1502; x_wconf 89' lang='lat' dir='ltr'><strong><em>id</em></strong></span> <span class='ocrx_word' id='word_1_191' title='bbox 3075 1446 3212 1503; x_wconf 83' lang='lat' dir='ltr'><strong><em>verbi</em></strong></span> <span class='ocrx_word' id='word_1_192' title='bbox 3231 1450 3443 1518; x_wconf 85' lang='lat' dir='ltr'><strong><em>imperio</em></strong></span> <span class='ocrx_word' id='word_1_193' title='bbox 3462 1451 3716 1518; x_wconf 75' lang='lat' dir='ltr'><strong><em>restituit,</em></strong></span> <span class='ocrx_word' id='word_1_194' title='bbox 3745 1454 3912 1524; x_wconf 66' lang='lat' dir='ltr'><strong><em>quod</em></strong></span> 
     </span>
    </p>
   </div>
   <div class='ocr_carea' id='block_1_15' title="bbox 597 1539 3906 1619">
    <p class='ocr_par' dir='ltr' id='par_1_15' title="bbox 597 1539 3906 1619">
     <span class='ocr_line' id='line_1_15' title="bbox 597 1539 3906 1619; baseline 0.003 -27"><span class='ocrx_word' id='word_1_195' title='bbox 597 1539 654 1592; x_wconf 90' lang='lat' dir='ltr'><strong><em>in</em></strong></span> <span class='ocrx_word' id='word_1_196' title='bbox 680 1539 934 1610; x_wconf 86' lang='lat' dir='ltr'><strong><em>principio</em></strong></span> <span class='ocrx_word' id='word_1_197' title='bbox 963 1543 1166 1614; x_wconf 89' lang='lat' dir='ltr'><strong><em>factura</em></strong></span> <span class='ocrx_word' id='word_1_198' title='bbox 1206 1547 1518 1616; x_wconf 86' lang='lat' dir='ltr'><strong><em>operationis</em></strong></span> <span class='ocrx_word' id='word_1_199' title='bbox 1547 1545 1788 1616; x_wconf 86' lang='lat' dir='ltr'><strong><em>instituit,</em></strong></span> <span class='ocrx_word' id='word_1_200' title='bbox 1828 1543 1962 1599; x_wconf 89' lang='lat' dir='ltr'><strong><em>velut</em></strong></span> <span class='ocrx_word' id='word_1_201' title='bbox 1999 1553 2263 1599; x_wconf 89' lang='lat' dir='ltr'><strong><em>auctorem</em></strong></span> <span class='ocrx_word' id='word_1_202' title='bbox 2305 1559 2453 1599; x_wconf 89' lang='lat' dir='ltr'><strong><em>suum</em></strong></span> <span class='ocrx_word' id='word_1_203' title='bbox 2486 1543 2686 1615; x_wconf 88' lang='lat' dir='ltr'><strong><em>plasma</em></strong></span> <span class='ocrx_word' id='word_1_204' title='bbox 2715 1559 3025 1615; x_wconf 87' lang='lat' dir='ltr'><strong><em>cognoscens</em></strong></span> <span class='ocrx_word' id='word_1_205' title='bbox 3072 1542 3381 1616; x_wconf 85' lang='lat' dir='ltr'><strong><em>obsequitur.</em></strong></span> <span class='ocrx_word' id='word_1_206' title='bbox 3430 1543 3664 1601; x_wconf 78' lang='lat' dir='ltr'><strong><em>Humilia</em></strong></span> <span class='ocrx_word' id='word_1_207' title='bbox 3710 1563 3906 1619; x_wconf 78' lang='lat' dir='ltr'><strong><em>porro</em></strong></span> 
     </span>
    </p>
   </div>
   <div class='ocr_carea' id='block_1_16' title="bbox 596 1627 3898 1714">
    <p class='ocr_par' dir='ltr' id='par_1_16' title="bbox 596 1627 3898 1714">
     <span class='ocr_line' id='line_1_16' title="bbox 596 1627 3898 1714; baseline 0.005 -33"><span class='ocrx_word' id='word_1_208' title='bbox 596 1627 718 1696; x_wconf 70' lang='lat'><strong><em>108,</em></strong></span> <span class='ocrx_word' id='word_1_209' title='bbox 750 1645 871 1702; x_wconf 88' lang='lat' dir='ltr'><strong><em>pag.</em></strong></span> <span class='ocrx_word' id='word_1_210' title='bbox 903 1632 1025 1698; x_wconf 78' lang='lat'><strong><em>560,</em></strong></span> <span class='ocrx_word' id='word_1_211' title='bbox 1057 1643 1179 1704; x_wconf 88' lang='lat' dir='ltr'><strong><em>post</em></strong></span> <span class='ocrx_word' id='word_1_212' title='bbox 1226 1636 1315 1691; x_wconf 88' lang='lat' dir='ltr'><strong><em>ubi</em></strong></span> <span class='ocrx_word' id='word_1_213' title='bbox 1356 1633 1620 1692; x_wconf 81' lang='lat' dir='ltr'><strong><em>Maximus</em></strong></span> <span class='ocrx_word' id='word_1_214' title='bbox 1665 1633 2022 1705; x_wconf 89' lang='lat' dir='ltr'><strong><em>obloquentes</em></strong></span> <span class='ocrx_word' id='word_1_215' title='bbox 2067 1633 2365 1691; x_wconf 72' lang='lat' dir='ltr'><strong><em>Pharismos</em></strong></span> <span class='ocrx_word' id='word_1_216' title='bbox 2407 1635 2669 1702; x_wconf 88' lang='lat' dir='ltr'><strong><em>meminit,</em></strong></span> <span class='ocrx_word' id='word_1_217' title='bbox 2701 1641 2862 1705; x_wconf 88' lang='lat' dir='ltr'><strong><em>atque</em></strong></span> <span class='ocrx_word' id='word_1_218' title='bbox 2902 1634 3291 1704; x_wconf 74' lang='lat' dir='ltr'><strong><em>interrogantes</em></strong></span> <span class='ocrx_word' id='word_1_219' title='bbox 3317 1637 3437 1705; x_wconf 85' lang='lat' dir='ltr'><strong><em>quis</em></strong></span> <span class='ocrx_word' id='word_1_220' title='bbox 3472 1637 3563 1692; x_wconf 87' lang='lat' dir='ltr'><strong><em>ille</em></strong></span> <span class='ocrx_word' id='word_1_221' title='bbox 3602 1646 3764 1696; x_wconf 54' lang='lat' dir='ltr'><strong><em>esset</em></strong></span> <span class='ocrx_word' id='word_1_222' title='bbox 3795 1645 3898 1714; x_wconf 78' lang='lat' dir='ltr'><strong><em>qui</em></strong></span> 
     </span>
    </p>
   </div>
   <div class='ocr_carea' id='block_1_17' title="bbox 591 1721 3894 1800">
    <p class='ocr_par' dir='ltr' id='par_1_17' title="bbox 591 1721 3894 1800">
     <span class='ocr_line' id='line_1_17' title="bbox 591 1721 3894 1800; baseline 0.004 -25"><span class='ocrx_word' id='word_1_223' title='bbox 591 1721 892 1794; x_wconf 88' lang='lat' dir='ltr'><strong><em>paralytico</em></strong></span> <span class='ocrx_word' id='word_1_224' title='bbox 920 1723 1128 1781; x_wconf 79' lang='lat' dir='ltr'><strong><em>dixerat</em></strong></span> <span class='ocrx_word' id='word_1_225' title='bbox 1156 1745 1168 1779; x_wconf 93' lang='lat'><strong>:</strong></span> <span class='ocrx_word' id='word_1_226' title='bbox 1202 1725 1332 1794; x_wconf 88' lang='lat' dir='ltr'><strong><em>Fili,</em></strong></span> <span class='ocrx_word' id='word_1_227' title='bbox 1356 1731 1684 1783; x_wconf 87' lang='lat' dir='ltr'><strong><em>remittuntur</em></strong></span> <span class='ocrx_word' id='word_1_228' title='bbox 1703 1727 1794 1782; x_wconf 88' lang='lat' dir='ltr'><strong><em>tibi</em></strong></span> <span class='ocrx_word' id='word_1_229' title='bbox 1811 1735 2022 1800; x_wconf 89' lang='lat' dir='ltr'><strong><em>peccata</em></strong></span> <span class='ocrx_word' id='word_1_230' title='bbox 2045 1735 2149 1793; x_wconf 88' lang='lat' dir='ltr'><strong><em>tua,</em></strong></span> <span class='ocrx_word' id='word_1_231' title='bbox 2175 1737 2294 1784; x_wconf 86' lang='lat' dir='ltr'><strong><em>cum</em></strong></span> <span class='ocrx_word' id='word_1_232' title='bbox 2323 1728 2543 1796; x_wconf 83' lang='lat' dir='ltr'><strong><em>remitti,</em></strong></span> <span class='ocrx_word' id='word_1_233' title='bbox 2570 1728 2674 1784; x_wconf 88' lang='lat' dir='ltr'><strong><em>nisi</em></strong></span> <span class='ocrx_word' id='word_1_234' title='bbox 2701 1743 2733 1782; x_wconf 88' lang='lat' dir='ltr'><strong><em>a</em></strong></span> <span class='ocrx_word' id='word_1_235' title='bbox 2760 1725 2894 1793; x_wconf 90' lang='lat' dir='ltr'><strong><em>Deo,</em></strong></span> <span class='ocrx_word' id='word_1_236' title='bbox 2923 1735 3141 1799; x_wconf 86' lang='lat' dir='ltr'><strong><em>peccata</em></strong></span> <span class='ocrx_word' id='word_1_237' title='bbox 3174 1743 3280 1783; x_wconf 90' lang='lat' dir='ltr'><strong><em>non</em></strong></span> <span class='ocrx_word' id='word_1_238' title='bbox 3307 1729 3540 1799; x_wconf 81' lang='lat' dir='ltr'><strong><em>possint;</em></strong></span> <span class='ocrx_word' id='word_1_239' title='bbox 3565 1737 3686 1786; x_wconf 70' lang='lat' dir='ltr'><strong><em>tim</em></strong></span> <span class='ocrx_word' id='word_1_240' title='bbox 3708 1733 3894 1789; x_wconf 74' lang='lat' dir='ltr'><strong><em>allata</em></strong></span> 
     </span>
    </p>
   </div>
   <div class='ocr_carea' id='block_1_18' title="bbox 587 1813 3888 1892">
    <p class='ocr_par' dir='ltr' id='par_1_18' title="bbox 587 1813 3888 1892">
     <span class='ocr_line' id='line_1_18' title="bbox 587 1813 3888 1892; baseline 0.004 -24"><span class='ocrx_word' id='word_1_241' title='bbox 587 1815 941 1883; x_wconf 85' lang='lat' dir='ltr'><strong><em>responsione</em></strong></span> <span class='ocrx_word' id='word_1_242' title='bbox 969 1813 1187 1884; x_wconf 84' lang='lat' dir='ltr'><strong><em>Christi,</em></strong></span> <span class='ocrx_word' id='word_1_243' title='bbox 1215 1815 1352 1884; x_wconf 81' lang='lat' dir='ltr'><strong><em>Quid</em></strong></span> <span class='ocrx_word' id='word_1_244' title='bbox 1377 1829 1452 1874; x_wconf 91' lang='lat' dir='ltr'><strong><em>est</em></strong></span> <span class='ocrx_word' id='word_1_245' title='bbox 1478 1821 1683 1890; x_wconf 87' lang='lat' dir='ltr'><strong><em>facilius</em></strong></span> <span class='ocrx_word' id='word_1_246' title='bbox 1713 1819 1901 1883; x_wconf 87' lang='lat' dir='ltr'><strong><em>dicere,</em></strong></span> <span class='ocrx_word' id='word_1_247' title='bbox 1946 1817 2294 1874; x_wconf 81' lang='lat' dir='ltr'><strong><em>Remittuntur</em></strong></span> <span class='ocrx_word' id='word_1_248' title='bbox 2323 1819 2413 1875; x_wconf 89' lang='lat' dir='ltr'><strong><em>tibi</em></strong></span> <span class='ocrx_word' id='word_1_249' title='bbox 2439 1828 2652 1892; x_wconf 90' lang='lat' dir='ltr'><strong><em>peccata</em></strong></span> <span class='ocrx_word' id='word_1_250' title='bbox 2692 1827 2797 1886; x_wconf 89' lang='lat' dir='ltr'><strong><em>tua,</em></strong></span> <span class='ocrx_word' id='word_1_251' title='bbox 2829 1837 2897 1874; x_wconf 89' lang='lat' dir='ltr'><strong><em>an</em></strong></span> <span class='ocrx_word' id='word_1_252' title='bbox 2925 1817 3112 1886; x_wconf 88' lang='lat' dir='ltr'><strong><em>dicere,</em></strong></span> <span class='ocrx_word' id='word_1_253' title='bbox 3136 1818 3302 1892; x_wconf 85' lang='lat' dir='ltr'><strong><em>Surge</em></strong></span> <span class='ocrx_word' id='word_1_254' title='bbox 3326 1828 3378 1876; x_wconf 91' lang='lat' dir='ltr'><strong><em>et</em></strong></span> <span class='ocrx_word' id='word_1_255' title='bbox 3403 1821 3636 1890; x_wconf 80' lang='lat' dir='ltr'><strong><em>ambula,</em></strong></span> <span class='ocrx_word' id='word_1_256' title='bbox 3663 1829 3888 1883; x_wconf 80' lang='lat' dir='ltr'><strong><em>etc.?..-</em></strong></span> 
     </span>
    </p>
   </div>
   <div class='ocr_carea' id='block_1_19' title="bbox 586 1901 3888 1983">
    <p class='ocr_par' dir='ltr' id='par_1_19' title="bbox 586 1901 3888 1983">
     <span class='ocr_line' id='line_1_19' title="bbox 586 1901 3888 1983; baseline 0.003 -23"><span class='ocrx_word' id='word_1_257' title='bbox 586 1901 864 1962; x_wconf 85' lang='lat' dir='ltr'><strong><em>Scrutator</em></strong></span> <span class='ocrx_word' id='word_1_258' title='bbox 891 1907 1203 1976; x_wconf 89' lang='lat' dir='ltr'><strong><em>animarum,</em></strong></span> <span class='ocrx_word' id='word_1_259' title='bbox 1234 1909 1426 1980; x_wconf 86' lang='lat' dir='ltr'><strong><em>inquit,</em></strong></span> <span class='ocrx_word' id='word_1_260' title='bbox 1469 1912 1714 1983; x_wconf 77' lang='lat' dir='ltr'><strong><em>prwvenit</em></strong></span> <span class='ocrx_word' id='word_1_261' title='bbox 1744 1910 1992 1967; x_wconf 88' lang='lat' dir='ltr'><strong><em>mentium</em></strong></span> <span class='ocrx_word' id='word_1_262' title='bbox 2028 1907 2258 1980; x_wconf 86' lang='lat' dir='ltr'><strong><em>maligna</em></strong></span> <span class='ocrx_word' id='word_1_263' title='bbox 2286 1907 2524 1974; x_wconf 87' lang='lat' dir='ltr'><strong><em>consilia,</em></strong></span> <span class='ocrx_word' id='word_1_264' title='bbox 2563 1915 2611 1962; x_wconf 90' lang='lat' dir='ltr'><strong><em>et</em></strong></span> <span class='ocrx_word' id='word_1_265' title='bbox 2658 1907 2866 1962; x_wconf 88' lang='lat' dir='ltr'><strong><em>deitatis</em></strong></span> <span class='ocrx_word' id='word_1_266' title='bbox 2892 1925 2999 1963; x_wconf 70' lang='lat' dir='ltr'><strong><em>suae</em></strong></span> <span class='ocrx_word' id='word_1_267' title='bbox 3025 1910 3307 1983; x_wconf 83' lang='lat' dir='ltr'><strong><em>potentiam</em></strong></span> <span class='ocrx_word' id='word_1_268' title='bbox 3338 1911 3508 1980; x_wconf 86' lang='lat' dir='ltr'><strong><em>operis</em></strong></span> <span class='ocrx_word' id='word_1_269' title='bbox 3535 1917 3888 1971; x_wconf 76' lang='lat' dir='ltr'><strong><em>attestatione</em></strong></span> 
     </span>
    </p>
   </div>
   <div class='ocr_carea' id='block_1_20' title="bbox 585 1948 4017 2104">
    <p class='ocr_par' dir='ltr' id='par_1_20' title="bbox 585 1948 4017 2104">
     <span class='ocr_line' id='line_1_20' title="bbox 586 1948 3886 1977; baseline 0.002 -17"><span class='ocrx_word' id='word_1_270' title='bbox 586 1948 850 1962; x_wconf 66' lang='grc' dir='ltr'><strong><em>...η-...ηπ</em></strong></span> <span class='ocrx_word' id='word_1_271' title='bbox 891 1948 1203 1976; x_wconf 83' lang='lat'><strong><em>-..............,</em></strong></span> <span class='ocrx_word' id='word_1_272' title='bbox 1331 1948 1426 1977; x_wconf 66' lang='grc' dir='ltr'><strong><em>νη,</em></strong></span> <span class='ocrx_word' id='word_1_273' title='bbox 1507 1948 1708 1964; x_wconf 54' lang='grc' dir='ltr'><strong><em>...αι-ω...</em></strong></span> <span class='ocrx_word' id='word_1_274' title='bbox 2189 1948 2258 1962; x_wconf 85' lang='lat'><strong><em>....</em></strong></span> <span class='ocrx_word' id='word_1_275' title='bbox 2286 1948 2524 1974; x_wconf 77' lang='grc' dir='ltr'><strong><em>νυ.........,</em></strong></span> <span class='ocrx_word' id='word_1_276' title='bbox 2563 1948 2611 1962; x_wconf 76' lang='grc' dir='ltr'><strong><em>ν.</em></strong></span> <span class='ocrx_word' id='word_1_277' title='bbox 2659 1948 2865 1962; x_wconf 50' lang='lat' dir='ltr'><strong><em>sua&quot;...</em></strong></span> <span class='ocrx_word' id='word_1_278' title='bbox 2892 1948 2997 1963; x_wconf 62' lang='grc' dir='ltr'><strong><em>νη</em></strong></span> <span class='ocrx_word' id='word_1_279' title='bbox 3061 1948 3307 1963; x_wconf 76' lang='grc' dir='ltr'><strong><em>υ.ν.........</em></strong></span> <span class='ocrx_word' id='word_1_280' title='bbox 3339 1948 3372 1966; x_wconf 74' lang='grc' dir='ltr'>ν</span> <span class='ocrx_word' id='word_1_281' title='bbox 3407 1948 3508 1966; x_wconf 69' lang='grc' dir='ltr'><strong><em>ι...</em></strong></span> <span class='ocrx_word' id='word_1_282' title='bbox 3535 1948 3886 1971; x_wconf 56' lang='lat' dir='ltr'><strong><em>unum“...</em></strong></span> 
     </span>
     <span class='ocr_line' id='line_1_21' title="bbox 585 1948 4017 2104; baseline 0.002 -52"><span class='ocrx_word' id='word_1_283' title='bbox 585 1999 907 2064; x_wconf 88' lang='lat' dir='ltr'><strong><em>monstravit,</em></strong></span> <span class='ocrx_word' id='word_1_284' title='bbox 937 1999 1059 2054; x_wconf 90' lang='lat' dir='ltr'><strong><em>dum</em></strong></span> <span class='ocrx_word' id='word_1_285' title='bbox 1085 1948 1324 2072; x_wconf 71' lang='lat' dir='ltr'><strong><em>dissipati</em></strong></span> <span class='ocrx_word' id='word_1_286' title='bbox 1350 1948 1580 2071; x_wconf 57' lang='lat' dir='ltr'><strong><em>corp’oris</em></strong></span> <span class='ocrx_word' id='word_1_287' title='bbox 1601 1999 1826 2055; x_wconf 88' lang='lat' dir='ltr'><strong><em>membra</em></strong></span> <span class='ocrx_word' id='word_1_288' title='bbox 1847 1999 2123 2072; x_wconf 87' lang='lat' dir='ltr'><strong><em>componit,</em></strong></span> <span class='ocrx_word' id='word_1_289' title='bbox 2148 1948 2329 2053; x_wconf 54' lang='lat' dir='ltr'><strong><em>heroos</em></strong></span> <span class='ocrx_word' id='word_1_290' title='bbox 2351 1997 2582 2072; x_wconf 87' lang='lat' dir='ltr'><strong><em>stringit,</em></strong></span> <span class='ocrx_word' id='word_1_291' title='bbox 2597 1998 2775 2069; x_wconf 84' lang='lat' dir='ltr'><strong><em>jungit</em></strong></span> <span class='ocrx_word' id='word_1_292' title='bbox 2792 2013 2930 2063; x_wconf 89' lang='lat' dir='ltr'><strong><em>ossa,</em></strong></span> <span class='ocrx_word' id='word_1_293' title='bbox 2951 1948 3171 2068; x_wconf 61' lang='lat' dir='ltr'><strong><em>complet</em></strong></span> <span class='ocrx_word' id='word_1_294' title='bbox 3187 1948 3404 2066; x_wconf 48' lang='lat' dir='ltr'><strong><em>viscera:</em></strong></span> <span class='ocrx_word' id='word_1_295' title='bbox 3425 2001 3608 2072; x_wconf 68' lang='lat' dir='ltr'><strong><em>ﬁrmat</em></strong></span> <span class='ocrx_word' id='word_1_296' title='bbox 3627 2014 3806 2072; x_wconf 78' lang='lat' dir='ltr'><strong><em>artus,</em></strong></span> <span class='ocrx_word' id='word_1_297' title='bbox 3829 2017 3882 2059; x_wconf 83' lang='lat' dir='ltr'><strong><em>et</em></strong></span> <span class='ocrx_word' id='word_1_298' title='bbox 4015 1948 4017 2104; x_wconf 50' lang='grc' dir='ltr'>ι</span> 
     </span>
    </p>
   </div>
   <div class='ocr_carea' id='block_1_21' title="bbox 585 2089 3874 2164">
    <p class='ocr_par' dir='ltr' id='par_1_21' title="bbox 585 2089 3874 2164">
     <span class='ocr_line' id='line_1_22' title="bbox 585 2089 3874 2164; baseline 0.002 -22"><span class='ocrx_word' id='word_1_299' title='bbox 585 2104 787 2162; x_wconf 87' lang='lat' dir='ltr'><strong><em>gressus</em></strong></span> <span class='ocrx_word' id='word_1_300' title='bbox 817 2090 886 2145; x_wconf 90' lang='lat' dir='ltr'><strong><em>ad</em></strong></span> <span class='ocrx_word' id='word_1_301' title='bbox 911 2108 1118 2149; x_wconf 88' lang='lat' dir='ltr'><strong><em>cursum</em></strong></span> <span class='ocrx_word' id='word_1_302' title='bbox 1138 2094 1356 2149; x_wconf 81' lang='lat' dir='ltr'><strong><em>suscitat</em></strong></span> <span class='ocrx_word' id='word_1_303' title='bbox 1383 2094 1436 2146; x_wconf 92' lang='lat' dir='ltr'><strong><em>in</em></strong></span> <span class='ocrx_word' id='word_1_304' title='bbox 1457 2094 1566 2147; x_wconf 88' lang='lat' dir='ltr'><strong><em>vivo</em></strong></span> <span class='ocrx_word' id='word_1_305' title='bbox 1595 2091 1845 2146; x_wconf 84' lang='lat' dir='ltr'><strong><em>cadavere</em></strong></span> <span class='ocrx_word' id='word_1_306' title='bbox 1863 2091 1981 2162; x_wconf 86' lang='lat' dir='ltr'><strong><em>jam</em></strong></span> <span class='ocrx_word' id='word_1_307' title='bbox 2009 2091 2254 2162; x_wconf 79' lang='lat' dir='ltr'><strong><em>sepultos.</em></strong></span> <span class='ocrx_word' id='word_1_308' title='bbox 2283 2089 2427 2144; x_wconf 86' lang='lat' dir='ltr'><strong><em>Tolle</em></strong></span> <span class='ocrx_word' id='word_1_309' title='bbox 2447 2089 2636 2142; x_wconf 85' lang='lat' dir='ltr'><strong><em>lectum</em></strong></span> <span class='ocrx_word' id='word_1_310' title='bbox 2663 2098 2822 2154; x_wconf 88' lang='lat' dir='ltr'><strong><em>tuum,</em></strong></span> <span class='ocrx_word' id='word_1_311' title='bbox 2846 2089 2942 2144; x_wconf 81' lang='lat' dir='ltr'><strong><em>hoc</em></strong></span> <span class='ocrx_word' id='word_1_312' title='bbox 2974 2099 3053 2145; x_wconf 90' lang='lat' dir='ltr'><strong><em>est</em></strong></span> <span class='ocrx_word' id='word_1_313' title='bbox 3077 2101 3232 2160; x_wconf 83' lang='lat' dir='ltr'><strong><em>porta</em></strong></span> <span class='ocrx_word' id='word_1_314' title='bbox 3265 2101 3582 2164; x_wconf 77' lang='lat' dir='ltr'><strong><em>portantem,</em></strong></span> <span class='ocrx_word' id='word_1_315' title='bbox 3605 2103 3663 2149; x_wconf 86' lang='lat' dir='ltr'><strong><em>et</em></strong></span> <span class='ocrx_word' id='word_1_316' title='bbox 3692 2111 3874 2150; x_wconf 67' lang='lat' dir='ltr'><strong><em>om</em></strong></span> 
     </span>
    </p>
   </div>
   <div class='ocr_carea' id='block_1_22' title="bbox 584 2181 3859 2255">
    <p class='ocr_par' dir='ltr' id='par_1_22' title="bbox 584 2181 3859 2255">
     <span class='ocr_line' id='line_1_23' title="bbox 584 2181 3859 2255; baseline 0.002 -20"><span class='ocrx_word' id='word_1_317' title='bbox 584 2189 725 2235; x_wconf 85' lang='lat' dir='ltr'><strong><em>tnuta</em></strong></span> <span class='ocrx_word' id='word_1_318' title='bbox 745 2181 894 2247; x_wconf 86' lang='lat' dir='ltr'><strong><em>vices,</em></strong></span> <span class='ocrx_word' id='word_1_319' title='bbox 912 2185 1122 2255; x_wconf 79' lang='lat' dir='ltr'><strong><em>utquod</em></strong></span> <span class='ocrx_word' id='word_1_320' title='bbox 1140 2194 1218 2239; x_wconf 88' lang='lat' dir='ltr'><strong><em>est</em></strong></span> <span class='ocrx_word' id='word_1_321' title='bbox 1237 2183 1558 2254; x_wconf 79' lang='lat' dir='ltr'><strong><em>infirmitatis</em></strong></span> <span class='ocrx_word' id='word_1_322' title='bbox 1583 2183 1948 2248; x_wconf 88' lang='lat' dir='ltr'><strong><em>testimonium,</em></strong></span> <span class='ocrx_word' id='word_1_323' title='bbox 1970 2183 2040 2236; x_wconf 91' lang='lat' dir='ltr'><strong><em>sit</em></strong></span> <span class='ocrx_word' id='word_1_324' title='bbox 2059 2184 2299 2254; x_wconf 89' lang='lat' dir='ltr'><strong><em>probatio</em></strong></span> <span class='ocrx_word' id='word_1_325' title='bbox 2319 2181 2581 2248; x_wconf 87' lang='lat' dir='ltr'><strong><em>sanitatis,</em></strong></span> <span class='ocrx_word' id='word_1_326' title='bbox 2606 2187 2710 2236; x_wconf 90' lang='lat' dir='ltr'><strong><em>etc.</em></strong></span> <span class='ocrx_word' id='word_1_327' title='bbox 2733 2181 2808 2236; x_wconf 89' lang='lat' dir='ltr'><strong><em>De</em></strong></span> <span class='ocrx_word' id='word_1_328' title='bbox 2826 2181 3042 2238; x_wconf 85' lang='lat' dir='ltr'><strong><em>Christo</em></strong></span> <span class='ocrx_word' id='word_1_329' title='bbox 3063 2191 3240 2240; x_wconf 87' lang='lat' dir='ltr'><strong><em>autem</em></strong></span> <span class='ocrx_word' id='word_1_330' title='bbox 3255 2185 3585 2242; x_wconf 83' lang='lat' dir='ltr'><strong><em>concedente</em></strong></span> <span class='ocrx_word' id='word_1_331' title='bbox 3599 2196 3664 2242; x_wconf 89' lang='lat' dir='ltr'><strong><em>ut</em></strong></span> <span class='ocrx_word' id='word_1_332' title='bbox 3679 2186 3859 2243; x_wconf 75' lang='lat' dir='ltr'><strong><em>Petrus</em></strong></span> 
     </span>
    </p>
   </div>
   <div class='ocr_carea' id='block_1_23' title="bbox 585 2269 3852 2347">
    <p class='ocr_par' dir='ltr' id='par_1_23' title="bbox 585 2269 3852 2347">
     <span class='ocr_line' id='line_1_24' title="bbox 585 2269 3852 2347; baseline 0.002 -19"><span class='ocrx_word' id='word_1_333' title='bbox 585 2287 748 2341; x_wconf 79' lang='lat' dir='ltr'><strong><em>super</em></strong></span> <span class='ocrx_word' id='word_1_334' title='bbox 769 2288 936 2344; x_wconf 85' lang='lat' dir='ltr'><strong><em>aquas</em></strong></span> <span class='ocrx_word' id='word_1_335' title='bbox 965 2274 1282 2341; x_wconf 86' lang='lat' dir='ltr'><strong><em>ambularet,</em></strong></span> <span class='ocrx_word' id='word_1_336' title='bbox 1315 2274 1474 2345; x_wconf 86' lang='lat' dir='ltr'><strong><em>paulo</em></strong></span> <span class='ocrx_word' id='word_1_337' title='bbox 1505 2279 1630 2329; x_wconf 84' lang='lat' dir='ltr'><strong><em>ante</em></strong></span> <span class='ocrx_word' id='word_1_338' title='bbox 1658 2274 1852 2344; x_wconf 81' lang='lat' dir='ltr'><strong><em>pagina</em></strong></span> <span class='ocrx_word' id='word_1_339' title='bbox 1883 2285 2074 2344; x_wconf 87' lang='lat' dir='ltr'><strong><em>nempe</em></strong></span> <span class='ocrx_word' id='word_1_340' title='bbox 2101 2271 2205 2328; x_wconf 79' lang='grc'><strong><em>557</em></strong></span> <span class='ocrx_word' id='word_1_341' title='bbox 2225 2271 2466 2328; x_wconf 78' lang='lat' dir='ltr'><strong><em>dixerat:</em></strong></span> <span class='ocrx_word' id='word_1_342' title='bbox 2491 2269 2684 2327; x_wconf 88' lang='lat' dir='ltr'><strong><em>Nonne</em></strong></span> <span class='ocrx_word' id='word_1_343' title='bbox 2705 2272 2786 2327; x_wconf 89' lang='lat' dir='ltr'><strong><em>hic</em></strong></span> <span class='ocrx_word' id='word_1_344' title='bbox 2805 2281 2882 2328; x_wconf 91' lang='lat' dir='ltr'><strong><em>est</em></strong></span> <span class='ocrx_word' id='word_1_345' title='bbox 2901 2275 2987 2345; x_wconf 86' lang='lat' dir='ltr'><strong><em>qui</em></strong></span> <span class='ocrx_word' id='word_1_346' title='bbox 3008 2273 3155 2329; x_wconf 87' lang='lat' dir='ltr'><strong><em>Petri</em></strong></span> <span class='ocrx_word' id='word_1_347' title='bbox 3176 2276 3390 2347; x_wconf 86' lang='lat' dir='ltr'><strong><em>pedibus</em></strong></span> <span class='ocrx_word' id='word_1_348' title='bbox 3401 2271 3636 2334; x_wconf 83' lang='lat' dir='ltr'><strong><em>marinos</em></strong></span> <span class='ocrx_word' id='word_1_349' title='bbox 3652 2282 3852 2335; x_wconf 70' lang='lat' dir='ltr'><strong><em>vortices</em></strong></span> 
     </span>
    </p>
   </div>
   <div class='ocr_carea' id='block_1_24' title="bbox 585 2356 4019 2482">
    <p class='ocr_par' dir='ltr' id='par_1_24' title="bbox 585 2356 4019 2482">
     <span class='ocr_line' id='line_1_25' title="bbox 585 2356 4019 2482; baseline 0.002 -63"><span class='ocrx_word' id='word_1_350' title='bbox 585 2363 776 2438; x_wconf 78' lang='lat' dir='ltr'><strong><em>[van]</em></strong></span> <span class='ocrx_word' id='word_1_351' title='bbox 805 2365 1089 2434; x_wconf 88' lang='lat' dir='ltr'><strong><em>inclinavit,</em></strong></span> <span class='ocrx_word' id='word_1_352' title='bbox 1115 2378 1170 2422; x_wconf 91' lang='lat' dir='ltr'><strong><em>ut</em></strong></span> <span class='ocrx_word' id='word_1_353' title='bbox 1189 2369 1285 2424; x_wconf 86' lang='lat' dir='ltr'><strong><em>iter</em></strong></span> <span class='ocrx_word' id='word_1_354' title='bbox 1312 2368 1561 2442; x_wconf 85' lang='lat' dir='ltr'><strong><em>liquidum</em></strong></span> <span class='ocrx_word' id='word_1_355' title='bbox 1581 2368 1820 2423; x_wconf 85' lang='lat' dir='ltr'><strong><em>humanis</em></strong></span> <span class='ocrx_word' id='word_1_356' title='bbox 1849 2367 2106 2442; x_wconf 87' lang='lat' dir='ltr'><strong><em>gressibus</em></strong></span> <span class='ocrx_word' id='word_1_357' title='bbox 2127 2367 2349 2425; x_wconf 86' lang='lat' dir='ltr'><strong><em>solidum</em></strong></span> <span class='ocrx_word' id='word_1_358' title='bbox 2367 2367 2618 2441; x_wconf 69' lang='lat' dir='ltr'><strong><em>praberet</em></strong></span> <span class='ocrx_word' id='word_1_359' title='bbox 2645 2364 2976 2439; x_wconf 84' lang='lat' dir='ltr'><strong><em>obsequium?</em></strong></span> <span class='ocrx_word' id='word_1_360' title='bbox 2993 2371 3096 2422; x_wconf 89' lang='lat' dir='ltr'><strong><em>etc.</em></strong></span> <span class='ocrx_word' id='word_1_361' title='bbox 3128 2365 3246 2421; x_wconf 69' lang='lat' dir='ltr'><strong><em>iam</em></strong></span> <span class='ocrx_word' id='word_1_362' title='bbox 3274 2378 3404 2424; x_wconf 79' lang='lat' dir='ltr'><strong><em>vero</em></strong></span> <span class='ocrx_word' id='word_1_363' title='bbox 3431 2383 3597 2426; x_wconf 65' lang='grc' dir='ltr'><strong><em>εει-ω.</em></strong></span> <span class='ocrx_word' id='word_1_364' title='bbox 3619 2367 3717 2436; x_wconf 76' lang='grc'><strong><em>94,</em></strong></span> <span class='ocrx_word' id='word_1_365' title='bbox 3739 2383 3860 2442; x_wconf 80' lang='lat' dir='ltr'><strong><em>pag.</em></strong></span> <span class='ocrx_word' id='word_1_366' title='bbox 4017 2356 4019 2482; x_wconf 73' lang='grc' dir='ltr'><strong>Ι</strong></span> 
     </span>
     <span class='ocr_line' id='line_1_26' title="bbox 586 2455 3843 2482; baseline 0 0"><span class='ocrx_word' id='word_1_367' title='bbox 586 2457 692 2482; x_wconf 64' lang='lat'><strong><em>0!“</em></strong></span> <span class='ocrx_word' id='word_1_368' title='bbox 760 2455 822 2482; x_wconf 61' lang='lat' dir='ltr'><strong><em>.I-</em></strong></span> <span class='ocrx_word' id='word_1_369' title='bbox 852 2459 1119 2482; x_wconf 59' lang='lat' dir='ltr'><strong><em>-_:_----I!,.</em></strong></span> <span class='ocrx_word' id='word_1_370' title='bbox 1158 2461 1482 2482; x_wconf 63' lang='lat'><strong><em>____-.!_____.</em></strong></span> <span class='ocrx_word' id='word_1_371' title='bbox 1519 2461 1807 2482; x_wconf 66' lang='lat'><strong><em>_-____.-.!_.-</em></strong></span> <span class='ocrx_word' id='word_1_372' title='bbox 1845 2459 2050 2482; x_wconf 49' lang='lat'><strong><em>12.---.4.</em></strong></span> <span class='ocrx_word' id='word_1_373' title='bbox 2114 2470 2156 2482; x_wconf 73' lang='grc' dir='ltr'><strong><em>,ι</em></strong></span> <span class='ocrx_word' id='word_1_374' title='bbox 2189 2473 2290 2482; x_wconf 42' lang='lat' dir='ltr'><strong><em>AA-</em></strong></span> <span class='ocrx_word' id='word_1_375' title='bbox 2336 2460 2439 2482; x_wconf 70' lang='lat' dir='ltr'><strong><em>ora</em></strong></span> <span class='ocrx_word' id='word_1_376' title='bbox 2512 2459 2573 2482; x_wconf 64' lang='grc' dir='ltr'><strong><em>Δ-</em></strong></span> <span class='ocrx_word' id='word_1_377' title='bbox 2604 2458 2785 2482; x_wconf 69' lang='lat' dir='ltr'><strong><em>--.I-n-</em></strong></span> <span class='ocrx_word' id='word_1_378' title='bbox 2819 2471 2846 2482; x_wconf 54' lang='grc' dir='ltr'><strong>Α</strong></span> <span class='ocrx_word' id='word_1_379' title='bbox 2875 2455 3089 2482; x_wconf 63' lang='grc' dir='ltr'><strong><em>Ριι-ξλιιι</em></strong></span> <span class='ocrx_word' id='word_1_380' title='bbox 3119 2463 3436 2482; x_wconf 51' lang='grc' dir='ltr'><strong><em>ιΑ-...Αλιριμ</em></strong></span> <span class='ocrx_word' id='word_1_381' title='bbox 3488 2465 3541 2482; x_wconf 61' lang='grc' dir='ltr'><strong>ΔΑ</strong></span> <span class='ocrx_word' id='word_1_382' title='bbox 3572 2474 3715 2482; x_wconf 59' lang='lat'><strong><em>‘-._.</em></strong></span> <span class='ocrx_word' id='word_1_383' title='bbox 3771 2459 3843 2482; x_wconf 65' lang='lat' dir='ltr'><strong><em>ﬁ!</em></strong></span> 
     </span>
    </p>
   </div>
   <div class='ocr_carea' id='block_1_25' title="bbox 585 2455 3864 2532">
    <p class='ocr_par' dir='ltr' id='par_1_25' title="bbox 585 2455 3864 2532">
     <span class='ocr_line' id='line_1_27' title="bbox 585 2455 3864 2532; baseline 0.001 -20"><span class='ocrx_word' id='word_1_384' title='bbox 585 2457 712 2525; x_wconf 78' lang='lat'><strong><em>639,</em></strong></span> <span class='ocrx_word' id='word_1_385' title='bbox 757 2455 826 2514; x_wconf 85' lang='lat' dir='ltr'><strong><em>de</em></strong></span> <span class='ocrx_word' id='word_1_386' title='bbox 852 2459 1122 2517; x_wconf 83' lang='lat' dir='ltr'><strong><em>miraculis</em></strong></span> <span class='ocrx_word' id='word_1_387' title='bbox 1150 2461 1487 2518; x_wconf 83' lang='lat' dir='ltr'><strong><em>curationum</em></strong></span> <span class='ocrx_word' id='word_1_388' title='bbox 1515 2461 1810 2530; x_wconf 88' lang='lat' dir='ltr'><strong><em>generatim</em></strong></span> <span class='ocrx_word' id='word_1_389' title='bbox 1839 2459 2072 2526; x_wconf 88' lang='lat' dir='ltr'><strong><em>disserit,</em></strong></span> <span class='ocrx_word' id='word_1_390' title='bbox 2106 2470 2160 2516; x_wconf 89' lang='lat' dir='ltr'><strong><em>et</em></strong></span> <span class='ocrx_word' id='word_1_391' title='bbox 2188 2473 2307 2532; x_wconf 86' lang='lat' dir='ltr'><strong><em>pag.</em></strong></span> <span class='ocrx_word' id='word_1_392' title='bbox 2336 2460 2460 2526; x_wconf 76' lang='grc'><strong><em>642,</em></strong></span> <span class='ocrx_word' id='word_1_393' title='bbox 2509 2459 2576 2515; x_wconf 91' lang='lat' dir='ltr'><strong><em>de</em></strong></span> <span class='ocrx_word' id='word_1_394' title='bbox 2603 2458 2790 2514; x_wconf 89' lang='lat' dir='ltr'><strong><em>sedata</em></strong></span> <span class='ocrx_word' id='word_1_395' title='bbox 2818 2471 2847 2510; x_wconf 92' lang='lat' dir='ltr'><strong><em>a</em></strong></span> <span class='ocrx_word' id='word_1_396' title='bbox 2875 2455 3091 2512; x_wconf 87' lang='lat' dir='ltr'><strong><em>Christo</em></strong></span> <span class='ocrx_word' id='word_1_397' title='bbox 3119 2463 3456 2528; x_wconf 81' lang='lat' dir='ltr'><strong><em>tempestate,</em></strong></span> <span class='ocrx_word' id='word_1_398' title='bbox 3487 2465 3544 2514; x_wconf 87' lang='lat' dir='ltr'><strong><em>et</em></strong></span> <span class='ocrx_word' id='word_1_399' title='bbox 3571 2474 3739 2515; x_wconf 84' lang='lat' dir='ltr'><strong><em>serm.</em></strong></span> <span class='ocrx_word' id='word_1_400' title='bbox 3771 2459 3864 2526; x_wconf 80' lang='lat'><strong><em>95,</em></strong></span> 
     </span>
    </p>
   </div>
   <div class='ocr_carea' id='block_1_26' title="bbox 591 2547 3869 2625">
    <p class='ocr_par' dir='ltr' id='par_1_26' title="bbox 591 2547 3869 2625">
     <span class='ocr_line' id='line_1_28' title="bbox 591 2547 3869 2625; baseline 0.002 -22"><span class='ocrx_word' id='word_1_401' title='bbox 591 2564 714 2620; x_wconf 85' lang='lat' dir='ltr'><strong><em>pag.</em></strong></span> <span class='ocrx_word' id='word_1_402' title='bbox 758 2547 862 2604; x_wconf 69' lang='lat' dir='ltr'><strong><em>6M</em></strong></span> <span class='ocrx_word' id='word_1_403' title='bbox 891 2567 1032 2622; x_wconf 87' lang='lat' dir='ltr'><strong><em>seq.,</em></strong></span> <span class='ocrx_word' id='word_1_404' title='bbox 1061 2548 1132 2610; x_wconf 87' lang='lat' dir='ltr'><strong><em>de</em></strong></span> <span class='ocrx_word' id='word_1_405' title='bbox 1158 2553 1386 2608; x_wconf 85' lang='lat' dir='ltr'><strong><em>mirabili</em></strong></span> <span class='ocrx_word' id='word_1_406' title='bbox 1416 2553 1640 2625; x_wconf 88' lang='lat' dir='ltr'><strong><em>piscium</em></strong></span> <span class='ocrx_word' id='word_1_407' title='bbox 1669 2559 1911 2624; x_wconf 86' lang='lat' dir='ltr'><strong><em>captura,</em></strong></span> <span class='ocrx_word' id='word_1_408' title='bbox 1943 2559 1998 2607; x_wconf 92' lang='lat' dir='ltr'><strong><em>et</em></strong></span> <span class='ocrx_word' id='word_1_409' title='bbox 2037 2569 2198 2608; x_wconf 90' lang='lat' dir='ltr'><strong><em>serm.</em></strong></span> <span class='ocrx_word' id='word_1_410' title='bbox 2232 2552 2354 2619; x_wconf 77' lang='grc'><strong><em>106,</em></strong></span> <span class='ocrx_word' id='word_1_411' title='bbox 2384 2565 2506 2623; x_wconf 82' lang='lat' dir='ltr'><strong><em>pag.</em></strong></span> <span class='ocrx_word' id='word_1_412' title='bbox 2538 2549 2660 2617; x_wconf 84' lang='lat'><strong>668,</strong></span> <span class='ocrx_word' id='word_1_413' title='bbox 2691 2551 2758 2606; x_wconf 91' lang='lat' dir='ltr'><strong><em>de</em></strong></span> <span class='ocrx_word' id='word_1_414' title='bbox 2786 2551 3018 2621; x_wconf 87' lang='lat' dir='ltr'><strong><em>quinque</em></strong></span> <span class='ocrx_word' id='word_1_415' title='bbox 3046 2549 3274 2621; x_wconf 83' lang='lat' dir='ltr'><strong><em>panibus</em></strong></span> <span class='ocrx_word' id='word_1_416' title='bbox 3301 2565 3364 2606; x_wconf 86' lang='lat' dir='ltr'><strong><em>ac</em></strong></span> <span class='ocrx_word' id='word_1_417' title='bbox 3387 2550 3592 2608; x_wconf 89' lang='lat' dir='ltr'><strong><em>duobus</em></strong></span> <span class='ocrx_word' id='word_1_418' title='bbox 3616 2553 3869 2622; x_wconf 83' lang='lat' dir='ltr'><strong><em>piscibus</em></strong></span> 
     </span>
    </p>
   </div>
   <div class='ocr_carea' id='block_1_27' title="bbox 585 2639 3869 2717">
    <p class='ocr_par' dir='ltr' id='par_1_27' title="bbox 585 2639 3869 2717">
     <span class='ocr_line' id='line_1_29' title="bbox 585 2639 3869 2717; baseline 0.002 -21"><span class='ocrx_word' id='word_1_419' title='bbox 585 2641 782 2712; x_wconf 87' lang='lat' dir='ltr'><strong><em>quibus</em></strong></span> <span class='ocrx_word' id='word_1_420' title='bbox 805 2639 1048 2700; x_wconf 87' lang='lat' dir='ltr'><strong><em>Christus</em></strong></span> <span class='ocrx_word' id='word_1_421' title='bbox 1067 2645 1306 2716; x_wconf 89' lang='lat' dir='ltr'><strong><em>quinque</em></strong></span> <span class='ocrx_word' id='word_1_422' title='bbox 1335 2645 1610 2700; x_wconf 88' lang='lat' dir='ltr'><strong><em>hominum</em></strong></span> <span class='ocrx_word' id='word_1_423' title='bbox 1630 2645 1792 2698; x_wconf 88' lang='lat' dir='ltr'><strong><em>millia</em></strong></span> <span class='ocrx_word' id='word_1_424' title='bbox 1817 2644 2068 2715; x_wconf 85' lang='lat' dir='ltr'><strong><em>explevit.</em></strong></span> <span class='ocrx_word' id='word_1_425' title='bbox 2097 2643 2330 2717; x_wconf 85' lang='lat' dir='ltr'><strong><em>Quinque</em></strong></span> <span class='ocrx_word' id='word_1_426' title='bbox 2349 2659 2506 2716; x_wconf 90' lang='lat' dir='ltr'><strong><em>panes</em></strong></span> <span class='ocrx_word' id='word_1_427' title='bbox 2543 2642 2679 2698; x_wconf 86' lang='lat' dir='ltr'><strong><em>illati</em></strong></span> <span class='ocrx_word' id='word_1_428' title='bbox 2703 2651 2840 2709; x_wconf 88' lang='lat' dir='ltr'><strong><em>sunt,</em></strong></span> <span class='ocrx_word' id='word_1_429' title='bbox 2868 2642 3062 2712; x_wconf 87' lang='lat' dir='ltr'><strong><em>inquit,</em></strong></span> <span class='ocrx_word' id='word_1_430' title='bbox 3089 2650 3140 2697; x_wconf 92' lang='lat' dir='ltr'><strong><em>et</em></strong></span> <span class='ocrx_word' id='word_1_431' title='bbox 3161 2643 3427 2699; x_wconf 81' lang='lat' dir='ltr'><strong><em>duodecim</em></strong></span> <span class='ocrx_word' id='word_1_432' title='bbox 3449 2648 3869 2717; x_wconf 76' lang='lat' dir='ltr'><strong><em>frvgmentorum</em></strong></span> 
     </span>
    </p>
   </div>
   <div class='ocr_carea' id='block_1_28' title="bbox 585 2731 3866 2810">
    <p class='ocr_par' dir='ltr' id='par_1_28' title="bbox 585 2731 3866 2810">
     <span class='ocr_line' id='line_1_30' title="bbox 585 2731 3866 2810; baseline 0.002 -23"><span class='ocrx_word' id='word_1_433' title='bbox 585 2731 794 2805; x_wconf 89' lang='lat' dir='ltr'><strong><em>caphini</em></strong></span> <span class='ocrx_word' id='word_1_434' title='bbox 820 2743 936 2789; x_wconf 90' lang='lat' dir='ltr'><strong><em>sunt</em></strong></span> <span class='ocrx_word' id='word_1_435' title='bbox 964 2735 1133 2790; x_wconf 90' lang='lat' dir='ltr'><strong><em>relati.</em></strong></span> <span class='ocrx_word' id='word_1_436' title='bbox 1165 2733 1295 2792; x_wconf 90' lang='lat' dir='ltr'><strong><em>Plus</em></strong></span> <span class='ocrx_word' id='word_1_437' title='bbox 1321 2754 1444 2810; x_wconf 90' lang='lat' dir='ltr'><strong><em>ergo</em></strong></span> <span class='ocrx_word' id='word_1_438' title='bbox 1471 2737 1735 2790; x_wconf 80' lang='lat' dir='ltr'><strong><em>inveniunt</em></strong></span> <span class='ocrx_word' id='word_1_439' title='bbox 1759 2737 1844 2806; x_wconf 88' lang='lat' dir='ltr'><strong><em>qui</em></strong></span> <span class='ocrx_word' id='word_1_440' title='bbox 1871 2735 2115 2808; x_wconf 86' lang='lat' dir='ltr'><strong><em>reliquias</em></strong></span> <span class='ocrx_word' id='word_1_441' title='bbox 2143 2735 2416 2808; x_wconf 85' lang='lat' dir='ltr'><strong><em>colligunt,</em></strong></span> <span class='ocrx_word' id='word_1_442' title='bbox 2438 2749 2591 2808; x_wconf 88' lang='lat' dir='ltr'><strong><em>quam</em></strong></span> <span class='ocrx_word' id='word_1_443' title='bbox 2619 2733 2802 2788; x_wconf 86' lang='lat' dir='ltr'><strong><em>detulit</em></strong></span> <span class='ocrx_word' id='word_1_444' title='bbox 2819 2734 2907 2808; x_wconf 88' lang='lat' dir='ltr'><strong><em>qui</em></strong></span> <span class='ocrx_word' id='word_1_445' title='bbox 2941 2734 3107 2790; x_wconf 89' lang='lat' dir='ltr'><strong><em>cibum</em></strong></span> <span class='ocrx_word' id='word_1_446' title='bbox 3133 2737 3360 2792; x_wconf 87' lang='lat' dir='ltr'><strong><em>convivio</em></strong></span> <span class='ocrx_word' id='word_1_447' title='bbox 3387 2739 3716 2793; x_wconf 83' lang='lat' dir='ltr'><strong><em>ministravit.</em></strong></span> <span class='ocrx_word' id='word_1_448' title='bbox 3748 2739 3866 2795; x_wconf 83' lang='lat' dir='ltr'><strong><em>De-</em></strong></span> 
     </span>
    </p>
   </div>
   <div class='ocr_carea' id='block_1_29' title="bbox 580 2825 3861 2903">
    <p class='ocr_par' dir='ltr' id='par_1_29' title="bbox 580 2825 3861 2903">
     <span class='ocr_line' id='line_1_31' title="bbox 580 2825 3861 2903; baseline 0.002 -22"><span class='ocrx_word' id='word_1_449' title='bbox 580 2825 731 2898; x_wconf 87' lang='lat' dir='ltr'><strong><em>nique</em></strong></span> <span class='ocrx_word' id='word_1_450' title='bbox 751 2829 996 2882; x_wconf 88' lang='lat' dir='ltr'><strong><em>saturatis</em></strong></span> <span class='ocrx_word' id='word_1_451' title='bbox 1025 2829 1246 2901; x_wconf 89' lang='lat' dir='ltr'><strong><em>quinque</em></strong></span> <span class='ocrx_word' id='word_1_452' title='bbox 1272 2829 1497 2884; x_wconf 88' lang='lat' dir='ltr'><strong><em>millibus</em></strong></span> <span class='ocrx_word' id='word_1_453' title='bbox 1526 2829 1768 2892; x_wconf 90' lang='lat' dir='ltr'><strong><em>virorum,</em></strong></span> <span class='ocrx_word' id='word_1_454' title='bbox 1802 2829 1886 2882; x_wconf 75' lang='lat' dir='ltr'><strong><em>vix</em></strong></span> <span class='ocrx_word' id='word_1_455' title='bbox 1917 2827 2184 2882; x_wconf 86' lang='lat' dir='ltr'><strong><em>duodecim</em></strong></span> <span class='ocrx_word' id='word_1_456' title='bbox 2215 2826 2437 2898; x_wconf 87' lang='lat' dir='ltr'><strong><em>apostoli</em></strong></span> <span class='ocrx_word' id='word_1_457' title='bbox 2475 2826 2744 2881; x_wconf 86' lang='lat' dir='ltr'><strong><em>duodecim</em></strong></span> <span class='ocrx_word' id='word_1_458' title='bbox 2767 2827 3014 2898; x_wconf 84' lang='lat' dir='ltr'><strong><em>cophinos</em></strong></span> <span class='ocrx_word' id='word_1_459' title='bbox 3053 2828 3387 2896; x_wconf 86' lang='lat' dir='ltr'><strong><em>sustulerunt,</em></strong></span> <span class='ocrx_word' id='word_1_460' title='bbox 3418 2829 3552 2902; x_wconf 84' lang='lat' dir='ltr'><strong><em>quod</em></strong></span> <span class='ocrx_word' id='word_1_461' title='bbox 3570 2847 3709 2885; x_wconf 87' lang='lat' dir='ltr'><strong><em>unus</em></strong></span> <span class='ocrx_word' id='word_1_462' title='bbox 3729 2849 3861 2903; x_wconf 82' lang='lat' dir='ltr'><strong><em>puer</em></strong></span> 
     </span>
    </p>
   </div>
   <div class='ocr_carea' id='block_1_30' title="bbox 579 2913 3852 2992">
    <p class='ocr_par' dir='ltr' id='par_1_30' title="bbox 579 2913 3852 2992">
     <span class='ocr_line' id='line_1_32' title="bbox 579 2913 3852 2992; baseline 0.001 -22"><span class='ocrx_word' id='word_1_463' title='bbox 579 2932 754 2983; x_wconf 87' lang='lat' dir='ltr'><strong><em>manu,</em></strong></span> <span class='ocrx_word' id='word_1_464' title='bbox 785 2926 1059 2990; x_wconf 87' lang='lat' dir='ltr'><strong><em>antequam</em></strong></span> <span class='ocrx_word' id='word_1_465' title='bbox 1075 2918 1272 2992; x_wconf 86' lang='lat' dir='ltr'><strong><em>aliquid</em></strong></span> <span class='ocrx_word' id='word_1_466' title='bbox 1297 2917 1689 2991; x_wconf 76' lang='lat' dir='ltr'><strong><em>expenderetur,</em></strong></span> <span class='ocrx_word' id='word_1_467' title='bbox 1720 2918 1979 2972; x_wconf 90' lang='lat' dir='ltr'><strong><em>attulerat.</em></strong></span> <span class='ocrx_word' id='word_1_468' title='bbox 2005 2913 2091 2970; x_wconf 87' lang='lat' dir='ltr'><strong><em>Ita</em></strong></span> <span class='ocrx_word' id='word_1_469' title='bbox 2113 2917 2264 2986; x_wconf 87' lang='lat' dir='ltr'><strong><em>panis</em></strong></span> <span class='ocrx_word' id='word_1_470' title='bbox 2293 2917 2347 2970; x_wconf 88' lang='lat' dir='ltr'><strong><em>in</em></strong></span> <span class='ocrx_word' id='word_1_471' title='bbox 2375 2931 2532 2972; x_wconf 87' lang='lat' dir='ltr'><strong><em>manu</em></strong></span> <span class='ocrx_word' id='word_1_472' title='bbox 2559 2913 2771 2970; x_wconf 83' lang='lat' dir='ltr'><strong><em>Domini</em></strong></span> <span class='ocrx_word' id='word_1_473' title='bbox 2797 2916 3169 2985; x_wconf 82' lang='lat' dir='ltr'><strong><em>multiplicatur</em></strong></span> <span class='ocrx_word' id='word_1_474' title='bbox 3206 2918 3326 2974; x_wconf 88' lang='lat' dir='ltr'><strong><em>dum</em></strong></span> <span class='ocrx_word' id='word_1_475' title='bbox 3354 2921 3636 2992; x_wconf 76' lang='lat' dir='ltr'><strong><em>frangitur,</em></strong></span> <span class='ocrx_word' id='word_1_476' title='bbox 3667 2925 3852 2978; x_wconf 87' lang='lat' dir='ltr'><strong><em>crescit</em></strong></span> 
     </span>
    </p>
   </div>
   <div class='ocr_carea' id='block_1_31' title="bbox 578 3005 3841 3083">
    <p class='ocr_par' dir='ltr' id='par_1_31' title="bbox 578 3005 3841 3083">
     <span class='ocr_line' id='line_1_33' title="bbox 578 3005 3841 3083; baseline 0.001 -21"><span class='ocrx_word' id='word_1_477' title='bbox 578 3007 698 3062; x_wconf 80' lang='lat' dir='ltr'><strong><em>dum</em></strong></span> <span class='ocrx_word' id='word_1_478' title='bbox 719 3011 985 3070; x_wconf 83' lang='lat' dir='ltr'><strong><em>minuitur,</em></strong></span> <span class='ocrx_word' id='word_1_479' title='bbox 1010 3009 1131 3064; x_wconf 90' lang='lat' dir='ltr'><strong><em>dum</em></strong></span> <span class='ocrx_word' id='word_1_480' title='bbox 1169 3019 1410 3083; x_wconf 88' lang='lat' dir='ltr'><strong><em>erogatur</em></strong></span> <span class='ocrx_word' id='word_1_481' title='bbox 1431 3011 1675 3081; x_wconf 87' lang='lat' dir='ltr'><strong><em>augescit,</em></strong></span> <span class='ocrx_word' id='word_1_482' title='bbox 1700 3017 1850 3082; x_wconf 87' lang='lat' dir='ltr'><strong><em>atque</em></strong></span> <span class='ocrx_word' id='word_1_483' title='bbox 1891 3007 2095 3062; x_wconf 89' lang='lat' dir='ltr'><strong><em>utiliore</em></strong></span> <span class='ocrx_word' id='word_1_484' title='bbox 2123 3006 2390 3078; x_wconf 89' lang='lat' dir='ltr'><strong><em>dispendio</em></strong></span> <span class='ocrx_word' id='word_1_485' title='bbox 2414 3016 2649 3060; x_wconf 90' lang='lat' dir='ltr'><strong><em>creatura</em></strong></span> <span class='ocrx_word' id='word_1_486' title='bbox 2677 3005 2778 3060; x_wconf 90' lang='lat' dir='ltr'><strong><em>cibi</em></strong></span> <span class='ocrx_word' id='word_1_487' title='bbox 2799 3007 3016 3078; x_wconf 88' lang='lat' dir='ltr'><strong><em>populos</em></strong></span> <span class='ocrx_word' id='word_1_488' title='bbox 3042 3010 3212 3079; x_wconf 88' lang='lat' dir='ltr'><strong><em>pascit</em></strong></span> <span class='ocrx_word' id='word_1_489' title='bbox 3237 3019 3286 3062; x_wconf 87' lang='lat' dir='ltr'><strong><em>et</em></strong></span> <span class='ocrx_word' id='word_1_490' title='bbox 3323 3010 3565 3081; x_wconf 68' lang='lat' dir='ltr'><strong><em>proficit;</em></strong></span> <span class='ocrx_word' id='word_1_491' title='bbox 3592 3013 3777 3068; x_wconf 85' lang='lat' dir='ltr'><strong><em>crescit</em></strong></span> <span class='ocrx_word' id='word_1_492' title='bbox 3793 3015 3841 3066; x_wconf 77' lang='lat' dir='ltr'><strong><em>in</em></strong></span> 
     </span>
    </p>
   </div>
   <div class='ocr_carea' id='block_1_32' title="bbox 579 3087 3846 3177">
    <p class='ocr_par' dir='ltr' id='par_1_32' title="bbox 579 3087 3846 3177">
     <span class='ocr_line' id='line_1_34' title="bbox 579 3087 3846 3177; baseline 0.002 -20"><span class='ocrx_word' id='word_1_493' title='bbox 579 3119 669 3158; x_wconf 91' lang='lat' dir='ltr'><strong><em>ore</em></strong></span> <span class='ocrx_word' id='word_1_494' title='bbox 689 3102 1078 3170; x_wconf 72' lang='lat' dir='ltr'><strong><em>Comedentium,</em></strong></span> <span class='ocrx_word' id='word_1_495' title='bbox 1102 3101 1238 3177; x_wconf 85' lang='lat' dir='ltr'><strong><em>quod</em></strong></span> <span class='ocrx_word' id='word_1_496' title='bbox 1258 3104 1428 3158; x_wconf 90' lang='lat' dir='ltr'><strong><em>minus</em></strong></span> <span class='ocrx_word' id='word_1_497' title='bbox 1450 3101 1727 3175; x_wconf 83' lang='lat' dir='ltr'><strong><em>putabatur</em></strong></span> <span class='ocrx_word' id='word_1_498' title='bbox 1749 3087 1804 3156; x_wconf 84' lang='lat' dir='ltr'><strong><em>in</em></strong></span> <span class='ocrx_word' id='word_1_499' title='bbox 1838 3101 2072 3157; x_wconf 86' lang='lat' dir='ltr'><strong><em>manibus</em></strong></span> <span class='ocrx_word' id='word_1_500' title='bbox 2102 3101 2473 3157; x_wconf 85' lang='lat' dir='ltr'><strong><em>ministrorum.</em></strong></span> <span class='ocrx_word' id='word_1_501' title='bbox 2509 3095 2743 3174; x_wconf 86' lang='lat' dir='ltr'><strong><em>Denique</em></strong></span> <span class='ocrx_word' id='word_1_502' title='bbox 2771 3101 2844 3154; x_wconf 75' lang='lat' dir='ltr'><strong><em>ait</em></strong></span> <span class='ocrx_word' id='word_1_503' title='bbox 2873 3109 3080 3157; x_wconf 82' lang='lat' dir='ltr'><strong><em>sanctus</em></strong></span> <span class='ocrx_word' id='word_1_504' title='bbox 3119 3102 3353 3159; x_wconf 81' lang='lat' dir='ltr'><strong><em>Andreas</em></strong></span> <span class='ocrx_word' id='word_1_505' title='bbox 3383 3121 3396 3157; x_wconf 91' lang='lat'>:</span> <span class='ocrx_word' id='word_1_506' title='bbox 3445 3102 3539 3160; x_wconf 85' lang='lat' dir='ltr'><strong><em>Est</em></strong></span> <span class='ocrx_word' id='word_1_507' title='bbox 3565 3122 3698 3175; x_wconf 83' lang='lat' dir='ltr'><strong><em>puer</em></strong></span> <span class='ocrx_word' id='word_1_508' title='bbox 3721 3124 3846 3162; x_wconf 77' lang='lat' dir='ltr'><strong><em>unus</em></strong></span> 
     </span>
    </p>
   </div>
   <div class='ocr_carea' id='block_1_33' title="bbox 577 3186 3851 3268">
    <p class='ocr_par' dir='ltr' id='par_1_33' title="bbox 577 3186 3851 3268">
     <span class='ocr_line' id='line_1_35' title="bbox 577 3186 3851 3268; baseline 0.002 -23"><span class='ocrx_word' id='word_1_509' title='bbox 577 3191 682 3260; x_wconf 90' lang='lat' dir='ltr'><strong><em>hic,</em></strong></span> <span class='ocrx_word' id='word_1_510' title='bbox 713 3193 801 3266; x_wconf 85' lang='lat' dir='ltr'><strong><em>qui</em></strong></span> <span class='ocrx_word' id='word_1_511' title='bbox 821 3193 971 3249; x_wconf 83' lang='lat' dir='ltr'><strong><em>habet</em></strong></span> <span class='ocrx_word' id='word_1_512' title='bbox 999 3195 1219 3268; x_wconf 86' lang='lat' dir='ltr'><strong><em>quinque</em></strong></span> <span class='ocrx_word' id='word_1_513' title='bbox 1238 3211 1398 3266; x_wconf 85' lang='lat' dir='ltr'><strong><em>panes</em></strong></span> <span class='ocrx_word' id='word_1_514' title='bbox 1418 3202 1467 3248; x_wconf 94' lang='lat' dir='ltr'><strong><em>et</em></strong></span> <span class='ocrx_word' id='word_1_515' title='bbox 1495 3191 1621 3247; x_wconf 84' lang='lat' dir='ltr'><strong><em>duos</em></strong></span> <span class='ocrx_word' id='word_1_516' title='bbox 1643 3194 1831 3264; x_wconf 87' lang='lat' dir='ltr'><strong><em>pisces,</em></strong></span> <span class='ocrx_word' id='word_1_517' title='bbox 1853 3202 1902 3247; x_wconf 89' lang='lat' dir='ltr'><strong><em>et</em></strong></span> <span class='ocrx_word' id='word_1_518' title='bbox 1922 3193 2138 3265; x_wconf 84' lang='lat' dir='ltr'><strong><em>reliqua.</em></strong></span> <span class='ocrx_word' id='word_1_519' title='bbox 2164 3186 2355 3246; x_wconf 75' lang='lat' dir='ltr'><strong><em>Mirum</em></strong></span> <span class='ocrx_word' id='word_1_520' title='bbox 2374 3191 2531 3263; x_wconf 87' lang='lat' dir='ltr'><strong><em>igitur</em></strong></span> <span class='ocrx_word' id='word_1_521' title='bbox 2554 3193 2611 3245; x_wconf 89' lang='lat' dir='ltr'><strong><em>in</em></strong></span> <span class='ocrx_word' id='word_1_522' title='bbox 2637 3190 2845 3245; x_wconf 82' lang='lat' dir='ltr'><strong><em>modum</em></strong></span> <span class='ocrx_word' id='word_1_523' title='bbox 2868 3191 3220 3247; x_wconf 82' lang='lat' dir='ltr'><strong><em>benedictione</em></strong></span> <span class='ocrx_word' id='word_1_524' title='bbox 3247 3191 3438 3248; x_wconf 83' lang='lat' dir='ltr'><strong><em>Christi</em></strong></span> <span class='ocrx_word' id='word_1_525' title='bbox 3461 3191 3682 3250; x_wconf 76' lang='lat' dir='ltr'><strong><em>Domini</em></strong></span> <span class='ocrx_word' id='word_1_526' title='bbox 3705 3199 3851 3266; x_wconf 72' lang='lat' dir='ltr'><strong><em>panis</em></strong></span> 
     </span>
    </p>
   </div>
   <div class='ocr_carea' id='block_1_34' title="bbox 574 3284 3846 3362">
    <p class='ocr_par' dir='ltr' id='par_1_34' title="bbox 574 3284 3846 3362">
     <span class='ocr_line' id='line_1_36' title="bbox 574 3284 3846 3362; baseline 0.001 -18"><span class='ocrx_word' id='word_1_527' title='bbox 574 3287 742 3344; x_wconf 88' lang='lat' dir='ltr'><strong><em>solida</em></strong></span> <span class='ocrx_word' id='word_1_528' title='bbox 763 3296 952 3344; x_wconf 89' lang='lat' dir='ltr'><strong><em>natura</em></strong></span> <span class='ocrx_word' id='word_1_529' title='bbox 971 3289 1108 3360; x_wconf 78' lang='lat' dir='ltr'><strong><em>ﬂuit,</em></strong></span> <span class='ocrx_word' id='word_1_530' title='bbox 1133 3287 1383 3355; x_wconf 87' lang='lat' dir='ltr'><strong><em>abundat,</em></strong></span> <span class='ocrx_word' id='word_1_531' title='bbox 1413 3287 1678 3354; x_wconf 74' lang='lat' dir='ltr'><strong><em>exuberat,</em></strong></span> <span class='ocrx_word' id='word_1_532' title='bbox 1706 3295 1756 3342; x_wconf 93' lang='lat' dir='ltr'><strong><em>et</em></strong></span> <span class='ocrx_word' id='word_1_533' title='bbox 1793 3288 2016 3361; x_wconf 88' lang='lat' dir='ltr'><strong><em>quodam</em></strong></span> <span class='ocrx_word' id='word_1_534' title='bbox 2041 3288 2230 3360; x_wconf 85' lang='lat' dir='ltr'><strong><em>vigoris</em></strong></span> <span class='ocrx_word' id='word_1_535' title='bbox 2266 3288 2464 3359; x_wconf 88' lang='lat' dir='ltr'><strong><em>irriguo</em></strong></span> <span class='ocrx_word' id='word_1_536' title='bbox 2503 3284 2901 3351; x_wconf 86' lang='lat' dir='ltr'><strong><em>comedentibus,</em></strong></span> <span class='ocrx_word' id='word_1_537' title='bbox 2925 3298 3028 3342; x_wconf 86' lang='lat' dir='ltr'><strong><em>non</em></strong></span> <span class='ocrx_word' id='word_1_538' title='bbox 3043 3288 3158 3359; x_wconf 83' lang='lat' dir='ltr'><strong><em>jam</em></strong></span> <span class='ocrx_word' id='word_1_539' title='bbox 3195 3301 3447 3360; x_wconf 80' lang='lat' dir='ltr'><strong><em>aquarum</em></strong></span> <span class='ocrx_word' id='word_1_540' title='bbox 3474 3290 3595 3362; x_wconf 89' lang='lat' dir='ltr'><strong><em>fons</em></strong></span> <span class='ocrx_word' id='word_1_541' title='bbox 3614 3290 3846 3360; x_wconf 60' lang='lat' dir='ltr'><strong><em>eﬁcitur,</em></strong></span> 
     </span>
    </p>
   </div>
   <div class='ocr_carea' id='block_1_35' title="bbox 574 3376 3850 3454">
    <p class='ocr_par' dir='ltr' id='par_1_35' title="bbox 574 3376 3850 3454">
     <span class='ocr_line' id='line_1_37' title="bbox 574 3376 3850 3454; baseline 0 -18"><span class='ocrx_word' id='word_1_542' title='bbox 574 3381 665 3436; x_wconf 91' lang='lat' dir='ltr'><strong><em>sed</em></strong></span> <span class='ocrx_word' id='word_1_543' title='bbox 690 3398 945 3436; x_wconf 87' lang='lat' dir='ltr'><strong><em>escarum.</em></strong></span> <span class='ocrx_word' id='word_1_544' title='bbox 989 3380 1231 3454; x_wconf 87' lang='lat' dir='ltr'><strong><em>Legimus</em></strong></span> <span class='ocrx_word' id='word_1_545' title='bbox 1259 3381 1315 3436; x_wconf 90' lang='lat' dir='ltr'><strong><em>in</em></strong></span> <span class='ocrx_word' id='word_1_546' title='bbox 1345 3380 1626 3452; x_wconf 84' lang='lat' dir='ltr'><strong><em>prophetis,</em></strong></span> <span class='ocrx_word' id='word_1_547' title='bbox 1673 3377 1809 3451; x_wconf 90' lang='lat' dir='ltr'><strong><em>quod</em></strong></span> <span class='ocrx_word' id='word_1_548' title='bbox 1848 3379 1984 3434; x_wconf 89' lang='lat' dir='ltr'><strong><em>idem</em></strong></span> <span class='ocrx_word' id='word_1_549' title='bbox 2028 3377 2280 3434; x_wconf 88' lang='lat' dir='ltr'><strong><em>Dominus</em></strong></span> <span class='ocrx_word' id='word_1_550' title='bbox 2325 3385 2502 3450; x_wconf 84' lang='lat' dir='ltr'><strong><em>potum</em></strong></span> <span class='ocrx_word' id='word_1_551' title='bbox 2526 3376 2814 3432; x_wconf 79' lang='lat' dir='ltr'><strong><em>sitientibus</em></strong></span> <span class='ocrx_word' id='word_1_552' title='bbox 2843 3377 2907 3432; x_wconf 90' lang='lat' dir='ltr'><strong><em>de</em></strong></span> <span class='ocrx_word' id='word_1_553' title='bbox 2926 3379 3055 3433; x_wconf 85' lang='lat' dir='ltr'><strong><em>duro</em></strong></span> <span class='ocrx_word' id='word_1_554' title='bbox 3080 3393 3210 3435; x_wconf 67' lang='lat' dir='ltr'><strong><em>saxo</em></strong></span> <span class='ocrx_word' id='word_1_555' title='bbox 3237 3380 3536 3452; x_wconf 82' lang='lat' dir='ltr'><strong><em>protulerit;</em></strong></span> <span class='ocrx_word' id='word_1_556' title='bbox 3564 3397 3683 3437; x_wconf 84' lang='lat' dir='ltr'><strong><em>ecce</em></strong></span> <span class='ocrx_word' id='word_1_557' title='bbox 3718 3397 3850 3437; x_wconf 78' lang='lat' dir='ltr'><strong><em>nunc</em></strong></span> 
     </span>
    </p>
   </div>
   <div class='ocr_carea' id='block_1_36' title="bbox 572 3468 3850 3546">
    <p class='ocr_par' dir='ltr' id='par_1_36' title="bbox 572 3468 3850 3546">
     <span class='ocr_line' id='line_1_38' title="bbox 572 3468 3850 3546; baseline -0.002 -15"><span class='ocrx_word' id='word_1_558' title='bbox 572 3473 910 3531; x_wconf 87' lang='lat' dir='ltr'><strong><em>esurientibus</em></strong></span> <span class='ocrx_word' id='word_1_559' title='bbox 937 3475 1004 3530; x_wconf 91' lang='lat' dir='ltr'><strong><em>de</em></strong></span> <span class='ocrx_word' id='word_1_560' title='bbox 1029 3476 1167 3530; x_wconf 89' lang='lat' dir='ltr'><strong><em>sicco</em></strong></span> <span class='ocrx_word' id='word_1_561' title='bbox 1196 3491 1330 3546; x_wconf 89' lang='lat' dir='ltr'><strong><em>pane</em></strong></span> <span class='ocrx_word' id='word_1_562' title='bbox 1350 3474 1596 3527; x_wconf 82' lang='lat' dir='ltr'><strong><em>saturatis</em></strong></span> <span class='ocrx_word' id='word_1_563' title='bbox 1623 3472 1816 3542; x_wconf 84' lang='lat' dir='ltr'><strong><em>ﬂuenta</em></strong></span> <span class='ocrx_word' id='word_1_564' title='bbox 1839 3471 2104 3541; x_wconf 76' lang='lat' dir='ltr'><strong><em>produxit.</em></strong></span> <span class='ocrx_word' id='word_1_565' title='bbox 2130 3470 2270 3537; x_wconf 86' lang='lat' dir='ltr'><strong><em>Quin</em></strong></span> <span class='ocrx_word' id='word_1_566' title='bbox 2299 3470 2464 3524; x_wconf 89' lang='lat' dir='ltr'><strong><em>etiam</em></strong></span> <span class='ocrx_word' id='word_1_567' title='bbox 2483 3483 2734 3524; x_wconf 82' lang='lat' dir='ltr'><strong><em>sermone</em></strong></span> <span class='ocrx_word' id='word_1_568' title='bbox 2755 3468 2858 3522; x_wconf 78' lang='grc'><strong><em>107</em></strong></span> <span class='ocrx_word' id='word_1_569' title='bbox 2886 3468 2953 3524; x_wconf 90' lang='lat' dir='ltr'><strong><em>de</em></strong></span> <span class='ocrx_word' id='word_1_570' title='bbox 2977 3469 3137 3524; x_wconf 85' lang='lat' dir='ltr'><strong><em>simili</em></strong></span> <span class='ocrx_word' id='word_1_571' title='bbox 3159 3468 3402 3539; x_wconf 84' lang='lat' dir='ltr'><strong><em>prodigio</em></strong></span> <span class='ocrx_word' id='word_1_572' title='bbox 3423 3477 3634 3538; x_wconf 86' lang='lat' dir='ltr'><strong><em>septem</em></strong></span> <span class='ocrx_word' id='word_1_573' title='bbox 3654 3483 3850 3539; x_wconf 76' lang='lat' dir='ltr'><strong><em>panum</em></strong></span> 
     </span>
    </p>
   </div>
   <div class='ocr_carea' id='block_1_37' title="bbox 573 3559 3843 3637">
    <p class='ocr_par' dir='ltr' id='par_1_37' title="bbox 573 3559 3843 3637">
     <span class='ocr_line' id='line_1_39' title="bbox 573 3559 3843 3637; baseline -0.001 -18"><span class='ocrx_word' id='word_1_574' title='bbox 573 3566 768 3634; x_wconf 88' lang='lat' dir='ltr'><strong><em>quibus</em></strong></span> <span class='ocrx_word' id='word_1_575' title='bbox 795 3565 1036 3622; x_wconf 86' lang='lat' dir='ltr'><strong><em>Christus</em></strong></span> <span class='ocrx_word' id='word_1_576' title='bbox 1061 3575 1293 3637; x_wconf 88' lang='lat' dir='ltr'><strong><em>quatuor</em></strong></span> <span class='ocrx_word' id='word_1_577' title='bbox 1313 3563 1478 3619; x_wconf 87' lang='lat' dir='ltr'><strong><em>millia</em></strong></span> <span class='ocrx_word' id='word_1_578' title='bbox 1500 3565 1739 3619; x_wconf 85' lang='lat' dir='ltr'><strong><em>virorum</em></strong></span> <span class='ocrx_word' id='word_1_579' title='bbox 1763 3563 1994 3629; x_wconf 83' lang='lat' dir='ltr'><strong><em>satiavit,</em></strong></span> <span class='ocrx_word' id='word_1_580' title='bbox 2021 3561 2196 3632; x_wconf 83' lang='lat' dir='ltr'><strong><em>deque</em></strong></span> <span class='ocrx_word' id='word_1_581' title='bbox 2229 3570 2378 3617; x_wconf 91' lang='lat' dir='ltr'><strong><em>muto</em></strong></span> <span class='ocrx_word' id='word_1_582' title='bbox 2401 3575 2465 3616; x_wconf 89' lang='lat' dir='ltr'><strong><em>ac</em></strong></span> <span class='ocrx_word' id='word_1_583' title='bbox 2497 3561 2660 3616; x_wconf 86' lang='lat' dir='ltr'><strong><em>surdo</em></strong></span> <span class='ocrx_word' id='word_1_584' title='bbox 2681 3561 2768 3616; x_wconf 84' lang='lat' dir='ltr'><strong><em>cui</em></strong></span> <span class='ocrx_word' id='word_1_585' title='bbox 2790 3561 3037 3617; x_wconf 85' lang='lat' dir='ltr'><strong><em>audiendi</em></strong></span> <span class='ocrx_word' id='word_1_586' title='bbox 3059 3560 3420 3633; x_wconf 84' lang='lat' dir='ltr'><strong><em>loquendique</em></strong></span> <span class='ocrx_word' id='word_1_587' title='bbox 3441 3559 3672 3617; x_wconf 81' lang='lat' dir='ltr'><strong><em>facultas</em></strong></span> <span class='ocrx_word' id='word_1_588' title='bbox 3689 3561 3843 3618; x_wconf 86' lang='lat' dir='ltr'><strong><em>resti-</em></strong></span> 
     </span>
    </p>
   </div>
   <div class='ocr_carea' id='block_1_38' title="bbox 574 3650 3844 3726">
    <p class='ocr_par' dir='ltr' id='par_1_38' title="bbox 574 3650 3844 3726">
     <span class='ocr_line' id='line_1_40' title="bbox 574 3650 3844 3726; baseline -0.001 -16"><span class='ocrx_word' id='word_1_589' title='bbox 574 3657 686 3710; x_wconf 87' lang='lat' dir='ltr'><strong><em>tuta</em></strong></span> <span class='ocrx_word' id='word_1_590' title='bbox 711 3671 742 3709; x_wconf 89' lang='lat' dir='ltr'><strong><em>a</em></strong></span> <span class='ocrx_word' id='word_1_591' title='bbox 763 3654 977 3712; x_wconf 87' lang='lat' dir='ltr'><strong><em>Christo</em></strong></span> <span class='ocrx_word' id='word_1_592' title='bbox 1007 3656 1124 3723; x_wconf 79' lang='lat' dir='ltr'><strong><em>fuit,</em></strong></span> <span class='ocrx_word' id='word_1_593' title='bbox 1149 3657 1322 3726; x_wconf 90' lang='lat' dir='ltr'><strong><em>deque</em></strong></span> <span class='ocrx_word' id='word_1_594' title='bbox 1352 3664 1538 3712; x_wconf 89' lang='lat' dir='ltr'><strong><em>sanata</em></strong></span> <span class='ocrx_word' id='word_1_595' title='bbox 1569 3650 1674 3711; x_wconf 85' lang='lat' dir='ltr'><strong><em>lilia</em></strong></span> <span class='ocrx_word' id='word_1_596' title='bbox 1709 3655 1947 3710; x_wconf 87' lang='lat' dir='ltr'><strong><em>mulieris</em></strong></span> <span class='ocrx_word' id='word_1_597' title='bbox 1977 3653 2295 3710; x_wconf 70' lang='lat' dir='ltr'><strong><em>Cbananmaa</em></strong></span> <span class='ocrx_word' id='word_1_598' title='bbox 2327 3661 2572 3719; x_wconf 90' lang='lat' dir='ltr'><strong><em>acturus,</em></strong></span> <span class='ocrx_word' id='word_1_599' title='bbox 2607 3664 2727 3723; x_wconf 89' lang='lat' dir='ltr'><strong><em>pag.</em></strong></span> <span class='ocrx_word' id='word_1_600' title='bbox 2772 3651 2905 3720; x_wconf 84' lang='lat'><strong>669,</strong></span> <span class='ocrx_word' id='word_1_601' title='bbox 2932 3654 3116 3710; x_wconf 87' lang='lat' dir='ltr'><strong><em>scribit</em></strong></span> <span class='ocrx_word' id='word_1_602' title='bbox 3153 3654 3257 3709; x_wconf 90' lang='lat' dir='ltr'><strong><em>hoc</em></strong></span> <span class='ocrx_word' id='word_1_603' title='bbox 3280 3652 3440 3707; x_wconf 89' lang='lat' dir='ltr'><strong><em>modo</em></strong></span> <span class='ocrx_word' id='word_1_604' title='bbox 3467 3670 3480 3705; x_wconf 91' lang='lat'><strong>:</strong></span> <span class='ocrx_word' id='word_1_605' title='bbox 3505 3652 3844 3708; x_wconf 77' lang='lat' dir='ltr'><strong><em>Altitudinem</em></strong></span> 
     </span>
    </p>
   </div>
   <div class='ocr_carea' id='block_1_39' title="bbox 573 3742 3844 3816">
    <p class='ocr_par' dir='ltr' id='par_1_39' title="bbox 573 3742 3844 3816">
     <span class='ocr_line' id='line_1_41' title="bbox 573 3742 3844 3816; baseline 0 -16"><span class='ocrx_word' id='word_1_606' title='bbox 573 3743 878 3812; x_wconf 79' lang='lat' dir='ltr'><strong><em>Divinitatis</em></strong></span> <span class='ocrx_word' id='word_1_607' title='bbox 905 3765 1032 3813; x_wconf 73' lang='lat' dir='ltr'><strong><em>suta,</em></strong></span> <span class='ocrx_word' id='word_1_608' title='bbox 1072 3756 1120 3801; x_wconf 91' lang='lat' dir='ltr'><strong><em>et</em></strong></span> <span class='ocrx_word' id='word_1_609' title='bbox 1157 3749 1564 3802; x_wconf 89' lang='lat' dir='ltr'><strong><em>misericordiam</em></strong></span> <span class='ocrx_word' id='word_1_610' title='bbox 1592 3747 1930 3802; x_wconf 88' lang='lat' dir='ltr'><strong><em>humanitatis</em></strong></span> <span class='ocrx_word' id='word_1_611' title='bbox 1959 3746 2132 3801; x_wconf 87' lang='lat' dir='ltr'><strong><em>ntultis</em></strong></span> <span class='ocrx_word' id='word_1_612' title='bbox 2158 3755 2208 3802; x_wconf 90' lang='lat' dir='ltr'><strong><em>et</em></strong></span> <span class='ocrx_word' id='word_1_613' title='bbox 2231 3747 2390 3801; x_wconf 90' lang='lat' dir='ltr'><strong><em>variis</em></strong></span> <span class='ocrx_word' id='word_1_614' title='bbox 2414 3745 2580 3800; x_wconf 90' lang='lat' dir='ltr'><strong><em>modis</em></strong></span> <span class='ocrx_word' id='word_1_615' title='bbox 2608 3746 2662 3800; x_wconf 91' lang='lat' dir='ltr'><strong><em>in</em></strong></span> <span class='ocrx_word' id='word_1_616' title='bbox 2703 3742 2989 3816; x_wconf 81' lang='lat' dir='ltr'><strong><em>Scripturis</em></strong></span> <span class='ocrx_word' id='word_1_617' title='bbox 3013 3748 3206 3802; x_wconf 84' lang='lat' dir='ltr'><strong><em>sanctis</em></strong></span> <span class='ocrx_word' id='word_1_618' title='bbox 3227 3745 3482 3801; x_wconf 86' lang='lat' dir='ltr'><strong><em>Dominus</em></strong></span> <span class='ocrx_word' id='word_1_619' title='bbox 3504 3756 3684 3800; x_wconf 84' lang='lat' dir='ltr'><strong><em>noster</em></strong></span> <span class='ocrx_word' id='word_1_620' title='bbox 3696 3743 3844 3800; x_wconf 75' lang='lat' dir='ltr'><strong><em>Iesus</em></strong></span> 
     </span>
    </p>
   </div>
   <div class='ocr_carea' id='block_1_40' title="bbox 573 3824 3838 3912">
    <p class='ocr_par' dir='ltr' id='par_1_40' title="bbox 573 3824 3838 3912">
     <span class='ocr_line' id='line_1_42' title="bbox 573 3824 3838 3912; baseline -0.001 -18"><span class='ocrx_word' id='word_1_621' title='bbox 573 3837 807 3896; x_wconf 86' lang='lat' dir='ltr'><strong><em>Christus</em></strong></span> <span class='ocrx_word' id='word_1_622' title='bbox 827 3840 1069 3906; x_wconf 86' lang='lat' dir='ltr'><strong><em>ostendit,</em></strong></span> <span class='ocrx_word' id='word_1_623' title='bbox 1089 3839 1516 3912; x_wconf 89' lang='lat' dir='ltr'><strong><em>quemadmodum</em></strong></span> <span class='ocrx_word' id='word_1_624' title='bbox 1535 3841 1682 3906; x_wconf 88' lang='lat' dir='ltr'><strong><em>solet,</em></strong></span> <span class='ocrx_word' id='word_1_625' title='bbox 1700 3840 1754 3893; x_wconf 91' lang='lat' dir='ltr'><strong><em>in</em></strong></span> <span class='ocrx_word' id='word_1_626' title='bbox 1775 3841 2032 3911; x_wconf 86' lang='lat' dir='ltr'><strong><em>mysteriis</em></strong></span> <span class='ocrx_word' id='word_1_627' title='bbox 2048 3849 2098 3892; x_wconf 89' lang='lat' dir='ltr'><strong><em>et</em></strong></span> <span class='ocrx_word' id='word_1_628' title='bbox 2116 3842 2474 3908; x_wconf 88' lang='lat' dir='ltr'><strong><em>sacramentis,</em></strong></span> <span class='ocrx_word' id='word_1_629' title='bbox 2491 3848 2546 3893; x_wconf 88' lang='lat' dir='ltr'><strong><em>ut</em></strong></span> <span class='ocrx_word' id='word_1_630' title='bbox 2566 3849 2616 3894; x_wconf 92' lang='lat' dir='ltr'><strong><em>et</em></strong></span> <span class='ocrx_word' id='word_1_631' title='bbox 2632 3849 2858 3912; x_wconf 86' lang='lat' dir='ltr'><strong><em>petentes</em></strong></span> <span class='ocrx_word' id='word_1_632' title='bbox 2881 3840 3156 3910; x_wconf 86' lang='lat' dir='ltr'><strong><em>accipiant,</em></strong></span> <span class='ocrx_word' id='word_1_633' title='bbox 3179 3824 3229 3892; x_wconf 74' lang='lat' dir='ltr'><strong><em>et</em></strong></span> <span class='ocrx_word' id='word_1_634' title='bbox 3255 3849 3542 3910; x_wconf 68' lang='lat' dir='ltr'><strong><em>quarentes</em></strong></span> <span class='ocrx_word' id='word_1_635' title='bbox 3559 3842 3838 3902; x_wconf 77' lang='lat' dir='ltr'><strong><em>inveniant,</em></strong></span> 
     </span>
    </p>
   </div>
   <div class='ocr_carea' id='block_1_41' title="bbox 567 3927 3842 4005">
    <p class='ocr_par' dir='ltr' id='par_1_41' title="bbox 567 3927 3842 4005">
     <span class='ocr_line' id='line_1_43' title="bbox 567 3927 3842 4005; baseline 0 -19"><span class='ocrx_word' id='word_1_636' title='bbox 567 3941 619 3986; x_wconf 90' lang='lat' dir='ltr'><strong><em>et</em></strong></span> <span class='ocrx_word' id='word_1_637' title='bbox 645 3932 973 4004; x_wconf 86' lang='lat' dir='ltr'><strong><em>pulsantibus</em></strong></span> <span class='ocrx_word' id='word_1_638' title='bbox 1002 3930 1286 4004; x_wconf 85' lang='lat' dir='ltr'><strong><em>aperiatur.</em></strong></span> <span class='ocrx_word' id='word_1_639' title='bbox 1332 3927 1521 3984; x_wconf 86' lang='lat' dir='ltr'><strong><em>Omnia</em></strong></span> <span class='ocrx_word' id='word_1_640' title='bbox 1548 3931 1683 3984; x_wconf 90' lang='lat' dir='ltr'><strong><em>enim</em></strong></span> <span class='ocrx_word' id='word_1_641' title='bbox 1711 3947 1824 4003; x_wconf 72' lang='lat' dir='ltr'><strong><em>qua:</em></strong></span> <span class='ocrx_word' id='word_1_642' title='bbox 1851 3931 1906 3984; x_wconf 91' lang='lat' dir='ltr'><strong><em>in</em></strong></span> <span class='ocrx_word' id='word_1_643' title='bbox 1935 3930 2030 3983; x_wconf 93' lang='lat' dir='ltr'><strong><em>hoc</em></strong></span> <span class='ocrx_word' id='word_1_644' title='bbox 2075 3930 2270 3984; x_wconf 89' lang='lat' dir='ltr'><strong><em>mundo</em></strong></span> <span class='ocrx_word' id='word_1_645' title='bbox 2292 3927 2383 3983; x_wconf 88' lang='lat' dir='ltr'><strong><em>sub</em></strong></span> <span class='ocrx_word' id='word_1_646' title='bbox 2410 3930 2694 4002; x_wconf 88' lang='lat' dir='ltr'><strong><em>fragilitate</em></strong></span> <span class='ocrx_word' id='word_1_647' title='bbox 2730 3940 2908 3985; x_wconf 88' lang='lat' dir='ltr'><strong><em>nostra</em></strong></span> <span class='ocrx_word' id='word_1_648' title='bbox 2935 3928 3163 3984; x_wconf 73' lang='lat' dir='ltr'><strong><em>exhibuit</em></strong></span> <span class='ocrx_word' id='word_1_649' title='bbox 3189 3931 3470 3996; x_wconf 86' lang='lat' dir='ltr'><strong><em>miracula,</em></strong></span> <span class='ocrx_word' id='word_1_650' title='bbox 3511 3931 3659 3986; x_wconf 84' lang='lat' dir='ltr'><strong><em>nobis</em></strong></span> <span class='ocrx_word' id='word_1_651' title='bbox 3686 3931 3842 4005; x_wconf 71' lang='lat' dir='ltr'><strong><em>proﬁ-</em></strong></span> 
     </span>
    </p>
   </div>
   <div class='ocr_carea' id='block_1_42' title="bbox 571 4017 3841 4104">
    <p class='ocr_par' dir='ltr' id='par_1_42' title="bbox 571 4017 3841 4104">
     <span class='ocr_line' id='line_1_44' title="bbox 571 4017 3841 4104; baseline -0.001 -27"><span class='ocrx_word' id='word_1_652' title='bbox 571 4025 734 4078; x_wconf 87' lang='lat' dir='ltr'><strong><em>ciunt.</em></strong></span> <span class='ocrx_word' id='word_1_653' title='bbox 778 4021 900 4080; x_wconf 90' lang='lat' dir='ltr'><strong><em>Non</em></strong></span> <span class='ocrx_word' id='word_1_654' title='bbox 929 4025 1106 4096; x_wconf 90' lang='lat' dir='ltr'><strong><em>utique</em></strong></span> <span class='ocrx_word' id='word_1_655' title='bbox 1153 4021 1266 4077; x_wconf 87' lang='lat' dir='ltr'><strong><em>sine</em></strong></span> <span class='ocrx_word' id='word_1_656' title='bbox 1304 4037 1461 4076; x_wconf 90' lang='lat' dir='ltr'><strong><em>causa</em></strong></span> <span class='ocrx_word' id='word_1_657' title='bbox 1490 4019 1714 4094; x_wconf 87' lang='lat' dir='ltr'><strong><em>faciebat</em></strong></span> <span class='ocrx_word' id='word_1_658' title='bbox 1739 4038 1800 4076; x_wconf 90' lang='lat' dir='ltr'><strong><em>ea</em></strong></span> <span class='ocrx_word' id='word_1_659' title='bbox 1833 4019 2102 4084; x_wconf 88' lang='lat' dir='ltr'><strong><em>Dominus,</em></strong></span> <span class='ocrx_word' id='word_1_660' title='bbox 2132 4019 2208 4073; x_wconf 88' lang='lat' dir='ltr'><strong><em>vel</em></strong></span> <span class='ocrx_word' id='word_1_661' title='bbox 2235 4020 2386 4104; x_wconf 77' lang='lat' dir='ltr'><strong><em>quasi</em></strong></span> <span class='ocrx_word' id='word_1_662' title='bbox 2410 4021 2606 4090; x_wconf 88' lang='lat' dir='ltr'><strong><em>frustra</em></strong></span> <span class='ocrx_word' id='word_1_663' title='bbox 2635 4030 2684 4074; x_wconf 93' lang='lat' dir='ltr'><strong><em>et</em></strong></span> <span class='ocrx_word' id='word_1_664' title='bbox 2725 4020 2968 4074; x_wconf 87' lang='lat' dir='ltr'><strong><em>inaniter.</em></strong></span> <span class='ocrx_word' id='word_1_665' title='bbox 3011 4017 3232 4073; x_wconf 84' lang='lat' dir='ltr'><strong><em>Verbum</em></strong></span> <span class='ocrx_word' id='word_1_666' title='bbox 3252 4017 3352 4072; x_wconf 86' lang='lat' dir='ltr'><strong><em>Dei</em></strong></span> <span class='ocrx_word' id='word_1_667' title='bbox 3379 4029 3454 4074; x_wconf 88' lang='lat' dir='ltr'><strong><em>est</em></strong></span> <span class='ocrx_word' id='word_1_668' title='bbox 3480 4019 3736 4085; x_wconf 84' lang='lat' dir='ltr'><strong><em>Christus,</em></strong></span> <span class='ocrx_word' id='word_1_669' title='bbox 3755 4021 3841 4092; x_wconf 82' lang='lat' dir='ltr'><strong><em>qui</em></strong></span> 
     </span>
    </p>
   </div>
   <div class='ocr_carea' id='block_1_43' title="bbox 569 4109 3838 4188">
    <p class='ocr_par' dir='ltr' id='par_1_43' title="bbox 569 4109 3838 4188">
     <span class='ocr_line' id='line_1_45' title="bbox 569 4109 3838 4188; baseline -0.002 -14"><span class='ocrx_word' id='word_1_670' title='bbox 569 4135 675 4174; x_wconf 88' lang='lat' dir='ltr'><strong><em>non</em></strong></span> <span class='ocrx_word' id='word_1_671' title='bbox 705 4119 830 4174; x_wconf 86' lang='lat' dir='ltr'><strong><em>solis</em></strong></span> <span class='ocrx_word' id='word_1_672' title='bbox 853 4117 1034 4185; x_wconf 90' lang='lat' dir='ltr'><strong><em>verbis,</em></strong></span> <span class='ocrx_word' id='word_1_673' title='bbox 1061 4117 1153 4173; x_wconf 90' lang='lat' dir='ltr'><strong><em>sed</em></strong></span> <span class='ocrx_word' id='word_1_674' title='bbox 1171 4116 1328 4173; x_wconf 90' lang='lat' dir='ltr'><strong><em>etiam</em></strong></span> <span class='ocrx_word' id='word_1_675' title='bbox 1348 4117 1499 4188; x_wconf 90' lang='lat' dir='ltr'><strong><em>factis</em></strong></span> <span class='ocrx_word' id='word_1_676' title='bbox 1523 4115 1748 4186; x_wconf 90' lang='lat' dir='ltr'><strong><em>loquitur</em></strong></span> <span class='ocrx_word' id='word_1_677' title='bbox 1767 4113 2170 4170; x_wconf 89' lang='lat' dir='ltr'><strong><em>hominibus.....</em></strong></span> <span class='ocrx_word' id='word_1_678' title='bbox 2201 4111 2269 4168; x_wconf 85' lang='lat' dir='ltr'><strong><em>In</em></strong></span> <span class='ocrx_word' id='word_1_679' title='bbox 2307 4112 2557 4167; x_wconf 89' lang='lat' dir='ltr'><strong><em>alterutra</em></strong></span> <span class='ocrx_word' id='word_1_680' title='bbox 2580 4120 2730 4183; x_wconf 92' lang='lat' dir='ltr'><strong><em>parte</em></strong></span> <span class='ocrx_word' id='word_1_681' title='bbox 2755 4112 2834 4167; x_wconf 90' lang='lat' dir='ltr'><strong><em>vel</em></strong></span> <span class='ocrx_word' id='word_1_682' title='bbox 2857 4114 2942 4184; x_wconf 80' lang='lat' dir='ltr'><strong><em>qui</em></strong></span> <span class='ocrx_word' id='word_1_683' title='bbox 2971 4111 3136 4168; x_wconf 90' lang='lat' dir='ltr'><strong><em>solum</em></strong></span> <span class='ocrx_word' id='word_1_684' title='bbox 3174 4109 3427 4166; x_wconf 84' lang='lat' dir='ltr'><strong><em>hominem</em></strong></span> <span class='ocrx_word' id='word_1_685' title='bbox 3450 4114 3612 4184; x_wconf 86' lang='lat' dir='ltr'><strong><em>fuisse</em></strong></span> <span class='ocrx_word' id='word_1_686' title='bbox 3630 4113 3838 4180; x_wconf 62' lang='lat' dir='ltr'><strong><em>dixerit,</em></strong></span> 
     </span>
    </p>
   </div>
   <div class='ocr_carea' id='block_1_44' title="bbox 569 4198 3838 4282">
    <p class='ocr_par' dir='ltr' id='par_1_44' title="bbox 569 4198 3838 4282">
     <span class='ocr_line' id='line_1_46' title="bbox 569 4198 3838 4282; baseline -0.002 -18"><span class='ocrx_word' id='word_1_687' title='bbox 569 4209 791 4282; x_wconf 88' lang='lat' dir='ltr'><strong><em>gloriam</em></strong></span> <span class='ocrx_word' id='word_1_688' title='bbox 812 4207 1020 4281; x_wconf 87' lang='lat' dir='ltr'><strong><em>negabit</em></strong></span> <span class='ocrx_word' id='word_1_689' title='bbox 1038 4203 1357 4272; x_wconf 83' lang='lat' dir='ltr'><strong><em>Conditoris;</em></strong></span> <span class='ocrx_word' id='word_1_690' title='bbox 1387 4209 1462 4260; x_wconf 91' lang='lat' dir='ltr'><strong><em>vel</em></strong></span> <span class='ocrx_word' id='word_1_691' title='bbox 1489 4207 1576 4279; x_wconf 89' lang='lat' dir='ltr'><strong><em>qui</em></strong></span> <span class='ocrx_word' id='word_1_692' title='bbox 1597 4205 1761 4260; x_wconf 87' lang='lat' dir='ltr'><strong><em>solum</em></strong></span> <span class='ocrx_word' id='word_1_693' title='bbox 1789 4203 1975 4271; x_wconf 90' lang='lat' dir='ltr'><strong><em>Deum,</em></strong></span> <span class='ocrx_word' id='word_1_694' title='bbox 1999 4203 2207 4277; x_wconf 83' lang='lat' dir='ltr'><strong><em>negabit</em></strong></span> <span class='ocrx_word' id='word_1_695' title='bbox 2233 4201 2642 4258; x_wconf 89' lang='lat' dir='ltr'><strong><em>misericordiam</em></strong></span> <span class='ocrx_word' id='word_1_696' title='bbox 2671 4199 3048 4272; x_wconf 74' lang='lat' dir='ltr'><strong><em>Redemptoris.</em></strong></span> <span class='ocrx_word' id='word_1_697' title='bbox 3072 4198 3272 4272; x_wconf 88' lang='lat' dir='ltr'><strong><em>Nempe</em></strong></span> <span class='ocrx_word' id='word_1_698' title='bbox 3293 4201 3430 4272; x_wconf 89' lang='lat' dir='ltr'><strong><em>quod</em></strong></span> <span class='ocrx_word' id='word_1_699' title='bbox 3460 4217 3614 4273; x_wconf 88' lang='lat' dir='ltr'><strong><em>super</em></strong></span> <span class='ocrx_word' id='word_1_700' title='bbox 3639 4201 3838 4259; x_wconf 65' lang='lat' dir='ltr'><strong><em>turbam</em></strong></span> 
     </span>
    </p>
   </div>
   <div class='ocr_carea' id='block_1_45' title="bbox 567 4294 3838 4372">
    <p class='ocr_par' dir='ltr' id='par_1_45' title="bbox 567 4294 3838 4372">
     <span class='ocr_line' id='line_1_47' title="bbox 567 4294 3838 4372; baseline -0.003 -14"><span class='ocrx_word' id='word_1_701' title='bbox 567 4304 834 4359; x_wconf 90' lang='lat' dir='ltr'><strong><em>miseretur</em></strong></span> <span class='ocrx_word' id='word_1_702' title='bbox 872 4303 1148 4370; x_wconf 89' lang='lat' dir='ltr'><strong><em>Dominus,</em></strong></span> <span class='ocrx_word' id='word_1_703' title='bbox 1175 4319 1239 4357; x_wconf 90' lang='lat' dir='ltr'><strong><em>ne</em></strong></span> <span class='ocrx_word' id='word_1_704' title='bbox 1261 4301 1337 4357; x_wconf 89' lang='lat' dir='ltr'><strong><em>vel</em></strong></span> <span class='ocrx_word' id='word_1_705' title='bbox 1365 4300 1560 4366; x_wconf 89' lang='lat' dir='ltr'><strong><em>inedia,</em></strong></span> <span class='ocrx_word' id='word_1_706' title='bbox 1590 4300 1666 4354; x_wconf 88' lang='lat' dir='ltr'><strong><em>vel</em></strong></span> <span class='ocrx_word' id='word_1_707' title='bbox 1693 4300 1942 4372; x_wconf 85' lang='lat' dir='ltr'><strong><em>longioris</em></strong></span> <span class='ocrx_word' id='word_1_708' title='bbox 1963 4300 2059 4354; x_wconf 71' lang='lat' dir='ltr'><strong><em>viae</em></strong></span> <span class='ocrx_word' id='word_1_709' title='bbox 2084 4297 2294 4370; x_wconf 81' lang='lat' dir='ltr'><strong><em>deficiat</em></strong></span> <span class='ocrx_word' id='word_1_710' title='bbox 2313 4296 2506 4362; x_wconf 90' lang='lat' dir='ltr'><strong><em>labore,</em></strong></span> <span class='ocrx_word' id='word_1_711' title='bbox 2530 4296 2760 4350; x_wconf 85' lang='lat' dir='ltr'><strong><em>novimus</em></strong></span> <span class='ocrx_word' id='word_1_712' title='bbox 2780 4294 3019 4364; x_wconf 77' lang='lat' dir='ltr'><strong><em>affectam</em></strong></span> <span class='ocrx_word' id='word_1_713' title='bbox 3039 4303 3190 4366; x_wconf 88' lang='lat' dir='ltr'><strong><em>atque</em></strong></span> <span class='ocrx_word' id='word_1_714' title='bbox 3216 4295 3625 4365; x_wconf 80' lang='lat' dir='ltr'><strong><em>compassionem</em></strong></span> <span class='ocrx_word' id='word_1_715' title='bbox 3648 4294 3838 4349; x_wconf 79' lang='lat' dir='ltr'><strong><em>huma-</em></strong></span> 
     </span>
    </p>
   </div>
   <div class='ocr_carea' id='block_1_46' title="bbox 566 4385 3837 4469">
    <p class='ocr_par' dir='ltr' id='par_1_46' title="bbox 566 4385 3837 4469">
     <span class='ocr_line' id='line_1_48' title="bbox 566 4385 3837 4469; baseline -0.004 -17"><span class='ocrx_word' id='word_1_716' title='bbox 566 4413 649 4452; x_wconf 71' lang='lat' dir='ltr'><strong><em>na:</em></strong></span> <span class='ocrx_word' id='word_1_717' title='bbox 669 4395 1006 4469; x_wconf 87' lang='lat' dir='ltr'><strong><em>fragilitatis;</em></strong></span> <span class='ocrx_word' id='word_1_718' title='bbox 1032 4395 1170 4468; x_wconf 89' lang='lat' dir='ltr'><strong><em>quod</em></strong></span> <span class='ocrx_word' id='word_1_719' title='bbox 1189 4403 1357 4448; x_wconf 89' lang='lat' dir='ltr'><strong><em>autem</em></strong></span> <span class='ocrx_word' id='word_1_720' title='bbox 1391 4393 1452 4446; x_wconf 87' lang='lat' dir='ltr'><strong><em>de</em></strong></span> <span class='ocrx_word' id='word_1_721' title='bbox 1481 4401 1669 4463; x_wconf 85' lang='lat' dir='ltr'><strong><em>septem</em></strong></span> <span class='ocrx_word' id='word_1_722' title='bbox 1695 4390 1916 4463; x_wconf 86' lang='lat' dir='ltr'><strong><em>panibus</em></strong></span> <span class='ocrx_word' id='word_1_723' title='bbox 1944 4400 1994 4446; x_wconf 89' lang='lat' dir='ltr'><strong><em>et</em></strong></span> <span class='ocrx_word' id='word_1_724' title='bbox 2011 4392 2190 4462; x_wconf 89' lang='lat' dir='ltr'><strong><em>paucis</em></strong></span> <span class='ocrx_word' id='word_1_725' title='bbox 2217 4389 2442 4461; x_wconf 82' lang='lat' dir='ltr'><strong><em>piscibus</em></strong></span> <span class='ocrx_word' id='word_1_726' title='bbox 2470 4389 2678 4442; x_wconf 87' lang='lat' dir='ltr'><strong><em>satiavit</em></strong></span> <span class='ocrx_word' id='word_1_727' title='bbox 2708 4395 2925 4460; x_wconf 82' lang='lat' dir='ltr'><strong><em>quatuor</em></strong></span> <span class='ocrx_word' id='word_1_728' title='bbox 2961 4387 3127 4441; x_wconf 87' lang='lat' dir='ltr'><strong><em>millia</em></strong></span> <span class='ocrx_word' id='word_1_729' title='bbox 3155 4385 3437 4449; x_wconf 88' lang='lat' dir='ltr'><strong><em>hominum,</em></strong></span> <span class='ocrx_word' id='word_1_730' title='bbox 3471 4387 3728 4441; x_wconf 79' lang='lat' dir='ltr'><strong><em>credimus</em></strong></span> <span class='ocrx_word' id='word_1_731' title='bbox 3753 4387 3837 4439; x_wconf 82' lang='lat' dir='ltr'><strong><em>di-</em></strong></span> 
     </span>
    </p>
   </div>
   <div class='ocr_carea' id='block_1_47' title="bbox 561 4479 3836 4560">
    <p class='ocr_par' dir='ltr' id='par_1_47' title="bbox 561 4479 3836 4560">
     <span class='ocr_line' id='line_1_49' title="bbox 561 4479 3836 4560; baseline -0.004 -15"><span class='ocrx_word' id='word_1_732' title='bbox 561 4491 696 4546; x_wconf 74' lang='lat' dir='ltr'><strong><em>vina:</em></strong></span> <span class='ocrx_word' id='word_1_733' title='bbox 721 4506 848 4560; x_wconf 90' lang='lat' dir='ltr'><strong><em>opus</em></strong></span> <span class='ocrx_word' id='word_1_734' title='bbox 875 4505 988 4543; x_wconf 87' lang='lat' dir='ltr'><strong><em>esse</em></strong></span> <span class='ocrx_word' id='word_1_735' title='bbox 1017 4487 1331 4542; x_wconf 88' lang='lat' dir='ltr'><strong><em>virtutis.....</em></strong></span> <span class='ocrx_word' id='word_1_736' title='bbox 1358 4481 1568 4538; x_wconf 83' lang='lat' dir='ltr'><strong><em>Relictis</em></strong></span> <span class='ocrx_word' id='word_1_737' title='bbox 1609 4481 1807 4538; x_wconf 68' lang='lat' dir='ltr'><strong><em>Iudaeis</em></strong></span> <span class='ocrx_word' id='word_1_738' title='bbox 1849 4484 1983 4536; x_wconf 85' lang='lat' dir='ltr'><strong><em>venit</em></strong></span> <span class='ocrx_word' id='word_1_739' title='bbox 2010 4483 2064 4537; x_wconf 85' lang='lat' dir='ltr'><strong><em>in</em></strong></span> <span class='ocrx_word' id='word_1_740' title='bbox 2093 4481 2282 4554; x_wconf 78' lang='lat' dir='ltr'><strong><em>ﬁnibus</em></strong></span> <span class='ocrx_word' id='word_1_741' title='bbox 2307 4483 2552 4553; x_wconf 87' lang='lat' dir='ltr'><strong><em>gentium,</em></strong></span> <span class='ocrx_word' id='word_1_742' title='bbox 2575 4479 2662 4534; x_wconf 86' lang='lat' dir='ltr'><strong><em>ubi</em></strong></span> <span class='ocrx_word' id='word_1_743' title='bbox 2683 4480 2868 4534; x_wconf 88' lang='lat' dir='ltr'><strong><em>mulier</em></strong></span> <span class='ocrx_word' id='word_1_744' title='bbox 2893 4479 3306 4534; x_wconf 68' lang='lat' dir='ltr'><strong><em>Chananata.....</em></strong></span> <span class='ocrx_word' id='word_1_745' title='bbox 3338 4479 3618 4534; x_wconf 82' lang='lat' dir='ltr'><strong><em>Dominum</em></strong></span> <span class='ocrx_word' id='word_1_746' title='bbox 3654 4479 3836 4550; x_wconf 84' lang='lat' dir='ltr'><strong><em>depre-</em></strong></span> 
     </span>
    </p>
   </div>
   <div class='ocr_carea' id='block_1_48' title="bbox 559 4559 3833 4654">
    <p class='ocr_par' dir='ltr' id='par_1_48' title="bbox 559 4559 3833 4654">
     <span class='ocr_line' id='line_1_50' title="bbox 559 4559 3833 4654; baseline -0.004 -19"><span class='ocrx_word' id='word_1_747' title='bbox 559 4590 725 4648; x_wconf 88' lang='lat' dir='ltr'><strong><em>catur,</em></strong></span> <span class='ocrx_word' id='word_1_748' title='bbox 749 4559 863 4654; x_wconf 75' lang='lat' dir='ltr'><strong><em>quae</em></strong></span> <span class='ocrx_word' id='word_1_749' title='bbox 890 4577 1072 4634; x_wconf 88' lang='lat' dir='ltr'><strong><em>tandiu</em></strong></span> <span class='ocrx_word' id='word_1_750' title='bbox 1093 4575 1387 4650; x_wconf 89' lang='lat' dir='ltr'><strong><em>postulavit,</em></strong></span> <span class='ocrx_word' id='word_1_751' title='bbox 1415 4573 1576 4628; x_wconf 90' lang='lat' dir='ltr'><strong><em>donec</em></strong></span> <span class='ocrx_word' id='word_1_752' title='bbox 1604 4574 1860 4642; x_wconf 87' lang='lat' dir='ltr'><strong><em>acciperet</em></strong></span> <span class='ocrx_word' id='word_1_753' title='bbox 1879 4570 2016 4644; x_wconf 90' lang='lat' dir='ltr'><strong><em>quod</em></strong></span> <span class='ocrx_word' id='word_1_754' title='bbox 2053 4568 2273 4641; x_wconf 85' lang='lat' dir='ltr'><strong><em>petebat.</em></strong></span> <span class='ocrx_word' id='word_1_755' title='bbox 2305 4569 2435 4624; x_wconf 88' lang='lat' dir='ltr'><strong><em>Post</em></strong></span> <span class='ocrx_word' id='word_1_756' title='bbox 2471 4569 2581 4624; x_wconf 67' lang='lat' dir='ltr'><strong><em>hate</em></strong></span> <span class='ocrx_word' id='word_1_757' title='bbox 2617 4571 2802 4624; x_wconf 88' lang='lat' dir='ltr'><strong><em>iterum</em></strong></span> <span class='ocrx_word' id='word_1_758' title='bbox 2829 4569 3024 4623; x_wconf 84' lang='lat' dir='ltr'><strong><em>curavit</em></strong></span> <span class='ocrx_word' id='word_1_759' title='bbox 3049 4579 3246 4622; x_wconf 86' lang='lat' dir='ltr'><strong><em>mutum</em></strong></span> <span class='ocrx_word' id='word_1_760' title='bbox 3271 4577 3322 4622; x_wconf 84' lang='lat' dir='ltr'><strong><em>et</em></strong></span> <span class='ocrx_word' id='word_1_761' title='bbox 3351 4567 3580 4622; x_wconf 85' lang='lat' dir='ltr'><strong><em>surdum.</em></strong></span> <span class='ocrx_word' id='word_1_762' title='bbox 3614 4559 3758 4640; x_wconf 78' lang='lat' dir='ltr'><strong><em>Ergo</em></strong></span> <span class='ocrx_word' id='word_1_763' title='bbox 3776 4571 3833 4622; x_wconf 82' lang='lat' dir='ltr'><strong><em>in</em></strong></span> 
     </span>
    </p>
   </div>
   <div class='ocr_carea' id='block_1_49' title="bbox 561 4657 3832 4738">
    <p class='ocr_par' dir='ltr' id='par_1_49' title="bbox 561 4657 3832 4738">
     <span class='ocr_line' id='line_1_51' title="bbox 561 4657 3832 4738; baseline -0.002 -14"><span class='ocrx_word' id='word_1_764' title='bbox 561 4671 641 4725; x_wconf 87' lang='lat' dir='ltr'><strong><em>his</em></strong></span> <span class='ocrx_word' id='word_1_765' title='bbox 667 4670 844 4726; x_wconf 90' lang='lat' dir='ltr'><strong><em>diebus</em></strong></span> <span class='ocrx_word' id='word_1_766' title='bbox 863 4688 977 4725; x_wconf 91' lang='lat' dir='ltr'><strong><em>cum</em></strong></span> <span class='ocrx_word' id='word_1_767' title='bbox 999 4667 1271 4724; x_wconf 89' lang='lat' dir='ltr'><strong><em>multitudo</em></strong></span> <span class='ocrx_word' id='word_1_768' title='bbox 1287 4664 1465 4738; x_wconf 88' lang='lat' dir='ltr'><strong><em>populi</em></strong></span> <span class='ocrx_word' id='word_1_769' title='bbox 1493 4663 1857 4727; x_wconf 81' lang='lat' dir='ltr'><strong><em>concurrisset,</em></strong></span> <span class='ocrx_word' id='word_1_770' title='bbox 1892 4676 1984 4714; x_wconf 91' lang='lat' dir='ltr'><strong><em>nec</em></strong></span> <span class='ocrx_word' id='word_1_771' title='bbox 2015 4659 2262 4714; x_wconf 87' lang='lat' dir='ltr'><strong><em>haberent</em></strong></span> <span class='ocrx_word' id='word_1_772' title='bbox 2297 4659 2434 4731; x_wconf 85' lang='lat' dir='ltr'><strong><em>quod</em></strong></span> <span class='ocrx_word' id='word_1_773' title='bbox 2458 4659 2900 4720; x_wconf 66' lang='lat' dir='ltr'><strong><em>manducarent...</em></strong></span> <span class='ocrx_word' id='word_1_774' title='bbox 2929 4657 3079 4713; x_wconf 69' lang='lat' dir='ltr'><strong><em>Dixit</em></strong></span> <span class='ocrx_word' id='word_1_775' title='bbox 3103 4657 3421 4718; x_wconf 78' lang='lat' dir='ltr'><strong><em>Dominus...</em></strong></span> <span class='ocrx_word' id='word_1_776' title='bbox 3451 4657 3728 4715; x_wconf 85' lang='lat' dir='ltr'><strong><em>Dimittere</em></strong></span> <span class='ocrx_word' id='word_1_777' title='bbox 3745 4677 3832 4716; x_wconf 87' lang='lat' dir='ltr'><strong><em>eos</em></strong></span> 
     </span>
    </p>
   </div>
   <div class='ocr_carea' id='block_1_50' title="bbox 555 4747 3831 4835">
    <p class='ocr_par' dir='ltr' id='par_1_50' title="bbox 555 4747 3831 4835">
     <span class='ocr_line' id='line_1_52' title="bbox 555 4747 3831 4835; baseline -0.001 -22"><span class='ocrx_word' id='word_1_778' title='bbox 555 4761 766 4835; x_wconf 58' lang='lat' dir='ltr'><strong><em>’ejunos</em></strong></span> <span class='ocrx_word' id='word_1_779' title='bbox 787 4761 972 4815; x_wconf 89' lang='lat' dir='ltr'><strong><em>nolo...</em></strong></span> <span class='ocrx_word' id='word_1_780' title='bbox 997 4757 1202 4830; x_wconf 73' lang='lat' dir='ltr'><strong><em>[LXVIII]</em></strong></span> <span class='ocrx_word' id='word_1_781' title='bbox 1220 4757 1410 4812; x_wconf 88' lang='lat' dir='ltr'><strong><em>Dicunt</em></strong></span> <span class='ocrx_word' id='word_1_782' title='bbox 1429 4754 1666 4826; x_wconf 84' lang='lat' dir='ltr'><strong><em>discipuli</em></strong></span> <span class='ocrx_word' id='word_1_783' title='bbox 1677 4753 1788 4826; x_wconf 90' lang='lat' dir='ltr'><strong><em>ejus</em></strong></span> <span class='ocrx_word' id='word_1_784' title='bbox 1806 4769 1823 4806; x_wconf 90' lang='lat'><strong><em>:</em></strong></span> <span class='ocrx_word' id='word_1_785' title='bbox 1845 4749 1892 4807; x_wconf 80' lang='grc' dir='ltr'><em>υ</em></span> <span class='ocrx_word' id='word_1_786' title='bbox 1894 4751 1993 4806; x_wconf 90' lang='lat' dir='ltr'><strong><em>nde</em></strong></span> <span class='ocrx_word' id='word_1_787' title='bbox 2011 4753 2136 4806; x_wconf 86' lang='lat' dir='ltr'><strong><em>istos</em></strong></span> <span class='ocrx_word' id='word_1_788' title='bbox 2151 4751 2262 4824; x_wconf 81' lang='lat' dir='ltr'><strong><em>quis</em></strong></span> <span class='ocrx_word' id='word_1_789' title='bbox 2283 4751 2468 4822; x_wconf 87' lang='lat' dir='ltr'><strong><em>poterit</em></strong></span> <span class='ocrx_word' id='word_1_790' title='bbox 2481 4758 2719 4804; x_wconf 88' lang='lat' dir='ltr'><strong><em>saturare</em></strong></span> <span class='ocrx_word' id='word_1_791' title='bbox 2731 4747 2951 4822; x_wconf 82' lang='lat' dir='ltr'><strong><em>panibus</em></strong></span> <span class='ocrx_word' id='word_1_792' title='bbox 2969 4751 3026 4804; x_wconf 89' lang='lat' dir='ltr'><strong><em>in</em></strong></span> <span class='ocrx_word' id='word_1_793' title='bbox 3046 4751 3350 4806; x_wconf 78' lang='lat' dir='ltr'><strong><em>solitudine?</em></strong></span> <span class='ocrx_word' id='word_1_794' title='bbox 3361 4751 3543 4805; x_wconf 80' lang='lat' dir='ltr'><strong><em>Adhuc</em></strong></span> <span class='ocrx_word' id='word_1_795' title='bbox 3569 4753 3831 4821; x_wconf 87' lang='lat' dir='ltr'><strong><em>apostolos</em></strong></span> 
     </span>
    </p>
   </div>
   <div class='ocr_carea' id='block_1_51' title="bbox 566 4843 3830 4919">
    <p class='ocr_par' dir='ltr' id='par_1_51' title="bbox 566 4843 3830 4919">
     <span class='ocr_line' id='line_1_53' title="bbox 566 4843 3830 4919; baseline -0.002 -13"><span class='ocrx_word' id='word_1_796' title='bbox 566 4850 765 4906; x_wconf 88' lang='lat' dir='ltr'><strong><em>tenebat</em></strong></span> <span class='ocrx_word' id='word_1_797' title='bbox 791 4851 1146 4916; x_wconf 85' lang='lat' dir='ltr'><strong><em>incredulitas,</em></strong></span> <span class='ocrx_word' id='word_1_798' title='bbox 1179 4851 1338 4904; x_wconf 91' lang='lat' dir='ltr'><strong><em>donec</em></strong></span> <span class='ocrx_word' id='word_1_799' title='bbox 1367 4849 1611 4919; x_wconf 84' lang='lat' dir='ltr'><strong><em>mysteria</em></strong></span> <span class='ocrx_word' id='word_1_800' title='bbox 1634 4846 2018 4911; x_wconf 88' lang='lat' dir='ltr'><strong><em>revelarentur;</em></strong></span> <span class='ocrx_word' id='word_1_801' title='bbox 2049 4861 2139 4899; x_wconf 83' lang='lat' dir='ltr'><strong><em>nec</em></strong></span> <span class='ocrx_word' id='word_1_802' title='bbox 2159 4843 2567 4900; x_wconf 85' lang='lat' dir='ltr'><strong><em>recordabantur</em></strong></span> <span class='ocrx_word' id='word_1_803' title='bbox 2595 4843 2730 4915; x_wconf 86' lang='lat' dir='ltr'><strong><em>quod</em></strong></span> <span class='ocrx_word' id='word_1_804' title='bbox 2771 4844 2960 4914; x_wconf 86' lang='lat' dir='ltr'><strong><em>fecerat</em></strong></span> <span class='ocrx_word' id='word_1_805' title='bbox 2989 4843 3052 4898; x_wconf 90' lang='lat' dir='ltr'><strong><em>de</em></strong></span> <span class='ocrx_word' id='word_1_806' title='bbox 3077 4845 3296 4917; x_wconf 82' lang='lat' dir='ltr'><strong><em>quinque</em></strong></span> <span class='ocrx_word' id='word_1_807' title='bbox 3315 4844 3535 4916; x_wconf 84' lang='lat' dir='ltr'><strong><em>panibus</em></strong></span> <span class='ocrx_word' id='word_1_808' title='bbox 3562 4854 3611 4900; x_wconf 88' lang='lat' dir='ltr'><strong><em>et</em></strong></span> <span class='ocrx_word' id='word_1_809' title='bbox 3633 4845 3830 4903; x_wconf 85' lang='lat' dir='ltr'><strong><em>duobus</em></strong></span> 
     </span>
    </p>
   </div>
   <div class='ocr_carea' id='block_1_52' title="bbox 560 4933 3831 5014">
    <p class='ocr_par' dir='ltr' id='par_1_52' title="bbox 560 4933 3831 5014">
     <span class='ocr_line' id='line_1_54' title="bbox 560 4933 3831 5014; baseline -0.001 -18"><span class='ocrx_word' id='word_1_810' title='bbox 560 4938 803 5014; x_wconf 86' lang='lat' dir='ltr'><strong><em>piscibus.</em></strong></span> <span class='ocrx_word' id='word_1_811' title='bbox 828 4937 898 4994; x_wconf 90' lang='lat' dir='ltr'><strong><em>Et</em></strong></span> <span class='ocrx_word' id='word_1_812' title='bbox 936 4939 1269 5011; x_wconf 88' lang='lat' dir='ltr'><strong><em>interrogavit</em></strong></span> <span class='ocrx_word' id='word_1_813' title='bbox 1301 4953 1386 4992; x_wconf 89' lang='lat' dir='ltr'><strong><em>eos</em></strong></span> <span class='ocrx_word' id='word_1_814' title='bbox 1420 4945 1542 5010; x_wconf 87' lang='lat' dir='ltr'><strong><em>quot</em></strong></span> <span class='ocrx_word' id='word_1_815' title='bbox 1569 4953 1727 5008; x_wconf 86' lang='lat' dir='ltr'><strong><em>panes</em></strong></span> <span class='ocrx_word' id='word_1_816' title='bbox 1750 4938 2016 4992; x_wconf 89' lang='lat' dir='ltr'><strong><em>haberent.</em></strong></span> <span class='ocrx_word' id='word_1_817' title='bbox 2046 4935 2145 5000; x_wconf 86' lang='lat' dir='ltr'><strong><em>Qui</em></strong></span> <span class='ocrx_word' id='word_1_818' title='bbox 2167 4937 2410 4991; x_wconf 67' lang='lat' dir='ltr'><strong><em>dixerunt</em></strong></span> <span class='ocrx_word' id='word_1_819' title='bbox 2433 4943 2645 5006; x_wconf 85' lang='lat' dir='ltr'><strong><em>septem,</em></strong></span> <span class='ocrx_word' id='word_1_820' title='bbox 2671 4943 2720 4988; x_wconf 92' lang='lat' dir='ltr'><strong><em>et</em></strong></span> <span class='ocrx_word' id='word_1_821' title='bbox 2737 4935 2983 5005; x_wconf 72' lang='lat' dir='ltr'><strong><em>pracepit</em></strong></span> <span class='ocrx_word' id='word_1_822' title='bbox 3002 4933 3182 5002; x_wconf 74' lang='lat' dir='ltr'><strong><em>turba,</em></strong></span> <span class='ocrx_word' id='word_1_823' title='bbox 3205 4944 3262 4990; x_wconf 84' lang='lat' dir='ltr'><strong><em>ut</em></strong></span> <span class='ocrx_word' id='word_1_824' title='bbox 3280 4936 3659 4992; x_wconf 82' lang='lat' dir='ltr'><strong><em>discumberent</em></strong></span> <span class='ocrx_word' id='word_1_825' title='bbox 3678 4954 3831 5011; x_wconf 88' lang='lat' dir='ltr'><strong><em>super</em></strong></span> 
     </span>
    </p>
   </div>
   <div class='ocr_carea' id='block_1_53' title="bbox 569 5024 3828 5101">
    <p class='ocr_par' dir='ltr' id='par_1_53' title="bbox 569 5024 3828 5101">
     <span class='ocr_line' id='line_1_55' title="bbox 569 5024 3828 5101; baseline -0.002 -12"><span class='ocrx_word' id='word_1_826' title='bbox 569 5045 759 5089; x_wconf 90' lang='lat' dir='ltr'><strong><em>terram</em></strong></span> <span class='ocrx_word' id='word_1_827' title='bbox 786 5074 824 5088; x_wconf 94' lang='lat'><strong><em>..</em></strong></span> <span class='ocrx_word' id='word_1_828' title='bbox 843 5032 912 5088; x_wconf 88' lang='lat' dir='ltr'><strong><em>Et</em></strong></span> <span class='ocrx_word' id='word_1_829' title='bbox 940 5033 1388 5098; x_wconf 85' lang='lat' dir='ltr'><strong><em>manducaverunt,</em></strong></span> <span class='ocrx_word' id='word_1_830' title='bbox 1421 5039 1470 5086; x_wconf 89' lang='lat' dir='ltr'><strong><em>et</em></strong></span> <span class='ocrx_word' id='word_1_831' title='bbox 1497 5031 1720 5086; x_wconf 85' lang='lat' dir='ltr'><strong><em>saturati</em></strong></span> <span class='ocrx_word' id='word_1_832' title='bbox 1741 5037 1878 5096; x_wconf 90' lang='lat' dir='ltr'><strong><em>sunt,</em></strong></span> <span class='ocrx_word' id='word_1_833' title='bbox 1909 5041 1958 5082; x_wconf 86' lang='lat' dir='ltr'><strong><em>st</em></strong></span> <span class='ocrx_word' id='word_1_834' title='bbox 1978 5030 2292 5084; x_wconf 85' lang='lat' dir='ltr'><strong><em>sustulerunt</em></strong></span> <span class='ocrx_word' id='word_1_835' title='bbox 2313 5037 2506 5100; x_wconf 78' lang='lat' dir='ltr'><strong><em>septem</em></strong></span> <span class='ocrx_word' id='word_1_836' title='bbox 2531 5036 2732 5100; x_wconf 78' lang='lat' dir='ltr'><strong><em>spartae</em></strong></span> <span class='ocrx_word' id='word_1_837' title='bbox 2763 5026 2962 5096; x_wconf 81' lang='lat' dir='ltr'><strong><em>plenas.</em></strong></span> <span class='ocrx_word' id='word_1_838' title='bbox 2981 5024 3151 5083; x_wconf 81' lang='lat' dir='ltr'><strong><em>Erant</em></strong></span> <span class='ocrx_word' id='word_1_839' title='bbox 3173 5037 3344 5084; x_wconf 85' lang='lat' dir='ltr'><strong><em>autem</em></strong></span> <span class='ocrx_word' id='word_1_840' title='bbox 3367 5030 3456 5101; x_wconf 82' lang='lat' dir='ltr'><strong><em>qui</em></strong></span> <span class='ocrx_word' id='word_1_841' title='bbox 3481 5030 3828 5085; x_wconf 74' lang='lat' dir='ltr'><strong><em>manducaue-</em></strong></span> 
     </span>
    </p>
   </div>
   <div class='ocr_carea' id='block_1_54' title="bbox 559 5116 3825 5200">
    <p class='ocr_par' dir='ltr' id='par_1_54' title="bbox 559 5116 3825 5200">
     <span class='ocr_line' id='line_1_56' title="bbox 559 5116 3825 5200; baseline -0.002 -18"><span class='ocrx_word' id='word_1_842' title='bbox 559 5135 698 5194; x_wconf 88' lang='lat' dir='ltr'><strong><em>runt,</em></strong></span> <span class='ocrx_word' id='word_1_843' title='bbox 719 5129 868 5199; x_wconf 90' lang='lat' dir='ltr'><strong><em>quasi</em></strong></span> <span class='ocrx_word' id='word_1_844' title='bbox 893 5135 1110 5200; x_wconf 88' lang='lat' dir='ltr'><strong><em>quatuor</em></strong></span> <span class='ocrx_word' id='word_1_845' title='bbox 1135 5123 1299 5180; x_wconf 89' lang='lat' dir='ltr'><strong><em>millia</em></strong></span> <span class='ocrx_word' id='word_1_846' title='bbox 1325 5134 1474 5178; x_wconf 81' lang='lat' dir='ltr'><strong><em>extra</em></strong></span> <span class='ocrx_word' id='word_1_847' title='bbox 1495 5121 1730 5177; x_wconf 87' lang='lat' dir='ltr'><strong><em>mulieres</em></strong></span> <span class='ocrx_word' id='word_1_848' title='bbox 1752 5131 1801 5174; x_wconf 90' lang='lat' dir='ltr'><strong><em>et</em></strong></span> <span class='ocrx_word' id='word_1_849' title='bbox 1829 5121 2118 5191; x_wconf 88' lang='lat' dir='ltr'><strong><em>infantes...</em></strong></span> <span class='ocrx_word' id='word_1_850' title='bbox 2147 5118 2214 5175; x_wconf 84' lang='lat' dir='ltr'><strong><em>In</em></strong></span> <span class='ocrx_word' id='word_1_851' title='bbox 2245 5121 2499 5191; x_wconf 86' lang='lat' dir='ltr'><strong><em>superiori</em></strong></span> <span class='ocrx_word' id='word_1_852' title='bbox 2528 5120 2746 5174; x_wconf 85' lang='lat' dir='ltr'><strong><em>lectione</em></strong></span> <span class='ocrx_word' id='word_1_853' title='bbox 2786 5116 2850 5172; x_wconf 91' lang='lat' dir='ltr'><strong><em>de</em></strong></span> <span class='ocrx_word' id='word_1_854' title='bbox 2875 5118 3096 5190; x_wconf 78' lang='lat' dir='ltr'><strong><em>quinque</em></strong></span> <span class='ocrx_word' id='word_1_855' title='bbox 3121 5116 3340 5188; x_wconf 87' lang='lat' dir='ltr'><strong><em>panibus</em></strong></span> <span class='ocrx_word' id='word_1_856' title='bbox 3366 5128 3416 5174; x_wconf 89' lang='lat' dir='ltr'><strong><em>et</em></strong></span> <span class='ocrx_word' id='word_1_857' title='bbox 3440 5119 3639 5177; x_wconf 85' lang='lat' dir='ltr'><strong><em>duobus</em></strong></span> <span class='ocrx_word' id='word_1_858' title='bbox 3669 5122 3825 5192; x_wconf 88' lang='lat' dir='ltr'><strong><em>pisci-</em></strong></span> 
     </span>
    </p>
   </div>
   <div class='ocr_carea' id='block_1_55' title="bbox 559 5207 3819 5294">
    <p class='ocr_par' dir='ltr' id='par_1_55' title="bbox 559 5207 3819 5294">
     <span class='ocr_line' id='line_1_57' title="bbox 559 5207 3819 5294; baseline -0.002 -21"><span class='ocrx_word' id='word_1_859' title='bbox 559 5215 650 5275; x_wconf 88' lang='lat' dir='ltr'><strong><em>bus</em></strong></span> <span class='ocrx_word' id='word_1_860' title='bbox 669 5223 887 5294; x_wconf 85' lang='lat' dir='ltr'><strong><em>quinque</em></strong></span> <span class='ocrx_word' id='word_1_861' title='bbox 911 5217 1077 5275; x_wconf 90' lang='lat' dir='ltr'><strong><em>millia</em></strong></span> <span class='ocrx_word' id='word_1_862' title='bbox 1103 5215 1366 5272; x_wconf 88' lang='lat' dir='ltr'><strong><em>hominum</em></strong></span> <span class='ocrx_word' id='word_1_863' title='bbox 1385 5215 1626 5280; x_wconf 84' lang='lat' dir='ltr'><strong><em>satiavit;</em></strong></span> <span class='ocrx_word' id='word_1_864' title='bbox 1657 5213 1740 5266; x_wconf 86' lang='lat' dir='ltr'><strong><em>hic</em></strong></span> <span class='ocrx_word' id='word_1_865' title='bbox 1758 5219 1950 5283; x_wconf 87' lang='lat' dir='ltr'><strong><em>septem</em></strong></span> <span class='ocrx_word' id='word_1_866' title='bbox 1969 5210 2187 5281; x_wconf 88' lang='lat' dir='ltr'><strong><em>panibus</em></strong></span> <span class='ocrx_word' id='word_1_867' title='bbox 2209 5209 2459 5266; x_wconf 84' lang='lat' dir='ltr'><strong><em>saturavit</em></strong></span> <span class='ocrx_word' id='word_1_868' title='bbox 2489 5211 2711 5282; x_wconf 77' lang='lat' dir='ltr'><strong><em>quatuor</em></strong></span> <span class='ocrx_word' id='word_1_869' title='bbox 2736 5207 2904 5264; x_wconf 84' lang='lat' dir='ltr'><strong><em>millia</em></strong></span> <span class='ocrx_word' id='word_1_870' title='bbox 2935 5208 3217 5274; x_wconf 85' lang='lat' dir='ltr'><strong><em>hominum,</em></strong></span> <span class='ocrx_word' id='word_1_871' title='bbox 3241 5218 3346 5266; x_wconf 85' lang='lat' dir='ltr'><strong><em>etc.</em></strong></span> <span class='ocrx_word' id='word_1_872' title='bbox 3372 5208 3440 5264; x_wconf 88' lang='lat' dir='ltr'><strong><em>Et</em></strong></span> <span class='ocrx_word' id='word_1_873' title='bbox 3461 5226 3712 5268; x_wconf 86' lang='lat' dir='ltr'><strong><em>sermone</em></strong></span> <span class='ocrx_word' id='word_1_874' title='bbox 3733 5209 3819 5275; x_wconf 71' lang='grc'><strong><em>45,</em></strong></span> 
     </span>
    </p>
   </div>
   <div class='ocr_carea' id='block_1_56' title="bbox 513 5266 3820 5386">
    <p class='ocr_par' dir='ltr' id='par_1_56' title="bbox 513 5266 3820 5386">
     <span class='ocr_line' id='line_1_58' title="bbox 513 5266 3820 5386; baseline -0.004 -17"><span class='ocrx_word' id='word_1_875' title='bbox 513 5266 538 5386; x_wconf 58' lang='grc' dir='ltr'>ξ</span> <span class='ocrx_word' id='word_1_876' title='bbox 1103 5266 1677 5380; x_wconf 30' lang='grc' dir='ltr'><strong><em>⁷λέεντέατξῷι-αηὶὶε</em></strong></span> <span class='ocrx_word' id='word_1_877' title='bbox 1706 5266 2013 5367; x_wconf 61' lang='lat' dir='ltr'><strong><em>dominatio,</em></strong></span> <span class='ocrx_word' id='word_1_878' title='bbox 2043 5309 2094 5356; x_wconf 90' lang='lat' dir='ltr'><strong><em>et</em></strong></span> <span class='ocrx_word' id='word_1_879' title='bbox 2121 5303 2460 5357; x_wconf 82' lang='lat' dir='ltr'><strong><em>ministerium</em></strong></span> <span class='ocrx_word' id='word_1_880' title='bbox 2486 5266 2866 5358; x_wconf 55' lang='lat' dir='ltr'><strong><em>servientis...&quot;</em></strong></span> <span class='ocrx_word' id='word_1_881' title='bbox 2895 5299 3029 5356; x_wconf 84' lang='lat' dir='ltr'><strong><em>Erat</em></strong></span> <span class='ocrx_word' id='word_1_882' title='bbox 3050 5301 3105 5354; x_wconf 88' lang='lat' dir='ltr'><strong><em>in</em></strong></span> <span class='ocrx_word' id='word_1_883' title='bbox 3146 5266 3317 5372; x_wconf 81' lang='lat' dir='ltr'><strong><em>forma</em></strong></span> <span class='ocrx_word' id='word_1_884' title='bbox 3350 5299 3444 5357; x_wconf 90' lang='lat' dir='ltr'><strong><em>Dei</em></strong></span> <span class='ocrx_word' id='word_1_885' title='bbox 3470 5266 3820 5358; x_wconf 33' lang='lat' dir='ltr'><strong><em>Christum“;</em></strong></span> 
     </span>
    </p>
   </div>
   <div class='ocr_carea' id='block_1_57' title="bbox 516 5387 3890 5482">
    <p class='ocr_par' dir='ltr' id='par_1_57' title="bbox 516 5387 3890 5482">
     <span class='ocr_line' id='line_1_59' title="bbox 516 5387 3890 5482; baseline -0.005 -18"><span class='ocrx_word' id='word_1_886' title='bbox 516 5387 535 5454; x_wconf 53' lang='grc' dir='ltr'><em>δ</em></span> <span class='ocrx_word' id='word_1_887' title='bbox 557 5421 672 5464; x_wconf 83' lang='lat' dir='ltr'><strong><em>cum</em></strong></span> <span class='ocrx_word' id='word_1_888' title='bbox 697 5413 955 5478; x_wconf 69' lang='lat' dir='ltr'><strong><em>praecepto</em></strong></span> <span class='ocrx_word' id='word_1_889' title='bbox 982 5404 1144 5470; x_wconf 86' lang='lat' dir='ltr'><strong><em>ipsius</em></strong></span> <span class='ocrx_word' id='word_1_890' title='bbox 1171 5401 1237 5454; x_wconf 90' lang='lat' dir='ltr'><strong><em>de</em></strong></span> <span class='ocrx_word' id='word_1_891' title='bbox 1257 5399 1478 5454; x_wconf 86' lang='lat' dir='ltr'><strong><em>obsessis</em></strong></span> <span class='ocrx_word' id='word_1_892' title='bbox 1519 5393 1819 5464; x_wconf 79' lang='lat' dir='ltr'><strong><em>corporibus</em></strong></span> <span class='ocrx_word' id='word_1_893' title='bbox 1847 5408 1910 5447; x_wconf 89' lang='lat' dir='ltr'><strong><em>ac</em></strong></span> <span class='ocrx_word' id='word_1_894' title='bbox 1936 5393 2144 5447; x_wconf 84' lang='lat' dir='ltr'><strong><em>vetustis</em></strong></span> <span class='ocrx_word' id='word_1_895' title='bbox 2168 5407 2198 5446; x_wconf 92' lang='lat' dir='ltr'><strong><em>e</em></strong></span> <span class='ocrx_word' id='word_1_896' title='bbox 2233 5391 2437 5446; x_wconf 87' lang='lat' dir='ltr'><strong><em>sedibus</em></strong></span> <span class='ocrx_word' id='word_1_897' title='bbox 2464 5392 2804 5482; x_wconf 83' lang='lat' dir='ltr'><strong><em>reclamantes</em></strong></span> <span class='ocrx_word' id='word_1_898' title='bbox 2842 5390 3099 5482; x_wconf 51' lang='lat' dir='ltr'><strong><em>damones</em></strong></span> <span class='ocrx_word' id='word_1_899' title='bbox 3126 5389 3466 5482; x_wconf 78' lang='lat' dir='ltr'><strong><em>pellebantur.</em></strong></span> <span class='ocrx_word' id='word_1_900' title='bbox 3489 5390 3623 5446; x_wconf 81' lang='lat' dir='ltr'><strong><em>Erat</em></strong></span> <span class='ocrx_word' id='word_1_901' title='bbox 3643 5395 3697 5447; x_wconf 91' lang='lat' dir='ltr'><strong><em>in</em></strong></span> <span class='ocrx_word' id='word_1_902' title='bbox 3725 5392 3822 5448; x_wconf 88' lang='lat' dir='ltr'><strong><em>Dei</em></strong></span> <span class='ocrx_word' id='word_1_903' title='bbox 3881 5441 3890 5482; x_wconf 51' lang='grc' dir='ltr'><em>ι</em></span> 
     </span>
    </p>
   </div>
   <div class='ocr_carea' id='block_1_58' title="bbox 557 5479 3891 5586">
    <p class='ocr_par' dir='ltr' id='par_1_58' title="bbox 557 5479 3891 5586">
     <span class='ocr_line' id='line_1_60' title="bbox 557 5479 3891 5586; baseline -0.006 -31"><span class='ocrx_word' id='word_1_904' title='bbox 557 5486 756 5576; x_wconf 58' lang='lat' dir='ltr'><strong><em>forma,’</em></strong></span> <span class='ocrx_word' id='word_1_905' title='bbox 769 5514 884 5552; x_wconf 88' lang='lat' dir='ltr'><strong><em>cum</em></strong></span> <span class='ocrx_word' id='word_1_906' title='bbox 903 5495 1088 5550; x_wconf 91' lang='lat' dir='ltr'><strong><em>mediis</em></strong></span> <span class='ocrx_word' id='word_1_907' title='bbox 1115 5495 1168 5548; x_wconf 90' lang='lat' dir='ltr'><strong><em>in</em></strong></span> <span class='ocrx_word' id='word_1_908' title='bbox 1187 5491 1426 5562; x_wconf 80' lang='lat' dir='ltr'><strong><em>ﬂuctibus</em></strong></span> <span class='ocrx_word' id='word_1_909' title='bbox 1450 5489 1594 5545; x_wconf 88' lang='lat' dir='ltr'><strong><em>unda</em></strong></span> <span class='ocrx_word' id='word_1_910' title='bbox 1618 5485 1844 5586; x_wconf 73' lang='lat' dir='ltr'><strong><em>solidata</em></strong></span> <span class='ocrx_word' id='word_1_911' title='bbox 1862 5483 2168 5586; x_wconf 68' lang='lat' dir='ltr'><strong><em>venerandis</em></strong></span> <span class='ocrx_word' id='word_1_912' title='bbox 2184 5482 2295 5553; x_wconf 76' lang='lat' dir='ltr'><strong><em>ejus</em></strong></span> <span class='ocrx_word' id='word_1_913' title='bbox 2315 5481 2834 5586; x_wconf 38' lang='lat' dir='ltr'><strong><em>.vestigiisserviebnat.</em></strong></span> <span class='ocrx_word' id='word_1_914' title='bbox 2869 5479 3051 5586; x_wconf 43' lang='lat' dir='ltr'><strong><em>Tot-um</em></strong></span> <span class='ocrx_word' id='word_1_915' title='bbox 3078 5482 3216 5535; x_wconf 86' lang='lat' dir='ltr'><strong><em>enim</em></strong></span> <span class='ocrx_word' id='word_1_916' title='bbox 3240 5490 3297 5586; x_wconf 75' lang='lat' dir='ltr'><strong><em>ut</em></strong></span> <span class='ocrx_word' id='word_1_917' title='bbox 3317 5480 3571 5586; x_wconf 73' lang='lat' dir='ltr'><strong><em>Dominus</em></strong></span> <span class='ocrx_word' id='word_1_918' title='bbox 3598 5492 3818 5555; x_wconf 87' lang='lat' dir='ltr'><strong><em>poterat,</em></strong></span> 
     </span>
    </p>
   </div>
   <div class='ocr_carea' id='block_1_59' title="bbox 558 5569 3822 5662">
    <p class='ocr_par' dir='ltr' id='par_1_59' title="bbox 558 5569 3822 5662">
     <span class='ocr_line' id='line_1_61' title="bbox 558 5569 3822 5662; baseline -0.007 -14"><span class='ocrx_word' id='word_1_919' title='bbox 558 5569 606 5648; x_wconf 78' lang='lat' dir='ltr'><strong><em>et</em></strong></span> <span class='ocrx_word' id='word_1_920' title='bbox 626 5601 785 5648; x_wconf 88' lang='lat' dir='ltr'><strong><em>totum</em></strong></span> <span class='ocrx_word' id='word_1_921' title='bbox 812 5584 1106 5662; x_wconf 88' lang='lat' dir='ltr'><strong><em>patiebatur</em></strong></span> <span class='ocrx_word' id='word_1_922' title='bbox 1124 5593 1181 5638; x_wconf 89' lang='lat' dir='ltr'><strong><em>ut</em></strong></span> <span class='ocrx_word' id='word_1_923' title='bbox 1199 5596 1392 5637; x_wconf 82' lang='lat' dir='ltr'><strong><em>servus.</em></strong></span> <span class='ocrx_word' id='word_1_924' title='bbox 1428 5579 1533 5636; x_wconf 88' lang='lat' dir='ltr'><strong><em>Sed</em></strong></span> <span class='ocrx_word' id='word_1_925' title='bbox 1566 5581 1680 5651; x_wconf 87' lang='lat' dir='ltr'><strong><em>jam</em></strong></span> <span class='ocrx_word' id='word_1_926' title='bbox 1709 5575 1972 5631; x_wconf 78' lang='lat' dir='ltr'><strong><em>videamus</em></strong></span> <span class='ocrx_word' id='word_1_927' title='bbox 2007 5573 2192 5646; x_wconf 78' lang='lat' dir='ltr'><strong><em>quibus</em></strong></span> <span class='ocrx_word' id='word_1_928' title='bbox 2219 5573 2542 5646; x_wconf 84' lang='lat' dir='ltr'><strong><em>potissimum</em></strong></span> <span class='ocrx_word' id='word_1_929' title='bbox 2579 5573 2843 5628; x_wconf 85' lang='lat' dir='ltr'><strong><em>virtutibus</em></strong></span> <span class='ocrx_word' id='word_1_930' title='bbox 2867 5573 3144 5644; x_wconf 81' lang='lat' dir='ltr'><strong><em>quibusque</em></strong></span> <span class='ocrx_word' id='word_1_931' title='bbox 3165 5569 3409 5646; x_wconf 86' lang='lat' dir='ltr'><strong><em>gradibus</em></strong></span> <span class='ocrx_word' id='word_1_932' title='bbox 3429 5574 3516 5628; x_wconf 84' lang='lat' dir='ltr'><strong><em>ille</em></strong></span> <span class='ocrx_word' id='word_1_933' title='bbox 3541 5576 3629 5644; x_wconf 86' lang='lat' dir='ltr'><strong><em>qui</em></strong></span> <span class='ocrx_word' id='word_1_934' title='bbox 3649 5593 3822 5631; x_wconf 68' lang='lat' dir='ltr'><strong><em>sei-ws</em></strong></span> 
     </span>
    </p>
   </div>
   <div class='ocr_carea' id='block_1_60' title="bbox 557 5665 3820 5746">
    <p class='ocr_par' dir='ltr' id='par_1_60' title="bbox 557 5665 3820 5746">
     <span class='ocr_line' id='line_1_62' title="bbox 557 5665 3820 5746; baseline -0.004 -8"><span class='ocrx_word' id='word_1_935' title='bbox 557 5691 666 5738; x_wconf 90' lang='lat' dir='ltr'><strong><em>erat</em></strong></span> <span class='ocrx_word' id='word_1_936' title='bbox 686 5677 852 5738; x_wconf 88' lang='lat' dir='ltr'><strong><em>Deum</em></strong></span> <span class='ocrx_word' id='word_1_937' title='bbox 875 5699 931 5737; x_wconf 90' lang='lat' dir='ltr'><strong><em>se</em></strong></span> <span class='ocrx_word' id='word_1_938' title='bbox 948 5695 1061 5736; x_wconf 88' lang='lat' dir='ltr'><strong><em>esse</em></strong></span> <span class='ocrx_word' id='word_1_939' title='bbox 1087 5678 1194 5732; x_wconf 86' lang='lat' dir='ltr'><strong><em>suis</em></strong></span> <span class='ocrx_word' id='word_1_940' title='bbox 1222 5671 1486 5746; x_wconf 86' lang='lat' dir='ltr'><strong><em>discipulis</em></strong></span> <span class='ocrx_word' id='word_1_941' title='bbox 1507 5670 1850 5744; x_wconf 85' lang='lat' dir='ltr'><strong><em>confirmavit.</em></strong></span> <span class='ocrx_word' id='word_1_942' title='bbox 1877 5667 2058 5723; x_wconf 85' lang='lat' dir='ltr'><strong><em>Primo</em></strong></span> <span class='ocrx_word' id='word_1_943' title='bbox 2094 5667 2323 5724; x_wconf 79' lang='lat' dir='ltr'><strong><em>omnium</em></strong></span> <span class='ocrx_word' id='word_1_944' title='bbox 2345 5666 2635 5738; x_wconf 73' lang='lat' dir='ltr'><strong><em>ﬁdelissimi</em></strong></span> <span class='ocrx_word' id='word_1_945' title='bbox 2661 5667 2977 5722; x_wconf 83' lang='lat' dir='ltr'><strong><em>centurionis</em></strong></span> <span class='ocrx_word' id='word_1_946' title='bbox 3018 5665 3362 5722; x_wconf 86' lang='lat' dir='ltr'><strong><em>necessarium</em></strong></span> <span class='ocrx_word' id='word_1_947' title='bbox 3386 5668 3656 5738; x_wconf 87' lang='lat' dir='ltr'><strong><em>famulum,</em></strong></span> <span class='ocrx_word' id='word_1_948' title='bbox 3706 5687 3820 5726; x_wconf 87' lang='lat' dir='ltr'><strong><em>cum</em></strong></span> 
     </span>
    </p>
   </div>
   <div class='ocr_carea' id='block_1_61' title="bbox 551 5759 3821 5843">
    <p class='ocr_par' dir='ltr' id='par_1_61' title="bbox 551 5759 3821 5843">
     <span class='ocr_line' id='line_1_63' title="bbox 551 5759 3821 5843; baseline -0.003 -14"><span class='ocrx_word' id='word_1_949' title='bbox 551 5759 737 5834; x_wconf 44' lang='lat' dir='ltr'><strong><em>&#39;lethali</em></strong></span> <span class='ocrx_word' id='word_1_950' title='bbox 755 5783 1020 5843; x_wconf 69' lang='lat' dir='ltr'><strong><em>urgeretur</em></strong></span> <span class='ocrx_word' id='word_1_951' title='bbox 1046 5767 1390 5836; x_wconf 84' lang='lat' dir='ltr'><strong><em>incommodo,</em></strong></span> <span class='ocrx_word' id='word_1_952' title='bbox 1417 5775 1625 5838; x_wconf 80' lang='lat' dir='ltr'><strong><em>rogatus</em></strong></span> <span class='ocrx_word' id='word_1_953' title='bbox 1655 5764 1720 5822; x_wconf 72' lang='lat' dir='ltr'><strong><em>ab</em></strong></span> <span class='ocrx_word' id='word_1_954' title='bbox 1746 5765 1858 5836; x_wconf 70' lang='lat' dir='ltr'><strong><em>ejus</em></strong></span> <span class='ocrx_word' id='word_1_955' title='bbox 1890 5762 2098 5821; x_wconf 66' lang='lat' dir='ltr'><strong><em>domino</em></strong></span> <span class='ocrx_word' id='word_1_956' title='bbox 2122 5799 2138 5832; x_wconf 85' lang='lat'><strong><em>,</em></strong></span> <span class='ocrx_word' id='word_1_957' title='bbox 2165 5761 2352 5821; x_wconf 71' lang='lat' dir='ltr'><strong><em>absens</em></strong></span> <span class='ocrx_word' id='word_1_958' title='bbox 2375 5760 2654 5831; x_wconf 63' lang='lat' dir='ltr'><strong><em>sbventa»,</em></strong></span> <span class='ocrx_word' id='word_1_959' title='bbox 2684 5767 2741 5816; x_wconf 83' lang='lat' dir='ltr'><strong><em>ut</em></strong></span> <span class='ocrx_word' id='word_1_960' title='bbox 2767 5775 2882 5820; x_wconf 85' lang='lat' dir='ltr'><strong><em>vere</em></strong></span> <span class='ocrx_word' id='word_1_961' title='bbox 2900 5759 3069 5830; x_wconf 88' lang='lat' dir='ltr'><strong><em>Deus,</em></strong></span> <span class='ocrx_word' id='word_1_962' title='bbox 3092 5761 3251 5816; x_wconf 81' lang='lat' dir='ltr'><strong><em>missa</em></strong></span> <span class='ocrx_word' id='word_1_963' title='bbox 3278 5759 3499 5814; x_wconf 88' lang='lat' dir='ltr'><strong><em>sanitate</em></strong></span> <span class='ocrx_word' id='word_1_964' title='bbox 3529 5763 3748 5831; x_wconf 87' lang='lat' dir='ltr'><strong><em>curavit,</em></strong></span> <span class='ocrx_word' id='word_1_965' title='bbox 3773 5775 3821 5821; x_wconf 88' lang='lat' dir='ltr'><strong><em>et</em></strong></span> 
     </span>
    </p>
   </div>
   <div class='ocr_carea' id='block_1_62' title="bbox 2021 5920 2102 5936">
    <p class='ocr_par' dir='ltr' id='par_1_62' title="bbox 2021 5920 2102 5936">
     <span class='ocr_line' id='line_1_64' title="bbox 2021 5920 2102 5936; baseline 0 -5"><span class='ocrx_word' id='word_1_966' title='bbox 2021 5920 2102 5936; x_wconf 56' lang='grc' dir='ltr'><strong><em>θ’,</em></strong></span> 
     </span>
    </p>
   </div>
  </div>
