  <div class='ocr_page' id='page_1' title='image "/cluster/home/n/w/nwhite01/storage/ocr_20150623/57/hvd.32044015471618/040.png"; bbox 0 0 4050 6356; ppageno 0'>
   <div class='ocr_carea' id='block_1_1' title="bbox 156 316 1755 392">
    <p class='ocr_par' dir='ltr' id='par_1_1' title="bbox 156 316 1755 392">
     <span class='ocr_line' id='line_1_1' title="bbox 156 316 1755 392; baseline -0.004 -4"><span class='ocrx_word' id='word_1_1' title='bbox 156 321 233 392; x_wconf 66' lang='lat' dir='ltr'><strong><em>se</em></strong></span> <span class='ocrx_word' id='word_1_2' title='bbox 1587 316 1755 382; x_wconf 69' lang='lat' dir='ltr'><strong><em>tum</em></strong></span> 
     </span>
    </p>
   </div>
   <div class='ocr_carea' id='block_1_2' title="bbox 1840 316 3439 392">
    <p class='ocr_par' dir='ltr' id='par_1_2' title="bbox 1840 317 3439 382">
     <span class='ocr_line' id='line_1_2' title="bbox 1840 317 3439 382; baseline -0.005 0"><span class='ocrx_word' id='word_1_3' title='bbox 1840 322 1973 382; x_wconf 69' lang='grc' dir='ltr'><strong><em>πο.</em></strong></span> <span class='ocrx_word' id='word_1_4' title='bbox 3371 317 3439 374; x_wconf 78' lang='lat' dir='ltr'><strong><em>7U</em></strong></span> 
     </span>
    </p>
   </div>
   <div class='ocr_carea' id='block_1_3' title="bbox 159 433 3440 520">
    <p class='ocr_par' dir='ltr' id='par_1_3' title="bbox 159 433 3440 520">
     <span class='ocr_line' id='line_1_3' title="bbox 159 433 3440 520; baseline -0.005 -17"><span class='ocrx_word' id='word_1_5' title='bbox 159 444 602 519; x_wconf 67' lang='lat' dir='ltr'><strong><em>agrotumillum,</em></strong></span> <span class='ocrx_word' id='word_1_6' title='bbox 628 443 948 520; x_wconf 75' lang='lat' dir='ltr'><strong><em>quempaulo</em></strong></span> <span class='ocrx_word' id='word_1_7' title='bbox 966 440 1172 516; x_wconf 57' lang='lat' dir='ltr'><strong><em>longi“</em></strong></span> <span class='ocrx_word' id='word_1_8' title='bbox 1209 439 1588 498; x_wconf 73' lang='lat' dir='ltr'><strong><em>decumbentcm</em></strong></span> <span class='ocrx_word' id='word_1_9' title='bbox 1627 442 1970 513; x_wconf 69' lang='lat' dir='ltr'><strong><em>corporaliter</em></strong></span> <span class='ocrx_word' id='word_1_10' title='bbox 1989 455 2094 496; x_wconf 84' lang='lat' dir='ltr'><strong><em>non</em></strong></span> <span class='ocrx_word' id='word_1_11' title='bbox 2125 436 2346 505; x_wconf 75' lang='lat' dir='ltr'><strong><em>ridebat,</em></strong></span> <span class='ocrx_word' id='word_1_12' title='bbox 2375 437 2583 494; x_wconf 83' lang='lat' dir='ltr'><strong><em>deitatis</em></strong></span> <span class='ocrx_word' id='word_1_13' title='bbox 2620 452 2729 492; x_wconf 69' lang='lat' dir='ltr'><strong><em>sua:</em></strong></span> <span class='ocrx_word' id='word_1_14' title='bbox 2749 439 2912 492; x_wconf 80' lang='lat' dir='ltr'><strong><em>oculis</em></strong></span> <span class='ocrx_word' id='word_1_15' title='bbox 2937 435 3180 492; x_wconf 68' lang='lat' dir='ltr'><strong><em>uisitauit.</em></strong></span> <span class='ocrx_word' id='word_1_16' title='bbox 3205 433 3440 507; x_wconf 75' lang='lat' dir='ltr'><strong><em>Denique</em></strong></span> 
     </span>
    </p>
   </div>
   <div class='ocr_carea' id='block_1_4' title="bbox 157 526 3438 607">
    <p class='ocr_par' dir='ltr' id='par_1_4' title="bbox 157 526 3438 607">
     <span class='ocr_line' id='line_1_4' title="bbox 157 526 3438 607; baseline -0.004 -15"><span class='ocrx_word' id='word_1_17' title='bbox 157 536 480 594; x_wconf 65' lang='lat' dir='ltr'><strong><em>miseranda</em></strong></span> <span class='ocrx_word' id='word_1_18' title='bbox 496 537 664 593; x_wconf 67' lang='lat' dir='ltr'><strong><em>uidua</em></strong></span> <span class='ocrx_word' id='word_1_19' title='bbox 679 537 889 592; x_wconf 74' lang='lat' dir='ltr'><strong><em>unicum</em></strong></span> <span class='ocrx_word' id='word_1_20' title='bbox 928 535 1116 607; x_wconf 70' lang='lat' dir='ltr'><strong><em>ﬁlium,</em></strong></span> <span class='ocrx_word' id='word_1_21' title='bbox 1143 549 1260 590; x_wconf 83' lang='lat' dir='ltr'><strong><em>cum</em></strong></span> <span class='ocrx_word' id='word_1_22' title='bbox 1273 535 1388 606; x_wconf 78' lang='lat' dir='ltr'><strong><em>jam</em></strong></span> <span class='ocrx_word' id='word_1_23' title='bbox 1412 533 1738 604; x_wconf 66' lang='lat' dir='ltr'><strong><em>sqrelieudus</em></strong></span> <span class='ocrx_word' id='word_1_24' title='bbox 1756 531 1886 589; x_wconf 84' lang='lat' dir='ltr'><strong><em>lecto</em></strong></span> <span class='ocrx_word' id='word_1_25' title='bbox 1907 539 2202 605; x_wconf 75' lang='lat' dir='ltr'><strong><em>portaretur</em></strong></span> <span class='ocrx_word' id='word_1_26' title='bbox 2225 530 2296 587; x_wconf 88' lang='lat' dir='ltr'><strong><em>ad</em></strong></span> <span class='ocrx_word' id='word_1_27' title='bbox 2315 530 2586 598; x_wconf 79' lang='lat' dir='ltr'><strong><em>tuntulum,</em></strong></span> <span class='ocrx_word' id='word_1_28' title='bbox 2617 531 2855 604; x_wconf 82' lang='lat' dir='ltr'><strong><em>jussions</em></strong></span> <span class='ocrx_word' id='word_1_29' title='bbox 2887 529 3192 602; x_wconf 78' lang='lat' dir='ltr'><strong><em>civificantis</em></strong></span> <span class='ocrx_word' id='word_1_30' title='bbox 3234 526 3438 600; x_wconf 88' lang='lat' dir='ltr'><strong><em>imperii</em></strong></span> 
     </span>
    </p>
   </div>
   <div class='ocr_carea' id='block_1_5' title="bbox 157 619 3438 697">
    <p class='ocr_par' dir='ltr' id='par_1_5' title="bbox 157 619 3438 697">
     <span class='ocr_line' id='line_1_5' title="bbox 157 619 3438 697; baseline -0.003 -13"><span class='ocrx_word' id='word_1_31' title='bbox 157 623 494 697; x_wconf 62' lang='lat' dir='ltr'><strong><em>sanitatum,</em></strong></span> <span class='ocrx_word' id='word_1_32' title='bbox 520 632 638 686; x_wconf 70' lang='lat' dir='ltr'><strong><em>vita</em></strong></span> <span class='ocrx_word' id='word_1_33' title='bbox 656 629 808 685; x_wconf 75' lang='lat' dir='ltr'><strong><em>simul</em></strong></span> <span class='ocrx_word' id='word_1_34' title='bbox 832 644 895 682; x_wconf 89' lang='lat' dir='ltr'><strong><em>ac</em></strong></span> <span class='ocrx_word' id='word_1_35' title='bbox 929 627 1088 685; x_wconf 76' lang='lat' dir='ltr'><strong><em>matri</em></strong></span> <span class='ocrx_word' id='word_1_36' title='bbox 1115 625 1312 682; x_wconf 83' lang='lat' dir='ltr'><strong><em>medias</em></strong></span> <span class='ocrx_word' id='word_1_37' title='bbox 1334 626 1474 681; x_wconf 82' lang='lat' dir='ltr'><strong><em>inter</em></strong></span> <span class='ocrx_word' id='word_1_38' title='bbox 1493 624 1690 690; x_wconf 83' lang='lat' dir='ltr'><strong><em>turbas,</em></strong></span> <span class='ocrx_word' id='word_1_39' title='bbox 1717 633 1766 678; x_wconf 87' lang='lat' dir='ltr'><strong><em>et</em></strong></span> <span class='ocrx_word' id='word_1_40' title='bbox 1785 633 1946 680; x_wconf 85' lang='lat' dir='ltr'><strong><em>morte</em></strong></span> <span class='ocrx_word' id='word_1_41' title='bbox 1972 625 2086 695; x_wconf 90' lang='lat' dir='ltr'><strong><em>ipsa</em></strong></span> <span class='ocrx_word' id='word_1_42' title='bbox 2115 631 2260 690; x_wconf 82' lang='lat' dir='ltr'><strong><em>tests,</em></strong></span> <span class='ocrx_word' id='word_1_43' title='bbox 2287 622 2530 686; x_wconf 83' lang='lat' dir='ltr'><strong><em>restituit.</em></strong></span> <span class='ocrx_word' id='word_1_44' title='bbox 2553 619 2684 676; x_wconf 90' lang='lat' dir='ltr'><strong><em>Post</em></strong></span> <span class='ocrx_word' id='word_1_45' title='bbox 2716 620 2826 678; x_wconf 71' lang='lat' dir='ltr'><strong><em>hac</em></strong></span> <span class='ocrx_word' id='word_1_46' title='bbox 2851 619 3176 676; x_wconf 69' lang='lat' dir='ltr'><strong><em>sacerdotum</em></strong></span> <span class='ocrx_word' id='word_1_47' title='bbox 3205 619 3438 692; x_wconf 82' lang='lat' dir='ltr'><strong><em>principe</em></strong></span> 
     </span>
    </p>
   </div>
   <div class='ocr_carea' id='block_1_6' title="bbox 157 707 3436 794">
    <p class='ocr_par' dir='ltr' id='par_1_6' title="bbox 157 707 3436 794">
     <span class='ocr_line' id='line_1_6' title="bbox 157 707 3436 794; baseline -0.005 -17"><span class='ocrx_word' id='word_1_48' title='bbox 157 737 262 794; x_wconf 86' lang='lat' dir='ltr'><strong><em>pro</em></strong></span> <span class='ocrx_word' id='word_1_49' title='bbox 284 720 453 776; x_wconf 84' lang='lat' dir='ltr'><strong><em>salute</em></strong></span> <span class='ocrx_word' id='word_1_50' title='bbox 475 719 604 794; x_wconf 69' lang='lat' dir='ltr'><strong><em>ﬁlia</em></strong></span> <span class='ocrx_word' id='word_1_51' title='bbox 622 736 732 776; x_wconf 72' lang='lat' dir='ltr'><strong><em>sua</em></strong></span> <span class='ocrx_word' id='word_1_52' title='bbox 749 717 1093 790; x_wconf 84' lang='lat' dir='ltr'><strong><em>supplicante,</em></strong></span> <span class='ocrx_word' id='word_1_53' title='bbox 1113 717 1244 788; x_wconf 82' lang='lat' dir='ltr'><strong><em>ipse,</em></strong></span> <span class='ocrx_word' id='word_1_54' title='bbox 1274 715 1361 788; x_wconf 78' lang='lat' dir='ltr'><strong><em>qui</em></strong></span> <span class='ocrx_word' id='word_1_55' title='bbox 1383 715 1542 770; x_wconf 75' lang='lat' dir='ltr'><strong><em>vitam</em></strong></span> <span class='ocrx_word' id='word_1_56' title='bbox 1567 713 1802 768; x_wconf 83' lang='lat' dir='ltr'><strong><em>nascenti</em></strong></span> <span class='ocrx_word' id='word_1_57' title='bbox 1829 712 2064 776; x_wconf 87' lang='lat' dir='ltr'><strong><em>dederat,</em></strong></span> <span class='ocrx_word' id='word_1_58' title='bbox 2093 712 2354 780; x_wconf 71' lang='lat' dir='ltr'><strong><em>defuncta:</em></strong></span> <span class='ocrx_word' id='word_1_59' title='bbox 2371 709 2561 794; x_wconf 67' lang='lat' dir='ltr'><strong><em>puella</em></strong></span> <span class='ocrx_word' id='word_1_60' title='bbox 2585 710 2818 765; x_wconf 89' lang='lat' dir='ltr'><strong><em>animam</em></strong></span> <span class='ocrx_word' id='word_1_61' title='bbox 2858 707 3125 780; x_wconf 88' lang='lat' dir='ltr'><strong><em>proprium</em></strong></span> <span class='ocrx_word' id='word_1_62' title='bbox 3148 707 3355 763; x_wconf 71' lang='lat' dir='ltr'><strong><em>induxit</em></strong></span> <span class='ocrx_word' id='word_1_63' title='bbox 3381 709 3436 762; x_wconf 89' lang='lat' dir='ltr'><strong><em>in</em></strong></span> 
     </span>
    </p>
   </div>
   <div class='ocr_carea' id='block_1_7' title="bbox 155 792 3440 882">
    <p class='ocr_par' dir='ltr' id='par_1_7' title="bbox 155 792 3440 882">
     <span class='ocr_line' id='line_1_7' title="bbox 155 792 3440 882; baseline -0.003 -17"><span class='ocrx_word' id='word_1_64' title='bbox 155 792 371 882; x_wconf 80' lang='lat' dir='ltr'><strong><em>corpus.</em></strong></span> <span class='ocrx_word' id='word_1_65' title='bbox 400 792 485 864; x_wconf 20' lang='lat' dir='ltr'><strong><em>Aci</em></strong></span> <span class='ocrx_word' id='word_1_66' title='bbox 503 827 567 864; x_wconf 88' lang='lat' dir='ltr'><strong><em>ne</em></strong></span> <span class='ocrx_word' id='word_1_67' title='bbox 584 809 850 864; x_wconf 77' lang='lat' dir='ltr'><strong><em>miraculis</em></strong></span> <span class='ocrx_word' id='word_1_68' title='bbox 887 808 1190 864; x_wconf 77' lang='lat' dir='ltr'><strong><em>recentioris</em></strong></span> <span class='ocrx_word' id='word_1_69' title='bbox 1216 805 1386 862; x_wconf 81' lang='lat' dir='ltr'><strong><em>obitus</em></strong></span> <span class='ocrx_word' id='word_1_70' title='bbox 1413 804 1554 877; x_wconf 80' lang='lat' dir='ltr'><strong><em>apud</em></strong></span> <span class='ocrx_word' id='word_1_71' title='bbox 1579 806 1765 874; x_wconf 84' lang='lat' dir='ltr'><strong><em>impios</em></strong></span> <span class='ocrx_word' id='word_1_72' title='bbox 1793 803 2032 858; x_wconf 75' lang='lat' dir='ltr'><strong><em>concludi</em></strong></span> <span class='ocrx_word' id='word_1_73' title='bbox 2069 813 2357 866; x_wconf 78' lang='lat' dir='ltr'><strong><em>remaneret</em></strong></span> <span class='ocrx_word' id='word_1_74' title='bbox 2381 792 2492 856; x_wconf 78' lang='lat' dir='ltr'><strong><em>ulla</em></strong></span> <span class='ocrx_word' id='word_1_75' title='bbox 2517 802 2762 874; x_wconf 87' lang='lat' dir='ltr'><strong><em>suspicio,</em></strong></span> <span class='ocrx_word' id='word_1_76' title='bbox 2785 809 2834 856; x_wconf 91' lang='lat' dir='ltr'><strong><em>et</em></strong></span> <span class='ocrx_word' id='word_1_77' title='bbox 2859 809 3162 874; x_wconf 87' lang='lat' dir='ltr'><strong><em>putarentur</em></strong></span> <span class='ocrx_word' id='word_1_78' title='bbox 3183 818 3285 856; x_wconf 89' lang='lat' dir='ltr'><strong><em>non</em></strong></span> <span class='ocrx_word' id='word_1_79' title='bbox 3327 815 3440 856; x_wconf 86' lang='lat' dir='ltr'><strong><em>esse</em></strong></span> 
     </span>
    </p>
   </div>
   <div class='ocr_carea' id='block_1_8' title="bbox 155 892 3436 968">
    <p class='ocr_par' dir='ltr' id='par_1_8' title="bbox 155 892 3436 968">
     <span class='ocr_line' id='line_1_8' title="bbox 155 892 3436 968; baseline -0.002 -10"><span class='ocrx_word' id='word_1_80' title='bbox 155 903 354 958; x_wconf 78' lang='lat' dir='ltr'><strong><em>mortui</em></strong></span> <span class='ocrx_word' id='word_1_81' title='bbox 379 909 488 957; x_wconf 83' lang='lat' dir='ltr'><strong><em>tam</em></strong></span> <span class='ocrx_word' id='word_1_82' title='bbox 506 903 743 957; x_wconf 76' lang='lat' dir='ltr'><strong><em>uelociter</em></strong></span> <span class='ocrx_word' id='word_1_83' title='bbox 760 901 1016 968; x_wconf 74' lang='lat' dir='ltr'><strong><em>suscitati,</em></strong></span> <span class='ocrx_word' id='word_1_84' title='bbox 1046 897 1118 954; x_wconf 84' lang='lat' dir='ltr'><strong><em>ad</em></strong></span> <span class='ocrx_word' id='word_1_85' title='bbox 1137 897 1276 954; x_wconf 69' lang='lat' dir='ltr'><strong><em>beati</em></strong></span> <span class='ocrx_word' id='word_1_86' title='bbox 1295 895 1487 950; x_wconf 69' lang='lat' dir='ltr'><strong><em>Lauri</em></strong></span> <span class='ocrx_word' id='word_1_87' title='bbox 1506 897 1736 968; x_wconf 83' lang='lat' dir='ltr'><strong><em>pergitur</em></strong></span> <span class='ocrx_word' id='word_1_88' title='bbox 1762 896 2102 967; x_wconf 75' lang='lat' dir='ltr'><strong><em>sepulturam,</em></strong></span> <span class='ocrx_word' id='word_1_89' title='bbox 2130 896 2217 968; x_wconf 87' lang='lat' dir='ltr'><strong><em>qui</em></strong></span> <span class='ocrx_word' id='word_1_90' title='bbox 2244 894 2618 968; x_wconf 88' lang='lat' dir='ltr'><strong><em>quatriduanus</em></strong></span> <span class='ocrx_word' id='word_1_91' title='bbox 2645 903 2695 948; x_wconf 88' lang='lat' dir='ltr'><strong><em>et</em></strong></span> <span class='ocrx_word' id='word_1_92' title='bbox 2723 892 2932 965; x_wconf 89' lang='lat' dir='ltr'><strong><em>fetidus,</em></strong></span> <span class='ocrx_word' id='word_1_93' title='bbox 2966 893 3183 949; x_wconf 73' lang='lat' dir='ltr'><strong><em>vinculis</em></strong></span> <span class='ocrx_word' id='word_1_94' title='bbox 3206 895 3436 966; x_wconf 77' lang='lat' dir='ltr'><strong><em>insuper,</em></strong></span> 
     </span>
    </p>
   </div>
   <div class='ocr_carea' id='block_1_9' title="bbox 156 973 3437 1064">
    <p class='ocr_par' dir='ltr' id='par_1_9' title="bbox 156 973 3437 1064">
     <span class='ocr_line' id='line_1_9' title="bbox 156 973 3437 1064; baseline -0.003 -18"><span class='ocrx_word' id='word_1_95' title='bbox 156 1001 219 1046; x_wconf 87' lang='lat' dir='ltr'><strong><em>ut</em></strong></span> <span class='ocrx_word' id='word_1_96' title='bbox 237 993 400 1050; x_wconf 75' lang='lat' dir='ltr'><strong><em>uteris</em></strong></span> <span class='ocrx_word' id='word_1_97' title='bbox 425 1001 520 1060; x_wconf 84' lang='lat' dir='ltr'><strong><em>est,</em></strong></span> <span class='ocrx_word' id='word_1_98' title='bbox 553 992 848 1064; x_wconf 79' lang='lat' dir='ltr'><strong><em>colligatus,</em></strong></span> <span class='ocrx_word' id='word_1_99' title='bbox 869 990 941 1046; x_wconf 72' lang='lat' dir='ltr'><strong><em>ad</em></strong></span> <span class='ocrx_word' id='word_1_100' title='bbox 960 998 1270 1064; x_wconf 69' lang='lat' dir='ltr'><strong><em>praceptum</em></strong></span> <span class='ocrx_word' id='word_1_101' title='bbox 1289 987 1482 1043; x_wconf 82' lang='lat' dir='ltr'><strong><em>Christi</em></strong></span> <span class='ocrx_word' id='word_1_102' title='bbox 1501 988 1731 1042; x_wconf 75' lang='lat' dir='ltr'><strong><em>vocantis</em></strong></span> <span class='ocrx_word' id='word_1_103' title='bbox 1751 985 2018 1050; x_wconf 68' lang='lat' dir='ltr'><strong><em>exsiliens,</em></strong></span> <span class='ocrx_word' id='word_1_104' title='bbox 2049 988 2216 1056; x_wconf 85' lang='lat' dir='ltr'><strong><em>factus</em></strong></span> <span class='ocrx_word' id='word_1_105' title='bbox 2237 994 2313 1040; x_wconf 88' lang='lat' dir='ltr'><strong><em>est</em></strong></span> <span class='ocrx_word' id='word_1_106' title='bbox 2340 985 2583 1039; x_wconf 89' lang='lat' dir='ltr'><strong><em>continuo</em></strong></span> <span class='ocrx_word' id='word_1_107' title='bbox 2608 981 2832 1037; x_wconf 88' lang='lat' dir='ltr'><strong><em>Domino</em></strong></span> <span class='ocrx_word' id='word_1_108' title='bbox 2852 998 2945 1036; x_wconf 89' lang='lat' dir='ltr'><strong><em>suo</em></strong></span> <span class='ocrx_word' id='word_1_109' title='bbox 2969 983 3024 1036; x_wconf 90' lang='lat' dir='ltr'><strong><em>in</em></strong></span> <span class='ocrx_word' id='word_1_110' title='bbox 3046 973 3296 1054; x_wconf 78' lang='lat' dir='ltr'><strong><em>colloquio</em></strong></span> <span class='ocrx_word' id='word_1_111' title='bbox 3311 1000 3437 1054; x_wconf 82' lang='lat' dir='ltr'><strong><em>par-</em></strong></span> 
     </span>
    </p>
   </div>
   <div class='ocr_carea' id='block_1_10' title="bbox 161 1073 3438 1157">
    <p class='ocr_par' dir='ltr' id='par_1_10' title="bbox 161 1073 3438 1157">
     <span class='ocr_line' id='line_1_10' title="bbox 161 1073 3438 1157; baseline -0.002 -20"><span class='ocrx_word' id='word_1_112' title='bbox 161 1086 348 1157; x_wconf 76' lang='lat' dir='ltr'><strong><em>ticeps,</em></strong></span> <span class='ocrx_word' id='word_1_113' title='bbox 369 1091 422 1140; x_wconf 81' lang='lat' dir='ltr'><strong><em>et</em></strong></span> <span class='ocrx_word' id='word_1_114' title='bbox 439 1085 497 1140; x_wconf 79' lang='lat' dir='ltr'><strong><em>in</em></strong></span> <span class='ocrx_word' id='word_1_115' title='bbox 515 1100 712 1140; x_wconf 68' lang='lat' dir='ltr'><strong><em>mensas</em></strong></span> <span class='ocrx_word' id='word_1_116' title='bbox 742 1086 988 1140; x_wconf 82' lang='lat' dir='ltr'><strong><em>societate</em></strong></span> <span class='ocrx_word' id='word_1_117' title='bbox 1007 1082 1238 1138; x_wconf 74' lang='lat' dir='ltr'><strong><em>conviva.</em></strong></span> <span class='ocrx_word' id='word_1_118' title='bbox 1272 1078 1404 1146; x_wconf 75' lang='grc' dir='ltr'><strong><em>ρυω</em></strong></span> <span class='ocrx_word' id='word_1_119' title='bbox 1431 1080 1606 1135; x_wconf 82' lang='lat' dir='ltr'><strong><em>omnia</em></strong></span> <span class='ocrx_word' id='word_1_120' title='bbox 1627 1081 1768 1151; x_wconf 89' lang='lat' dir='ltr'><strong><em>facta</em></strong></span> <span class='ocrx_word' id='word_1_121' title='bbox 1789 1086 1910 1134; x_wconf 88' lang='lat' dir='ltr'><strong><em>sunt</em></strong></span> <span class='ocrx_word' id='word_1_122' title='bbox 1939 1078 2156 1142; x_wconf 90' lang='lat' dir='ltr'><strong><em>idcirco,</em></strong></span> <span class='ocrx_word' id='word_1_123' title='bbox 2184 1077 2497 1144; x_wconf 85' lang='lat' dir='ltr'><strong><em>charissimi,</em></strong></span> <span class='ocrx_word' id='word_1_124' title='bbox 2524 1084 2582 1132; x_wconf 84' lang='lat' dir='ltr'><strong><em>ut</em></strong></span> <span class='ocrx_word' id='word_1_125' title='bbox 2619 1093 2769 1131; x_wconf 87' lang='lat' dir='ltr'><strong><em>nemo</em></strong></span> <span class='ocrx_word' id='word_1_126' title='bbox 2793 1076 2996 1148; x_wconf 82' lang='lat' dir='ltr'><strong><em>penitus</em></strong></span> <span class='ocrx_word' id='word_1_127' title='bbox 3016 1073 3082 1132; x_wconf 86' lang='lat' dir='ltr'><strong><em>de</em></strong></span> <span class='ocrx_word' id='word_1_128' title='bbox 3118 1076 3229 1148; x_wconf 86' lang='lat' dir='ltr'><strong><em>ejus</em></strong></span> <span class='ocrx_word' id='word_1_129' title='bbox 3273 1077 3438 1131; x_wconf 86' lang='lat' dir='ltr'><strong><em>reditu</em></strong></span> 
     </span>
    </p>
   </div>
   <div class='ocr_carea' id='block_1_11' title="bbox 158 1169 3440 1246">
    <p class='ocr_par' dir='ltr' id='par_1_11' title="bbox 158 1169 3440 1246">
     <span class='ocr_line' id='line_1_11' title="bbox 158 1169 3440 1246; baseline -0 -19"><span class='ocrx_word' id='word_1_130' title='bbox 158 1174 228 1228; x_wconf 87' lang='lat' dir='ltr'><strong><em>ab</em></strong></span> <span class='ocrx_word' id='word_1_131' title='bbox 247 1174 434 1246; x_wconf 77' lang='lat' dir='ltr'><strong><em>inferis</em></strong></span> <span class='ocrx_word' id='word_1_132' title='bbox 457 1173 768 1246; x_wconf 75' lang='lat' dir='ltr'><strong><em>disputaret.</em></strong></span> <span class='ocrx_word' id='word_1_133' title='bbox 787 1174 866 1229; x_wconf 84' lang='lat' dir='ltr'><strong><em>Ac</em></strong></span> <span class='ocrx_word' id='word_1_134' title='bbox 885 1173 952 1230; x_wconf 89' lang='lat' dir='ltr'><strong><em>de</em></strong></span> <span class='ocrx_word' id='word_1_135' title='bbox 971 1172 1244 1228; x_wconf 80' lang='lat' dir='ltr'><strong><em>miraculis</em></strong></span> <span class='ocrx_word' id='word_1_136' title='bbox 1264 1171 1482 1244; x_wconf 80' lang='lat' dir='ltr'><strong><em>quidem</em></strong></span> <span class='ocrx_word' id='word_1_137' title='bbox 1504 1171 1655 1228; x_wconf 86' lang='lat' dir='ltr'><strong><em>satis.</em></strong></span> <span class='ocrx_word' id='word_1_138' title='bbox 1682 1169 1816 1226; x_wconf 84' lang='lat' dir='ltr'><strong><em>Nam</em></strong></span> <span class='ocrx_word' id='word_1_139' title='bbox 1840 1171 2056 1240; x_wconf 85' lang='lat' dir='ltr'><strong><em>longum</em></strong></span> <span class='ocrx_word' id='word_1_140' title='bbox 2077 1179 2159 1226; x_wconf 79' lang='lat' dir='ltr'><strong><em>est</em></strong></span> <span class='ocrx_word' id='word_1_141' title='bbox 2181 1171 2285 1227; x_wconf 85' lang='lat' dir='ltr'><strong><em>iter</em></strong></span> <span class='ocrx_word' id='word_1_142' title='bbox 2306 1170 2372 1225; x_wconf 86' lang='lat' dir='ltr'><strong><em>ad</em></strong></span> <span class='ocrx_word' id='word_1_143' title='bbox 2415 1170 2614 1226; x_wconf 88' lang='lat' dir='ltr'><strong><em>omnia.</em></strong></span> <span class='ocrx_word' id='word_1_144' title='bbox 2640 1169 2771 1236; x_wconf 70' lang='lat' dir='ltr'><strong><em>Qua:</em></strong></span> <span class='ocrx_word' id='word_1_145' title='bbox 2791 1185 2923 1227; x_wconf 80' lang='lat' dir='ltr'><strong><em>vero</em></strong></span> <span class='ocrx_word' id='word_1_146' title='bbox 2967 1169 3018 1225; x_wconf 93' lang='lat' dir='ltr'><strong><em>in</em></strong></span> <span class='ocrx_word' id='word_1_147' title='bbox 3043 1179 3217 1228; x_wconf 88' lang='lat' dir='ltr'><strong><em>morte</em></strong></span> <span class='ocrx_word' id='word_1_148' title='bbox 3238 1169 3440 1226; x_wconf 84' lang='lat' dir='ltr'><strong><em>Christi</em></strong></span> 
     </span>
    </p>
   </div>
   <div class='ocr_carea' id='block_1_12' title="bbox 159 1257 3440 1338">
    <p class='ocr_par' dir='ltr' id='par_1_12' title="bbox 159 1257 3440 1338">
     <span class='ocr_line' id='line_1_12' title="bbox 159 1257 3440 1338; baseline -0.002 -16"><span class='ocrx_word' id='word_1_149' title='bbox 159 1281 416 1334; x_wconf 63' lang='lat' dir='ltr'><strong><em>evenere,</em></strong></span> <span class='ocrx_word' id='word_1_150' title='bbox 441 1281 670 1338; x_wconf 79' lang='lat' dir='ltr'><strong><em>quaeque</em></strong></span> <span class='ocrx_word' id='word_1_151' title='bbox 691 1266 944 1337; x_wconf 81' lang='lat' dir='ltr'><strong><em>deinceps</em></strong></span> <span class='ocrx_word' id='word_1_152' title='bbox 963 1264 1030 1321; x_wconf 87' lang='lat' dir='ltr'><strong><em>ab</em></strong></span> <span class='ocrx_word' id='word_1_153' title='bbox 1051 1280 1118 1322; x_wconf 87' lang='lat' dir='ltr'><strong><em>eo</em></strong></span> <span class='ocrx_word' id='word_1_154' title='bbox 1140 1270 1355 1334; x_wconf 85' lang='lat' dir='ltr'><strong><em>patrata</em></strong></span> <span class='ocrx_word' id='word_1_155' title='bbox 1377 1269 1520 1326; x_wconf 87' lang='lat' dir='ltr'><strong><em>sunt,</em></strong></span> <span class='ocrx_word' id='word_1_156' title='bbox 1545 1269 1600 1317; x_wconf 90' lang='lat' dir='ltr'><strong><em>et</em></strong></span> <span class='ocrx_word' id='word_1_157' title='bbox 1619 1277 1737 1336; x_wconf 70' lang='lat' dir='ltr'><strong><em>quae</em></strong></span> <span class='ocrx_word' id='word_1_158' title='bbox 1760 1261 2024 1318; x_wconf 80' lang='lat' dir='ltr'><strong><em>Maximus</em></strong></span> <span class='ocrx_word' id='word_1_159' title='bbox 2047 1260 2163 1318; x_wconf 73' lang='lat' dir='ltr'><strong><em>fuse</em></strong></span> <span class='ocrx_word' id='word_1_160' title='bbox 2183 1261 2508 1332; x_wconf 77' lang='lat' dir='ltr'><strong><em>copioseque</em></strong></span> <span class='ocrx_word' id='word_1_161' title='bbox 2531 1267 2744 1325; x_wconf 78' lang='lat' dir='ltr'><strong><em>tractat,</em></strong></span> <span class='ocrx_word' id='word_1_162' title='bbox 2771 1275 2834 1315; x_wconf 90' lang='lat' dir='ltr'><strong><em>ea</em></strong></span> <span class='ocrx_word' id='word_1_163' title='bbox 2868 1257 3115 1330; x_wconf 85' lang='lat' dir='ltr'><strong><em>equidem</em></strong></span> <span class='ocrx_word' id='word_1_164' title='bbox 3139 1270 3440 1331; x_wconf 88' lang='lat' dir='ltr'><strong><em>opportune</em></strong></span> 
     </span>
    </p>
   </div>
   <div class='ocr_carea' id='block_1_13' title="bbox 159 1349 3442 1430">
    <p class='ocr_par' dir='ltr' id='par_1_13' title="bbox 159 1349 3442 1430">
     <span class='ocr_line' id='line_1_13' title="bbox 159 1349 3442 1430; baseline -0.002 -14"><span class='ocrx_word' id='word_1_165' title='bbox 159 1367 308 1430; x_wconf 83' lang='lat' dir='ltr'><strong><em>post,</em></strong></span> <span class='ocrx_word' id='word_1_166' title='bbox 332 1375 456 1416; x_wconf 87' lang='lat' dir='ltr'><strong><em>eum</em></strong></span> <span class='ocrx_word' id='word_1_167' title='bbox 476 1367 690 1430; x_wconf 81' lang='lat' dir='ltr'><strong><em>tempus</em></strong></span> <span class='ocrx_word' id='word_1_168' title='bbox 710 1357 996 1423; x_wconf 84' lang='lat' dir='ltr'><strong><em>monuerit,</em></strong></span> <span class='ocrx_word' id='word_1_169' title='bbox 1021 1356 1340 1413; x_wconf 78' lang='lat' dir='ltr'><strong><em>describam.</em></strong></span> <span class='ocrx_word' id='word_1_170' title='bbox 1367 1354 1519 1411; x_wconf 84' lang='lat' dir='ltr'><strong><em>Nunc</em></strong></span> <span class='ocrx_word' id='word_1_171' title='bbox 1539 1353 1608 1409; x_wconf 89' lang='lat' dir='ltr'><strong><em>de</em></strong></span> <span class='ocrx_word' id='word_1_172' title='bbox 1629 1354 2014 1424; x_wconf 72' lang='lat' dir='ltr'><strong><em>praedicatione</em></strong></span> <span class='ocrx_word' id='word_1_173' title='bbox 2055 1352 2255 1408; x_wconf 86' lang='lat' dir='ltr'><strong><em>Christi</em></strong></span> <span class='ocrx_word' id='word_1_174' title='bbox 2297 1354 2500 1424; x_wconf 85' lang='lat' dir='ltr'><strong><em>paucis.</em></strong></span> <span class='ocrx_word' id='word_1_175' title='bbox 2525 1349 2642 1408; x_wconf 80' lang='lat' dir='ltr'><strong><em>lam</em></strong></span> <span class='ocrx_word' id='word_1_176' title='bbox 2665 1367 2795 1408; x_wconf 84' lang='lat' dir='ltr'><strong><em>vero</em></strong></span> <span class='ocrx_word' id='word_1_177' title='bbox 2816 1367 2936 1422; x_wconf 77' lang='lat' dir='ltr'><strong><em>quae</em></strong></span> <span class='ocrx_word' id='word_1_178' title='bbox 2958 1351 3211 1408; x_wconf 80' lang='lat' dir='ltr'><strong><em>Servatur</em></strong></span> <span class='ocrx_word' id='word_1_179' title='bbox 3231 1353 3442 1422; x_wconf 76' lang='lat' dir='ltr'><strong><em>generis</em></strong></span> 
     </span>
    </p>
   </div>
   <div class='ocr_carea' id='block_1_14' title="bbox 161 1443 3434 1522">
    <p class='ocr_par' dir='ltr' id='par_1_14' title="bbox 161 1443 3434 1522">
     <span class='ocr_line' id='line_1_14' title="bbox 161 1443 3434 1522; baseline -0.002 -18"><span class='ocrx_word' id='word_1_180' title='bbox 161 1450 386 1512; x_wconf 75' lang='lat' dir='ltr'><strong><em>humani</em></strong></span> <span class='ocrx_word' id='word_1_181' title='bbox 406 1459 499 1506; x_wconf 87' lang='lat' dir='ltr'><strong><em>aut</em></strong></span> <span class='ocrx_word' id='word_1_182' title='bbox 517 1451 697 1522; x_wconf 86' lang='lat' dir='ltr'><strong><em>palam</em></strong></span> <span class='ocrx_word' id='word_1_183' title='bbox 717 1457 1007 1522; x_wconf 82' lang='lat' dir='ltr'><strong><em>aperteque</em></strong></span> <span class='ocrx_word' id='word_1_184' title='bbox 1027 1457 1121 1504; x_wconf 76' lang='lat' dir='ltr'><strong><em>aut</em></strong></span> <span class='ocrx_word' id='word_1_185' title='bbox 1141 1447 1411 1520; x_wconf 73' lang='lat' dir='ltr'><strong><em>parabolis</em></strong></span> <span class='ocrx_word' id='word_1_186' title='bbox 1432 1463 1562 1504; x_wconf 85' lang='lat' dir='ltr'><strong><em>usus</em></strong></span> <span class='ocrx_word' id='word_1_187' title='bbox 1581 1447 1783 1513; x_wconf 84' lang='lat' dir='ltr'><strong><em>docuit,</em></strong></span> <span class='ocrx_word' id='word_1_188' title='bbox 1807 1447 2194 1520; x_wconf 86' lang='lat' dir='ltr'><strong><em>comprehensa</em></strong></span> <span class='ocrx_word' id='word_1_189' title='bbox 2216 1463 2249 1502; x_wconf 86' lang='lat' dir='ltr'><strong><em>a</em></strong></span> <span class='ocrx_word' id='word_1_190' title='bbox 2283 1446 2517 1504; x_wconf 78' lang='lat' dir='ltr'><strong><em>Maximo</em></strong></span> <span class='ocrx_word' id='word_1_191' title='bbox 2537 1447 2696 1504; x_wconf 82' lang='lat' dir='ltr'><strong><em>video</em></strong></span> <span class='ocrx_word' id='word_1_192' title='bbox 2733 1445 2896 1503; x_wconf 82' lang='lat' dir='ltr'><strong><em>fuisse</em></strong></span> <span class='ocrx_word' id='word_1_193' title='bbox 2915 1446 3139 1502; x_wconf 88' lang='lat' dir='ltr'><strong><em>humilia</em></strong></span> <span class='ocrx_word' id='word_1_194' title='bbox 3163 1443 3284 1512; x_wconf 88' lang='grc'><strong>108,</strong></span> <span class='ocrx_word' id='word_1_195' title='bbox 3309 1461 3434 1516; x_wconf 89' lang='lat' dir='ltr'><strong><em>pag.</em></strong></span> 
     </span>
    </p>
   </div>
   <div class='ocr_carea' id='block_1_15' title="bbox 162 1535 1761 1610">
    <p class='ocr_par' dir='ltr' id='par_1_15' title="bbox 162 1535 1761 1610">
     <span class='ocr_line' id='line_1_15' title="bbox 162 1535 1761 1610; baseline -0.001 -18"><span class='ocrx_word' id='word_1_196' title='bbox 162 1537 272 1604; x_wconf 73' lang='grc'><strong><em>557</em></strong></span> <span class='ocrx_word' id='word_1_197' title='bbox 293 1537 614 1610; x_wconf 73' lang='lat' dir='ltr'><strong><em>seqq.;109,</em></strong></span> <span class='ocrx_word' id='word_1_198' title='bbox 639 1552 760 1609; x_wconf 83' lang='lat' dir='ltr'><strong><em>pag.</em></strong></span> <span class='ocrx_word' id='word_1_199' title='bbox 785 1536 880 1592; x_wconf 76' lang='lat'><strong><em>56!</em></strong></span> <span class='ocrx_word' id='word_1_200' title='bbox 909 1552 1091 1608; x_wconf 58' lang='grc' dir='ltr'><strong><em>θείης</em></strong></span> <span class='ocrx_word' id='word_1_201' title='bbox 1124 1537 1244 1604; x_wconf 90' lang='grc'><strong>111,</strong></span> <span class='ocrx_word' id='word_1_202' title='bbox 1269 1551 1391 1608; x_wconf 85' lang='lat' dir='ltr'><strong><em>pag.</em></strong></span> <span class='ocrx_word' id='word_1_203' title='bbox 1418 1535 1521 1591; x_wconf 76' lang='lat'><strong>569</strong></span> <span class='ocrx_word' id='word_1_204' title='bbox 1543 1550 1696 1606; x_wconf 88' lang='lat' dir='ltr'><strong><em>seq.;</em></strong></span> <span class='ocrx_word' id='word_1_205' title='bbox 1743 1537 1761 1590; x_wconf 91' lang='grc'><strong><em>1</em></strong></span> 
     </span>
    </p>
   </div>
   <div class='ocr_carea' id='block_1_16' title="bbox 1840 1535 3439 1610">
    <p class='ocr_par' dir='ltr' id='par_1_16' title="bbox 1840 1535 3439 1608">
     <span class='ocr_line' id='line_1_16' title="bbox 1840 1535 3439 1608; baseline -0.001 -17"><span class='ocrx_word' id='word_1_206' title='bbox 1840 1565 1865 1605; x_wconf 78' lang='grc' dir='ltr'><strong>ι,</strong></span> <span class='ocrx_word' id='word_1_207' title='bbox 1892 1552 2012 1607; x_wconf 86' lang='lat' dir='ltr'><strong><em>pag.</em></strong></span> <span class='ocrx_word' id='word_1_208' title='bbox 2063 1535 2167 1592; x_wconf 74' lang='lat'><strong><em>380</em></strong></span> <span class='ocrx_word' id='word_1_209' title='bbox 2207 1552 2386 1608; x_wconf 88' lang='lat' dir='ltr'><strong><em>seqq.;</em></strong></span> <span class='ocrx_word' id='word_1_210' title='bbox 2413 1535 2534 1602; x_wconf 87' lang='grc'><strong>116,</strong></span> <span class='ocrx_word' id='word_1_211' title='bbox 2561 1552 2683 1608; x_wconf 86' lang='lat' dir='ltr'><strong><em>pag.</em></strong></span> <span class='ocrx_word' id='word_1_212' title='bbox 2711 1535 2814 1593; x_wconf 70' lang='lat'><strong><em>385</em></strong></span> <span class='ocrx_word' id='word_1_213' title='bbox 2837 1552 3017 1608; x_wconf 88' lang='lat' dir='ltr'><strong><em>seqq.;</em></strong></span> <span class='ocrx_word' id='word_1_214' title='bbox 3045 1535 3163 1606; x_wconf 92' lang='grc'><strong>117,</strong></span> <span class='ocrx_word' id='word_1_215' title='bbox 3190 1551 3308 1608; x_wconf 89' lang='lat' dir='ltr'><strong><em>pag.</em></strong></span> <span class='ocrx_word' id='word_1_216' title='bbox 3335 1535 3439 1592; x_wconf 80' lang='lat'><strong><em>586</em></strong></span> 
     </span>
    </p>
   </div>
   <div class='ocr_carea' id='block_1_17' title="bbox 165 1625 3441 1701">
    <p class='ocr_par' dir='ltr' id='par_1_17' title="bbox 165 1625 3441 1701">
     <span class='ocr_line' id='line_1_17' title="bbox 165 1625 3441 1701; baseline -0.001 -15"><span class='ocrx_word' id='word_1_217' title='bbox 165 1645 348 1701; x_wconf 81' lang='lat' dir='ltr'><strong><em>seqq.;</em></strong></span> <span class='ocrx_word' id='word_1_218' title='bbox 373 1645 533 1685; x_wconf 86' lang='lat' dir='ltr'><strong><em>serm.</em></strong></span> <span class='ocrx_word' id='word_1_219' title='bbox 557 1629 610 1696; x_wconf 76' lang='grc'><strong>2,</strong></span> <span class='ocrx_word' id='word_1_220' title='bbox 634 1641 756 1700; x_wconf 82' lang='lat' dir='ltr'><strong><em>pag.</em></strong></span> <span class='ocrx_word' id='word_1_221' title='bbox 782 1627 886 1682; x_wconf 81' lang='grc'><strong><em>598</em></strong></span> <span class='ocrx_word' id='word_1_222' title='bbox 908 1643 1082 1699; x_wconf 87' lang='lat' dir='ltr'><strong><em>seqq.,</em></strong></span> <span class='ocrx_word' id='word_1_223' title='bbox 1106 1627 1330 1699; x_wconf 82' lang='lat' dir='ltr'><strong><em>aliisque</em></strong></span> <span class='ocrx_word' id='word_1_224' title='bbox 1354 1628 1407 1682; x_wconf 93' lang='lat' dir='ltr'><strong><em>in</em></strong></span> <span class='ocrx_word' id='word_1_225' title='bbox 1431 1627 1564 1682; x_wconf 88' lang='lat' dir='ltr'><strong><em>locis</em></strong></span> <span class='ocrx_word' id='word_1_226' title='bbox 1585 1642 1708 1698; x_wconf 80' lang='lat' dir='ltr'><strong><em>qua:</em></strong></span> <span class='ocrx_word' id='word_1_227' title='bbox 1729 1642 1798 1682; x_wconf 88' lang='lat' dir='ltr'><strong><em>ne</em></strong></span> <span class='ocrx_word' id='word_1_228' title='bbox 1819 1642 2106 1684; x_wconf 84' lang='lat' dir='ltr'><strong><em>numerare</em></strong></span> <span class='ocrx_word' id='word_1_229' title='bbox 2126 1627 2343 1698; x_wconf 88' lang='lat' dir='ltr'><strong><em>quidem</em></strong></span> <span class='ocrx_word' id='word_1_230' title='bbox 2363 1637 2535 1683; x_wconf 82' lang='lat' dir='ltr'><strong><em>vacat.</em></strong></span> <span class='ocrx_word' id='word_1_231' title='bbox 2565 1627 2678 1682; x_wconf 84' lang='lat' dir='ltr'><strong><em>Hoc</em></strong></span> <span class='ocrx_word' id='word_1_232' title='bbox 2699 1627 2862 1682; x_wconf 85' lang='lat' dir='ltr'><strong><em>breve</em></strong></span> <span class='ocrx_word' id='word_1_233' title='bbox 2884 1627 3124 1692; x_wconf 64' lang='lat' dir='ltr'><strong><em>alteram,</em></strong></span> <span class='ocrx_word' id='word_1_234' title='bbox 3149 1625 3292 1698; x_wconf 87' lang='lat' dir='ltr'><strong><em>quod</em></strong></span> <span class='ocrx_word' id='word_1_235' title='bbox 3315 1643 3441 1682; x_wconf 83' lang='lat' dir='ltr'><strong><em>san-</em></strong></span> 
     </span>
    </p>
   </div>
   <div class='ocr_carea' id='block_1_18' title="bbox 161 1713 3441 1792">
    <p class='ocr_par' dir='ltr' id='par_1_18' title="bbox 161 1713 3441 1792">
     <span class='ocr_line' id='line_1_18' title="bbox 161 1713 3441 1792; baseline 0.001 -20"><span class='ocrx_word' id='word_1_236' title='bbox 161 1726 288 1774; x_wconf 88' lang='lat' dir='ltr'><strong><em>ctus</em></strong></span> <span class='ocrx_word' id='word_1_237' title='bbox 306 1719 527 1773; x_wconf 78' lang='lat' dir='ltr'><strong><em>antistes</em></strong></span> <span class='ocrx_word' id='word_1_238' title='bbox 548 1714 717 1792; x_wconf 75' lang='lat' dir='ltr'><strong><em>[uix]</em></strong></span> <span class='ocrx_word' id='word_1_239' title='bbox 746 1717 1122 1771; x_wconf 79' lang='lat' dir='ltr'><strong><em>animadvertit</em></strong></span> <span class='ocrx_word' id='word_1_240' title='bbox 1168 1732 1417 1772; x_wconf 87' lang='lat' dir='ltr'><strong><em>sermone</em></strong></span> <span class='ocrx_word' id='word_1_241' title='bbox 1441 1716 1528 1783; x_wconf 76' lang='lat'><strong><em>37,</em></strong></span> <span class='ocrx_word' id='word_1_242' title='bbox 1579 1717 1672 1786; x_wconf 89' lang='lat' dir='ltr'><strong><em>qui</em></strong></span> <span class='ocrx_word' id='word_1_243' title='bbox 1716 1722 1800 1771; x_wconf 81' lang='lat' dir='ltr'><strong><em>est</em></strong></span> <span class='ocrx_word' id='word_1_244' title='bbox 1847 1732 2022 1772; x_wconf 85' lang='lat' dir='ltr'><strong><em>nonus</em></strong></span> <span class='ocrx_word' id='word_1_245' title='bbox 2043 1717 2107 1772; x_wconf 81' lang='lat' dir='ltr'><strong><em>de</em></strong></span> <span class='ocrx_word' id='word_1_246' title='bbox 2151 1715 2428 1773; x_wconf 76' lang='lat' dir='ltr'><strong><em>Paschalis</em></strong></span> <span class='ocrx_word' id='word_1_247' title='bbox 2457 1716 2814 1784; x_wconf 83' lang='lat' dir='ltr'><strong><em>Solemnitate,</em></strong></span> <span class='ocrx_word' id='word_1_248' title='bbox 2865 1731 2983 1788; x_wconf 84' lang='lat' dir='ltr'><strong><em>pag.</em></strong></span> <span class='ocrx_word' id='word_1_249' title='bbox 3012 1713 3154 1772; x_wconf 70' lang='lat'><strong><em>495:</em></strong></span> <span class='ocrx_word' id='word_1_250' title='bbox 3188 1718 3441 1791; x_wconf 84' lang='lat' dir='ltr'><strong><em>Suscepta</em></strong></span> 
     </span>
    </p>
   </div>
   <div class='ocr_carea' id='block_1_19' title="bbox 155 1808 1754 1883">
    <p class='ocr_par' dir='ltr' id='par_1_19' title="bbox 155 1809 1749 1883">
     <span class='ocr_line' id='line_1_19' title="bbox 155 1809 1749 1883; baseline 0 -21"><span class='ocrx_word' id='word_1_251' title='bbox 155 1824 320 1862; x_wconf 87' lang='lat' dir='ltr'><strong><em>carne</em></strong></span> <span class='ocrx_word' id='word_1_252' title='bbox 347 1810 411 1864; x_wconf 89' lang='lat' dir='ltr'><strong><em>de</em></strong></span> <span class='ocrx_word' id='word_1_253' title='bbox 433 1810 647 1882; x_wconf 80' lang='lat' dir='ltr'><strong><em>virgine,</em></strong></span> <span class='ocrx_word' id='word_1_254' title='bbox 677 1825 743 1864; x_wconf 91' lang='lat' dir='ltr'><strong><em>ne</em></strong></span> <span class='ocrx_word' id='word_1_255' title='bbox 762 1827 913 1883; x_wconf 82' lang='lat' dir='ltr'><strong><em>quam</em></strong></span> <span class='ocrx_word' id='word_1_256' title='bbox 951 1811 1007 1864; x_wconf 90' lang='lat' dir='ltr'><strong><em>in</em></strong></span> <span class='ocrx_word' id='word_1_257' title='bbox 1045 1809 1152 1880; x_wconf 84' lang='lat' dir='ltr'><strong><em>fide</em></strong></span> <span class='ocrx_word' id='word_1_258' title='bbox 1175 1819 1369 1866; x_wconf 67' lang='lat' dir='ltr'><strong><em>nostra</em></strong></span> <span class='ocrx_word' id='word_1_259' title='bbox 1407 1810 1749 1880; x_wconf 80' lang='lat' dir='ltr'><strong><em>confessionis</em></strong></span> 
     </span>
    </p>
   </div>
   <div class='ocr_carea' id='block_1_20' title="bbox 1838 1808 3437 1883">
    <p class='ocr_par' dir='ltr' id='par_1_20' title="bbox 1838 1808 3437 1882">
     <span class='ocr_line' id='line_1_20' title="bbox 1838 1808 3437 1882; baseline 0.002 -19"><span class='ocrx_word' id='word_1_260' title='bbox 1838 1808 2016 1864; x_wconf 87' lang='lat' dir='ltr'><strong><em>bulam</em></strong></span> <span class='ocrx_word' id='word_1_261' title='bbox 2063 1817 2380 1882; x_wconf 86' lang='lat' dir='ltr'><strong><em>pateremur,</em></strong></span> <span class='ocrx_word' id='word_1_262' title='bbox 2423 1826 2562 1868; x_wconf 79' lang='grc' dir='ltr'><strong><em>τοτο</em></strong></span> <span class='ocrx_word' id='word_1_263' title='bbox 2591 1826 3005 1866; x_wconf 59' lang='grc' dir='ltr'><strong><em>Ρκιευιωτιοιειε</em></strong></span> <span class='ocrx_word' id='word_1_264' title='bbox 3048 1825 3160 1866; x_wconf 73' lang='lat' dir='ltr'><strong><em>sust</em></strong></span> <span class='ocrx_word' id='word_1_265' title='bbox 3190 1826 3437 1866; x_wconf 72' lang='lat' dir='ltr'><strong><em>TEIPOBB</em></strong></span> 
     </span>
    </p>
   </div>
   <div class='ocr_carea' id='block_1_21' title="bbox 151 1897 3440 1976">
    <p class='ocr_par' dir='ltr' id='par_1_21' title="bbox 151 1897 3440 1976">
     <span class='ocr_line' id='line_1_21' title="bbox 151 1897 3440 1976; baseline 0.002 -24"><span class='ocrx_word' id='word_1_266' title='bbox 151 1914 332 1954; x_wconf 77' lang='lat' dir='ltr'><strong><em>verum</em></strong></span> <span class='ocrx_word' id='word_1_267' title='bbox 358 1916 413 1955; x_wconf 90' lang='lat' dir='ltr'><strong><em>se</em></strong></span> <span class='ocrx_word' id='word_1_268' title='bbox 430 1897 698 1955; x_wconf 76' lang='lat' dir='ltr'><strong><em>reuelabat</em></strong></span> <span class='ocrx_word' id='word_1_269' title='bbox 722 1899 909 1968; x_wconf 76' lang='lat' dir='ltr'><strong><em>Deum,</em></strong></span> <span class='ocrx_word' id='word_1_270' title='bbox 936 1904 1223 1974; x_wconf 87' lang='lat' dir='ltr'><strong><em>perfectum</em></strong></span> <span class='ocrx_word' id='word_1_271' title='bbox 1251 1900 1550 1958; x_wconf 77' lang='lat' dir='ltr'><strong><em>ostendebat</em></strong></span> <span class='ocrx_word' id='word_1_272' title='bbox 1575 1909 1624 1956; x_wconf 91' lang='lat' dir='ltr'><strong><em>et</em></strong></span> <span class='ocrx_word' id='word_1_273' title='bbox 1652 1901 1925 1958; x_wconf 78' lang='lat' dir='ltr'><strong><em>hominem.</em></strong></span> <span class='ocrx_word' id='word_1_274' title='bbox 1945 1900 2136 1957; x_wconf 88' lang='lat' dir='ltr'><strong><em>Flebat</em></strong></span> <span class='ocrx_word' id='word_1_275' title='bbox 2157 1905 2364 1976; x_wconf 86' lang='lat' dir='ltr'><strong><em>quippe,</em></strong></span> <span class='ocrx_word' id='word_1_276' title='bbox 2391 1913 2447 1958; x_wconf 89' lang='lat' dir='ltr'><strong><em>ut</em></strong></span> <span class='ocrx_word' id='word_1_277' title='bbox 2467 1913 2644 1960; x_wconf 91' lang='lat' dir='ltr'><strong><em>nostro</em></strong></span> <span class='ocrx_word' id='word_1_278' title='bbox 2672 1904 2849 1960; x_wconf 87' lang='lat' dir='ltr'><strong><em>dolore</em></strong></span> <span class='ocrx_word' id='word_1_279' title='bbox 2867 1919 3084 1958; x_wconf 76' lang='lat' dir='ltr'><strong><em>mterens</em></strong></span> <span class='ocrx_word' id='word_1_280' title='bbox 3099 1921 3117 1968; x_wconf 85' lang='lat'><strong><em>;</em></strong></span> <span class='ocrx_word' id='word_1_281' title='bbox 3145 1903 3236 1958; x_wconf 85' lang='lat' dir='ltr'><strong><em>sed</em></strong></span> <span class='ocrx_word' id='word_1_282' title='bbox 3262 1911 3317 1957; x_wconf 88' lang='lat' dir='ltr'><strong><em>ut</em></strong></span> <span class='ocrx_word' id='word_1_283' title='bbox 3345 1919 3440 1958; x_wconf 89' lang='lat' dir='ltr'><strong><em>sua</em></strong></span> 
     </span>
    </p>
   </div>
   <div class='ocr_carea' id='block_1_22' title="bbox 147 1993 3438 2070">
    <p class='ocr_par' dir='ltr' id='par_1_22' title="bbox 147 1993 3438 2070">
     <span class='ocr_line' id='line_1_22' title="bbox 147 1993 3438 2070; baseline 0.002 -26"><span class='ocrx_word' id='word_1_284' title='bbox 147 1993 341 2046; x_wconf 76' lang='lat' dir='ltr'><strong><em>virtute</em></strong></span> <span class='ocrx_word' id='word_1_285' title='bbox 364 1999 546 2064; x_wconf 88' lang='lat' dir='ltr'><strong><em>potens</em></strong></span> <span class='ocrx_word' id='word_1_286' title='bbox 584 1994 858 2050; x_wconf 84' lang='lat' dir='ltr'><strong><em>miseratus</em></strong></span> <span class='ocrx_word' id='word_1_287' title='bbox 885 2009 1140 2048; x_wconf 74' lang='lat' dir='ltr'><strong><em>cccorum</em></strong></span> <span class='ocrx_word' id='word_1_288' title='bbox 1168 1993 1428 2060; x_wconf 81' lang='lat' dir='ltr'><strong><em>tenebras,</em></strong></span> <span class='ocrx_word' id='word_1_289' title='bbox 1460 1993 1575 2048; x_wconf 89' lang='lat' dir='ltr'><strong><em>huic</em></strong></span> <span class='ocrx_word' id='word_1_290' title='bbox 1597 1994 1814 2049; x_wconf 80' lang='lat' dir='ltr'><strong><em>necdum</em></strong></span> <span class='ocrx_word' id='word_1_291' title='bbox 1843 1996 2098 2068; x_wconf 84' lang='lat' dir='ltr'><strong><em>formatos</em></strong></span> <span class='ocrx_word' id='word_1_292' title='bbox 2123 1997 2348 2070; x_wconf 84' lang='lat' dir='ltr'><strong><em>faciebat</em></strong></span> <span class='ocrx_word' id='word_1_293' title='bbox 2375 1998 2577 2066; x_wconf 87' lang='lat' dir='ltr'><strong><em>oculos,</em></strong></span> <span class='ocrx_word' id='word_1_294' title='bbox 2609 1998 2687 2052; x_wconf 84' lang='lat' dir='ltr'><strong><em>illi</em></strong></span> <span class='ocrx_word' id='word_1_295' title='bbox 2723 1996 2966 2053; x_wconf 80' lang='lat' dir='ltr'><strong><em>reddebat</em></strong></span> <span class='ocrx_word' id='word_1_296' title='bbox 2994 1999 3236 2052; x_wconf 86' lang='lat' dir='ltr'><strong><em>amissos.</em></strong></span> <span class='ocrx_word' id='word_1_297' title='bbox 3271 1993 3324 2050; x_wconf 84' lang='grc' dir='ltr'><em>Ν</em></span> <span class='ocrx_word' id='word_1_298' title='bbox 3329 1996 3438 2050; x_wconf 83' lang='lat' dir='ltr'><strong><em>uri-</em></strong></span> 
     </span>
    </p>
   </div>
   <div class='ocr_carea' id='block_1_23' title="bbox 145 2083 3437 2163">
    <p class='ocr_par' dir='ltr' id='par_1_23' title="bbox 145 2083 3437 2163">
     <span class='ocr_line' id='line_1_23' title="bbox 145 2083 3437 2163; baseline 0.002 -28"><span class='ocrx_word' id='word_1_299' title='bbox 145 2097 290 2155; x_wconf 87' lang='lat' dir='ltr'><strong><em>gans</em></strong></span> <span class='ocrx_word' id='word_1_300' title='bbox 306 2098 421 2138; x_wconf 88' lang='lat' dir='ltr'><strong><em>cum</em></strong></span> <span class='ocrx_word' id='word_1_301' title='bbox 439 2083 708 2156; x_wconf 83' lang='lat' dir='ltr'><strong><em>discipulis</em></strong></span> <span class='ocrx_word' id='word_1_302' title='bbox 734 2086 841 2140; x_wconf 90' lang='lat' dir='ltr'><strong><em>suis</em></strong></span> <span class='ocrx_word' id='word_1_303' title='bbox 868 2102 1050 2140; x_wconf 90' lang='lat' dir='ltr'><strong><em>somno</em></strong></span> <span class='ocrx_word' id='word_1_304' title='bbox 1087 2086 1312 2140; x_wconf 83' lang='lat' dir='ltr'><strong><em>hominis</em></strong></span> <span class='ocrx_word' id='word_1_305' title='bbox 1340 2085 1628 2140; x_wconf 84' lang='lat' dir='ltr'><strong><em>dormiebat</em></strong></span> <span class='ocrx_word' id='word_1_306' title='bbox 1655 2086 1709 2140; x_wconf 87' lang='lat' dir='ltr'><strong><em>in</em></strong></span> <span class='ocrx_word' id='word_1_307' title='bbox 1740 2088 1932 2156; x_wconf 87' lang='lat' dir='ltr'><strong><em>puppi;</em></strong></span> <span class='ocrx_word' id='word_1_308' title='bbox 1958 2088 2050 2143; x_wconf 89' lang='lat' dir='ltr'><strong><em>sed</em></strong></span> <span class='ocrx_word' id='word_1_309' title='bbox 2073 2091 2295 2145; x_wconf 70' lang='lat' dir='ltr'><strong><em>conscia:</em></strong></span> <span class='ocrx_word' id='word_1_310' title='bbox 2333 2091 2625 2162; x_wconf 86' lang='lat' dir='ltr'><strong><em>majestatis</em></strong></span> <span class='ocrx_word' id='word_1_311' title='bbox 2651 2091 2869 2163; x_wconf 89' lang='lat' dir='ltr'><strong><em>imperio</em></strong></span> <span class='ocrx_word' id='word_1_312' title='bbox 2907 2089 3278 2162; x_wconf 80' lang='lat' dir='ltr'><strong><em>insurgentium</em></strong></span> <span class='ocrx_word' id='word_1_313' title='bbox 3306 2087 3437 2158; x_wconf 84' lang='lat' dir='ltr'><strong><em>fluc-</em></strong></span> 
     </span>
    </p>
   </div>
   <div class='ocr_carea' id='block_1_24' title="bbox 144 2175 3438 2254">
    <p class='ocr_par' dir='ltr' id='par_1_24' title="bbox 144 2175 3438 2254">
     <span class='ocr_line' id='line_1_24' title="bbox 144 2175 3438 2254; baseline 0.003 -29"><span class='ocrx_word' id='word_1_314' title='bbox 144 2181 298 2227; x_wconf 85' lang='lat' dir='ltr'><strong><em>tuum</em></strong></span> <span class='ocrx_word' id='word_1_315' title='bbox 330 2175 492 2231; x_wconf 82' lang='lat' dir='ltr'><strong><em>moles</em></strong></span> <span class='ocrx_word' id='word_1_316' title='bbox 527 2177 853 2249; x_wconf 87' lang='lat' dir='ltr'><strong><em>minacesque</em></strong></span> <span class='ocrx_word' id='word_1_317' title='bbox 883 2185 1060 2232; x_wconf 81' lang='lat' dir='ltr'><strong><em>ventos</em></strong></span> <span class='ocrx_word' id='word_1_318' title='bbox 1113 2193 1296 2231; x_wconf 87' lang='lat' dir='ltr'><strong><em>serena</em></strong></span> <span class='ocrx_word' id='word_1_319' title='bbox 1341 2178 1576 2248; x_wconf 86' lang='lat' dir='ltr'><strong><em>protinus</em></strong></span> <span class='ocrx_word' id='word_1_320' title='bbox 1626 2178 2002 2250; x_wconf 82' lang='lat' dir='ltr'><strong><em>tranquillitate</em></strong></span> <span class='ocrx_word' id='word_1_321' title='bbox 2040 2182 2375 2253; x_wconf 82' lang='lat' dir='ltr'><strong><em>compescuit.</em></strong></span> <span class='ocrx_word' id='word_1_322' title='bbox 2427 2181 2743 2238; x_wconf 70' lang='lat' dir='ltr'><strong><em>Horitarum</em></strong></span> <span class='ocrx_word' id='word_1_323' title='bbox 2784 2199 2858 2248; x_wconf 89' lang='lat' dir='ltr'><strong><em>se,</em></strong></span> <span class='ocrx_word' id='word_1_324' title='bbox 2901 2190 2957 2236; x_wconf 88' lang='lat' dir='ltr'><strong><em>ut</em></strong></span> <span class='ocrx_word' id='word_1_325' title='bbox 3003 2183 3297 2254; x_wconf 65' lang='lat' dir='ltr'><strong><em>temmralis</em></strong></span> <span class='ocrx_word' id='word_1_326' title='bbox 3324 2182 3438 2236; x_wconf 66' lang='lat' dir='ltr'><strong><em>sitat</em></strong></span> 
     </span>
    </p>
   </div>
   <div class='ocr_carea' id='block_1_25' title="bbox 145 2263 3438 2345">
    <p class='ocr_par' dir='ltr' id='par_1_25' title="bbox 145 2263 3438 2345">
     <span class='ocr_line' id='line_1_25' title="bbox 145 2263 3438 2345; baseline 0.002 -26"><span class='ocrx_word' id='word_1_327' title='bbox 145 2263 309 2320; x_wconf 84' lang='lat' dir='ltr'><strong><em>homo</em></strong></span> <span class='ocrx_word' id='word_1_328' title='bbox 345 2267 626 2338; x_wconf 69' lang='lat' dir='ltr'><strong><em>saepissime</em></strong></span> <span class='ocrx_word' id='word_1_329' title='bbox 675 2269 989 2334; x_wconf 82' lang='lat' dir='ltr'><strong><em>testabatur;</em></strong></span> <span class='ocrx_word' id='word_1_330' title='bbox 1019 2269 1112 2323; x_wconf 88' lang='lat' dir='ltr'><strong><em>sed</em></strong></span> <span class='ocrx_word' id='word_1_331' title='bbox 1151 2276 1208 2321; x_wconf 86' lang='lat' dir='ltr'><strong><em>ut</em></strong></span> <span class='ocrx_word' id='word_1_332' title='bbox 1254 2279 1476 2324; x_wconf 66' lang='lat' dir='ltr'><strong><em>internus</em></strong></span> <span class='ocrx_word' id='word_1_333' title='bbox 1509 2269 1673 2336; x_wconf 86' lang='lat' dir='ltr'><strong><em>Deus,</em></strong></span> <span class='ocrx_word' id='word_1_334' title='bbox 1702 2272 1882 2342; x_wconf 86' lang='lat' dir='ltr'><strong><em>refugo</em></strong></span> <span class='ocrx_word' id='word_1_335' title='bbox 1911 2272 1965 2326; x_wconf 90' lang='lat' dir='ltr'><strong><em>in</em></strong></span> <span class='ocrx_word' id='word_1_336' title='bbox 1995 2288 2210 2344; x_wconf 87' lang='lat' dir='ltr'><strong><em>corpore</em></strong></span> <span class='ocrx_word' id='word_1_337' title='bbox 2235 2273 2377 2328; x_wconf 78' lang='lat' dir='ltr'><strong><em>vitali</em></strong></span> <span class='ocrx_word' id='word_1_338' title='bbox 2424 2276 2642 2345; x_wconf 82' lang='lat' dir='ltr'><strong><em>spiritu,</em></strong></span> <span class='ocrx_word' id='word_1_339' title='bbox 2689 2271 2760 2329; x_wconf 84' lang='lat' dir='ltr'><strong><em>ad</em></strong></span> <span class='ocrx_word' id='word_1_340' title='bbox 2807 2275 2969 2328; x_wconf 87' lang='lat' dir='ltr'><strong><em>lucem</em></strong></span> <span class='ocrx_word' id='word_1_341' title='bbox 3016 2282 3244 2329; x_wconf 89' lang='lat' dir='ltr'><strong><em>mortuos</em></strong></span> <span class='ocrx_word' id='word_1_342' title='bbox 3272 2271 3438 2326; x_wconf 87' lang='lat' dir='ltr'><strong><em>redire</em></strong></span> 
     </span>
    </p>
   </div>
   <div class='ocr_carea' id='block_1_26' title="bbox 152 2360 430 2430">
    <p class='ocr_par' dir='ltr' id='par_1_26' title="bbox 152 2360 430 2430">
     <span class='ocr_line' id='line_1_26' title="bbox 152 2360 430 2430; baseline 0.004 -18"><span class='ocrx_word' id='word_1_343' title='bbox 152 2360 430 2430; x_wconf 71' lang='lat' dir='ltr'><strong><em>pracepit.</em></strong></span> 
     </span>
    </p>
   </div>
   <div class='ocr_carea' id='block_1_27' title="bbox 234 2447 3436 2522">
    <p class='ocr_par' dir='ltr' id='par_1_27' title="bbox 234 2447 3436 2522">
     <span class='ocr_line' id='line_1_27' title="bbox 234 2447 3436 2522; baseline -0 -17"><span class='ocrx_word' id='word_1_344' title='bbox 234 2447 356 2506; x_wconf 76' lang='lat' dir='ltr'><strong><em>XV.</em></strong></span> <span class='ocrx_word' id='word_1_345' title='bbox 385 2449 674 2506; x_wconf 81' lang='lat' dir='ltr'><strong><em>Venditum</em></strong></span> <span class='ocrx_word' id='word_1_346' title='bbox 701 2465 867 2522; x_wconf 89' lang='lat' dir='ltr'><strong><em>porro</em></strong></span> <span class='ocrx_word' id='word_1_347' title='bbox 905 2449 973 2505; x_wconf 90' lang='lat' dir='ltr'><strong><em>ad</em></strong></span> <span class='ocrx_word' id='word_1_348' title='bbox 1000 2457 1299 2506; x_wconf 81' lang='lat' dir='ltr'><strong><em>extremum</em></strong></span> <span class='ocrx_word' id='word_1_349' title='bbox 1327 2465 1358 2504; x_wconf 90' lang='lat' dir='ltr'><strong><em>a</em></strong></span> <span class='ocrx_word' id='word_1_350' title='bbox 1382 2449 1518 2506; x_wconf 85' lang='lat' dir='ltr'><strong><em>Juda</em></strong></span> <span class='ocrx_word' id='word_1_351' title='bbox 1560 2449 1872 2521; x_wconf 86' lang='lat' dir='ltr'><strong><em>proditore,</em></strong></span> <span class='ocrx_word' id='word_1_352' title='bbox 1919 2463 2018 2522; x_wconf 86' lang='lat' dir='ltr'><strong><em>per</em></strong></span> <span class='ocrx_word' id='word_1_353' title='bbox 2057 2467 2323 2508; x_wconf 89' lang='lat' dir='ltr'><strong><em>summum</em></strong></span> <span class='ocrx_word' id='word_1_354' title='bbox 2363 2453 2538 2508; x_wconf 87' lang='lat' dir='ltr'><strong><em>scelus</em></strong></span> <span class='ocrx_word' id='word_1_355' title='bbox 2575 2451 2738 2508; x_wconf 82' lang='lat' dir='ltr'><strong><em>fuisse</em></strong></span> <span class='ocrx_word' id='word_1_356' title='bbox 2776 2452 3116 2507; x_wconf 83' lang='lat' dir='ltr'><strong><em>Servatorem</em></strong></span> <span class='ocrx_word' id='word_1_357' title='bbox 3146 2450 3436 2516; x_wconf 85' lang='lat' dir='ltr'><strong><em>Christum,</em></strong></span> 
     </span>
    </p>
   </div>
   <div class='ocr_carea' id='block_1_28' title="bbox 148 2540 3434 2615">
    <p class='ocr_par' dir='ltr' id='par_1_28' title="bbox 148 2540 3434 2615">
     <span class='ocr_line' id='line_1_28' title="bbox 148 2540 3434 2615; baseline -0.002 -15"><span class='ocrx_word' id='word_1_358' title='bbox 148 2558 396 2614; x_wconf 88' lang='lat' dir='ltr'><strong><em>eamque</em></strong></span> <span class='ocrx_word' id='word_1_359' title='bbox 424 2544 495 2600; x_wconf 93' lang='lat' dir='ltr'><strong><em>ob</em></strong></span> <span class='ocrx_word' id='word_1_360' title='bbox 523 2559 638 2599; x_wconf 89' lang='lat' dir='ltr'><strong><em>rem</em></strong></span> <span class='ocrx_word' id='word_1_361' title='bbox 665 2543 858 2600; x_wconf 75' lang='lat' dir='ltr'><strong><em>ludam</em></strong></span> <span class='ocrx_word' id='word_1_362' title='bbox 886 2544 1062 2615; x_wconf 88' lang='lat' dir='ltr'><strong><em>ipsum</em></strong></span> <span class='ocrx_word' id='word_1_363' title='bbox 1089 2542 1254 2599; x_wconf 81' lang='lat' dir='ltr'><strong><em>fuisse</em></strong></span> <span class='ocrx_word' id='word_1_364' title='bbox 1289 2559 1382 2598; x_wconf 88' lang='lat' dir='ltr'><strong><em>sua</em></strong></span> <span class='ocrx_word' id='word_1_365' title='bbox 1410 2545 1675 2599; x_wconf 88' lang='lat' dir='ltr'><strong><em>sententia</em></strong></span> <span class='ocrx_word' id='word_1_366' title='bbox 1705 2543 2116 2602; x_wconf 88' lang='lat' dir='ltr'><strong><em>condemnatum</em></strong></span> <span class='ocrx_word' id='word_1_367' title='bbox 2135 2582 2150 2607; x_wconf 89' lang='lat'><strong><em>,</em></strong></span> <span class='ocrx_word' id='word_1_368' title='bbox 2181 2543 2442 2598; x_wconf 73' lang='lat' dir='ltr'><strong><em>Maximus</em></strong></span> <span class='ocrx_word' id='word_1_369' title='bbox 2471 2541 2628 2598; x_wconf 88' lang='lat' dir='ltr'><strong><em>docet</em></strong></span> <span class='ocrx_word' id='word_1_370' title='bbox 2655 2542 2871 2597; x_wconf 76' lang='lat' dir='ltr'><strong><em>humilia</em></strong></span> <span class='ocrx_word' id='word_1_371' title='bbox 2895 2541 2987 2605; x_wconf 74' lang='grc'><strong>47,</strong></span> <span class='ocrx_word' id='word_1_372' title='bbox 3015 2556 3136 2613; x_wconf 82' lang='lat' dir='ltr'><strong><em>pag.</em></strong></span> <span class='ocrx_word' id='word_1_373' title='bbox 3171 2541 3302 2607; x_wconf 71' lang='lat' dir='ltr'><strong><em>Mi;</em></strong></span> <span class='ocrx_word' id='word_1_374' title='bbox 3334 2540 3434 2606; x_wconf 71' lang='lat' dir='ltr'><strong><em>is,</em></strong></span> 
     </span>
    </p>
   </div>
   <div class='ocr_carea' id='block_1_29' title="bbox 145 2631 3436 2708">
    <p class='ocr_par' dir='ltr' id='par_1_29' title="bbox 145 2631 3436 2708">
     <span class='ocr_line' id='line_1_29' title="bbox 145 2631 3436 2708; baseline -0.001 -16"><span class='ocrx_word' id='word_1_375' title='bbox 145 2651 288 2708; x_wconf 84' lang='lat' dir='ltr'><strong><em>pag.</em></strong></span> <span class='ocrx_word' id='word_1_376' title='bbox 317 2635 422 2690; x_wconf 76' lang='lat' dir='ltr'><strong><em>M7</em></strong></span> <span class='ocrx_word' id='word_1_377' title='bbox 449 2651 599 2706; x_wconf 85' lang='lat' dir='ltr'><strong><em>seqq.</em></strong></span> <span class='ocrx_word' id='word_1_378' title='bbox 628 2635 858 2692; x_wconf 79' lang='lat' dir='ltr'><strong><em>Homilia</em></strong></span> <span class='ocrx_word' id='word_1_379' title='bbox 887 2645 1068 2692; x_wconf 86' lang='lat' dir='ltr'><strong><em>autem</em></strong></span> <span class='ocrx_word' id='word_1_380' title='bbox 1096 2635 1188 2702; x_wconf 79' lang='grc'><strong><em>51,</em></strong></span> <span class='ocrx_word' id='word_1_381' title='bbox 1217 2651 1339 2707; x_wconf 86' lang='lat' dir='ltr'><strong><em>pag.</em></strong></span> <span class='ocrx_word' id='word_1_382' title='bbox 1365 2635 1486 2704; x_wconf 82' lang='grc'><strong>157,</strong></span> <span class='ocrx_word' id='word_1_383' title='bbox 1514 2631 1782 2692; x_wconf 88' lang='lat' dir='ltr'><strong><em>latronem</em></strong></span> <span class='ocrx_word' id='word_1_384' title='bbox 1821 2637 1911 2708; x_wconf 90' lang='lat' dir='ltr'><strong><em>qui</em></strong></span> <span class='ocrx_word' id='word_1_385' title='bbox 1949 2638 2003 2692; x_wconf 92' lang='lat' dir='ltr'><strong><em>in</em></strong></span> <span class='ocrx_word' id='word_1_386' title='bbox 2045 2647 2205 2692; x_wconf 84' lang='lat' dir='ltr'><strong><em>cruce</em></strong></span> <span class='ocrx_word' id='word_1_387' title='bbox 2233 2634 2508 2692; x_wconf 77' lang='lat' dir='ltr'><strong><em>confessus</em></strong></span> <span class='ocrx_word' id='word_1_388' title='bbox 2531 2633 2798 2690; x_wconf 87' lang='lat' dir='ltr'><strong><em>Christum</em></strong></span> <span class='ocrx_word' id='word_1_389' title='bbox 2821 2642 2928 2700; x_wconf 87' lang='lat' dir='ltr'><strong><em>est,</em></strong></span> <span class='ocrx_word' id='word_1_390' title='bbox 2953 2648 3073 2690; x_wconf 86' lang='lat' dir='ltr'><strong><em>cum</em></strong></span> <span class='ocrx_word' id='word_1_391' title='bbox 3097 2631 3231 2688; x_wconf 80' lang='lat' dir='ltr'><strong><em>.Iuda</em></strong></span> <span class='ocrx_word' id='word_1_392' title='bbox 3251 2671 3266 2696; x_wconf 92' lang='lat'><strong><em>,</em></strong></span> <span class='ocrx_word' id='word_1_393' title='bbox 3295 2631 3436 2692; x_wconf 84' lang='lat' dir='ltr'><strong><em>idem</em></strong></span> 
     </span>
    </p>
   </div>
   <div class='ocr_carea' id='block_1_30' title="bbox 142 2714 3434 2798">
    <p class='ocr_par' dir='ltr' id='par_1_30' title="bbox 142 2714 3434 2798">
     <span class='ocr_line' id='line_1_30' title="bbox 142 2714 3434 2798; baseline -0.001 -16"><span class='ocrx_word' id='word_1_394' title='bbox 142 2725 423 2782; x_wconf 77' lang='lat' dir='ltr'><strong><em>Maximus</em></strong></span> <span class='ocrx_word' id='word_1_395' title='bbox 447 2725 732 2782; x_wconf 82' lang='lat' dir='ltr'><strong><em>conferens</em></strong></span> <span class='ocrx_word' id='word_1_396' title='bbox 761 2743 776 2779; x_wconf 86' lang='lat'><strong>:</strong></span> <span class='ocrx_word' id='word_1_397' title='bbox 810 2724 968 2781; x_wconf 75' lang='lat' dir='ltr'><strong><em>Recte</em></strong></span> <span class='ocrx_word' id='word_1_398' title='bbox 991 2726 1164 2798; x_wconf 85' lang='lat' dir='ltr'><strong><em>plane,</em></strong></span> <span class='ocrx_word' id='word_1_399' title='bbox 1199 2726 1401 2796; x_wconf 87' lang='lat' dir='ltr'><strong><em>inquit,</em></strong></span> <span class='ocrx_word' id='word_1_400' title='bbox 1433 2725 1688 2782; x_wconf 87' lang='lat' dir='ltr'><strong><em>Dominus</em></strong></span> <span class='ocrx_word' id='word_1_401' title='bbox 1718 2727 1836 2782; x_wconf 83' lang='lat' dir='ltr'><strong><em>huic</em></strong></span> <span class='ocrx_word' id='word_1_402' title='bbox 1862 2727 2120 2796; x_wconf 82' lang='lat' dir='ltr'><strong><em>(latroni)</em></strong></span> <span class='ocrx_word' id='word_1_403' title='bbox 2151 2728 2311 2782; x_wconf 90' lang='lat' dir='ltr'><strong><em>donat</em></strong></span> <span class='ocrx_word' id='word_1_404' title='bbox 2333 2726 2660 2796; x_wconf 83' lang='lat' dir='ltr'><strong><em>paradisum,</em></strong></span> <span class='ocrx_word' id='word_1_405' title='bbox 2691 2727 2813 2797; x_wconf 90' lang='lat' dir='ltr'><strong><em>quia</em></strong></span> <span class='ocrx_word' id='word_1_406' title='bbox 2841 2742 2988 2798; x_wconf 84' lang='lat' dir='ltr'><strong><em>quem</em></strong></span> <span class='ocrx_word' id='word_1_407' title='bbox 3013 2714 3181 2780; x_wconf 73' lang='lat' dir='ltr'><strong><em>ludas</em></strong></span> <span class='ocrx_word' id='word_1_408' title='bbox 3211 2721 3434 2781; x_wconf 82' lang='lat' dir='ltr'><strong><em>Iscariot</em></strong></span> 
     </span>
    </p>
   </div>
   <div class='ocr_carea' id='block_1_31' title="bbox 143 2815 3434 2890">
    <p class='ocr_par' dir='ltr' id='par_1_31' title="bbox 143 2815 3434 2890">
     <span class='ocr_line' id='line_1_31' title="bbox 143 2815 3434 2890; baseline -0.001 -15"><span class='ocrx_word' id='word_1_409' title='bbox 143 2821 206 2875; x_wconf 89' lang='lat' dir='ltr'><strong><em>in</em></strong></span> <span class='ocrx_word' id='word_1_410' title='bbox 235 2817 445 2873; x_wconf 86' lang='lat' dir='ltr'><strong><em>hortulo</em></strong></span> <span class='ocrx_word' id='word_1_411' title='bbox 474 2817 708 2889; x_wconf 84' lang='lat' dir='ltr'><strong><em>paradisi</em></strong></span> <span class='ocrx_word' id='word_1_412' title='bbox 735 2816 1082 2883; x_wconf 65' lang='lat' dir='ltr'><strong><em>distraxerat,</em></strong></span> <span class='ocrx_word' id='word_1_413' title='bbox 1114 2818 1196 2872; x_wconf 88' lang='lat' dir='ltr'><strong><em>hic</em></strong></span> <span class='ocrx_word' id='word_1_414' title='bbox 1224 2820 1278 2872; x_wconf 90' lang='lat' dir='ltr'><strong><em>in</em></strong></span> <span class='ocrx_word' id='word_1_415' title='bbox 1305 2819 1469 2873; x_wconf 86' lang='lat' dir='ltr'><strong><em>crucis</em></strong></span> <span class='ocrx_word' id='word_1_416' title='bbox 1505 2817 1736 2890; x_wconf 89' lang='lat' dir='ltr'><strong><em>patibulo</em></strong></span> <span class='ocrx_word' id='word_1_417' title='bbox 1766 2819 2060 2889; x_wconf 83' lang='lat' dir='ltr'><strong><em>confitetur.</em></strong></span> <span class='ocrx_word' id='word_1_418' title='bbox 2114 2815 2255 2872; x_wconf 79' lang='lat' dir='ltr'><strong><em>Mira</em></strong></span> <span class='ocrx_word' id='word_1_419' title='bbox 2303 2818 2429 2872; x_wconf 88' lang='lat' dir='ltr'><strong><em>res!</em></strong></span> <span class='ocrx_word' id='word_1_420' title='bbox 2457 2817 2730 2887; x_wconf 74' lang='lat' dir='ltr'><strong><em>conﬁtetur</em></strong></span> <span class='ocrx_word' id='word_1_421' title='bbox 2775 2817 2908 2872; x_wconf 87' lang='lat' dir='ltr'><strong><em>latro</em></strong></span> <span class='ocrx_word' id='word_1_422' title='bbox 2955 2833 3103 2890; x_wconf 83' lang='lat' dir='ltr'><strong><em>quem</em></strong></span> <span class='ocrx_word' id='word_1_423' title='bbox 3153 2815 3434 2888; x_wconf 83' lang='lat' dir='ltr'><strong><em>discipulus</em></strong></span> 
     </span>
    </p>
   </div>
   <div class='ocr_carea' id='block_1_32' title="bbox 145 2897 3432 2982">
    <p class='ocr_par' dir='ltr' id='par_1_32' title="bbox 145 2897 3432 2982">
     <span class='ocr_line' id='line_1_32' title="bbox 145 2897 3432 2982; baseline -0.001 -18"><span class='ocrx_word' id='word_1_424' title='bbox 145 2905 452 2980; x_wconf 78' lang='lat' dir='ltr'><strong><em>abnegavit.</em></strong></span> <span class='ocrx_word' id='word_1_425' title='bbox 483 2905 644 2972; x_wconf 70' lang='lat' dir='ltr'><strong><em>Mira,</em></strong></span> <span class='ocrx_word' id='word_1_426' title='bbox 669 2908 912 2980; x_wconf 87' lang='lat' dir='ltr'><strong><em>inquam,</em></strong></span> <span class='ocrx_word' id='word_1_427' title='bbox 943 2906 1255 2962; x_wconf 82' lang='lat' dir='ltr'><strong><em>releatro</em></strong></span> <span class='ocrx_word' id='word_1_428' title='bbox 1284 2897 1594 2980; x_wconf 81' lang='lat' dir='ltr'><strong><em>honorificat</em></strong></span> <span class='ocrx_word' id='word_1_429' title='bbox 1621 2909 1931 2976; x_wconf 85' lang='lat' dir='ltr'><strong><em>patientem,</em></strong></span> <span class='ocrx_word' id='word_1_430' title='bbox 1975 2925 2121 2982; x_wconf 83' lang='lat' dir='ltr'><strong><em>quem</em></strong></span> <span class='ocrx_word' id='word_1_431' title='bbox 2165 2907 2333 2962; x_wconf 81' lang='lat' dir='ltr'><strong><em>ludas</em></strong></span> <span class='ocrx_word' id='word_1_432' title='bbox 2382 2907 2612 2977; x_wconf 83' lang='lat' dir='ltr'><strong><em>prodidit</em></strong></span> <span class='ocrx_word' id='word_1_433' title='bbox 2659 2911 2993 2964; x_wconf 86' lang='lat' dir='ltr'><strong><em>osculantem.</em></strong></span> <span class='ocrx_word' id='word_1_434' title='bbox 3049 2909 3126 2964; x_wconf 82' lang='lat' dir='ltr'><strong><em>Ab</em></strong></span> <span class='ocrx_word' id='word_1_435' title='bbox 3168 2910 3262 2965; x_wconf 89' lang='lat' dir='ltr'><strong><em>hoc</em></strong></span> <span class='ocrx_word' id='word_1_436' title='bbox 3289 2910 3432 2980; x_wconf 82' lang='lat' dir='ltr'><strong><em>pacis</em></strong></span> 
     </span>
    </p>
   </div>
   <div class='ocr_carea' id='block_1_33' title="bbox 145 2997 3431 3074">
    <p class='ocr_par' dir='ltr' id='par_1_33' title="bbox 145 2997 3431 3074">
     <span class='ocr_line' id='line_1_33' title="bbox 145 2997 3431 3074; baseline 0.001 -20"><span class='ocrx_word' id='word_1_437' title='bbox 145 2999 511 3058; x_wconf 89' lang='lat' dir='ltr'><strong><em>blandimenta</em></strong></span> <span class='ocrx_word' id='word_1_438' title='bbox 549 3000 855 3068; x_wconf 77' lang='lat' dir='ltr'><strong><em>cenduntur,</em></strong></span> <span class='ocrx_word' id='word_1_439' title='bbox 893 2999 954 3055; x_wconf 76' lang='lat' dir='ltr'><strong><em>ab</em></strong></span> <span class='ocrx_word' id='word_1_440' title='bbox 1001 3001 1094 3056; x_wconf 88' lang='lat' dir='ltr'><strong><em>illo</em></strong></span> <span class='ocrx_word' id='word_1_441' title='bbox 1139 3001 1306 3056; x_wconf 89' lang='lat' dir='ltr'><strong><em>crucis</em></strong></span> <span class='ocrx_word' id='word_1_442' title='bbox 1347 3000 1560 3056; x_wconf 80' lang='lat' dir='ltr'><strong><em>vulnera</em></strong></span> <span class='ocrx_word' id='word_1_443' title='bbox 1585 3002 1956 3072; x_wconf 77' lang='lat' dir='ltr'><strong><em>prtcdicautur.</em></strong></span> <span class='ocrx_word' id='word_1_444' title='bbox 2001 3001 2070 3056; x_wconf 84' lang='lat' dir='ltr'><strong><em>Et</em></strong></span> <span class='ocrx_word' id='word_1_445' title='bbox 2097 3003 2312 3058; x_wconf 82' lang='lat' dir='ltr'><strong><em>humilia</em></strong></span> <span class='ocrx_word' id='word_1_446' title='bbox 2342 3000 2432 3067; x_wconf 70' lang='grc'><strong>52,</strong></span> <span class='ocrx_word' id='word_1_447' title='bbox 2463 3017 2586 3072; x_wconf 86' lang='lat' dir='ltr'><strong><em>pag.</em></strong></span> <span class='ocrx_word' id='word_1_448' title='bbox 2616 2997 2754 3056; x_wconf 65' lang='lat'><strong>162:</strong></span> <span class='ocrx_word' id='word_1_449' title='bbox 2782 3001 2952 3057; x_wconf 75' lang='lat' dir='ltr'><strong><em>ludas</em></strong></span> <span class='ocrx_word' id='word_1_450' title='bbox 2978 3011 3247 3074; x_wconf 72' lang='lat' dir='ltr'><strong><em>postquam</em></strong></span> <span class='ocrx_word' id='word_1_451' title='bbox 3275 2999 3431 3073; x_wconf 58' lang='lat' dir='ltr'><strong><em>ﬁdbm</em></strong></span> 
     </span>
    </p>
   </div>
   <div class='ocr_carea' id='block_1_34' title="bbox 143 3093 3429 3166">
    <p class='ocr_par' dir='ltr' id='par_1_34' title="bbox 143 3093 3429 3166">
     <span class='ocr_line' id='line_1_34' title="bbox 143 3093 3429 3166; baseline -0 -18"><span class='ocrx_word' id='word_1_452' title='bbox 143 3093 402 3166; x_wconf 82' lang='lat' dir='ltr'><strong><em>perdidit,</em></strong></span> <span class='ocrx_word' id='word_1_453' title='bbox 432 3093 783 3148; x_wconf 88' lang='lat' dir='ltr'><strong><em>innocentiam</em></strong></span> <span class='ocrx_word' id='word_1_454' title='bbox 809 3093 1128 3166; x_wconf 78' lang='lat' dir='ltr'><strong><em>apostolatus</em></strong></span> <span class='ocrx_word' id='word_1_455' title='bbox 1156 3095 1348 3150; x_wconf 89' lang='lat' dir='ltr'><strong><em>amisit.</em></strong></span> <span class='ocrx_word' id='word_1_456' title='bbox 1383 3093 1626 3150; x_wconf 84' lang='lat' dir='ltr'><strong><em>Omnium</em></strong></span> <span class='ocrx_word' id='word_1_457' title='bbox 1653 3097 1790 3150; x_wconf 87' lang='lat' dir='ltr'><strong><em>enim</em></strong></span> <span class='ocrx_word' id='word_1_458' title='bbox 1817 3095 2087 3149; x_wconf 82' lang='lat' dir='ltr'><strong><em>criminum</em></strong></span> <span class='ocrx_word' id='word_1_459' title='bbox 2115 3109 2231 3148; x_wconf 91' lang='lat' dir='ltr'><strong><em>reus</em></strong></span> <span class='ocrx_word' id='word_1_460' title='bbox 2272 3095 2439 3165; x_wconf 79' lang='lat' dir='ltr'><strong><em>factus</em></strong></span> <span class='ocrx_word' id='word_1_461' title='bbox 2481 3101 2584 3156; x_wconf 89' lang='lat' dir='ltr'><strong><em>est,</em></strong></span> <span class='ocrx_word' id='word_1_462' title='bbox 2614 3102 2885 3165; x_wconf 75' lang='lat' dir='ltr'><strong><em>postquam</em></strong></span> <span class='ocrx_word' id='word_1_463' title='bbox 2921 3095 3165 3148; x_wconf 75' lang='lat' dir='ltr'><strong><em>uirtutum</em></strong></span> <span class='ocrx_word' id='word_1_464' title='bbox 3203 3094 3429 3148; x_wconf 88' lang='lat' dir='ltr'><strong><em>omnium</em></strong></span> 
     </span>
    </p>
   </div>
   <div class='ocr_carea' id='block_1_35' title="bbox 144 3184 3430 3262">
    <p class='ocr_par' dir='ltr' id='par_1_35' title="bbox 144 3184 3430 3262">
     <span class='ocr_line' id='line_1_35' title="bbox 144 3184 3430 3262; baseline -0.002 -18"><span class='ocrx_word' id='word_1_465' title='bbox 144 3187 441 3244; x_wconf 76' lang='lat' dir='ltr'><strong><em>Dominum</em></strong></span> <span class='ocrx_word' id='word_1_466' title='bbox 466 3187 754 3259; x_wconf 75' lang='lat' dir='ltr'><strong><em>denegauit.</em></strong></span> <span class='ocrx_word' id='word_1_467' title='bbox 787 3225 802 3242; x_wconf 90' lang='lat'><strong><em>.</em></strong></span> <span class='ocrx_word' id='word_1_468' title='bbox 837 3227 852 3243; x_wconf 93' lang='lat'><strong><em>.</em></strong></span> <span class='ocrx_word' id='word_1_469' title='bbox 887 3227 902 3243; x_wconf 93' lang='lat'><strong><em>.</em></strong></span> <span class='ocrx_word' id='word_1_470' title='bbox 937 3227 952 3243; x_wconf 95' lang='lat'><strong><em>.</em></strong></span> <span class='ocrx_word' id='word_1_471' title='bbox 987 3227 1004 3246; x_wconf 89' lang='lat'><strong><em>.</em></strong></span> <span class='ocrx_word' id='word_1_472' title='bbox 1032 3187 1190 3244; x_wconf 87' lang='lat' dir='ltr'><strong><em>Facit</em></strong></span> <span class='ocrx_word' id='word_1_473' title='bbox 1214 3191 1376 3262; x_wconf 76' lang='lat' dir='ltr'><strong><em>igitur</em></strong></span> <span class='ocrx_word' id='word_1_474' title='bbox 1401 3197 1451 3246; x_wconf 87' lang='lat' dir='ltr'><strong><em>et</em></strong></span> <span class='ocrx_word' id='word_1_475' title='bbox 1479 3191 1612 3262; x_wconf 80' lang='lat' dir='ltr'><strong><em>fides</em></strong></span> <span class='ocrx_word' id='word_1_476' title='bbox 1635 3191 1931 3246; x_wconf 82' lang='lat' dir='ltr'><strong><em>innocentes</em></strong></span> <span class='ocrx_word' id='word_1_477' title='bbox 1960 3190 2207 3255; x_wconf 83' lang='lat' dir='ltr'><strong><em>latrones,</em></strong></span> <span class='ocrx_word' id='word_1_478' title='bbox 2237 3197 2287 3244; x_wconf 87' lang='lat' dir='ltr'><strong><em>et</em></strong></span> <span class='ocrx_word' id='word_1_479' title='bbox 2313 3189 2536 3261; x_wconf 76' lang='lat' dir='ltr'><strong><em>perﬁdia</em></strong></span> <span class='ocrx_word' id='word_1_480' title='bbox 2565 3189 2827 3260; x_wconf 88' lang='lat' dir='ltr'><strong><em>apostolos</em></strong></span> <span class='ocrx_word' id='word_1_481' title='bbox 2852 3189 3174 3242; x_wconf 85' lang='lat' dir='ltr'><strong><em>criminosas.</em></strong></span> <span class='ocrx_word' id='word_1_482' title='bbox 3199 3184 3304 3240; x_wconf 88' lang='lat' dir='ltr'><strong><em>Sed</em></strong></span> <span class='ocrx_word' id='word_1_483' title='bbox 3331 3185 3430 3239; x_wconf 83' lang='lat' dir='ltr'><strong><em>hac</em></strong></span> 
     </span>
    </p>
   </div>
   <div class='ocr_carea' id='block_1_36' title="bbox 144 3273 3426 3352">
    <p class='ocr_par' dir='ltr' id='par_1_36' title="bbox 144 3273 3426 3352">
     <span class='ocr_line' id='line_1_36' title="bbox 144 3273 3426 3352; baseline -0.002 -14"><span class='ocrx_word' id='word_1_484' title='bbox 144 3281 219 3338; x_wconf 87' lang='lat' dir='ltr'><strong><em>de</em></strong></span> <span class='ocrx_word' id='word_1_485' title='bbox 244 3296 311 3338; x_wconf 86' lang='lat' dir='ltr'><strong><em>re</em></strong></span> <span class='ocrx_word' id='word_1_486' title='bbox 343 3279 500 3351; x_wconf 87' lang='lat' dir='ltr'><strong><em>plura</em></strong></span> <span class='ocrx_word' id='word_1_487' title='bbox 545 3279 794 3350; x_wconf 86' lang='lat' dir='ltr'><strong><em>persequi</em></strong></span> <span class='ocrx_word' id='word_1_488' title='bbox 823 3295 932 3336; x_wconf 91' lang='lat' dir='ltr'><strong><em>non</em></strong></span> <span class='ocrx_word' id='word_1_489' title='bbox 958 3287 1043 3336; x_wconf 88' lang='lat' dir='ltr'><strong><em>est</em></strong></span> <span class='ocrx_word' id='word_1_490' title='bbox 1069 3295 1225 3351; x_wconf 89' lang='lat' dir='ltr'><strong><em>opus.</em></strong></span> <span class='ocrx_word' id='word_1_491' title='bbox 1278 3280 1356 3336; x_wconf 90' lang='lat' dir='ltr'><strong><em>De</em></strong></span> <span class='ocrx_word' id='word_1_492' title='bbox 1395 3280 1600 3352; x_wconf 83' lang='lat' dir='ltr'><strong><em>judicio</em></strong></span> <span class='ocrx_word' id='word_1_493' title='bbox 1627 3281 1684 3336; x_wconf 91' lang='lat' dir='ltr'><strong><em>in</em></strong></span> <span class='ocrx_word' id='word_1_494' title='bbox 1709 3279 1980 3336; x_wconf 79' lang='lat' dir='ltr'><strong><em>Christum</em></strong></span> <span class='ocrx_word' id='word_1_495' title='bbox 2007 3279 2253 3336; x_wconf 88' lang='lat' dir='ltr'><strong><em>instituto</em></strong></span> <span class='ocrx_word' id='word_1_496' title='bbox 2283 3294 2312 3333; x_wconf 89' lang='lat' dir='ltr'><strong><em>a</em></strong></span> <span class='ocrx_word' id='word_1_497' title='bbox 2343 3278 2516 3334; x_wconf 85' lang='lat' dir='ltr'><strong><em>Pilato</em></strong></span> <span class='ocrx_word' id='word_1_498' title='bbox 2545 3277 2740 3333; x_wconf 67' lang='lat' dir='ltr'><strong><em>Judaxe</em></strong></span> <span class='ocrx_word' id='word_1_499' title='bbox 2763 3277 2989 3348; x_wconf 80' lang='lat' dir='ltr'><strong><em>pr.eside</em></strong></span> <span class='ocrx_word' id='word_1_500' title='bbox 3014 3275 3179 3346; x_wconf 88' lang='lat' dir='ltr'><strong><em>(quod</em></strong></span> <span class='ocrx_word' id='word_1_501' title='bbox 3206 3273 3426 3345; x_wconf 80' lang='lat' dir='ltr'><strong><em>quidem</em></strong></span> 
     </span>
    </p>
   </div>
   <div class='ocr_carea' id='block_1_37' title="bbox 138 3362 3426 3444">
    <p class='ocr_par' dir='ltr' id='par_1_37' title="bbox 138 3362 3426 3444">
     <span class='ocr_line' id='line_1_37' title="bbox 138 3362 3426 3444; baseline -0.005 -15"><span class='ocrx_word' id='word_1_502' title='bbox 138 3371 413 3443; x_wconf 84' lang='lat' dir='ltr'><strong><em>judicium</em></strong></span> <span class='ocrx_word' id='word_1_503' title='bbox 442 3370 651 3440; x_wconf 63' lang='lat' dir='ltr'><strong><em>injuriae</em></strong></span> <span class='ocrx_word' id='word_1_504' title='bbox 679 3370 896 3440; x_wconf 89' lang='lat' dir='ltr'><strong><em>plenum</em></strong></span> <span class='ocrx_word' id='word_1_505' title='bbox 925 3369 1305 3441; x_wconf 72' lang='lat' dir='ltr'><strong><em>iniustitithue</em></strong></span> <span class='ocrx_word' id='word_1_506' title='bbox 1331 3369 1462 3444; x_wconf 81' lang='lat' dir='ltr'><strong><em>fuit)</em></strong></span> <span class='ocrx_word' id='word_1_507' title='bbox 1494 3372 1708 3442; x_wconf 83' lang='lat' dir='ltr'><strong><em>egregie</em></strong></span> <span class='ocrx_word' id='word_1_508' title='bbox 1737 3370 1999 3426; x_wconf 80' lang='lat' dir='ltr'><strong><em>Maximus</em></strong></span> <span class='ocrx_word' id='word_1_509' title='bbox 2023 3369 2239 3424; x_wconf 80' lang='lat' dir='ltr'><strong><em>disserit</em></strong></span> <span class='ocrx_word' id='word_1_510' title='bbox 2265 3368 2483 3422; x_wconf 82' lang='lat' dir='ltr'><strong><em>humilia</em></strong></span> <span class='ocrx_word' id='word_1_511' title='bbox 2513 3367 2600 3431; x_wconf 69' lang='grc'><strong><em>46,</em></strong></span> <span class='ocrx_word' id='word_1_512' title='bbox 2631 3381 2752 3436; x_wconf 84' lang='lat' dir='ltr'><strong><em>pag.</em></strong></span> <span class='ocrx_word' id='word_1_513' title='bbox 2781 3365 2901 3418; x_wconf 72' lang='lat' dir='ltr'><strong><em>iii.</em></strong></span> <span class='ocrx_word' id='word_1_514' title='bbox 2944 3365 3000 3418; x_wconf 89' lang='lat' dir='ltr'><strong><em>In</em></strong></span> <span class='ocrx_word' id='word_1_515' title='bbox 3042 3362 3241 3416; x_wconf 77' lang='lat' dir='ltr'><strong><em>Christi</em></strong></span> <span class='ocrx_word' id='word_1_516' title='bbox 3268 3378 3426 3416; x_wconf 87' lang='lat' dir='ltr'><strong><em>accu-</em></strong></span> 
     </span>
    </p>
   </div>
   <div class='ocr_carea' id='block_1_38' title="bbox 142 3447 3430 3532">
    <p class='ocr_par' dir='ltr' id='par_1_38' title="bbox 142 3447 3430 3532">
     <span class='ocr_line' id='line_1_38' title="bbox 142 3447 3430 3532; baseline -0.005 -11"><span class='ocrx_word' id='word_1_517' title='bbox 142 3474 366 3520; x_wconf 85' lang='lat' dir='ltr'><strong><em>satores</em></strong></span> <span class='ocrx_word' id='word_1_518' title='bbox 393 3468 574 3518; x_wconf 86' lang='lat' dir='ltr'><strong><em>autem</em></strong></span> <span class='ocrx_word' id='word_1_519' title='bbox 594 3459 872 3529; x_wconf 66' lang='lat' dir='ltr'><strong><em>Hebraeos,</em></strong></span> <span class='ocrx_word' id='word_1_520' title='bbox 900 3461 992 3532; x_wconf 89' lang='lat' dir='ltr'><strong><em>qui</em></strong></span> <span class='ocrx_word' id='word_1_521' title='bbox 1018 3477 1079 3516; x_wconf 87' lang='lat' dir='ltr'><strong><em>se</em></strong></span> <span class='ocrx_word' id='word_1_522' title='bbox 1106 3477 1342 3532; x_wconf 84' lang='lat' dir='ltr'><strong><em>suosque</em></strong></span> <span class='ocrx_word' id='word_1_523' title='bbox 1367 3469 1616 3532; x_wconf 88' lang='lat' dir='ltr'><strong><em>posteros</em></strong></span> <span class='ocrx_word' id='word_1_524' title='bbox 1638 3462 1779 3516; x_wconf 88' lang='lat' dir='ltr'><strong><em>irent</em></strong></span> <span class='ocrx_word' id='word_1_525' title='bbox 1806 3461 2104 3530; x_wconf 86' lang='lat' dir='ltr'><strong><em>perditum,</em></strong></span> <span class='ocrx_word' id='word_1_526' title='bbox 2136 3459 2214 3514; x_wconf 82' lang='lat' dir='ltr'><strong><em>sic</em></strong></span> <span class='ocrx_word' id='word_1_527' title='bbox 2242 3458 2404 3512; x_wconf 86' lang='lat' dir='ltr'><strong><em>habet</em></strong></span> <span class='ocrx_word' id='word_1_528' title='bbox 2431 3471 2593 3510; x_wconf 89' lang='lat' dir='ltr'><strong><em>serm.</em></strong></span> <span class='ocrx_word' id='word_1_529' title='bbox 2626 3455 2712 3518; x_wconf 66' lang='lat'><strong><em>229,</em></strong></span> <span class='ocrx_word' id='word_1_530' title='bbox 2746 3467 2868 3524; x_wconf 84' lang='lat' dir='ltr'><strong><em>pag.</em></strong></span> <span class='ocrx_word' id='word_1_531' title='bbox 2903 3449 3005 3505; x_wconf 76' lang='grc'><strong>175</strong></span> <span class='ocrx_word' id='word_1_532' title='bbox 3034 3467 3150 3522; x_wconf 86' lang='lat' dir='ltr'><strong><em>seq.</em></strong></span> <span class='ocrx_word' id='word_1_533' title='bbox 3177 3447 3430 3504; x_wconf 83' lang='lat' dir='ltr'><strong><em>:-Crudeli</em></strong></span> 
     </span>
    </p>
   </div>
   <div class='ocr_carea' id='block_1_39' title="bbox 141 3538 3430 3624">
    <p class='ocr_par' dir='ltr' id='par_1_39' title="bbox 141 3538 3430 3624">
     <span class='ocr_line' id='line_1_39' title="bbox 141 3538 3430 3624; baseline -0.005 -13"><span class='ocrx_word' id='word_1_534' title='bbox 141 3553 408 3610; x_wconf 84' lang='lat' dir='ltr'><strong><em>sententia</em></strong></span> <span class='ocrx_word' id='word_1_535' title='bbox 429 3569 527 3607; x_wconf 89' lang='lat' dir='ltr'><strong><em>sua</em></strong></span> <span class='ocrx_word' id='word_1_536' title='bbox 573 3552 712 3624; x_wconf 83' lang='lat' dir='ltr'><strong><em>filios</em></strong></span> <span class='ocrx_word' id='word_1_537' title='bbox 748 3560 1081 3624; x_wconf 84' lang='lat' dir='ltr'><strong><em>posterosque</em></strong></span> <span class='ocrx_word' id='word_1_538' title='bbox 1121 3569 1241 3608; x_wconf 89' lang='lat' dir='ltr'><strong><em>suos</em></strong></span> <span class='ocrx_word' id='word_1_539' title='bbox 1287 3553 1561 3608; x_wconf 83' lang='lat' dir='ltr'><strong><em>sceleribus</em></strong></span> <span class='ocrx_word' id='word_1_540' title='bbox 1606 3551 1947 3614; x_wconf 71' lang='lat' dir='ltr'><strong><em>addixerunt,</em></strong></span> <span class='ocrx_word' id='word_1_541' title='bbox 1991 3550 2257 3605; x_wconf 89' lang='lat' dir='ltr'><strong><em>dicentes:</em></strong></span> <span class='ocrx_word' id='word_1_542' title='bbox 2288 3567 2306 3598; x_wconf 76' lang='grc' dir='ltr'>ι</span> <span class='ocrx_word' id='word_1_543' title='bbox 2337 3541 2564 3618; x_wconf 85' lang='lat' dir='ltr'><strong><em>Sanguis</em></strong></span> <span class='ocrx_word' id='word_1_544' title='bbox 2593 3544 2704 3615; x_wconf 85' lang='lat' dir='ltr'><strong><em>ejus</em></strong></span> <span class='ocrx_word' id='word_1_545' title='bbox 2733 3559 2885 3612; x_wconf 85' lang='lat' dir='ltr'><strong><em>super</em></strong></span> <span class='ocrx_word' id='word_1_546' title='bbox 2910 3558 3003 3595; x_wconf 91' lang='lat' dir='ltr'><strong><em>nos</em></strong></span> <span class='ocrx_word' id='word_1_547' title='bbox 3040 3551 3088 3594; x_wconf 91' lang='lat' dir='ltr'><strong><em>et</em></strong></span> <span class='ocrx_word' id='word_1_548' title='bbox 3115 3557 3266 3610; x_wconf 89' lang='lat' dir='ltr'><strong><em>super</em></strong></span> <span class='ocrx_word' id='word_1_549' title='bbox 3292 3538 3430 3611; x_wconf 80' lang='lat' dir='ltr'><strong><em>ﬁlios</em></strong></span> 
     </span>
    </p>
   </div>
   <div class='ocr_carea' id='block_1_40' title="bbox 143 3627 3428 3714">
    <p class='ocr_par' dir='ltr' id='par_1_40' title="bbox 143 3627 3428 3714">
     <span class='ocr_line' id='line_1_40' title="bbox 143 3627 3428 3714; baseline -0.003 -17"><span class='ocrx_word' id='word_1_550' title='bbox 143 3651 410 3698; x_wconf 64' lang='lat' dir='ltr'><strong><em>nostros.-</em></strong></span> <span class='ocrx_word' id='word_1_551' title='bbox 444 3639 680 3696; x_wconf 87' lang='lat' dir='ltr'><strong><em>Crudelis</em></strong></span> <span class='ocrx_word' id='word_1_552' title='bbox 707 3642 962 3696; x_wconf 87' lang='lat' dir='ltr'><strong><em>sententia</em></strong></span> <span class='ocrx_word' id='word_1_553' title='bbox 985 3640 1307 3709; x_wconf 74' lang='lat' dir='ltr'><strong><em>Judororum,</em></strong></span> <span class='ocrx_word' id='word_1_554' title='bbox 1338 3642 1428 3714; x_wconf 87' lang='lat' dir='ltr'><strong><em>qui</em></strong></span> <span class='ocrx_word' id='word_1_555' title='bbox 1455 3643 1690 3714; x_wconf 80' lang='lat' dir='ltr'><strong><em>facinore</em></strong></span> <span class='ocrx_word' id='word_1_556' title='bbox 1715 3657 1806 3695; x_wconf 87' lang='lat' dir='ltr'><strong><em>suo</em></strong></span> <span class='ocrx_word' id='word_1_557' title='bbox 1847 3655 1951 3694; x_wconf 89' lang='lat' dir='ltr'><strong><em>non</em></strong></span> <span class='ocrx_word' id='word_1_558' title='bbox 1978 3641 2144 3693; x_wconf 86' lang='lat' dir='ltr'><strong><em>solum</em></strong></span> <span class='ocrx_word' id='word_1_559' title='bbox 2172 3646 2452 3707; x_wconf 73' lang='lat' dir='ltr'><strong><em>prwsentes</em></strong></span> <span class='ocrx_word' id='word_1_560' title='bbox 2495 3627 2681 3688; x_wconf 87' lang='lat' dir='ltr'><strong><em>liberos</em></strong></span> <span class='ocrx_word' id='word_1_561' title='bbox 2711 3631 2978 3696; x_wconf 86' lang='lat' dir='ltr'><strong><em>damnant,</em></strong></span> <span class='ocrx_word' id='word_1_562' title='bbox 3012 3631 3100 3685; x_wconf 84' lang='lat' dir='ltr'><strong><em>sed</em></strong></span> <span class='ocrx_word' id='word_1_563' title='bbox 3127 3633 3284 3686; x_wconf 88' lang='lat' dir='ltr'><strong><em>etiam</em></strong></span> <span class='ocrx_word' id='word_1_564' title='bbox 3324 3648 3428 3687; x_wconf 87' lang='lat' dir='ltr'><strong><em>non</em></strong></span> 
     </span>
    </p>
   </div>
   <div class='ocr_carea' id='block_1_41' title="bbox 95 3718 3425 3802">
    <p class='ocr_par' dir='ltr' id='par_1_41' title="bbox 95 3718 3425 3802">
     <span class='ocr_line' id='line_1_41' title="bbox 95 3718 3425 3802; baseline -0.003 -12"><span class='ocrx_word' id='word_1_565' title='bbox 95 3744 122 3767; x_wconf 82' lang='grc'><strong>⁸</strong></span> <span class='ocrx_word' id='word_1_566' title='bbox 146 3744 302 3791; x_wconf 84' lang='lat' dir='ltr'><strong><em>natos</em></strong></span> <span class='ocrx_word' id='word_1_567' title='bbox 329 3732 587 3790; x_wconf 88' lang='lat' dir='ltr'><strong><em>occidunt.</em></strong></span> <span class='ocrx_word' id='word_1_568' title='bbox 621 3729 853 3797; x_wconf 85' lang='lat' dir='ltr'><strong><em>Quantos</em></strong></span> <span class='ocrx_word' id='word_1_569' title='bbox 881 3735 1017 3787; x_wconf 88' lang='lat' dir='ltr'><strong><em>enim</em></strong></span> <span class='ocrx_word' id='word_1_570' title='bbox 1045 3733 1141 3787; x_wconf 83' lang='lat' dir='ltr'><strong><em>hac</em></strong></span> <span class='ocrx_word' id='word_1_571' title='bbox 1169 3750 1286 3789; x_wconf 80' lang='lat' dir='ltr'><strong><em>voce</em></strong></span> <span class='ocrx_word' id='word_1_572' title='bbox 1314 3734 1386 3788; x_wconf 90' lang='lat' dir='ltr'><strong><em>ad</em></strong></span> <span class='ocrx_word' id='word_1_573' title='bbox 1414 3731 1783 3788; x_wconf 87' lang='lat' dir='ltr'><strong><em>conscientiam</em></strong></span> <span class='ocrx_word' id='word_1_574' title='bbox 1829 3731 2080 3802; x_wconf 89' lang='lat' dir='ltr'><strong><em>facinoris</em></strong></span> <span class='ocrx_word' id='word_1_575' title='bbox 2119 3735 2298 3782; x_wconf 77' lang='lat' dir='ltr'><strong><em>vocant</em></strong></span> <span class='ocrx_word' id='word_1_576' title='bbox 2316 3767 2330 3792; x_wconf 92' lang='lat'><strong><em>,</em></strong></span> <span class='ocrx_word' id='word_1_577' title='bbox 2376 3744 2500 3798; x_wconf 88' lang='lat' dir='ltr'><strong><em>quos</em></strong></span> <span class='ocrx_word' id='word_1_578' title='bbox 2529 3725 2744 3780; x_wconf 88' lang='lat' dir='ltr'><strong><em>scientia</em></strong></span> <span class='ocrx_word' id='word_1_579' title='bbox 2785 3724 3015 3779; x_wconf 82' lang='lat' dir='ltr'><strong><em>criminis</em></strong></span> <span class='ocrx_word' id='word_1_580' title='bbox 3055 3741 3158 3779; x_wconf 88' lang='lat' dir='ltr'><strong><em>non</em></strong></span> <span class='ocrx_word' id='word_1_581' title='bbox 3204 3718 3425 3780; x_wconf 85' lang='lat' dir='ltr'><strong><em>tenebat.</em></strong></span> 
     </span>
    </p>
   </div>
   <div class='ocr_carea' id='block_1_42' title="bbox 144 3815 3428 3895">
    <p class='ocr_par' dir='ltr' id='par_1_42' title="bbox 144 3815 3428 3895">
     <span class='ocr_line' id='line_1_42' title="bbox 144 3815 3428 3895; baseline -0.002 -17"><span class='ocrx_word' id='word_1_582' title='bbox 144 3823 410 3889; x_wconf 83' lang='lat' dir='ltr'><strong><em>Crudelis,</em></strong></span> <span class='ocrx_word' id='word_1_583' title='bbox 440 3823 670 3895; x_wconf 87' lang='lat' dir='ltr'><strong><em>inquam,</em></strong></span> <span class='ocrx_word' id='word_1_584' title='bbox 693 3824 951 3895; x_wconf 87' lang='lat' dir='ltr'><strong><em>impietas,</em></strong></span> <span class='ocrx_word' id='word_1_585' title='bbox 971 3815 1108 3894; x_wconf 79' lang='lat' dir='ltr'><strong><em>quini</em></strong></span> <span class='ocrx_word' id='word_1_586' title='bbox 1125 3832 1359 3894; x_wconf 89' lang='lat' dir='ltr'><strong><em>posteros</em></strong></span> <span class='ocrx_word' id='word_1_587' title='bbox 1387 3831 1510 3876; x_wconf 89' lang='lat' dir='ltr'><strong><em>ante</em></strong></span> <span class='ocrx_word' id='word_1_588' title='bbox 1534 3824 1590 3875; x_wconf 91' lang='lat' dir='ltr'><strong><em>in</em></strong></span> <span class='ocrx_word' id='word_1_589' title='bbox 1617 3831 1816 3876; x_wconf 87' lang='lat' dir='ltr'><strong><em>reatum</em></strong></span> <span class='ocrx_word' id='word_1_590' title='bbox 1837 3829 2002 3886; x_wconf 80' lang='lat' dir='ltr'><strong><em>racat,</em></strong></span> <span class='ocrx_word' id='word_1_591' title='bbox 2033 3837 2186 3890; x_wconf 88' lang='lat' dir='ltr'><strong><em>quam</em></strong></span> <span class='ocrx_word' id='word_1_592' title='bbox 2213 3815 2448 3890; x_wconf 84' lang='lat' dir='ltr'><strong><em>producit</em></strong></span> <span class='ocrx_word' id='word_1_593' title='bbox 2482 3821 2533 3873; x_wconf 89' lang='lat' dir='ltr'><strong><em>in</em></strong></span> <span class='ocrx_word' id='word_1_594' title='bbox 2563 3817 2743 3883; x_wconf 87' lang='lat' dir='ltr'><strong><em>lucem,</em></strong></span> <span class='ocrx_word' id='word_1_595' title='bbox 2770 3826 2825 3872; x_wconf 90' lang='lat' dir='ltr'><strong><em>ut</em></strong></span> <span class='ocrx_word' id='word_1_596' title='bbox 2847 3819 2992 3888; x_wconf 88' lang='lat' dir='ltr'><strong><em>prius</em></strong></span> <span class='ocrx_word' id='word_1_597' title='bbox 3021 3819 3205 3890; x_wconf 87' lang='lat' dir='ltr'><strong><em>futuris</em></strong></span> <span class='ocrx_word' id='word_1_598' title='bbox 3228 3821 3399 3874; x_wconf 89' lang='lat' dir='ltr'><strong><em>contin</em></strong></span> <span class='ocrx_word' id='word_1_599' title='bbox 3416 3849 3428 3860; x_wconf 94' lang='lat'><strong>-</strong></span> 
     </span>
    </p>
   </div>
   <div class='ocr_carea' id='block_1_43' title="bbox 144 3912 3426 3990">
    <p class='ocr_par' dir='ltr' id='par_1_43' title="bbox 144 3912 3426 3990">
     <span class='ocr_line' id='line_1_43' title="bbox 144 3912 3426 3990; baseline -0 -21"><span class='ocrx_word' id='word_1_600' title='bbox 144 3923 292 3990; x_wconf 84' lang='lat' dir='ltr'><strong><em>geret</em></strong></span> <span class='ocrx_word' id='word_1_601' title='bbox 319 3931 536 3984; x_wconf 89' lang='lat' dir='ltr'><strong><em>peccare</em></strong></span> <span class='ocrx_word' id='word_1_602' title='bbox 561 3931 716 3987; x_wconf 82' lang='lat' dir='ltr'><strong><em>quam</em></strong></span> <span class='ocrx_word' id='word_1_603' title='bbox 742 3915 924 3968; x_wconf 79' lang='lat' dir='ltr'><strong><em>vicere.</em></strong></span> <span class='ocrx_word' id='word_1_604' title='bbox 958 3913 1168 3968; x_wconf 88' lang='lat' dir='ltr'><strong><em>Cruenti</em></strong></span> <span class='ocrx_word' id='word_1_605' title='bbox 1204 3913 1360 3983; x_wconf 88' lang='lat' dir='ltr'><strong><em>plane</em></strong></span> <span class='ocrx_word' id='word_1_606' title='bbox 1386 3915 1672 3985; x_wconf 87' lang='lat' dir='ltr'><strong><em>genitores,</em></strong></span> <span class='ocrx_word' id='word_1_607' title='bbox 1703 3913 1789 3984; x_wconf 90' lang='lat' dir='ltr'><strong><em>qui</em></strong></span> <span class='ocrx_word' id='word_1_608' title='bbox 1833 3921 1954 3966; x_wconf 89' lang='lat' dir='ltr'><strong><em>ante</em></strong></span> <span class='ocrx_word' id='word_1_609' title='bbox 1977 3912 2253 3983; x_wconf 75' lang='lat' dir='ltr'><strong><em>parricida:</em></strong></span> <span class='ocrx_word' id='word_1_610' title='bbox 2305 3913 2428 3983; x_wconf 77' lang='lat' dir='ltr'><strong><em>facti</em></strong></span> <span class='ocrx_word' id='word_1_611' title='bbox 2456 3921 2574 3966; x_wconf 89' lang='lat' dir='ltr'><strong><em>sunt</em></strong></span> <span class='ocrx_word' id='word_1_612' title='bbox 2619 3929 2771 3984; x_wconf 81' lang='lat' dir='ltr'><strong><em>quant</em></strong></span> <span class='ocrx_word' id='word_1_613' title='bbox 2816 3921 3082 3982; x_wconf 78' lang='lat' dir='ltr'><strong><em>parentes;</em></strong></span> <span class='ocrx_word' id='word_1_614' title='bbox 3113 3923 3162 3966; x_wconf 87' lang='lat' dir='ltr'><strong><em>et</em></strong></span> <span class='ocrx_word' id='word_1_615' title='bbox 3197 3923 3317 3966; x_wconf 88' lang='lat' dir='ltr'><strong><em>ante</em></strong></span> <span class='ocrx_word' id='word_1_616' title='bbox 3340 3930 3426 3968; x_wconf 87' lang='lat' dir='ltr'><strong><em>eos</em></strong></span> 
     </span>
    </p>
   </div>
   <div class='ocr_carea' id='block_1_44' title="bbox 142 4001 3427 4076">
    <p class='ocr_par' dir='ltr' id='par_1_44' title="bbox 142 4001 3427 4076">
     <span class='ocr_line' id='line_1_44' title="bbox 142 4001 3427 4076; baseline -0.001 -16"><span class='ocrx_word' id='word_1_617' title='bbox 142 4006 320 4060; x_wconf 86' lang='lat' dir='ltr'><strong><em>socios</em></strong></span> <span class='ocrx_word' id='word_1_618' title='bbox 351 4020 472 4060; x_wconf 87' lang='lat' dir='ltr'><strong><em>suos</em></strong></span> <span class='ocrx_word' id='word_1_619' title='bbox 499 4003 774 4060; x_wconf 85' lang='lat' dir='ltr'><strong><em>sceleribus</em></strong></span> <span class='ocrx_word' id='word_1_620' title='bbox 802 4011 1210 4075; x_wconf 87' lang='lat' dir='ltr'><strong><em>assumpserunt,</em></strong></span> <span class='ocrx_word' id='word_1_621' title='bbox 1237 4020 1363 4075; x_wconf 87' lang='lat' dir='ltr'><strong><em>quos</em></strong></span> <span class='ocrx_word' id='word_1_622' title='bbox 1391 4012 1562 4058; x_wconf 90' lang='lat' dir='ltr'><strong><em>utrum</em></strong></span> <span class='ocrx_word' id='word_1_623' title='bbox 1615 4005 1880 4074; x_wconf 87' lang='lat' dir='ltr'><strong><em>sanguinis</em></strong></span> <span class='ocrx_word' id='word_1_624' title='bbox 1929 4005 2206 4075; x_wconf 86' lang='lat' dir='ltr'><strong><em>participes</em></strong></span> <span class='ocrx_word' id='word_1_625' title='bbox 2251 4013 2458 4074; x_wconf 86' lang='lat' dir='ltr'><strong><em>possent</em></strong></span> <span class='ocrx_word' id='word_1_626' title='bbox 2507 4001 2712 4069; x_wconf 87' lang='lat' dir='ltr'><strong><em>habere,</em></strong></span> <span class='ocrx_word' id='word_1_627' title='bbox 2744 4003 3052 4057; x_wconf 71' lang='lat' dir='ltr'><strong><em>nescierunt.</em></strong></span> <span class='ocrx_word' id='word_1_628' title='bbox 3101 4001 3223 4057; x_wconf 90' lang='lat' dir='ltr'><strong><em>Non</em></strong></span> <span class='ocrx_word' id='word_1_629' title='bbox 3268 4005 3427 4076; x_wconf 84' lang='lat' dir='ltr'><strong><em>igitur</em></strong></span> 
     </span>
    </p>
   </div>
   <div class='ocr_carea' id='block_1_45' title="bbox 143 4091 3426 4166">
    <p class='ocr_par' dir='ltr' id='par_1_45' title="bbox 143 4091 3426 4166">
     <span class='ocr_line' id='line_1_45' title="bbox 143 4091 3426 4166; baseline -0 -17"><span class='ocrx_word' id='word_1_630' title='bbox 143 4093 453 4149; x_wconf 87' lang='lat' dir='ltr'><strong><em>mirandum</em></strong></span> <span class='ocrx_word' id='word_1_631' title='bbox 477 4103 554 4149; x_wconf 88' lang='lat' dir='ltr'><strong><em>est</em></strong></span> <span class='ocrx_word' id='word_1_632' title='bbox 591 4095 639 4149; x_wconf 91' lang='lat' dir='ltr'><strong><em>si</em></strong></span> <span class='ocrx_word' id='word_1_633' title='bbox 679 4096 733 4148; x_wconf 89' lang='lat' dir='ltr'><strong><em>in</em></strong></span> <span class='ocrx_word' id='word_1_634' title='bbox 761 4093 1090 4150; x_wconf 77' lang='lat' dir='ltr'><strong><em>Salvatorem</em></strong></span> <span class='ocrx_word' id='word_1_635' title='bbox 1117 4102 1224 4148; x_wconf 89' lang='lat' dir='ltr'><strong><em>tam</em></strong></span> <span class='ocrx_word' id='word_1_636' title='bbox 1251 4093 1479 4148; x_wconf 88' lang='lat' dir='ltr'><strong><em>crudeles</em></strong></span> <span class='ocrx_word' id='word_1_637' title='bbox 1507 4095 1736 4166; x_wconf 87' lang='lat' dir='ltr'><strong><em>fuerunt,</em></strong></span> <span class='ocrx_word' id='word_1_638' title='bbox 1763 4095 1849 4165; x_wconf 87' lang='lat' dir='ltr'><strong><em>qui</em></strong></span> <span class='ocrx_word' id='word_1_639' title='bbox 1887 4095 2193 4147; x_wconf 70' lang='lat' dir='ltr'><strong><em>exstiterunt</em></strong></span> <span class='ocrx_word' id='word_1_640' title='bbox 2237 4095 2290 4148; x_wconf 90' lang='lat' dir='ltr'><strong><em>in</em></strong></span> <span class='ocrx_word' id='word_1_641' title='bbox 2335 4107 2455 4147; x_wconf 87' lang='lat' dir='ltr'><strong><em>suos</em></strong></span> <span class='ocrx_word' id='word_1_642' title='bbox 2497 4101 2726 4164; x_wconf 87' lang='lat' dir='ltr'><strong><em>posteros</em></strong></span> <span class='ocrx_word' id='word_1_643' title='bbox 2757 4101 2862 4146; x_wconf 88' lang='lat' dir='ltr'><strong><em>tam</em></strong></span> <span class='ocrx_word' id='word_1_644' title='bbox 2893 4092 3142 4146; x_wconf 81' lang='lat' dir='ltr'><strong><em>crudeles.</em></strong></span> <span class='ocrx_word' id='word_1_645' title='bbox 3175 4091 3426 4148; x_wconf 79' lang='lat' dir='ltr'><strong><em>Tacuisse</em></strong></span> 
     </span>
    </p>
   </div>
   <div class='ocr_carea' id='block_1_46' title="bbox 143 4176 3425 4260">
    <p class='ocr_par' dir='ltr' id='par_1_46' title="bbox 143 4176 3425 4260">
     <span class='ocr_line' id='line_1_46' title="bbox 143 4176 3425 4260; baseline 0 -22"><span class='ocrx_word' id='word_1_646' title='bbox 143 4198 280 4240; x_wconf 77' lang='lat' dir='ltr'><strong><em>vero</em></strong></span> <span class='ocrx_word' id='word_1_647' title='bbox 308 4176 605 4251; x_wconf 85' lang='lat' dir='ltr'><strong><em>Christum,</em></strong></span> <span class='ocrx_word' id='word_1_648' title='bbox 637 4184 764 4240; x_wconf 87' lang='lat' dir='ltr'><strong><em>dum</em></strong></span> <span class='ocrx_word' id='word_1_649' title='bbox 789 4193 1148 4251; x_wconf 80' lang='lat' dir='ltr'><strong><em>accusaretur,</em></strong></span> <span class='ocrx_word' id='word_1_650' title='bbox 1179 4183 1330 4260; x_wconf 67' lang='lat' dir='ltr'><strong><em>[cxx]</em></strong></span> <span class='ocrx_word' id='word_1_651' title='bbox 1358 4185 1620 4242; x_wconf 78' lang='lat' dir='ltr'><strong><em>Maximus</em></strong></span> <span class='ocrx_word' id='word_1_652' title='bbox 1665 4194 1880 4251; x_wconf 88' lang='lat' dir='ltr'><strong><em>monet,</em></strong></span> <span class='ocrx_word' id='word_1_653' title='bbox 1934 4187 2266 4257; x_wconf 87' lang='lat' dir='ltr'><strong><em>tacendoque</em></strong></span> <span class='ocrx_word' id='word_1_654' title='bbox 2294 4203 2444 4241; x_wconf 88' lang='lat' dir='ltr'><strong><em>suam</em></strong></span> <span class='ocrx_word' id='word_1_655' title='bbox 2475 4185 2822 4242; x_wconf 79' lang='lat' dir='ltr'><strong><em>conﬁrmasse</em></strong></span> <span class='ocrx_word' id='word_1_656' title='bbox 2853 4185 3230 4251; x_wconf 83' lang='lat' dir='ltr'><strong><em>innocentiam,</em></strong></span> <span class='ocrx_word' id='word_1_657' title='bbox 3265 4195 3425 4257; x_wconf 86' lang='lat' dir='ltr'><strong><em>atque</em></strong></span> 
     </span>
    </p>
   </div>
   <div class='ocr_carea' id='block_1_47' title="bbox 143 4271 3424 4356">
    <p class='ocr_par' dir='ltr' id='par_1_47' title="bbox 143 4271 3424 4356">
     <span class='ocr_line' id='line_1_47' title="bbox 143 4271 3424 4356; baseline 0.001 -29"><span class='ocrx_word' id='word_1_658' title='bbox 143 4273 430 4356; x_wconf 51' lang='lat' dir='ltr'><strong><em>uictoriam</em></strong></span> <span class='ocrx_word' id='word_1_659' title='bbox 459 4283 786 4346; x_wconf 82' lang='lat' dir='ltr'><strong><em>reportasse.</em></strong></span> <span class='ocrx_word' id='word_1_660' title='bbox 815 4271 1048 4330; x_wconf 82' lang='lat' dir='ltr'><strong><em>Homilia</em></strong></span> <span class='ocrx_word' id='word_1_661' title='bbox 1073 4274 1162 4339; x_wconf 66' lang='grc'><strong><em>46,</em></strong></span> <span class='ocrx_word' id='word_1_662' title='bbox 1191 4289 1315 4348; x_wconf 74' lang='lat' dir='ltr'><strong><em>pag.</em></strong></span> <span class='ocrx_word' id='word_1_663' title='bbox 1350 4275 1444 4329; x_wconf 73' lang='grc'><strong>141</strong></span> <span class='ocrx_word' id='word_1_664' title='bbox 1471 4292 1610 4348; x_wconf 86' lang='lat' dir='ltr'><strong><em>seq.:</em></strong></span> <span class='ocrx_word' id='word_1_665' title='bbox 1643 4276 1866 4345; x_wconf 72' lang='lat' dir='ltr'><strong><em>Mirum,</em></strong></span> <span class='ocrx_word' id='word_1_666' title='bbox 1899 4279 2088 4347; x_wconf 89' lang='lat' dir='ltr'><strong><em>inquit,</em></strong></span> <span class='ocrx_word' id='word_1_667' title='bbox 2123 4280 2346 4351; x_wconf 90' lang='lat' dir='ltr'><strong><em>forsitan</em></strong></span> <span class='ocrx_word' id='word_1_668' title='bbox 2373 4277 2620 4346; x_wconf 80' lang='lat' dir='ltr'><strong><em>videatur,</em></strong></span> <span class='ocrx_word' id='word_1_669' title='bbox 2654 4279 2862 4351; x_wconf 75' lang='lat' dir='ltr'><strong><em>fratres,</em></strong></span> <span class='ocrx_word' id='word_1_670' title='bbox 2887 4297 2977 4333; x_wconf 88' lang='lat' dir='ltr'><strong><em>cur</em></strong></span> <span class='ocrx_word' id='word_1_671' title='bbox 3006 4277 3259 4334; x_wconf 84' lang='lat' dir='ltr'><strong><em>Dominus</em></strong></span> <span class='ocrx_word' id='word_1_672' title='bbox 3285 4275 3424 4350; x_wconf 82' lang='lat' dir='ltr'><strong><em>apud</em></strong></span> 
     </span>
    </p>
   </div>
   <div class='ocr_carea' id='block_1_48' title="bbox 147 4363 3424 4446">
    <p class='ocr_par' dir='ltr' id='par_1_48' title="bbox 147 4363 3424 4446">
     <span class='ocr_line' id='line_1_48' title="bbox 147 4363 3424 4446; baseline 0.001 -29"><span class='ocrx_word' id='word_1_673' title='bbox 147 4363 421 4434; x_wconf 74' lang='lat' dir='ltr'><strong><em>prtesidem</em></strong></span> <span class='ocrx_word' id='word_1_674' title='bbox 451 4363 682 4420; x_wconf 87' lang='lat' dir='ltr'><strong><em>Pilatum</em></strong></span> <span class='ocrx_word' id='word_1_675' title='bbox 709 4383 742 4420; x_wconf 91' lang='lat' dir='ltr'><strong><em>a</em></strong></span> <span class='ocrx_word' id='word_1_676' title='bbox 760 4365 1080 4438; x_wconf 88' lang='lat' dir='ltr'><strong><em>principibus</em></strong></span> <span class='ocrx_word' id='word_1_677' title='bbox 1107 4367 1432 4446; x_wconf 79' lang='lat' dir='ltr'><strong><em>sacerdotum</em></strong></span> <span class='ocrx_word' id='word_1_678' title='bbox 1459 4377 1744 4436; x_wconf 87' lang='lat' dir='ltr'><strong><em>accusetur,</em></strong></span> <span class='ocrx_word' id='word_1_679' title='bbox 1775 4381 1825 4424; x_wconf 87' lang='lat' dir='ltr'><strong><em>et</em></strong></span> <span class='ocrx_word' id='word_1_680' title='bbox 1853 4379 2050 4435; x_wconf 88' lang='lat' dir='ltr'><strong><em>taceat,</em></strong></span> <span class='ocrx_word' id='word_1_681' title='bbox 2082 4388 2173 4424; x_wconf 90' lang='lat' dir='ltr'><strong><em>nec</em></strong></span> <span class='ocrx_word' id='word_1_682' title='bbox 2201 4373 2478 4446; x_wconf 84' lang='lat' dir='ltr'><strong><em>nequitiam</em></strong></span> <span class='ocrx_word' id='word_1_683' title='bbox 2518 4389 2693 4427; x_wconf 85' lang='lat' dir='ltr'><strong><em>eorum</em></strong></span> <span class='ocrx_word' id='word_1_684' title='bbox 2728 4389 2822 4426; x_wconf 86' lang='lat' dir='ltr'><strong><em>sua</em></strong></span> <span class='ocrx_word' id='word_1_685' title='bbox 2855 4371 3184 4441; x_wconf 86' lang='lat' dir='ltr'><strong><em>responsione</em></strong></span> <span class='ocrx_word' id='word_1_686' title='bbox 3213 4371 3424 4425; x_wconf 78' lang='lat' dir='ltr'><strong><em>convin-</em></strong></span> 
     </span>
    </p>
   </div>
   <div class='ocr_carea' id='block_1_49' title="bbox 149 4458 3413 4534">
    <p class='ocr_par' dir='ltr' id='par_1_49' title="bbox 149 4458 3413 4534">
     <span class='ocr_line' id='line_1_49' title="bbox 149 4458 3413 4534; baseline 0.002 -28"><span class='ocrx_word' id='word_1_687' title='bbox 149 4463 261 4521; x_wconf 85' lang='lat' dir='ltr'><strong><em>cat;</em></strong></span> <span class='ocrx_word' id='word_1_688' title='bbox 291 4471 410 4510; x_wconf 81' lang='lat' dir='ltr'><strong><em>cunt</em></strong></span> <span class='ocrx_word' id='word_1_689' title='bbox 438 4459 611 4527; x_wconf 82' lang='lat' dir='ltr'><strong><em>utique</em></strong></span> <span class='ocrx_word' id='word_1_690' title='bbox 635 4459 889 4530; x_wconf 83' lang='lat' dir='ltr'><strong><em>ingestam</em></strong></span> <span class='ocrx_word' id='word_1_691' title='bbox 915 4460 1298 4514; x_wconf 80' lang='lat' dir='ltr'><strong><em>accusationem</em></strong></span> <span class='ocrx_word' id='word_1_692' title='bbox 1323 4460 1532 4514; x_wconf 87' lang='lat' dir='ltr'><strong><em>nonnisi</em></strong></span> <span class='ocrx_word' id='word_1_693' title='bbox 1561 4461 1791 4534; x_wconf 87' lang='lat' dir='ltr'><strong><em>refellere</em></strong></span> <span class='ocrx_word' id='word_1_694' title='bbox 1810 4462 1974 4516; x_wconf 86' lang='lat' dir='ltr'><strong><em>soleat</em></strong></span> <span class='ocrx_word' id='word_1_695' title='bbox 2000 4460 2270 4516; x_wconf 85' lang='lat' dir='ltr'><strong><em>subsecuta</em></strong></span> <span class='ocrx_word' id='word_1_696' title='bbox 2292 4461 2540 4533; x_wconf 85' lang='lat' dir='ltr'><strong><em>defensio.</em></strong></span> <span class='ocrx_word' id='word_1_697' title='bbox 2567 4459 2780 4529; x_wconf 81' lang='lat' dir='ltr'><strong><em>Mirum,</em></strong></span> <span class='ocrx_word' id='word_1_698' title='bbox 2807 4465 3034 4531; x_wconf 87' lang='lat' dir='ltr'><strong><em>inquam,</em></strong></span> <span class='ocrx_word' id='word_1_699' title='bbox 3062 4463 3176 4532; x_wconf 78' lang='lat' dir='ltr'><strong><em>ﬁat,</em></strong></span> <span class='ocrx_word' id='word_1_700' title='bbox 3204 4458 3413 4532; x_wconf 87' lang='lat' dir='ltr'><strong><em>fratres,</em></strong></span> 
     </span>
    </p>
   </div>
   <div class='ocr_carea' id='block_1_50' title="bbox 150 4548 3421 4629">
    <p class='ocr_par' dir='ltr' id='par_1_50' title="bbox 150 4548 3421 4629">
     <span class='ocr_line' id='line_1_50' title="bbox 150 4548 3421 4629; baseline -0 -26"><span class='ocrx_word' id='word_1_701' title='bbox 150 4548 285 4629; x_wconf 77' lang='lat' dir='ltr'><strong><em>quod</em></strong></span> <span class='ocrx_word' id='word_1_702' title='bbox 313 4557 566 4622; x_wconf 84' lang='lat' dir='ltr'><strong><em>arguatur</em></strong></span> <span class='ocrx_word' id='word_1_703' title='bbox 594 4549 863 4615; x_wconf 77' lang='lat' dir='ltr'><strong><em>Saluator,</em></strong></span> <span class='ocrx_word' id='word_1_704' title='bbox 890 4560 939 4605; x_wconf 80' lang='lat' dir='ltr'><strong><em>et</em></strong></span> <span class='ocrx_word' id='word_1_705' title='bbox 968 4555 1153 4605; x_wconf 79' lang='lat' dir='ltr'><strong><em>taceat.</em></strong></span> <span class='ocrx_word' id='word_1_706' title='bbox 1200 4550 1551 4606; x_wconf 84' lang='lat' dir='ltr'><strong><em>Taciturnitas</em></strong></span> <span class='ocrx_word' id='word_1_707' title='bbox 1578 4555 1713 4606; x_wconf 90' lang='lat' dir='ltr'><strong><em>enim</em></strong></span> <span class='ocrx_word' id='word_1_708' title='bbox 1743 4553 1997 4607; x_wconf 87' lang='lat' dir='ltr'><strong><em>interdum</em></strong></span> <span class='ocrx_word' id='word_1_709' title='bbox 2042 4571 2134 4625; x_wconf 89' lang='lat' dir='ltr'><strong><em>pro</em></strong></span> <span class='ocrx_word' id='word_1_710' title='bbox 2174 4571 2428 4608; x_wconf 88' lang='lat' dir='ltr'><strong><em>consensu</em></strong></span> <span class='ocrx_word' id='word_1_711' title='bbox 2472 4553 2714 4619; x_wconf 85' lang='lat' dir='ltr'><strong><em>habetur;</em></strong></span> <span class='ocrx_word' id='word_1_712' title='bbox 2759 4553 2958 4607; x_wconf 76' lang='lat' dir='ltr'><strong><em>videtur</em></strong></span> <span class='ocrx_word' id='word_1_713' title='bbox 2987 4567 3202 4622; x_wconf 86' lang='lat' dir='ltr'><strong><em>namque</em></strong></span> <span class='ocrx_word' id='word_1_714' title='bbox 3229 4549 3421 4619; x_wconf 85' lang='lat' dir='ltr'><strong><em>confir-</em></strong></span> 
     </span>
    </p>
   </div>
   <div class='ocr_carea' id='block_1_51' title="bbox 151 4641 3421 4718">
    <p class='ocr_par' dir='ltr' id='par_1_51' title="bbox 151 4641 3421 4718">
     <span class='ocr_line' id='line_1_51' title="bbox 151 4641 3421 4718; baseline 0 -24"><span class='ocrx_word' id='word_1_715' title='bbox 151 4656 291 4694; x_wconf 89' lang='lat' dir='ltr'><strong><em>mare</em></strong></span> <span class='ocrx_word' id='word_1_716' title='bbox 315 4642 454 4714; x_wconf 89' lang='lat' dir='ltr'><strong><em>quod</em></strong></span> <span class='ocrx_word' id='word_1_717' title='bbox 480 4641 740 4714; x_wconf 81' lang='lat' dir='ltr'><strong><em>objicitur,</em></strong></span> <span class='ocrx_word' id='word_1_718' title='bbox 772 4659 887 4697; x_wconf 90' lang='lat' dir='ltr'><strong><em>cum</em></strong></span> <span class='ocrx_word' id='word_1_719' title='bbox 915 4660 1016 4698; x_wconf 88' lang='lat' dir='ltr'><strong><em>non</em></strong></span> <span class='ocrx_word' id='word_1_720' title='bbox 1059 4645 1164 4699; x_wconf 78' lang='lat' dir='ltr'><strong><em>vult</em></strong></span> <span class='ocrx_word' id='word_1_721' title='bbox 1191 4645 1499 4717; x_wconf 86' lang='lat' dir='ltr'><strong><em>respondere</em></strong></span> <span class='ocrx_word' id='word_1_722' title='bbox 1527 4647 1663 4716; x_wconf 84' lang='lat' dir='ltr'><strong><em>quod</em></strong></span> <span class='ocrx_word' id='word_1_723' title='bbox 1689 4651 1954 4718; x_wconf 67' lang='lat' dir='ltr'><strong><em>quaeritur.</em></strong></span> <span class='ocrx_word' id='word_1_724' title='bbox 1987 4650 2379 4704; x_wconf 79' lang='lat' dir='ltr'><strong><em>Accusationem</em></strong></span> <span class='ocrx_word' id='word_1_725' title='bbox 2421 4666 2542 4718; x_wconf 85' lang='lat' dir='ltr'><strong><em>ergo</em></strong></span> <span class='ocrx_word' id='word_1_726' title='bbox 2583 4665 2728 4700; x_wconf 89' lang='lat' dir='ltr'><strong><em>suam</em></strong></span> <span class='ocrx_word' id='word_1_727' title='bbox 2758 4645 3010 4700; x_wconf 88' lang='lat' dir='ltr'><strong><em>Dominus</em></strong></span> <span class='ocrx_word' id='word_1_728' title='bbox 3039 4641 3255 4696; x_wconf 89' lang='lat' dir='ltr'><strong><em>tacendo</em></strong></span> <span class='ocrx_word' id='word_1_729' title='bbox 3294 4659 3421 4696; x_wconf 85' lang='lat' dir='ltr'><strong><em>con-</em></strong></span> 
     </span>
    </p>
   </div>
   <div class='ocr_carea' id='block_1_52' title="bbox 157 4735 3421 4814">
    <p class='ocr_par' dir='ltr' id='par_1_52' title="bbox 157 4735 3421 4814">
     <span class='ocr_line' id='line_1_52' title="bbox 157 4735 3421 4814; baseline -0 -23"><span class='ocrx_word' id='word_1_730' title='bbox 157 4737 365 4806; x_wconf 78' lang='lat' dir='ltr'><strong><em>firmat?</em></strong></span> <span class='ocrx_word' id='word_1_731' title='bbox 391 4735 519 4792; x_wconf 83' lang='lat' dir='ltr'><strong><em>Non</em></strong></span> <span class='ocrx_word' id='word_1_732' title='bbox 546 4740 699 4810; x_wconf 83' lang='lat' dir='ltr'><strong><em>plane</em></strong></span> <span class='ocrx_word' id='word_1_733' title='bbox 723 4740 1102 4809; x_wconf 80' lang='lat' dir='ltr'><strong><em>accusationem</em></strong></span> <span class='ocrx_word' id='word_1_734' title='bbox 1128 4757 1275 4796; x_wconf 81' lang='lat' dir='ltr'><strong><em>suam</em></strong></span> <span class='ocrx_word' id='word_1_735' title='bbox 1304 4741 1517 4796; x_wconf 77' lang='lat' dir='ltr'><strong><em>tacendo</em></strong></span> <span class='ocrx_word' id='word_1_736' title='bbox 1544 4743 1844 4814; x_wconf 76' lang='lat' dir='ltr'><strong><em>conﬁrmat,</em></strong></span> <span class='ocrx_word' id='word_1_737' title='bbox 1892 4743 1986 4798; x_wconf 89' lang='lat' dir='ltr'><strong><em>sed</em></strong></span> <span class='ocrx_word' id='word_1_738' title='bbox 2029 4743 2244 4812; x_wconf 77' lang='lat' dir='ltr'><strong><em>despicit</em></strong></span> <span class='ocrx_word' id='word_1_739' title='bbox 2289 4757 2393 4794; x_wconf 86' lang='lat' dir='ltr'><strong><em>non</em></strong></span> <span class='ocrx_word' id='word_1_740' title='bbox 2440 4739 2739 4812; x_wconf 88' lang='lat' dir='ltr'><strong><em>refellendo.</em></strong></span> <span class='ocrx_word' id='word_1_741' title='bbox 2793 4739 2932 4794; x_wconf 87' lang='lat' dir='ltr'><strong><em>Bene</em></strong></span> <span class='ocrx_word' id='word_1_742' title='bbox 2975 4737 3111 4792; x_wconf 87' lang='lat' dir='ltr'><strong><em>enim</em></strong></span> <span class='ocrx_word' id='word_1_743' title='bbox 3154 4745 3306 4804; x_wconf 85' lang='lat' dir='ltr'><strong><em>tacet,</em></strong></span> <span class='ocrx_word' id='word_1_744' title='bbox 3336 4739 3421 4808; x_wconf 87' lang='lat' dir='ltr'><strong><em>qui</em></strong></span> 
     </span>
    </p>
   </div>
   <div class='ocr_carea' id='block_1_53' title="bbox 156 4826 3480 4904">
    <p class='ocr_par' dir='ltr' id='par_1_53' title="bbox 156 4826 3480 4904">
     <span class='ocr_line' id='line_1_53' title="bbox 156 4826 3480 4904; baseline 0 -24"><span class='ocrx_word' id='word_1_745' title='bbox 156 4828 450 4901; x_wconf 88' lang='lat' dir='ltr'><strong><em>defensione</em></strong></span> <span class='ocrx_word' id='word_1_746' title='bbox 477 4847 581 4884; x_wconf 91' lang='lat' dir='ltr'><strong><em>non</em></strong></span> <span class='ocrx_word' id='word_1_747' title='bbox 607 4831 822 4900; x_wconf 86' lang='lat' dir='ltr'><strong><em>indiget.</em></strong></span> <span class='ocrx_word' id='word_1_748' title='bbox 870 4831 1076 4884; x_wconf 80' lang='lat' dir='ltr'><strong><em>Ambiat</em></strong></span> <span class='ocrx_word' id='word_1_749' title='bbox 1101 4826 1362 4903; x_wconf 82' lang='lat' dir='ltr'><strong><em>defendi,</em></strong></span> <span class='ocrx_word' id='word_1_750' title='bbox 1393 4834 1476 4904; x_wconf 88' lang='lat' dir='ltr'><strong><em>qui</em></strong></span> <span class='ocrx_word' id='word_1_751' title='bbox 1519 4836 1698 4886; x_wconf 85' lang='lat' dir='ltr'><strong><em>metuit</em></strong></span> <span class='ocrx_word' id='word_1_752' title='bbox 1745 4835 2002 4904; x_wconf 86' lang='lat' dir='ltr'><strong><em>superari.</em></strong></span> <span class='ocrx_word' id='word_1_753' title='bbox 2055 4831 2291 4886; x_wconf 85' lang='lat' dir='ltr'><strong><em>Festinet</em></strong></span> <span class='ocrx_word' id='word_1_754' title='bbox 2319 4832 2476 4902; x_wconf 87' lang='lat' dir='ltr'><strong><em>loqui,</em></strong></span> <span class='ocrx_word' id='word_1_755' title='bbox 2508 4832 2592 4901; x_wconf 88' lang='lat' dir='ltr'><strong><em>qui</em></strong></span> <span class='ocrx_word' id='word_1_756' title='bbox 2623 4832 2765 4885; x_wconf 88' lang='lat' dir='ltr'><strong><em>timet</em></strong></span> <span class='ocrx_word' id='word_1_757' title='bbox 2793 4831 2944 4885; x_wconf 76' lang='lat' dir='ltr'><strong><em>vinci.</em></strong></span> <span class='ocrx_word' id='word_1_758' title='bbox 2988 4828 3224 4884; x_wconf 87' lang='lat' dir='ltr'><strong><em>Christus</em></strong></span> <span class='ocrx_word' id='word_1_759' title='bbox 3253 4838 3420 4884; x_wconf 89' lang='lat' dir='ltr'><strong><em>autem</em></strong></span> <span class='ocrx_word' id='word_1_760' title='bbox 3463 4870 3480 4881; x_wconf 89' lang='lat'><strong><em>.</em></strong></span> 
     </span>
    </p>
   </div>
   <div class='ocr_carea' id='block_1_54' title="bbox 157 4913 3418 4993">
    <p class='ocr_par' dir='ltr' id='par_1_54' title="bbox 157 4913 3418 4993">
     <span class='ocr_line' id='line_1_54' title="bbox 157 4913 3418 4993; baseline -0 -19"><span class='ocrx_word' id='word_1_761' title='bbox 157 4934 266 4974; x_wconf 82' lang='lat' dir='ltr'><strong><em>cum</em></strong></span> <span class='ocrx_word' id='word_1_762' title='bbox 309 4919 704 4986; x_wconf 87' lang='lat' dir='ltr'><strong><em>condemnatur,</em></strong></span> <span class='ocrx_word' id='word_1_763' title='bbox 745 4928 795 4974; x_wconf 92' lang='lat' dir='ltr'><strong><em>et</em></strong></span> <span class='ocrx_word' id='word_1_764' title='bbox 823 4927 1070 4991; x_wconf 84' lang='lat' dir='ltr'><strong><em>superat:</em></strong></span> <span class='ocrx_word' id='word_1_765' title='bbox 1097 4936 1211 4975; x_wconf 90' lang='lat' dir='ltr'><strong><em>cum</em></strong></span> <span class='ocrx_word' id='word_1_766' title='bbox 1251 4921 1540 4993; x_wconf 88' lang='lat' dir='ltr'><strong><em>judicatur,</em></strong></span> <span class='ocrx_word' id='word_1_767' title='bbox 1572 4930 1622 4974; x_wconf 88' lang='lat' dir='ltr'><strong><em>et</em></strong></span> <span class='ocrx_word' id='word_1_768' title='bbox 1649 4922 1838 4984; x_wconf 83' lang='lat' dir='ltr'><strong><em>uincit,</em></strong></span> <span class='ocrx_word' id='word_1_769' title='bbox 1872 4921 2002 4973; x_wconf 88' lang='lat' dir='ltr'><strong><em>sicut</em></strong></span> <span class='ocrx_word' id='word_1_770' title='bbox 2031 4920 2104 4974; x_wconf 87' lang='lat' dir='ltr'><strong><em>ait</em></strong></span> <span class='ocrx_word' id='word_1_771' title='bbox 2141 4919 2432 4991; x_wconf 85' lang='lat' dir='ltr'><strong><em>propheta:</em></strong></span> <span class='ocrx_word' id='word_1_772' title='bbox 2469 4918 2536 4974; x_wconf 89' lang='lat' dir='ltr'><strong><em>Ut</em></strong></span> <span class='ocrx_word' id='word_1_773' title='bbox 2559 4920 2861 4992; x_wconf 79' lang='lat' dir='ltr'><strong><em>justiﬁceris</em></strong></span> <span class='ocrx_word' id='word_1_774' title='bbox 2890 4920 2945 4974; x_wconf 89' lang='lat' dir='ltr'><strong><em>in</em></strong></span> <span class='ocrx_word' id='word_1_775' title='bbox 2970 4920 3288 4975; x_wconf 89' lang='lat' dir='ltr'><strong><em>sermonibus</em></strong></span> <span class='ocrx_word' id='word_1_776' title='bbox 3317 4913 3418 4975; x_wconf 83' lang='lat' dir='ltr'><strong><em>tuis</em></strong></span> 
     </span>
    </p>
   </div>
   <div class='ocr_carea' id='block_1_55' title="bbox 158 5008 3421 5085">
    <p class='ocr_par' dir='ltr' id='par_1_55' title="bbox 158 5008 3421 5085">
     <span class='ocr_line' id='line_1_55' title="bbox 158 5008 3421 5085; baseline 0 -21"><span class='ocrx_word' id='word_1_777' title='bbox 158 5017 203 5064; x_wconf 79' lang='lat' dir='ltr'><strong><em>ct</em></strong></span> <span class='ocrx_word' id='word_1_778' title='bbox 229 5011 399 5065; x_wconf 82' lang='lat' dir='ltr'><strong><em>vincas</em></strong></span> <span class='ocrx_word' id='word_1_779' title='bbox 427 5026 545 5065; x_wconf 87' lang='lat' dir='ltr'><strong><em>cum</em></strong></span> <span class='ocrx_word' id='word_1_780' title='bbox 561 5011 836 5083; x_wconf 85' lang='lat' dir='ltr'><strong><em>judicaris.</em></strong></span> <span class='ocrx_word' id='word_1_781' title='bbox 868 5008 1004 5076; x_wconf 82' lang='lat' dir='ltr'><strong><em>Quid</em></strong></span> <span class='ocrx_word' id='word_1_782' title='bbox 1031 5027 1152 5084; x_wconf 83' lang='lat' dir='ltr'><strong><em>ergo</em></strong></span> <span class='ocrx_word' id='word_1_783' title='bbox 1179 5029 1312 5084; x_wconf 86' lang='lat' dir='ltr'><strong><em>opus</em></strong></span> <span class='ocrx_word' id='word_1_784' title='bbox 1333 5013 1383 5066; x_wconf 91' lang='lat' dir='ltr'><strong><em>ei</em></strong></span> <span class='ocrx_word' id='word_1_785' title='bbox 1408 5013 1544 5084; x_wconf 70' lang='lat' dir='ltr'><strong><em>laqui</em></strong></span> <span class='ocrx_word' id='word_1_786' title='bbox 1572 5021 1693 5067; x_wconf 89' lang='lat' dir='ltr'><strong><em>ante</em></strong></span> <span class='ocrx_word' id='word_1_787' title='bbox 1715 5012 1968 5083; x_wconf 86' lang='lat' dir='ltr'><strong><em>judicium</em></strong></span> <span class='ocrx_word' id='word_1_788' title='bbox 1986 5051 2000 5078; x_wconf 94' lang='lat'><strong><em>,</em></strong></span> <span class='ocrx_word' id='word_1_789' title='bbox 2033 5015 2114 5068; x_wconf 91' lang='lat' dir='ltr'><strong><em>cui</em></strong></span> <span class='ocrx_word' id='word_1_790' title='bbox 2151 5015 2317 5079; x_wconf 87' lang='lat' dir='ltr'><strong><em>ipsum</em></strong></span> <span class='ocrx_word' id='word_1_791' title='bbox 2351 5011 2606 5084; x_wconf 86' lang='lat' dir='ltr'><strong><em>judicium</em></strong></span> <span class='ocrx_word' id='word_1_792' title='bbox 2634 5023 2744 5067; x_wconf 87' lang='lat' dir='ltr'><strong><em>erat</em></strong></span> <span class='ocrx_word' id='word_1_793' title='bbox 2772 5013 2925 5085; x_wconf 78' lang='lat' dir='ltr'><strong><em>plena</em></strong></span> <span class='ocrx_word' id='word_1_794' title='bbox 2955 5015 3210 5068; x_wconf 83' lang='lat' dir='ltr'><strong><em>victoria?</em></strong></span> <span class='ocrx_word' id='word_1_795' title='bbox 3246 5011 3421 5067; x_wconf 83' lang='lat' dir='ltr'><strong><em>Vincit</em></strong></span> 
     </span>
    </p>
   </div>
   <div class='ocr_carea' id='block_1_56' title="bbox 161 5101 3418 5182">
    <p class='ocr_par' dir='ltr' id='par_1_56' title="bbox 161 5101 3418 5182">
     <span class='ocr_line' id='line_1_56' title="bbox 161 5101 3418 5182; baseline 0.002 -30"><span class='ocrx_word' id='word_1_796' title='bbox 161 5102 289 5154; x_wconf 87' lang='lat' dir='ltr'><strong><em>enim</em></strong></span> <span class='ocrx_word' id='word_1_797' title='bbox 314 5111 429 5156; x_wconf 85' lang='lat' dir='ltr'><strong><em>cum</em></strong></span> <span class='ocrx_word' id='word_1_798' title='bbox 448 5102 716 5175; x_wconf 79' lang='lat' dir='ltr'><strong><em>judicatur</em></strong></span> <span class='ocrx_word' id='word_1_799' title='bbox 741 5101 1006 5168; x_wconf 80' lang='lat' dir='ltr'><strong><em>Christus,</em></strong></span> <span class='ocrx_word' id='word_1_800' title='bbox 1031 5105 1152 5176; x_wconf 88' lang='lat' dir='ltr'><strong><em>quia</em></strong></span> <span class='ocrx_word' id='word_1_801' title='bbox 1177 5105 1252 5158; x_wconf 91' lang='lat' dir='ltr'><strong><em>sic</em></strong></span> <span class='ocrx_word' id='word_1_802' title='bbox 1276 5106 1524 5159; x_wconf 86' lang='lat' dir='ltr'><strong><em>innocens</em></strong></span> <span class='ocrx_word' id='word_1_803' title='bbox 1565 5103 1912 5176; x_wconf 83' lang='lat' dir='ltr'><strong><em>approbatur;</em></strong></span> <span class='ocrx_word' id='word_1_804' title='bbox 1941 5104 2076 5161; x_wconf 81' lang='lat' dir='ltr'><strong><em>unde</em></strong></span> <span class='ocrx_word' id='word_1_805' title='bbox 2117 5107 2189 5160; x_wconf 86' lang='lat' dir='ltr'><strong><em>ait</em></strong></span> <span class='ocrx_word' id='word_1_806' title='bbox 2217 5103 2421 5160; x_wconf 86' lang='lat' dir='ltr'><strong><em>Pilatus</em></strong></span> <span class='ocrx_word' id='word_1_807' title='bbox 2444 5123 2462 5160; x_wconf 88' lang='lat'><strong><em>:</em></strong></span> <span class='ocrx_word' id='word_1_808' title='bbox 2495 5105 2753 5162; x_wconf 86' lang='lat' dir='ltr'><strong><em>Innocens</em></strong></span> <span class='ocrx_word' id='word_1_809' title='bbox 2795 5123 2890 5182; x_wconf 80' lang='lat' dir='ltr'><strong><em>ego</em></strong></span> <span class='ocrx_word' id='word_1_810' title='bbox 2929 5123 3043 5161; x_wconf 86' lang='lat' dir='ltr'><strong><em>sum</em></strong></span> <span class='ocrx_word' id='word_1_811' title='bbox 3089 5123 3122 5159; x_wconf 90' lang='lat' dir='ltr'><strong><em>a</em></strong></span> <span class='ocrx_word' id='word_1_812' title='bbox 3163 5107 3418 5177; x_wconf 84' lang='lat' dir='ltr'><strong><em>sanguine</em></strong></span> 
     </span>
    </p>
   </div>
   <div class='ocr_carea' id='block_1_57' title="bbox 131 5191 3417 5276">
    <p class='ocr_par' dir='ltr' id='par_1_57' title="bbox 131 5191 3417 5276">
     <span class='ocr_line' id='line_1_57' title="bbox 131 5191 3417 5276; baseline 0.002 -24"><span class='ocrx_word' id='word_1_813' title='bbox 131 5248 134 5252; x_wconf 90' lang='lat'><strong><em>.</em></strong></span> <span class='ocrx_word' id='word_1_814' title='bbox 163 5191 306 5263; x_wconf 79' lang='lat' dir='ltr'><strong><em>hujus</em></strong></span> <span class='ocrx_word' id='word_1_815' title='bbox 324 5196 476 5268; x_wconf 82' lang='lat' dir='ltr'><strong><em>justi,</em></strong></span> <span class='ocrx_word' id='word_1_816' title='bbox 509 5204 614 5252; x_wconf 86' lang='lat' dir='ltr'><strong><em>etc.</em></strong></span> <span class='ocrx_word' id='word_1_817' title='bbox 645 5193 763 5251; x_wconf 82' lang='lat' dir='ltr'><strong><em>Jam</em></strong></span> <span class='ocrx_word' id='word_1_818' title='bbox 792 5211 922 5252; x_wconf 84' lang='lat' dir='ltr'><strong><em>vero</em></strong></span> <span class='ocrx_word' id='word_1_819' title='bbox 949 5212 1049 5268; x_wconf 88' lang='lat' dir='ltr'><strong><em>pro</em></strong></span> <span class='ocrx_word' id='word_1_820' title='bbox 1076 5197 1289 5268; x_wconf 88' lang='lat' dir='ltr'><strong><em>quibus,</em></strong></span> <span class='ocrx_word' id='word_1_821' title='bbox 1317 5198 1698 5268; x_wconf 84' lang='lat' dir='ltr'><strong><em>quamobrem,</em></strong></span> <span class='ocrx_word' id='word_1_822' title='bbox 1729 5214 1889 5270; x_wconf 90' lang='lat' dir='ltr'><strong><em>quam</em></strong></span> <span class='ocrx_word' id='word_1_823' title='bbox 1919 5216 2059 5256; x_wconf 63' lang='grc' dir='ltr'><strong><em>θωνα</em></strong></span> <span class='ocrx_word' id='word_1_824' title='bbox 2107 5200 2362 5257; x_wconf 82' lang='lat' dir='ltr'><strong><em>Servator</em></strong></span> <span class='ocrx_word' id='word_1_825' title='bbox 2397 5205 2612 5272; x_wconf 86' lang='lat' dir='ltr'><strong><em>generis</em></strong></span> <span class='ocrx_word' id='word_1_826' title='bbox 2656 5204 2876 5261; x_wconf 85' lang='lat' dir='ltr'><strong><em>humani</em></strong></span> <span class='ocrx_word' id='word_1_827' title='bbox 2919 5204 3220 5276; x_wconf 88' lang='lat' dir='ltr'><strong><em>pertulerit,</em></strong></span> <span class='ocrx_word' id='word_1_828' title='bbox 3252 5219 3318 5259; x_wconf 81' lang='lat' dir='ltr'><strong><em>ex</em></strong></span> <span class='ocrx_word' id='word_1_829' title='bbox 3350 5204 3417 5260; x_wconf 89' lang='lat' dir='ltr'><strong><em>iis</em></strong></span> 
     </span>
    </p>
   </div>
   <div class='ocr_carea' id='block_1_58' title="bbox 165 5285 3417 5366">
    <p class='ocr_par' dir='ltr' id='par_1_58' title="bbox 165 5285 3417 5366">
     <span class='ocr_line' id='line_1_58' title="bbox 165 5285 3417 5366; baseline 0.002 -26"><span class='ocrx_word' id='word_1_830' title='bbox 165 5298 272 5351; x_wconf 65' lang='lat' dir='ltr'><strong><em>qua:</em></strong></span> <span class='ocrx_word' id='word_1_831' title='bbox 297 5301 420 5342; x_wconf 87' lang='lat' dir='ltr'><strong><em>mox</em></strong></span> <span class='ocrx_word' id='word_1_832' title='bbox 447 5285 668 5342; x_wconf 75' lang='lat' dir='ltr'><strong><em>all‘eram</em></strong></span> <span class='ocrx_word' id='word_1_833' title='bbox 711 5286 871 5360; x_wconf 88' lang='lat' dir='ltr'><strong><em>plane</em></strong></span> <span class='ocrx_word' id='word_1_834' title='bbox 917 5287 1106 5358; x_wconf 85' lang='lat' dir='ltr'><strong><em>liquet.</em></strong></span> <span class='ocrx_word' id='word_1_835' title='bbox 1156 5286 1388 5344; x_wconf 83' lang='lat' dir='ltr'><strong><em>Homilia</em></strong></span> <span class='ocrx_word' id='word_1_836' title='bbox 1416 5287 1514 5355; x_wconf 73' lang='lat'><strong><em>52,</em></strong></span> <span class='ocrx_word' id='word_1_837' title='bbox 1544 5303 1665 5359; x_wconf 86' lang='lat' dir='ltr'><strong><em>pag.</em></strong></span> <span class='ocrx_word' id='word_1_838' title='bbox 1701 5289 1822 5356; x_wconf 70' lang='lat'><strong><em>162,</em></strong></span> <span class='ocrx_word' id='word_1_839' title='bbox 1850 5290 1927 5348; x_wconf 87' lang='lat' dir='ltr'><strong><em>sic</em></strong></span> <span class='ocrx_word' id='word_1_840' title='bbox 1971 5292 2170 5348; x_wconf 84' lang='lat' dir='ltr'><strong><em>habet:</em></strong></span> <span class='ocrx_word' id='word_1_841' title='bbox 2204 5291 2348 5348; x_wconf 86' lang='lat' dir='ltr'><strong><em>Unus</em></strong></span> <span class='ocrx_word' id='word_1_842' title='bbox 2394 5311 2579 5365; x_wconf 87' lang='lat' dir='ltr'><strong><em>passus</em></strong></span> <span class='ocrx_word' id='word_1_843' title='bbox 2623 5305 2701 5350; x_wconf 84' lang='lat' dir='ltr'><strong><em>est</em></strong></span> <span class='ocrx_word' id='word_1_844' title='bbox 2745 5312 2841 5366; x_wconf 91' lang='lat' dir='ltr'><strong><em>pro</em></strong></span> <span class='ocrx_word' id='word_1_845' title='bbox 2881 5296 3050 5351; x_wconf 88' lang='lat' dir='ltr'><strong><em>salute</em></strong></span> <span class='ocrx_word' id='word_1_846' title='bbox 3093 5303 3417 5349; x_wconf 86' lang='lat' dir='ltr'><strong><em>cunctorum.</em></strong></span> 
     </span>
    </p>
   </div>
   <div class='ocr_carea' id='block_1_59' title="bbox 165 5372 3416 5459">
    <p class='ocr_par' dir='ltr' id='par_1_59' title="bbox 165 5372 3416 5459">
     <span class='ocr_line' id='line_1_59' title="bbox 165 5372 3416 5459; baseline 0.004 -31"><span class='ocrx_word' id='word_1_847' title='bbox 165 5372 356 5434; x_wconf 75' lang='lat' dir='ltr'><strong><em>Rursus</em></strong></span> <span class='ocrx_word' id='word_1_848' title='bbox 383 5381 602 5436; x_wconf 85' lang='lat' dir='ltr'><strong><em>homilia</em></strong></span> <span class='ocrx_word' id='word_1_849' title='bbox 631 5379 722 5444; x_wconf 84' lang='lat'><strong><em>50,</em></strong></span> <span class='ocrx_word' id='word_1_850' title='bbox 753 5393 874 5450; x_wconf 85' lang='lat' dir='ltr'><strong><em>pag.</em></strong></span> <span class='ocrx_word' id='word_1_851' title='bbox 908 5379 1014 5436; x_wconf 76' lang='grc'><strong>155</strong></span> <span class='ocrx_word' id='word_1_852' title='bbox 1038 5399 1051 5434; x_wconf 88' lang='lat'><strong>:</strong></span> <span class='ocrx_word' id='word_1_853' title='bbox 1083 5380 1271 5436; x_wconf 88' lang='lat' dir='ltr'><strong><em>Passio</em></strong></span> <span class='ocrx_word' id='word_1_854' title='bbox 1301 5380 1514 5447; x_wconf 86' lang='lat' dir='ltr'><strong><em>Christi,</em></strong></span> <span class='ocrx_word' id='word_1_855' title='bbox 1544 5383 1733 5452; x_wconf 88' lang='lat' dir='ltr'><strong><em>inquit,</em></strong></span> <span class='ocrx_word' id='word_1_856' title='bbox 1765 5392 1949 5438; x_wconf 90' lang='lat' dir='ltr'><strong><em>nostra</em></strong></span> <span class='ocrx_word' id='word_1_857' title='bbox 1975 5386 2255 5456; x_wconf 86' lang='lat' dir='ltr'><strong><em>redemptio</em></strong></span> <span class='ocrx_word' id='word_1_858' title='bbox 2282 5396 2384 5452; x_wconf 89' lang='lat' dir='ltr'><strong><em>est,</em></strong></span> <span class='ocrx_word' id='word_1_859' title='bbox 2417 5405 2556 5443; x_wconf 89' lang='lat' dir='ltr'><strong><em>mors</em></strong></span> <span class='ocrx_word' id='word_1_860' title='bbox 2585 5388 2695 5459; x_wconf 87' lang='lat' dir='ltr'><strong><em>ejus</em></strong></span> <span class='ocrx_word' id='word_1_861' title='bbox 2724 5389 2827 5443; x_wconf 83' lang='lat' dir='ltr'><strong><em>uita</em></strong></span> <span class='ocrx_word' id='word_1_862' title='bbox 2855 5396 3055 5443; x_wconf 89' lang='lat' dir='ltr'><strong><em>nostra.</em></strong></span> <span class='ocrx_word' id='word_1_863' title='bbox 3088 5386 3217 5442; x_wconf 83' lang='lat' dir='ltr'><strong><em>Ideo</em></strong></span> <span class='ocrx_word' id='word_1_864' title='bbox 3243 5395 3416 5440; x_wconf 87' lang='lat' dir='ltr'><strong><em>autem</em></strong></span> 
     </span>
    </p>
   </div>
   <div class='ocr_carea' id='block_1_60' title="bbox 167 5465 3419 5543">
    <p class='ocr_par' dir='ltr' id='par_1_60' title="bbox 167 5465 3419 5543">
     <span class='ocr_line' id='line_1_60' title="bbox 167 5465 3419 5543; baseline 0.001 -17"><span class='ocrx_word' id='word_1_865' title='bbox 167 5465 298 5534; x_wconf 77' lang='lat' dir='ltr'><strong><em>mala</em></strong></span> <span class='ocrx_word' id='word_1_866' title='bbox 337 5471 441 5526; x_wconf 77' lang='lat' dir='ltr'><strong><em>hcc</em></strong></span> <span class='ocrx_word' id='word_1_867' title='bbox 469 5481 655 5528; x_wconf 90' lang='lat' dir='ltr'><strong><em>cuncta</em></strong></span> <span class='ocrx_word' id='word_1_868' title='bbox 682 5471 954 5534; x_wconf 89' lang='lat' dir='ltr'><strong><em>sustinuit,</em></strong></span> <span class='ocrx_word' id='word_1_869' title='bbox 996 5480 1052 5524; x_wconf 93' lang='lat' dir='ltr'><strong><em>ut</em></strong></span> <span class='ocrx_word' id='word_1_870' title='bbox 1079 5488 1174 5527; x_wconf 90' lang='lat' dir='ltr'><strong><em>nos</em></strong></span> <span class='ocrx_word' id='word_1_871' title='bbox 1214 5470 1348 5528; x_wconf 84' lang='lat' dir='ltr'><strong><em>bona</em></strong></span> <span class='ocrx_word' id='word_1_872' title='bbox 1375 5473 1550 5529; x_wconf 89' lang='lat' dir='ltr'><strong><em>omnia</em></strong></span> <span class='ocrx_word' id='word_1_873' title='bbox 1580 5477 1905 5530; x_wconf 88' lang='lat' dir='ltr'><strong><em>sentiremus.</em></strong></span> <span class='ocrx_word' id='word_1_874' title='bbox 1939 5475 2067 5532; x_wconf 88' lang='lat' dir='ltr'><strong><em>Ideo</em></strong></span> <span class='ocrx_word' id='word_1_875' title='bbox 2113 5478 2468 5532; x_wconf 78' lang='lat' dir='ltr'><strong><em>crudelitatem</em></strong></span> <span class='ocrx_word' id='word_1_876' title='bbox 2514 5480 2564 5531; x_wconf 87' lang='lat' dir='ltr'><strong><em>in</em></strong></span> <span class='ocrx_word' id='word_1_877' title='bbox 2595 5497 2649 5533; x_wconf 87' lang='lat' dir='ltr'><strong><em>se</em></strong></span> <span class='ocrx_word' id='word_1_878' title='bbox 2676 5481 2904 5533; x_wconf 67' lang='lat' dir='ltr'><strong><em>exerceri</em></strong></span> <span class='ocrx_word' id='word_1_879' title='bbox 2947 5481 3160 5543; x_wconf 84' lang='lat' dir='ltr'><strong><em>maluit,</em></strong></span> <span class='ocrx_word' id='word_1_880' title='bbox 3191 5488 3248 5532; x_wconf 92' lang='lat' dir='ltr'><strong><em>ut</em></strong></span> <span class='ocrx_word' id='word_1_881' title='bbox 3276 5476 3419 5532; x_wconf 88' lang='lat' dir='ltr'><strong><em>nobis</em></strong></span> 
     </span>
    </p>
   </div>
   <div class='ocr_carea' id='block_1_61' title="bbox 169 5559 3420 5646">
    <p class='ocr_par' dir='ltr' id='par_1_61' title="bbox 169 5559 3420 5646">
     <span class='ocr_line' id='line_1_61' title="bbox 169 5559 3420 5646; baseline 0.003 -37"><span class='ocrx_word' id='word_1_882' title='bbox 169 5559 565 5620; x_wconf 85' lang='lat' dir='ltr'><strong><em>misericordiam</em></strong></span> <span class='ocrx_word' id='word_1_883' title='bbox 589 5565 890 5638; x_wconf 82' lang='lat' dir='ltr'><strong><em>largiretur.</em></strong></span> <span class='ocrx_word' id='word_1_884' title='bbox 919 5565 1170 5636; x_wconf 82' lang='lat' dir='ltr'><strong><em>Auferens</em></strong></span> <span class='ocrx_word' id='word_1_885' title='bbox 1208 5566 1344 5646; x_wconf 87' lang='lat' dir='ltr'><strong><em>enim</em></strong></span> <span class='ocrx_word' id='word_1_886' title='bbox 1368 5582 1464 5638; x_wconf 89' lang='lat' dir='ltr'><strong><em>per</em></strong></span> <span class='ocrx_word' id='word_1_887' title='bbox 1503 5583 1705 5622; x_wconf 89' lang='lat' dir='ltr'><strong><em>crucem</em></strong></span> <span class='ocrx_word' id='word_1_888' title='bbox 1733 5570 1944 5623; x_wconf 88' lang='lat' dir='ltr'><strong><em>humani</em></strong></span> <span class='ocrx_word' id='word_1_889' title='bbox 1975 5571 2179 5642; x_wconf 76' lang='lat' dir='ltr'><strong><em>generis</em></strong></span> <span class='ocrx_word' id='word_1_890' title='bbox 2212 5571 2432 5641; x_wconf 82' lang='lat' dir='ltr'><strong><em>injurias</em></strong></span> <span class='ocrx_word' id='word_1_891' title='bbox 2451 5613 2465 5638; x_wconf 93' lang='lat'><strong><em>,</em></strong></span> <span class='ocrx_word' id='word_1_892' title='bbox 2497 5589 2583 5625; x_wconf 88' lang='lat' dir='ltr'><strong><em>eas</em></strong></span> <span class='ocrx_word' id='word_1_893' title='bbox 2622 5586 2796 5625; x_wconf 87' lang='lat' dir='ltr'><strong><em>omnes</em></strong></span> <span class='ocrx_word' id='word_1_894' title='bbox 2823 5573 2877 5624; x_wconf 92' lang='lat' dir='ltr'><strong><em>in</em></strong></span> <span class='ocrx_word' id='word_1_895' title='bbox 2907 5587 3002 5625; x_wconf 82' lang='lat' dir='ltr'><strong><em>sua</em></strong></span> <span class='ocrx_word' id='word_1_896' title='bbox 3027 5571 3268 5642; x_wconf 85' lang='lat' dir='ltr'><strong><em>passione</em></strong></span> <span class='ocrx_word' id='word_1_897' title='bbox 3295 5580 3420 5619; x_wconf 76' lang='lat' dir='ltr'><strong><em>con-</em></strong></span> 
     </span>
    </p>
   </div>
   <div class='ocr_carea' id='block_1_62' title="bbox 173 5655 3416 5736">
    <p class='ocr_par' dir='ltr' id='par_1_62' title="bbox 173 5655 3416 5736">
     <span class='ocr_line' id='line_1_62' title="bbox 173 5655 3416 5736; baseline 0.002 -29"><span class='ocrx_word' id='word_1_898' title='bbox 173 5655 392 5723; x_wconf 68' lang='lat' dir='ltr'><strong><em>sumpsit.</em></strong></span> <span class='ocrx_word' id='word_1_899' title='bbox 424 5656 794 5713; x_wconf 82' lang='lat' dir='ltr'><strong><em>Consentanea</em></strong></span> <span class='ocrx_word' id='word_1_900' title='bbox 821 5664 980 5723; x_wconf 89' lang='lat' dir='ltr'><strong><em>sunt,</em></strong></span> <span class='ocrx_word' id='word_1_901' title='bbox 1008 5671 1128 5725; x_wconf 66' lang='lat' dir='ltr'><strong><em>qua:</em></strong></span> <span class='ocrx_word' id='word_1_902' title='bbox 1155 5658 1343 5713; x_wconf 85' lang='lat' dir='ltr'><strong><em>scribit</em></strong></span> <span class='ocrx_word' id='word_1_903' title='bbox 1371 5659 1589 5714; x_wconf 87' lang='lat' dir='ltr'><strong><em>homilia</em></strong></span> <span class='ocrx_word' id='word_1_904' title='bbox 1616 5659 1705 5726; x_wconf 80' lang='grc'><strong><em>85,</em></strong></span> <span class='ocrx_word' id='word_1_905' title='bbox 1739 5675 1860 5732; x_wconf 85' lang='lat' dir='ltr'><strong><em>pag.</em></strong></span> <span class='ocrx_word' id='word_1_906' title='bbox 1889 5661 2013 5716; x_wconf 77' lang='grc'><strong>270.</strong></span> <span class='ocrx_word' id='word_1_907' title='bbox 2045 5661 2177 5716; x_wconf 83' lang='lat' dir='ltr'><strong><em>Nam</em></strong></span> <span class='ocrx_word' id='word_1_908' title='bbox 2206 5679 2217 5715; x_wconf 92' lang='lat'><strong>:</strong></span> <span class='ocrx_word' id='word_1_909' title='bbox 2254 5661 2578 5736; x_wconf 80' lang='lat' dir='ltr'><strong><em>Unigenitus,</em></strong></span> <span class='ocrx_word' id='word_1_910' title='bbox 2612 5663 2802 5732; x_wconf 82' lang='lat' dir='ltr'><strong><em>inquit,</em></strong></span> <span class='ocrx_word' id='word_1_911' title='bbox 2831 5660 2930 5716; x_wconf 85' lang='lat' dir='ltr'><strong><em>Dei</em></strong></span> <span class='ocrx_word' id='word_1_912' title='bbox 2959 5665 3125 5734; x_wconf 88' lang='lat' dir='ltr'><strong><em>factus</em></strong></span> <span class='ocrx_word' id='word_1_913' title='bbox 3149 5669 3223 5714; x_wconf 88' lang='lat' dir='ltr'><strong><em>est</em></strong></span> <span class='ocrx_word' id='word_1_914' title='bbox 3248 5655 3416 5712; x_wconf 87' lang='lat' dir='ltr'><strong><em>Filius</em></strong></span> 
     </span>
    </p>
   </div>
   <div class='ocr_carea' id='block_1_63' title="bbox 167 5739 3412 5824">
    <p class='ocr_par' dir='ltr' id='par_1_63' title="bbox 167 5739 3412 5824">
     <span class='ocr_line' id='line_1_63' title="bbox 167 5739 3412 5824; baseline 0.004 -27"><span class='ocrx_word' id='word_1_915' title='bbox 167 5739 402 5818; x_wconf 52' lang='lat' dir='ltr'><strong><em>(liminis,</em></strong></span> <span class='ocrx_word' id='word_1_916' title='bbox 431 5759 486 5802; x_wconf 90' lang='lat' dir='ltr'><strong><em>ut</em></strong></span> <span class='ocrx_word' id='word_1_917' title='bbox 513 5751 596 5814; x_wconf 85' lang='lat' dir='ltr'><strong><em>qui</em></strong></span> <span class='ocrx_word' id='word_1_918' title='bbox 625 5758 826 5806; x_wconf 87' lang='lat' dir='ltr'><strong><em>creator</em></strong></span> <span class='ocrx_word' id='word_1_919' title='bbox 851 5749 1032 5804; x_wconf 89' lang='lat' dir='ltr'><strong><em>mundi</em></strong></span> <span class='ocrx_word' id='word_1_920' title='bbox 1059 5757 1203 5816; x_wconf 85' lang='lat' dir='ltr'><strong><em>erat,</em></strong></span> <span class='ocrx_word' id='word_1_921' title='bbox 1249 5751 1396 5820; x_wconf 77' lang='lat' dir='ltr'><strong><em>ﬁeret</em></strong></span> <span class='ocrx_word' id='word_1_922' title='bbox 1422 5760 1471 5806; x_wconf 88' lang='lat' dir='ltr'><strong><em>et</em></strong></span> <span class='ocrx_word' id='word_1_923' title='bbox 1500 5751 1808 5824; x_wconf 86' lang='lat' dir='ltr'><strong><em>redemptor.</em></strong></span> <span class='ocrx_word' id='word_1_924' title='bbox 1859 5751 1958 5819; x_wconf 85' lang='lat' dir='ltr'><strong><em>Qui</em></strong></span> <span class='ocrx_word' id='word_1_925' title='bbox 2003 5754 2096 5810; x_wconf 85' lang='lat' dir='ltr'><strong><em>sub</em></strong></span> <span class='ocrx_word' id='word_1_926' title='bbox 2143 5741 2333 5811; x_wconf 79' lang='lat' dir='ltr'><strong><em>Pontio</em></strong></span> <span class='ocrx_word' id='word_1_927' title='bbox 2380 5756 2553 5814; x_wconf 81' lang='lat' dir='ltr'><strong><em>Pilato</em></strong></span> <span class='ocrx_word' id='word_1_928' title='bbox 2599 5756 2879 5824; x_wconf 73' lang='lat' dir='ltr'><strong><em>cruciﬁxus</em></strong></span> <span class='ocrx_word' id='word_1_929' title='bbox 2925 5757 3036 5822; x_wconf 86' lang='lat' dir='ltr'><strong><em>est,</em></strong></span> <span class='ocrx_word' id='word_1_930' title='bbox 3075 5763 3124 5810; x_wconf 85' lang='lat' dir='ltr'><strong><em>et</em></strong></span> <span class='ocrx_word' id='word_1_931' title='bbox 3167 5753 3412 5824; x_wconf 85' lang='lat' dir='ltr'><strong><em>sepultus.</em></strong></span> 
     </span>
    </p>
   </div>
  </div>
