4050 6356
618 352 677 408 τ,
962 306 975 311 ’
2033 315 2387 381 mmrarto
3826 394 3847 407 .
3879 308 3979 365 72

604 449 767 506 Nulla
793 452 940 509 nobis
977 455 1045 507 sit
1072 451 1134 505 de
1171 439 1361 503 Christi
1389 461 1539 500 cruce
1551 445 1824 516 oconfusio,
1857 443 1980 511 quia
2009 441 2249 494 habemus
2298 438 2362 491 de
2390 436 2501 507 ejus
2551 450 2792 505 passione
2840 433 3124 486 victoriam.
3156 470 3170 483 .
3198 470 3213 484 .
3239 470 3253 483 .
3288 428 3673 484 Immaculatus
3716 428 3970 500 Agsuss

603 561 704 599 non
733 545 850 610 sibi,
881 543 974 601 sed
997 543 1139 599 nobis
1160 553 1238 599 est
1259 520 1461 615 passus.
1490 581 1504 595 .
1531 581 1545 595 .
1573 579 1588 594 .
1622 535 1735 592 Nec
1761 535 2048 607 incogitata
2074 537 2141 599 ei,
2169 532 2305 603 quod
2326 539 2619 602 peremptus
2645 539 2752 597 est,
2784 536 2875 583 aut
2898 528 3174 585 improviso
3214 543 3297 582 res
3323 526 3543 591 occidit,
3568 526 3665 597 qui
3702 525 3965 581 dicitde

603 638 724 689 tatis
763 652 872 691 suo:
898 636 1108 691 consilio
1148 636 1343 691 idcirco
1372 633 1594 705 suscepit
1622 631 1899 695 hominem,
1930 636 1987 682 ut
2033 632 2127 701 pro
2174 628 2378 681 homine
2404 635 2576 696 posset
2602 622 2785 679 occidi.
2833 622 3154 694 Supplicium
3198 630 3370 675 autem
3414 621 3583 674 crucis
3612 619 3860 691 elegit,
3895 628 3963 672 ut

603 725 947 781 sublimiorem
973 727 1240 781 victoriam
1267 735 1486 799 pareret
1497 740 1647 797 plena
1675 722 1928 788 deterior;
1956 720 2005 775 e't
2034 721 2125 791 qui
2155 722 3092 781 uatvuustrutsnouo‘nsrmnuun,
3125 714 3272 786 quosi
3300 714 3355 767 in
3384 720 3665 781 conspectu
3712 712 3961 767 mundi

602 820 657 873 in
684 818 845 875 altum
871 820 1159 877 sublevatus
1187 820 1538 886 occumberet;
1568 817 1723 874 simul
1754 825 1813 871 ut
1839 817 1924 889 qui
1952 816 2257 887 cruciﬁxum
2279 812 2540 878 viderent,
2572 808 2836 865 mirabilia
2861 815 3130 869 cernerent
3156 805 3412 875 cruciﬁxi.

672 906 749 967 De
775 912 949 968 crucis
995 921 1172 969 autem
1220 915 1476 987 symbolis
1521 912 1651 984 quid
1695 912 1867 968 dicam
1887 950 1902 976 ,
1931 902 2050 980 qua:
2076 908 2156 964 sic
2179 904 2546 979 percensendo
2574 902 2858 975 explicavit
2896 900 3191 966 Maximus,
3220 905 3282 954 ut
3308 913 3372 954 ea
3399 896 3646 953 Justinus
3682 904 3959 971 martyr

602 1003 747 1075 iique
774 1006 956 1062 cteteri
982 1008 1316 1078 explicarunt
1334 1050 1349 1075 ,
1377 1009 1469 1079 qui
1497 1007 1751 1077 deinceps
1780 1006 2037 1061 adversus
2066 1000 2310 1058 ethnicos
2335 1014 2437 1069 pro
2478 996 2738 1066 religione
2762 992 3067 1050 Christiana
3106 998 3498 1063 pugnaverant.
3529 990 3610 1047 Ac
3638 988 3953 1045 Justinus

604 1098 840 1170 quidem,
879 1099 1124 1170 apologia
1156 1099 1207 1165 1,
1234 1116 1382 1155 num.
1413 1099 1506 1168 55,
1538 1109 1661 1171 pag.
1690 1098 1756 1153 78
1783 1097 1908 1153 edit.
1944 1111 2096 1168 oper.
2125 1094 2344 1150 Venetae
2369 1108 2458 1149 an.
2484 1089 2661 1145 1747:
2695 1088 3001 1154 Intuemini,
3028 1087 3222 1156 inquit,
3251 1087 3444 1151 animo,
3481 1101 3860 1158 quacunque
3887 1088 3951 1140 in

606 1191 795 1248 mundo
823 1198 1111 1258 versantur,
1143 1210 1211 1246 an
1256 1193 1366 1247 sine
1414 1193 1509 1247 hac
1561 1192 1730 1264 ﬁgura
1774 1187 2137 1245 administrari
2181 1193 2232 1240 et
2258 1184 2578 1241 ‘commercio
2621 1178 2794 1256 [Lm]
2822 1182 2957 1236 inter
2981 1197 3037 1235 se
3071 1178 3320 1250 conjungi
3346 1177 3564 1248 possint.
3598 1176 3791 1233 Nare
3824 1194 3947 1234 non

605 1279 878 1346 scinditur,
908 1281 1009 1335 nisi
1032 1281 1311 1351 traphteum
1344 1268 1485 1348 illud,
1521 1280 1656 1354 quod
1680 1281 1867 1335 dicitur
1900 1281 2083 1344 velum,
2106 1279 2361 1350 integrum
2399 1278 2455 1331 in
2489 1276 2608 1330 navi
2634 1283 2865 1330 moneat.
2895 1271 3057 1328 Terra
3082 1289 3199 1327 vero
3230 1271 3417 1344 absque
3439 1287 3497 1325 co
3528 1287 3636 1326 non
3666 1282 3924 1327 aram.

606 1370 858 1428 Fossores
877 1389 1004 1444 opus
1032 1391 1135 1430 non
1158 1376 1373 1447 faciunt,
1406 1391 1498 1429 nec
1532 1374 1790 1428 monuarii
1817 1374 2015 1444 pariter
2052 1371 2299 1440 artiﬁces,
2329 1370 2431 1423 nisi
2457 1367 2702 1422 adhibitis
2722 1367 2859 1421 hanc
2879 1367 3101 1438 ﬁguram
3131 1363 3526 1435 praferentibus
3556 1364 3938 1421 instruas-el-

610 1462 698 1527 tis,
725 1468 832 1517 etc.
855 1460 1170 1518 Consonant
1190 1463 1272 1517 bis
1299 1478 1418 1535 quae
1445 1463 1803 1519 Tertullianus
1828 1449 2145 1532 Apologetici
2164 1474 2283 1530 cap.
2310 1457 2397 1522 16,
2421 1456 2681 1512 Minutius
2702 1454 2852 1511 Felix
2865 1456 2922 1509 in
2950 1451 3163 1510 Octavio
3191 1468 3315 1525 pag.
3341 1453 3446 1508 502
3472 1453 3603 1509 edit.
3634 1452 3935 1525 Lugdun.

608 1550 865 1607 Batavor.
915 1568 1002 1607 au.
1038 1552 1196 1619 1709,
1229 1565 1288 1609 ut
1318 1556 1554 1624 reliquos
1581 1562 1919 1625 praeteream,
1970 1552 2262 1622 disputant.
2312 1549 2424 1620 Age
2448 1565 2578 1605 vero
2637 1548 2918 1615 Maximus,
2963 1564 3031 1603 an
3075 1563 3183 1603 non
3221 1546 3442 1603 homilia
3472 1545 3558 1614 50,
3604 1562 3747 1618 pag.
3788 1547 3932 1617 254,

609 1645 834 1716 perinde
859 1647 970 1716 agit
1015 1646 1083 1703 de
1119 1649 1267 1704 navis
1288 1649 1481 1705 arbore
1503 1690 1518 1716 ,
1561 1658 1696 1718 quas
1724 1660 1848 1719 pne
1881 1664 1942 1704 se
1971 1647 2374 1703 similitudinem
2402 1646 2577 1701 crucis
2606 1644 2764 1711 ferat,
2794 1653 2849 1701 et
2894 1645 3010 1701 sine
3037 1659 3141 1715 qua
3165 1644 3333 1700 scindi
3361 1660 3511 1701 mare
3538 1630 3651 1701 non
3680 1656 3887 1717 queat
3913 1649 3926 1702 ε

613 1732 841 1801 Grande,
886 1736 1077 1806 inquit,
1109 1724 1276 1791 crucis
1298 1746 1376 1793 est
1400 1748 1803 1805 sacramentum,
1826 1748 1875 1793 et
1902 1740 1948 1793 si
1967 1737 2334 1809 intelligamus,
2379 1754 2472 1809 per
2508 1737 2604 1792 hoc
2633 1738 2839 1809 signum
2877 1738 3033 1792 etiam
3069 1736 3289 1792 mundus
3314 1739 3425 1809 ipse
3461 1738 3723 1795 solvatur.
3764 1739 3927 1797 Nam

612 1843 730 1882 cum
754 1845 787 1882 a
805 1829 976 1883 nautis
998 1829 1249 1884 scinditur
1276 1847 1439 1895 mare,
1471 1832 1614 1901 prius
1657 1831 1721 1885 ab
1751 1831 1879 1901 ipsis
1909 1829 2064 1885 arbor
2089 1830 2325 1901 erigitur,
2368 1828 2531 1882 velum
2575 1827 2908 1894 distenditur,
2937 1836 2994 1881 ut
3024 1843 3173 1882 cruce
3198 1826 3411 1883 Domini
3444 1830 3609 1902 facta,
3642 1848 3921 1903 aquam

614 1917 809 1988 ﬂuenta
829 1927 1165 1990 rumpantur;
1188 1928 1237 1973 et
1256 1919 1350 1974 hoc
1378 1920 1635 1992 dominico
1664 1922 1828 1975 securi
1856 1922 2004 1992 signo
2025 1928 2225 1992 portum
2256 1919 2441 1974 solutis
2474 1927 2672 1991 petunt,
2704 1918 2983 1991 periculum
3026 1921 3207 1975 mortis
3225 1921 3467 1975 evadunt.
3517 1909 3731 1994 Figura
3770 1927 3916 1980 estin

613 2009 922 2062 sacramenti
950 2008 1185 2080 quietiam
1207 2018 1284 2063 est
1306 2010 1468 2063 velum
1501 2014 1804 2081 suspensum
1836 2011 1891 2063 in
1920 2007 2118 2075 arbore,
2149 2008 2316 2081 quasi”
2338 2006 2575 2063 Christus
2610 2011 2681 2063 sit
2701 2010 2967 2063 'exaltatus
2985 2011 3041 2064 in
3071 2026 3236 2064 cruce.
3264 2010 3414 2065 Sicut
3445 2019 3624 2065 autem
3658 2011 3912 2070 Ecclesia

614 2099 728 2154 sine
753 2116 902 2154 cruce
928 2108 1069 2154 stare
1086 2116 1192 2159 non
1217 2108 1402 2170 potest,
1426 2101 1501 2154 ita
1529 2110 1579 2155 et
1602 2101 1715 2154 sine
1732 2099 1919 2154 arbore
1938 2100 2083 2154 navis
2102 2094 2326 2169 inﬁrma
2348 2107 2536 2153 est.....
2570 2097 2677 2155 Sed
2708 2109 2758 2154 et
2783 2098 2944 2154 bonus
2976 2100 3206 2172 agricola
3225 2116 3339 2155 cum
3359 2108 3517 2173 parat
3544 2111 3705 2160 terra:
3733 2108 3903 2162 sols-

618 2202 828 2257 vertere,
850 2202 899 2246 et
917 2194 1035 2247 vita:
1057 2193 1302 2247 alimenta
1319 2194 1630 2265 perquirere,
1658 2193 1868 2247 nonnisi
1892 2209 1983 2262 per
2011 2193 2215 2263 signum
2240 2191 2409 2244 crucis
2436 2189 2493 2244 id
2522 2192 2694 2262 facere
2712 2198 2956 2257 conatur,
2983 2192 3104 2245 dum
3130 2193 3268 2245 enim
3299 2201 3479 2247 aratro
3517 2193 3742 2251 dentale
3780 2198 3893 2251 sab-

613 2283 746 2355 jicit,
773 2285 932 2356 aﬁigit
950 2301 1123 2351 aures,
1144 2287 1329 2340 stivam
1346 2284 1555 2357 ingerit,
1580 2285 1805 2356 ﬁguram
1827 2285 1992 2338 crucis
2016 2284 2285 2337 imitatur:
2309 2283 2596 2354 compactio
2626 2282 2765 2337 enim
2782 2284 2896 2353 ipsa
2922 2282 3205 2337 similitudo
3226 2283 3463 2356 quaedam
3493 2294 3572 2339 est
3600 2286 3877 2342 Dominis:

612 2373 903 2432 Passionis.
935 2375 1116 2447 Pergit
1134 2375 1373 2435 Justinus
1397 2395 1410 2433 :
1436 2376 1683 2433 Humana
1702 2380 1871 2451 formo
1890 2393 1994 2432 non
2014 2377 2120 2431 alia
2144 2393 2200 2432 re
2220 2375 2283 2430 ab
2305 2376 2654 2452 animantibus
2675 2377 2893 2433 rationis
2914 2376 3205 2447 expertibus
3227 2376 3420 2445 diﬂ‘ert,
3444 2378 3545 2432 nisi
3564 2380 3713 2450 quod
3733 2388 3892 2433 erecte

612 2475 709 2535 est,
731 2476 779 2522 et
798 2470 1148 2525 extensionem
1166 2487 1411 2525 manuum
1432 2470 1742 2525 habet.......
1775 2486 1867 2523 nec
1895 2470 2039 2524 aliud
2057 2486 2211 2542 quam
2236 2471 2403 2523 crucis
2427 2471 2651 2541 formam
2672 2467 2913 2523 ostendit.
2938 2467 3141 2523 Horum
3164 2475 3288 2524 sunt
3308 2468 3520 2537 similia,
3545 2484 3671 2540 quae
3690 2472 3900 2542 profert

615 2556 975 2616 Tertulliauus
998 2561 1051 2616 in
1073 2578 1092 2617 ι
1114 2564 1184 2616 od
1202 2560 1458 2618 Nationes
1478 2563 1637 2629 libro,
1661 2578 1782 2634 cap.
1810 2561 1879 2615 12
1903 2580 1916 2615 :
1945 2560 2076 2633 Ipsi,
2101 2560 2290 2630 inquit,
2333 2562 2539 2632 corpori
2575 2570 2753 2615 nostro
2787 2561 2946 2613 tacita
2972 2567 3024 2614 et
3047 2570 3239 2615 secreta
3279 2560 3420 2615 linea
3454 2563 3757 2618 crucissims
3802 2574 3901 2619 est.

616 2650 870 2707 Minutius
913 2652 1045 2708 item
1082 2654 1237 2710 Felix
1256 2656 1311 2709 in
1365 2654 1608 2722 Octavio,
1633 2669 1756 2726 pag.
1782 2654 1888 2709 504
1932 2672 1945 2707 :
1980 2652 2149 2709 Deum
2188 2653 2338 2708 homo
2390 2653 2639 2724 porrectis
2668 2650 2900 2706 monibus
2932 2668 3065 2722 pura
3116 2661 3282 2706 mente
3307 2661 3586 2708 veneratur.
3615 2651 3709 2706 Ita
3736 2657 3903 2726 signa

617 2743 784 2797 crucis
809 2753 899 2798 aut
926 2746 1060 2800 ratio
1081 2746 1335 2800 naturalis
1354 2746 1614 2813 innititur,
1646 2756 1737 2800 aut
1755 2754 1926 2800 vestra
1946 2745 2129 2817 religio
2156 2747 2432 2817 fortnatur.
2474 2742 2614 2811 Quid
2635 2742 2930 2798 Maximus?
2953 2742 3108 2809 lbid.,
3134 2756 3256 2813 pag.
3294 2741 3398 2796 155
3423 2761 3436 2797 :
3466 2742 3657 2815 Ipsius,
3690 2743 3898 2814 inquit,

618 2833 845 2889 incessus
875 2835 1118 2904 hominis,
1144 2854 1261 2892 cum
1287 2854 1471 2893 manus
1499 2839 1758 2905 levaverit,
1781 2854 1981 2893 crucem
2001 2839 2187 2910 pingit.
2220 2836 2355 2892 Eam
2376 2845 2558 2892 autem
2598 2836 2669 2892 ob
2700 2851 2814 2895 rem
2855 2836 3108 2907 expansis
3147 2835 3394 2892 manibus
3415 2851 3572 2891 oram
3592 2836 3725 2891 olim
3765 2853 3898 2895 eou-

620 2937 803 3011 sugsse
823 2922 1158 2982 Christianos
1180 2925 1443 2991 Maximus
1465 2928 1861 2983 animadvertit.
1890 2927 2037 2985 Ideo.
2064 2927 2236 2987 induit
2257 2926 2646 2995 ibid.,~elevatis
2674 2928 2911 2983 manibus
2935 2943 3086 3005 orare
3110 2928 3457 2999 praecipimur,
3492 2930 3680 2996 utipso
3700 2946 3896 3003 quo“:

621 3016 964 3074 membrorum
1000 3029 1143 3092 gestu
1166 3022 1459 3092 passionem
1500 3020 1714 3077 Domini
1750 3023 2024 3093 fateamur.
2043 3023 2178 3090 Ejus
2219 3021 2622 3077 consuetudinis
2661 3021 2905 3076 meminit
2946 3019 3306 3076 Tertulliauus
3347 3022 3401 3076 in
3443 3037 3510 3076 eo
3552 3022 3694 3078 libro
3735 3039 3884 3094 quens

624 3106 895 3178 inscripsit
915 3108 979 3163 de
999 3106 1269 3177 Oratione,
1293 3128 1407 3185 cap.
1435 3110 1505 3165 12
1530 3130 1543 3165 :
1579 3109 1711 3178 Nos,
1736 3111 1928 3180 inquit,
1954 3127 2058 3166 non
2086 3110 2370 3165 attollimus
2391 3120 2590 3166 tantum
2611 3109 2866 3183 (manus),
2895 3108 2987 3165 sed
3005 3110 3160 3164 etiam
3188 3110 3529 3181 expendimus
3557 3129 3587 3165 e
3612 3110 3881 3169 ﬂaminica

624 3197 879 3257 Passione
896 3202 1240 3271 modulantes,
1270 3212 1323 3258 et
1344 3212 1552 3258 orantes
1570 3203 1876 3273 conﬁtemur
1908 3202 2131 3257 Christo.
2150 3201 2219 3256 Et
2241 3200 2574 3272 Apologetici
2609 3216 2729 3271 cap.
2753 3200 2822 3255 60
2848 3218 2862 3253 :
2889 3200 3135 3268 Sursum,
3158 3200 3350 3271 inquit,
3378 3202 3721 3272 suspicientes
3741 3201 3888 3258 Clu-i-

623 3290 800 3357 stiaui,
823 3289 1057 3347 manibus
1087 3294 1355 3365 expansis,
1393 3293 1514 3367 quia
1538 3294 1811 3359 innocuis;
1852 3293 2021 3363 capite
2057 3291 2213 3357 nudo,
2257 3294 2377 3363 quia
2414 3289 2519 3346 non
2549 3292 2921 3358 erubescimus;
2959 3292 3176 3363 denique
3212 3294 3325 3347 sine
3358 3294 3641 3359 monitore,
3664 3297 3799 3367 "quia
3830 3293 3892 3347 ds

623 3394 825 3455 pectore
842 3402 1070 3442 oramus.
1093 3384 1212 3441 Jam
1232 3386 1339 3442 hoc
1368 3386 1459 3442 diu
1491 3392 1620 3441 ante
1650 3384 2039 3441 Tertullianum
2073 3385 2268 3440 litteris
2297 3386 2641 3454 consignarat
2673 3385 2923 3440 Clemens
2952 3383 3182 3439 Roman.
3225 3393 3375 3456 pont.
3402 3383 3574 3445 Epist.
3621 3387 3649 3439 1
3685 3387 3761 3441 ad
3795 3388 3891 3442 Co-

622 3478 807 3548 rinth,
839 3494 989 3535 num.
1019 3478 1072 3548 2,
1103 3495 1225 3552 pag.
1260 3481 1344 3551 10,
1369 3490 1500 3540 tom.
1524 3482 1545 3538 1
1568 3481 1858 3554 Epistolar.
1886 3481 2177 3537 Romanor.
2203 3481 2443 3552 pontiﬁc.
2471 3480 2599 3536 edit.
2636 3479 2803 3535 Paris.
2831 3480 3131 3535 Constantii
3154 3496 3241 3535 an.
3290 3479 3446 3535 1721.
3488 3481 3631 3538 Hinc
3671 3482 3725 3537 in
3751 3491 3891 3538 vete-

622 3567 771 3629 ribus
812 3570 1238 3630 Christianorum
1277 3576 1662 3643 monumentis,
1706 3573 2158 3631 cmmeterialibus
2199 3572 2529 3642 cumprimis,
2574 3571 2833 3641 imagines
2874 3569 3193 3627 exhibentur
3225 3571 3464 3628 virorum
3502 3572 3891 3643 mulierumque

624 3662 871 3718 manibus
893 3666 1126 3721 extensis
1150 3665 1340 3739 [Lxxu]
1363 3668 1652 3724 amntium.
1680 3666 1947 3742 Revertor
1968 3665 2036 3721 ad
2057 3664 2366 3740 maximum.
2391 3662 2443 3720 Is
2463 3663 2531 3720 de
2552 3678 2710 3719 cruce
2732 3663 2932 3719 Christi
2975 3663 3213 3720 scribere
3234 3666 3409 3736 pergit
3427 3664 3536 3721 hoc
3553 3665 3717 3722 modo
3742 3684 3759 3719 :
3785 3664 3890 3720 Hoc

624 3756 784 3810 etiam
805 3759 1036 3828 exemplo
1067 3758 1243 3814 Moses
1272 3770 1502 3826 sanctus,
1543 3779 1660 3817 cum
1686 3771 1870 3818 contra
1914 3759 2123 3815 Amalec
2165 3757 2352 3814 bellum
2384 3766 2597 3831 gereret,
2634 3774 2738 3814 non
2781 3759 2959 3823 armis,
2990 3774 3095 3813 non
3125 3759 3287 3829 ferro,
3318 3757 3411 3812 sed
3436 3758 3646 3814 elevatis
3672 3778 3790 3815 eam
3830 3758 3893 3813 ad
3924 3743 3949 3764 ’

518 3862 533 3883 ι
627 3845 795 3904 Deum
812 3848 1046 3903 manibus
1066 3853 1339 3921 superavit.
1367 3848 1682 3908 Pmtulerat
1702 3854 1753 3907 ei
1777 3853 1949 3908 facem
1969 3860 2126 3906 vetus
2146 3859 2336 3907 auctor
2358 3850 2411 3904 iu
2435 3849 2622 3919 primis
2643 3848 2817 3918 Epist.
2843 3846 3086 3918 ascripta:
3109 3856 3297 3904 sancto
3319 3847 3601 3917 Barnahte,
3624 3864 3776 3907 num.
3808 3849 3887 3914 12,

627 3947 760 3995 tom.
784 3939 807 3995 Ι
829 3939 1189 4010 Apostolicor.
1224 3938 1461 4006 Patrum,
1502 3956 1625 4010 pag.
1674 3941 1736 3994 61
1763 3941 1892 3996 edit.
1935 3940 2164 3996 Londin.
2200 3955 2286 3995 an.
2328 3938 2482 3992 1746.
2510 3938 2678 4007 Hujus
2721 3945 2802 3992 est
2823 3937 3129 4007 exemplum
3151 3937 3389 3992 imitatus
3427 3936 3669 3996 Justinus
3702 3951 3890 4011 martyr

629 4032 853 4104 Dialogo
880 4050 995 4087 cum
1026 4033 1319 4107 Trgplzone,
1351 4051 1501 4090 num.
1535 4033 1622 4100 91,
1654 4048 1777 4104 pag.
1811 4031 1936 4098 198,
1975 4048 2082 4103 quo
2128 4033 2249 4087 loco
2278 4050 2292 4086 :
2334 4031 2460 4086 Cum
2487 4030 2704 4102 populus
2750 4047 2865 4085 cum
2892 4030 3121 4096 Amalec,
3151 4029 3344 4100 inquit,
3367 4029 3557 4086 bellum
3583 4042 3802 4104 gereret,
3840 4047 3896 4085 ac

631 4121 781 4179 Nave
806 4123 967 4195 ﬁlius,
994 4125 1079 4196 qui
1115 4122 1269 4179 Iesus
1312 4124 1705 4196 cognominatus
1733 4128 1839 4187 est,
1871 4122 2067 4194 primus
2102 4129 2238 4176 esset
2275 4121 2333 4174 in
2362 4114 2685 4185 acieJloses
2726 4120 2835 4191 ipse
2870 4117 3038 4174 Deum
3072 4118 3256 4173 orabat
3281 4118 3517 4175 manibus
3545 4123 3782 4195 utrinque
3808 4137 3899 4176 a-

629 4216 808 4270 tensis.
843 4214 961 4272 Ilur
1005 4226 1175 4272 autem
1203 4214 1449 4271 etAoron
1483 4231 1570 4269 eos
1602 4223 1705 4269 toto
1748 4213 1833 4268 die
1861 4211 2199 4272 sustinebant,
2242 4227 2307 4264 ne
2334 4227 2394 4265 eo
2423 4209 2639 4277 lossoto,
2672 4209 3077 4264 demitterentur.
3099 4208 3161 4265 Si
3182 4209 3307 4281 quid
3344 4212 3481 4266 enim
3520 4211 3586 4265 de
3625 4211 3721 4269 hoc
3752 4215 3898 4285 signa

628 4318 830 4359 crucem
856 4306 1089 4359 imitante
1108 4306 1394 4373 remiserat,
1424 4304 1641 4375 populus
1677 4301 1991 4366 vincebatur,
2021 4310 2077 4354 ut
2100 4302 2155 4355 in
2191 4298 2356 4355 Hosis
2386 4299 2533 4354 libris
2567 4300 2813 4371 scriptum
2848 4307 2944 4354 est.
2981 4301 3042 4355 Si
3080 4315 3197 4355 vero
3215 4300 3272 4354 in
3292 4299 3387 4355 hoc
3415 4302 3518 4356 situ
3545 4305 3897 4374 permanebat,

631 4394 811 4450 tandiu
831 4394 1127 4450 vincebatur
1152 4395 1382 4464 Amalec,
1413 4406 1466 4452 et
1484 4399 1570 4471 qui
1590 4396 1785 4453 viribus
1812 4395 2116 4469 praestabat,
2148 4412 2238 4468 per
2258 4411 2459 4451 crucem
2486 4396 2787 4467 prtzstabat.
2811 4394 2926 4451 Non
2949 4395 3255 4466 discrepant
3274 4411 3394 4466 qua:
3417 4397 3748 4468 scripserant
3767 4397 3899 4453 Ter-

628 4486 882 4543 tullianus
914 4487 1008 4543 lib.
1035 4487 1291 4545 adrersus
1310 4487 1544 4556 Iudaeos,
1570 4506 1687 4561 cap.
1714 4489 1802 4555 10,
1826 4504 1947 4560 pag.
1977 4487 2099 4555 196,
2126 4495 2181 4543 et
2201 4487 2293 4543 lib.
2318 4503 2375 4543 ιιι
2396 4496 2584 4543 contra
2607 4486 2951 4554 Marciouem,
2984 4502 3103 4558 cap.
3132 4486 3217 4551 18,
3249 4501 3371 4557 pag.
3403 4487 3508 4541 408
3530 4490 3659 4543 edit.
3684 4489 3899 4551 Veneta:

626 4594 715 4632 an.
752 4572 921 4642 1744;
947 4586 1167 4635 sanctus
1189 4575 1497 4651 Cyprianus
1516 4579 1610 4635 lib.
1636 4596 1675 4635 ιι
1718 4578 2126 4651 Testimonior.,
2152 4595 2272 4650 cap.
2294 4578 2385 4645 21,
2409 4594 2533 4651 pag.
2558 4577 2627 4633 46
2659 4578 2788 4634 edit.
2813 4575 2987 4634 Oxon.
3014 4593 3101 4633 an.
3136 4575 3302 4645 £682;
3325 4577 3494 4635 Julius
3515 4580 3778 4637 Firmious
3806 4580 3897 4636 lib.

624 4666 693 4723 de
712 4665 895 4725 Error.
921 4670 1193 4741 profanar.
1220 4670 1397 4741 relig.,
1427 4684 1550 4742 pag.
1580 4669 1685 4725 448
1707 4669 1837 4727 edit.
1864 4670 2014 4726 Post.
2036 4668 2222 4739 Qetav.
2265 4670 2463 4727 Minue.
2489 4669 2652 4725 Felic.
2697 4668 2940 4738 Lugdun.
2986 4667 3238 4724 Batavor.
3262 4683 3352 4725 an.
3378 4668 3547 4737 1709;
3578 4676 3748 4742 utque
3789 4686 3898 4727 ca:-

628 4765 773 4814 teros
793 4762 1222 4829 praetermittam,
1246 4779 1315 4820 ne
1336 4763 1437 4820 sim
1460 4764 1515 4819 in
1544 4779 1605 4820 re
1624 4763 1846 4820 minime
1875 4762 2182 4819 necessaria
2206 4761 2422 4829 nimius,
2446 4759 2741 4831 Gregorius
2763 4757 3131 4830 Nazianzenus
3153 4755 3337 4814 Carm.
3360 4774 3470 4828 Lm,
3494 4774 3617 4832 pag.
3644 4759 3749 4814 127
3766 4759 3897 4816 edit.

626 4844 820 4905 Colon.
853 4867 942 4906 au.
974 4852 1130 4909 1690.

701 4937 885 5010 Neque
902 4955 1035 4997 vero
1056 4942 1139 4998 his
1179 4951 1389 5001 tantum
1427 4944 1611 5015 ﬁguris
1650 4947 1975 5020 symbolisve
2011 4962 2133 5004 sese
2172 4945 2440 5004 continuit
2477 4943 2757 5020 Maximus.
2784 4942 2917 4998 Nam
2948 4941 3153 4999 illustre
3193 4942 3356 4998 etiam
3395 4958 3460 4999 ac
3496 4942 3898 5000 memorandum

629 5033 758 5090 illud
780 5034 835 5089 in
856 5036 1169 5090 memoriam
1192 5037 1392 5106 populo
1414 5014 1707 5105 revocavit,
1739 5039 1806 5094 de
1834 5048 2084 5110 serpente
2104 5054 2245 5110 aereo
2265 5032 2448 5094 erecto
2470 5053 2500 5092 a
2531 5014 2678 5093 Diosc
2703 5036 2798 5091 Dei
2816 5036 2987 5104 jussu,
3020 5033 3376 5090 curaudorum
3399 5051 3588 5091 eorum
3611 5051 3774 5092 causa
3804 5034 3898 5106 qui

628 5134 941 5197 serpentum
960 5112 1230 5183 morsibus
1259 5126 1474 5184 adducti
1495 5128 1709 5184 fuerant
1729 5129 1785 5183 in
1807 5138 2110 5185 extremum
2131 5129 2418 5185 discrimen
2443 5128 2582 5182 vitae.
2607 5127 2793 5195 Itaque
2820 5124 3043 5180 homilia
3065 5123 3152 5192 49,
3184 5139 3306 5194 pag.
3342 5123 3444 5179 152
3475 5144 3488 5179 :
3524 5124 3670 5194 Cum,
3702 5126 3895 5203 inquit,

630 5220 805 5277 Moses
824 5205 1043 5295 sanctus
1060 5220 1200 5293 ﬁlios
1224 5218 1392 5277 Israel
1412 5222 1477 5276 de
1496 5222 1790 5293 captivitate
1808 5219 2028 5294 zEggpti
2056 5216 2405 5292 produxisset,
2428 5230 2578 5293 atque
2603 5220 2739 5273 idem
2774 5217 2991 5289 populus
3019 5220 3074 5272 in
3100 5218 3300 5273 deserto
3324 5221 3467 5292 gravi
3506 5219 3539 5273 o
3578 5212 3917 5292 serpentibus'

627 5313 919 5369 incursione
949 5314 1226 5376 laboraret,
1259 5304 1351 5368 nec
1371 5314 1546 5387 aliqua
1583 5313 1689 5368 illis
1717 5326 1981 5367 armorum
2001 5312 2232 5385 defensio
2252 5323 2421 5384 posset
2440 5314 2706 5380 obsistere,
2733 5321 2838 5366 tum
2874 5320 3083 5367 sanctus
3113 5310 3284 5366 Moses
3323 5313 3496 5369 divino
3523 5314 3750 5385 repletus
3784 5315 3894 5383 spi-

630 5410 753 5489 ritu,
783 5416 1068 5480 serpentem
1087 5425 1277 5463 (ereum
1304 5409 1515 5489 oﬁixum
1543 5409 1684 5480 ligno
1711 5410 1848 5463 inter
1872 5408 2069 5464 medius
2096 5410 2425 5483 morientium
2453 5412 2619 5464 erexit
2649 5408 2841 5476 turbas,
2877 5417 2928 5463 et
2966 5408 3232 5489 mandavit
3249 5409 3436 5481 populo
3454 5416 3512 5461 ut
3539 5407 3603 5462 de
3629 5408 3722 5463 illo
3747 5409 3894 5479 signo

628 5486 770 5570 spem
814 5507 1048 5571 gererent
1082 5500 1354 5564 sanitatis;
1386 5487 1537 5571 atque
1573 5499 1672 5552 hac
1697 5515 1754 5553 re
1780 5507 1926 5552 tanta
1953 5497 2209 5552 medicina
2249 5506 2429 5552 contra
2462 5515 2687 5553 morsum
2716 5498 2951 5571 aspidem
2995 5486 3244 5578 provenit,
3283 5508 3339 5552 ut
3358 5499 3584 5575 quisquis
3605 5500 3896 5552 vulneratus

628 5580 684 5671 in
709 5592 855 5648 illam
879 5592 1129 5662 serpentis
1147 5608 1349 5671 crucem
1386 5600 1475 5647 aut
1508 5592 1783 5663 respiceret
1819 5599 1911 5646 aut
1941 5601 2190 5663 speraret,
2216 5580 2404 5671 statim
2429 5582 2706 5649 remedium
2743 5582 2928 5650 solutis
2953 5594 3227 5665 acciperet.
3260 5593 3417 5666 Cujus
3448 5595 3576 5666 facti
3595 5595 3755 5649 etiam
3782 5592 3893 5649 Do-

628 5685 796 5751 minus
823 5686 877 5739 in
897 5682 1182 5756 Evangelia
1228 5685 1479 5752 meminit,
1517 5685 1694 5740 dicens
1737 5700 1757 5739 :
1800 5683 2163 5751 SicutMoses
2210 5670 2460 5741 exultavit
2479 5694 2765 5758 serpentem
2801 5689 2855 5742 in
2876 5679 3096 5753 deserto,
3120 5688 3195 5741 ito
3215 5687 3440 5742 exaltari
3467 5696 3672 5759 oportet
3702 5687 3747 5740 F
3749 5687 3892 5743 ilium

634 5778 870 5834 hominis.
907 5770 1057 5835 Unde
1086 5780 1131 5835 si
1159 5779 1344 5835 atticus
1383 5779 1767 5846 servens'liqno
1801 5779 1929 5845 ﬁliis
1970 5777 2141 5861 Israel
2169 5776 2387 5836 contulit
2428 5780 2733 5847 sanitatem;
2762 5789 2953 5851 quanto
2982 5782 3149 5852 magis
3191 5780 3409 5837 salutem
3450 5788 3666 5836 vrwstat
3692 5760 3897 5851 populis
