4050 6356
154 370 158 375 ⁴
173 341 244 407 75
1624 341 1753 402 PRA

1860 342 2007 403 mo.
3389 339 3459 406 κ

169 452 421 521 Dominus
450 480 502 518 m
532 460 760 534 patibqu
794 460 1110 533 cruciﬁxus?
1150 456 1221 514 Et
1254 461 1299 516 si
1339 460 1512 533 ﬁgura
1558 454 1763 516 tantum
1796 463 2015 534 profuit,
2059 473 2310 535 quantum
2345 473 2590 534 pacate
2619 461 2877 520 credimus
2909 461 3209 519 veritatem?
3228 461 3457 535 Serpens

166 557 324 631 igitur
353 559 547 630 primus
575 558 930 630 cruciﬁgitur;
966 564 1104 610 recte
1129 558 1314 627 plane,
1345 565 1399 609 ut
1427 555 1515 627 qui
1545 556 1742 627 primus
1780 556 1922 626 apud
1950 555 2119 611 Deum
2148 564 2454 628 peccaverat
2477 555 2738 625 diabolus,
2769 559 2977 628 primus
2996 557 3165 612 crucis
3198 557 3460 614 sententia

169 650 433 723 feriretur.
459 648 525 706 In
552 650 694 724 tigno
732 652 870 704 enim
894 648 1239 720 cruciﬁgitur,
1271 657 1345 711 ut,
1381 649 1503 720 quia
1543 649 1697 704 homo
1735 659 1790 705 tu
1819 650 2069 721 paradiso
2114 667 2206 722 per
2242 650 2481 707 arborem
2516 653 2947 722 Concupiscentite
2983 652 3229 725 deceptus
3269 653 3462 725 fuerat,

169 760 306 801 nunc
333 744 470 801 idem
497 762 589 816 per
625 745 753 817 ligni
783 742 1026 798 arborem
1045 742 1354 808 salvaretur,
1378 757 1532 816 atque
1554 742 1740 799 eadem
1768 746 1990 800 materia
2016 760 2133 818 quia
2162 760 2321 800 causa
2345 744 2527 801 mortis
2549 745 2742 816 fuerat,
2773 743 2982 817 [unm]
3014 762 3150 800 nunc
3169 743 3307 801 idem
3332 752 3468 802 esset

170 839 449 895 remedium
489 840 753 905 sanitatis,
786 848 905 894 etc-
925 837 1119 894 Mirum
1163 852 1324 908 quam
1347 837 1461 892 hmo
1502 845 1799 906 congruant
1835 837 2096 895 doctrina
2138 836 2357 894 Patrum
2391 838 2753 910 superiorum.
2799 840 3002 907 Auctor
3020 848 3177 895 vetus
3217 837 3469 911 Epistolat

170 942 358 990 sancto
387 932 649 989 Bsrnabae
670 930 923 1005 apostolo
952 930 1221 985 attributa:
1248 946 1395 985 num.
1433 927 1519 993 12,
1543 942 1666 1000 pag.
1699 928 1770 984 65
1801 947 1814 982 :
1847 928 2042 997 loses,
2067 931 2257 1002 inquit,
2290 930 2419 1004 facit
2444 931 2672 1002 ﬁguram
2689 928 2814 985 Iesu
2847 930 3007 1003 (quod
3034 947 3284 1001 passurus
3311 932 3467 1002 esset,
3523 953 3529 959 ·

171 1035 220 1082 et
249 1029 408 1082 vitam
427 1028 738 1100 prwbiturus
758 1026 901 1096 ipse,
945 1041 1091 1098 quem
1126 1022 1302 1079 Iudici
1331 1024 1587 1095 putabant
1626 1023 1876 1099 periisse)
1897 1026 1954 1080 in
1982 1026 2133 1098 signo
2161 1025 2397 1081 cadentis
2425 1022 2660 1082 Israelis.
2685 1023 2876 1096 Elecit
2902 1026 3040 1080 enim
3078 1025 3247 1092 Deus,
3270 1028 3337 1079 ut
3353 1042 3473 1081 cum

171 1127 430 1191 serpentes
460 1118 757 1174 morderent
785 1134 905 1184 eos,
937 1127 986 1171 et
1012 1126 1367 1182 morerentur;
1393 1117 1639 1189 quoniam
1680 1116 2028 1191 transgressio
2067 1134 2163 1190 per
2193 1126 2479 1190 serpentem
2498 1117 2555 1171 in
2586 1114 2699 1172 Eva
2737 1118 3023 1189 contigit...
3060 1115 3237 1172 loses
3277 1118 3474 1190 [sceret

174 1223 461 1284 serpentem
505 1227 725 1277 teneum,
756 1226 818 1265 ac
847 1211 1069 1284 gloriose
1108 1211 1408 1271 collocaret.
1447 1221 1598 1279 atque
1637 1227 1730 1282 per
1768 1223 2061 1282 praconem
2106 1209 2779 1282 convocaret
2809 1208 2962 1265 Dixit
2988 1219 3158 1265 autem
3197 1202 3375 1267 loses
3402 1209 3475 1264 sd

173 1306 291 1363 illos
321 1323 339 1363 .'
363 1306 493 1363 Cum
524 1307 715 1377 aliquis
744 1322 808 1360 ea;
834 1306 972 1362 vobis
1000 1322 1200 1360 morsus
1231 1306 1406 1378 fuerit,
1450 1305 1622 1359 veniat
1644 1303 1716 1357 ad
1744 1313 2028 1375 serpentem
2067 1320 2122 1359 tn
2146 1304 2288 1377 ligno
2329 1305 2583 1376 positum,
2611 1313 2663 1359 et
2687 1292 2901 1368 credat,
2925 1314 3084 1377 atque
3109 1314 3281 1376 speret
3314 1303 3485 1377 quod,

177 1398 296 1456 licet
320 1409 559 1456 mortuus
586 1398 675 1454 ille
702 1400 791 1464 sit,
820 1400 1005 1469 poterit
1024 1400 1182 1453 vitam
1210 1406 1478 1468 prwslare,
1522 1406 1572 1451 et
1591 1397 1864 1469 confestim
1883 1394 2189 1452 servabitur.
2202 1399 2378 1469 -Atque
2395 1397 2473 1451 ita
2487 1393 2768 1468 faciebant.
2788 1393 2966 1451 Habes
2993 1396 3153 1451 etiam
3168 1390 3224 1450 in
3244 1395 3341 1451 hoc
3364 1388 3484 1468 glo-

177 1496 317 1552 riam
333 1494 482 1552 Iesu.
505 1493 600 1550 llis
612 1502 971 1551 consentanea
989 1490 1256 1548 tradidere
1274 1490 1515 1547 Justinus
1535 1500 1739 1564 martyr
1767 1492 1820 1547 in
1851 1490 2075 1564 Dialogo
2094 1508 2210 1545 cum
2234 1488 2528 1562 Tryphone,
2551 1505 2709 1547 num.
2732 1487 2795 1545 91
2819 1530 2836 1557 ,
2856 1508 2911 1561 p.
2948 1482 3078 1557 l99;
3112 1488 3483 1549 Tertullian

179 1588 278 1647 lib.
309 1588 552 1644 adversus
577 1586 808 1651 Iudteos,
838 1600 959 1654 cap.
990 1583 1074 1650 10,
1102 1599 1155 1654 p.
1180 1580 1310 1649 596;
1342 1581 1571 1655 Cyrillus
1600 1580 2121 1654 Hierosolymitanus
2137 1581 2345 1637 cstech.
2372 1578 2442 1636 l5
2460 1620 2478 1646 ,
2510 1594 2659 1636 omn.
2683 1577 2773 1647 ιο,
2804 1592 2859 1651 ιι.
2891 1578 2996 1634 192
3020 1578 3152 1636 edit.
3183 1577 3354 1636 Paris.
3385 1594 3478 1635 an.

177 1681 203 1735 1
216 1678 342 1736 720.
361 1679 469 1737 Sed
490 1680 704 1748 longum
724 1686 805 1733 est
825 1692 1015 1731 ouines
1033 1690 1479 1732 commemorare.
1494 1674 1573 1731 Ac
1592 1676 1724 1732 satis
1744 1675 1912 1730 multa
1928 1672 1995 1729 de
2009 1672 2193 1742 ﬁguris
2210 1671 2538 1745 symbolisve
2557 1668 2753 1730 σηκὶς.
2772 1671 3060 1743 Reliquum
3080 1680 3183 1740 est,
3198 1679 3256 1728 ut
3274 1686 3395 1743 quia:
3413 1670 3499 1728 de.

172 1768 485 1827 Servatoris
507 1768 704 1824 Christi
746 1774 943 1834 morte,
974 1765 1238 1824 Maximus
1274 1767 1389 1821 suis
1418 1766 1690 1836 opusculis
1715 1766 2027 1837 complexus
2047 1773 2149 1828 est,
2173 1765 2380 1835 paucis,
2419 1762 2599 1835 quoad
2626 1762 2745 1835 ejus
2782 1762 2901 1820 ﬁeri
2927 1764 3160 1836 poterit,
3189 1777 3480 1835 exponam.

248 1859 396 1932 Ergo
425 1860 514 1917 ille
543 1861 764 1917 homilia
798 1859 885 1927 5|,
912 1874 1032 1931 pag.
1072 1859 1190 1927 158,
1222 1859 1350 1931 quid
1378 1859 1446 1915 de
1476 1868 1650 1916 morte
1678 1860 1987 1916 Servatoris
2015 1858 2265 1930 ejusdem
2306 1861 2479 1916 nostri
2510 1858 2732 1917 devotio
2757 1856 2883 1914 ﬁdei
2915 1858 3055 1915 ferat
3075 1902 3092 1929 ,
3134 1874 3445 1932 proponens
3465 1876 3482 1911 :

181 1954 312 2010 Htec
338 1963 434 2018 est,
465 1954 654 2024 inquit,
686 1953 810 2025 ﬁdei
838 1953 995 2023 plena
1020 1954 1240 2019 devotio,
1264 1962 1318 2007 ut
1345 1971 1461 2008 cum
1481 1953 1545 2007 de
1564 1952 1858 2009 vulneribus
1896 1953 2107 2010 Domini
2140 1952 2377 2025 proﬂuas
2400 1954 2618 2026 sanguis
2658 1954 2924 2020 cernitur,
2975 1962 3084 2009 tum
3122 1954 3187 2009 de
3229 1961 3488 2025 potestate

178 2047 294 2119 ejus
320 2048 469 2102 venia
496 2047 815 2117 postuletur;
844 2064 960 2102 cum
982 2047 1181 2111 videtur
1203 2047 1315 2117 ejus
1344 2046 1769 2111 humilitas,'tum
1795 2048 1964 2120 magis
1990 2056 2229 2102 teneatur
2253 2047 2368 2120 ejus
2395 2048 2642 2104 divinitas
2657 2065 2678 2114 ;
2707 2063 2824 2103 cum
2864 2049 3021 2103 morti
3050 2047 3291 2111 addictus
3328 2056 3489 2118 puta.

177 2150 282 2209 tur,
309 2150 432 2197 tunc
460 2142 596 2214 regis
626 2140 703 2195 illi
727 2140 1127 2212 honoriﬁcentia
1156 2140 1443 2211 deferatur.
1468 2126 1935 2206 Quemadmodum
1963 2139 2140 2195 delata
2184 2156 2216 2194 a
2255 2148 2446 2197 sancto
2474 2139 2689 2196 latrone
2731 2138 2862 2206 fuit,
2909 2139 2977 2196 de
3002 2150 3111 2211 quo
3140 2137 3364 2193 homilia
3398 2136 3488 2203 52,

175 2251 301 2308 pag.
335 2235 459 2300 105,
491 2233 755 2289 Maximus
783 2233 927 2288 idem
948 2234 1026 2288 sic
1055 2242 1285 2288 testatur
1316 2250 1328 2286 :
1363 2232 1691 2291 Salvatorem
1722 2234 2165 2304 tunc‘majestatis
2204 2232 2488 2289 Doininum
2514 2235 2871 2307 recognoscit,
2901 2251 3017 2289 cum
3049 2233 3248 2288 videuir
3275 2231 3493 2288 humili-

178 2328 306 2381 tatis
336 2326 589 2396 patientia
616 2325 861 2379 cruciari.
894 2322 1012 2377 lam
1037 2339 1169 2378 vero
1197 2324 1418 2378 humilia
1452 2322 1537 2388 5i,
1572 2338 1690 2393 pag.
1724 2324 1828 2378 1'15
1858 2342 1871 2377 :
1904 2322 2053 2389 Quis,
2079 2326 2271 2397 inquit,
2301 2326 2358 2380 in
2387 2324 2562 2382 Eliseo
2587 2326 2991 2399 prteﬁguratur,
3018 2327 3120 2381 nisi
3142 2335 3319 2382 noster
3335 2324 3491 2383 Iesus

179 2417 448 2481 Christus,
480 2419 567 2486 qui
595 2416 1028 2470 resurrectionem
1051 2414 1115 2468 tle
1142 2423 1309 2469 morte
1338 2416 1587 2487 largitur,
1635 2424 1685 2469 et
1731 2416 1888 2470 vitam
1933 2415 2165 2488 sepultus
2201 2417 2489 2489 operatur?
2524 2416 2593 2472 Et
2637 2417 2802 2489 psulo
2848 2427 2975 2489 post
3015 2418 3165 2474 Iona:
3192 2419 3492 2490 propheta,

174 2526 345 2580 quem
377 2518 556 2566 nauta:
583 2509 948 2578 increparant,
977 2506 1249 2563 Christmn
1277 2523 1634 2578 comparans:
1668 2506 1883 2575 Nautte,
1907 2509 2098 2579 inquit,
2130 2510 2400 2566 dimissuri
2422 2510 2617 2567 Ionam
2638 2551 2656 2578 ,
2698 2520 2872 2567 tamen
2913 2523 3153 2568 verentur
3194 2522 3246 2568 et
3277 2514 3495 2570 dicunt:

174 2602 433 2668 Domine,
466 2616 532 2655 ne
561 2599 650 2654 des
680 2616 837 2671 super
867 2614 959 2652 nos
988 2600 1298 2670 sanguinem
1325 2600 1672 2654 innocentem.
1707 2597 1900 2654 Nonne
1928 2598 2066 2656 vobis
2096 2602 2296 2655 videtur
2323 2610 2600 2657 nautarum
2618 2604 2927 2674 increpatio,
2960 2603 3125 2659 Pilati
3146 2621 3259 2660 esse
3288 2607 3496 2679 confes-

174 2700 278 2763 sio,
309 2698 401 2770 qui
435 2694 594 2749 tradit
617 2691 898 2756 Christum,
931 2702 980 2747 et
1008 2702 1179 2746 tamen
1220 2690 1359 2745 lavat
1385 2708 1568 2746 manus
1599 2709 1720 2747 suus
1744 2703 1793 2747 et
1822 2692 1988 2748 dicit:
2012 2690 2240 2749 Mundus
2286 2710 2383 2768 ego
2424 2710 2540 2750 sunt
2578 2711 2612 2748 u
2658 2697 2915 2767 sanguine
2933 2695 3069 2768 justi
3105 2695 3310 2768 hujus?
3346 2695 3496 2752 Dicit

169 2791 350 2862 itaque
369 2786 542 2842 Ionas
561 2787 617 2840 in
638 2786 876 2841 oratione
897 2801 1028 2839 sua:
1057 2783 1202 2839 Tolle
1222 2786 1399 2856 igitur,
1420 2783 1660 2851 Domine,
1683 2786 1913 2841 animam
1936 2803 2127 2854 meam,
2151 2789 2271 2860 quia
2293 2788 2473 2844 melior
2492 2797 2571 2844 est
2593 2789 2724 2845 mihi
2742 2779 2881 2844 mori
2904 2807 3056 2862 quant
3080 2793 3201 2845 vita.
3225 2790 3381 2846 Dicat
3401 2791 3499 2848 hoc

170 2883 346 2938 verius
371 2880 633 2936 Dominus
653 2890 829 2935 noster
847 2877 1000 2933 Iesus
1023 2876 1278 2945 Christus,
1297 2880 1416 2950 quia
1438 2878 1620 2933 melior
1640 2890 1715 2935 est
1736 2879 1861 2933 mihi
1880 2897 2020 2935 mors
2040 2896 2191 2953 quam
2213 2882 2347 2947 vita;
2370 2881 2428 2936 id
2447 2892 2545 2948 est,
2567 2883 2742 2938 uiuens
2770 2901 2930 2938 unam
2958 2882 3262 2941 Iudaeorum
3289 2892 3499 2958 gentem

169 2980 381 3035 sulcare
416 2993 527 3033 non
555 2977 735 3047 potui;
766 2977 980 3040 moriar,
1013 2983 1063 3029 et
1090 2975 1360 3029 universus
1380 2974 1604 3029 mundus
1634 2991 1736 3030 uss
1766 2990 1947 3031 uon'rr.
1976 2991 2270 3032 svae'run.
2288 2976 2481 3031 Ionam
2500 2985 2641 3032 cetus
2668 2979 2825 3049 piscis
2847 2980 3047 3050 excepit
3066 2980 3382 3045 immersum,
3404 2980 3501 3035 sed

167 3088 276 3129 non
296 3070 528 3142 contigit
547 3068 912 3125 devoratum...
939 3064 1067 3133 Quis
1088 3077 1172 3131 est
1192 3067 1289 3121 iste
1308 3070 1395 3138 qui
1414 3068 1557 3121 intra
1577 3066 1757 3121 avidos
1780 3067 1935 3122 rictus
1949 3068 2144 3123 assumi
2158 3076 2348 3139 potest,
2372 3068 2608 3123 consumi
2627 3084 2732 3125 non
2753 3070 3023 3140 potest"?
3047 3067 3174 3135 Quis
3194 3078 3273 3125 est
3295 3071 3391 3126 iste
3409 3070 3502 3144 qui

165 3166 503 3221 vastissimos
524 3165 669 3218 sinus
690 3160 1034 3235 periculorum
1070 3171 1204 3217 tutus
1234 3162 1541 3235 ingreditur,
1565 3172 1614 3215 et
1633 3161 1726 3217 sub
1747 3160 2023 3216 altitudine
2043 3162 2299 3215 immensa
2319 3160 2611 3228 conclusus,
2640 3170 2793 3233 atque
2814 3163 3102 3235 mortifera,
3132 3160 3502 3234 |Lxx1v]vitali

169 3275 296 3316 aere
317 3259 579 3330 pascitur,
602 3265 652 3310 et
673 3256 928 3311 demissus
951 3258 1006 3311 in
1029 3258 1252 3311 alienam
1285 3273 1457 3311 rerum
1480 3265 1742 3319 naturam,
1774 3257 1829 3309 in
1854 3257 1968 3310 vita:
1989 3237 2232 3310 cnsilium
2260 3271 2377 3309 cum
2396 3256 2501 3310 vita
2529 3255 2925 3326 peregrinatur,
2957 3264 3008 3308 et
3039 3256 3222 3308 mortis
3241 3253 3501 3326 superstei

170 3354 465 3409 annuntiat
488 3360 758 3407 venturam
772 3352 950 3407 mundi
973 3351 1194 3406 salutem
1211 3351 1300 3405 ?...
1328 3349 1376 3404 11
1384 3352 1430 3404 ic
1450 3359 1527 3405 est
1544 3348 1797 3404 Dominus
1822 3357 1998 3402 noster
2017 3348 2171 3401 Iesus
2192 3346 2443 3407 Christus.
2462 3362 2615 3420 quem
2634 3361 2772 3401 sorva
2787 3361 2948 3410 mors,
2971 3343 3299 3415 inexplebilis
3310 3341 3500 3407 bellua,

169 3447 228 3500 in
256 3461 440 3502 escam
463 3462 616 3500 suam
638 3446 830 3517 rapuit,
849 3453 899 3498 et
925 3441 1158 3516 prtcdum
1177 3460 1325 3499 suam
1345 3443 1547 3513 captiva
1568 3442 1891 3496 contremuit.
1916 3439 2259 3505 Contremuit,
2274 3439 2504 3510 inquam,
2524 3442 2647 3493 nam
2673 3438 2719 3492 si
2749 3444 2960 3492 noverat
2985 3435 3311 3506 cruciﬁxum,
3329 3444 3503 3490 tamen

167 3553 327 3610 quem
348 3554 463 3593 non
506 3538 815 3592 meminerat
839 3554 999 3603 reum,
1023 3553 1126 3591 non
1154 3544 1357 3608 poterat
1382 3540 1551 3588 tenere
1576 3533 1900 3596 damnatum,
1932 3532 2054 3603 quia
2081 3530 2286 3600 culpam
2316 3545 2420 3584 non
2442 3530 2570 3600 facit
2587 3544 2756 3598 poma,
2779 3525 2872 3581 sed
2899 3541 3077 3579 causa.
3105 3521 3265 3588 Quasi
3294 3521 3504 3579 solitum

172 3627 350 3685 cibum
381 3629 648 3702 perditum
676 3629 729 3683 in
752 3630 952 3701 origine
968 3628 1145 3683 mundi
1169 3628 1427 3683 hominem
1442 3626 1733 3689 devoravit;
1753 3625 1842 3677 sed
1862 3638 2108 3694 magnam
2128 3638 2239 3675 esse
2258 3618 2359 3674 cibi
2392 3622 2553 3690 ipsius
2583 3620 2895 3694 dignitatem
2924 3621 3219 3692 prcfocata
3242 3620 3499 3691 cognovit,

172 3729 335 3792 atque
356 3718 483 3773 ideo
515 3718 719 3773 divinus
746 3736 914 3773 sermo
934 3726 1336 3774 commemorat:
1358 3714 1425 3769 Et
1446 3716 1689 3785 praecepit
1708 3712 1962 3766 Dominus
1980 3711 2132 3783 pisci,
2156 3717 2205 3765 et
2224 3711 2440 3766 evomuit
2459 3710 2651 3766 Ionam
2670 3711 2725 3766 in
2746 3710 2970 3766 aridam.
2991 3709 3250 3782 Prccepit
3267 3726 3390 3783 ergo
3413 3708 3502 3767 beo

172 3815 317 3879 stiw,
352 3814 612 3883 prcccepit
640 3813 792 3867 morti
821 3828 1022 3881 semper
1042 3811 1312 3872 esurienti,
1339 3808 1587 3880 pracepit
1616 3805 1816 3876 abyssis
1843 3813 1893 3857 et
1921 3804 2150 3876 inferno,
2175 3812 2228 3856 ut
2253 3802 2446 3858 mundo
2476 3803 2754 3859 restituant
2775 3800 3118 3858 Salvatorem.
3147 3800 3388 3859 Evouun'
3410 3819 3505 3858 uu-

173 3914 280 3961 tem
313 3903 414 3958 hoc
447 3900 693 3956 debemus
717 3904 970 3972 accipere,
1003 3900 1140 3972 quod
1170 3916 1234 3954 ex
1260 3900 1379 3953 imis
1412 3895 1690 3953 visaribus
1719 3897 1898 3952 mortis
1926 3896 2107 3951 victrix
2129 3897 2231 3951 vita
2257 3896 2515 3961 remearit,
2547 3906 2701 3970 atque
2720 3913 2835 3952 eam
2863 3914 2929 3952 ea:
2956 3898 3075 3953 imis
3102 3896 3405 3968 pracordiis
3429 3897 3506 3953 in-

174 3994 322 4067 ferni
350 3991 588 4065 perditio
618 3992 921 4046 exulcerata
950 3989 1253 4046 reddiderit.
1288 3989 1533 4045 Videmus
1562 3990 1733 4059 itaque
1762 3988 1815 4041 in
1842 3988 2108 4060 propheta:
2126 3986 2490 4060 afflictionibus
2517 3991 2843 4060 apertissime
2866 3990 3260 4063 prteﬁguratam
3286 3998 3338 4046 et
3363 4004 3506 4046 mor-

175 4097 288 4151 tem
315 4083 528 4157 pariter
558 4082 795 4153 (Christi)
827 4092 878 4136 et
907 4084 1351 4145 resurrectionem.
1390 4079 1734 4162 Quapropter,
1768 4079 1903 4152 quod
1924 4079 2186 4151 impletum
2207 4082 2375 4137 cernis
2404 4082 2458 4136 in
2481 4098 2643 4146 servo,
2676 4081 2886 4137 credere
2912 4099 3017 4138 non
3042 4081 3294 4137 cuncteris
3314 4084 3371 4138 in
3389 4080 3473 4139 Do
3497 4111 3506 4120 -

171 4176 343 4233 mino.
383 4172 792 4230 Prmnuntiarat
818 4172 1033 4245 quidem
1061 4171 1317 4227 Servator
1345 4189 1402 4227 se
1439 4172 1671 4226 futurum
1703 4172 1756 4224 in
1793 4181 1966 4225 ventre
1995 4180 2149 4226 terra:
2179 4174 2341 4226 tribus
2371 4171 2548 4227 diebus
2569 4174 2831 4246 tribusque
2851 4174 3084 4230 noctibus
3108 4215 3124 4242 ,
3153 4176 3504 4245 quemadmo-

175 4270 312 4327 dum
341 4266 523 4324 Ionas
558 4265 732 4321 fuerat
760 4265 814 4320 in
846 4275 1034 4320 ventre
1055 4264 1158 4320 ceti
1183 4262 1401 4335 (Matth.
1432 4279 1525 4326 xn,
1560 4261 1673 4331 10).
1705 4261 1881 4330 Atque
1908 4262 2013 4316 hoc.
2041 4260 2247 4317 scilicet
2273 4259 2425 4317 Jonm
2452 4262 2698 4335 symbolo
2744 4263 2829 4318 usi
2875 4263 3192 4335 plerumque
3221 4263 3372 4321 luere
3398 4263 3503 4322 Pa-

176 4370 313 4427 tres,
339 4375 473 4416 cum
496 4356 589 4412 vel
615 4353 829 4411 Iudaeos
859 4353 1187 4418 refellerent,
1223 4354 1309 4409 vel
1336 4352 1404 4409 de
1432 4361 1630 4417 morte,
1660 4352 2167 4421 resurrectioneque
2194 4349 2498 4406 Servateris
2538 4351 2823 4408 scribendo
2852 4351 3212 4424 loquendove,
3244 4353 3505 4422 populum

182 4449 477 4507 docerent.
510 4445 761 4502 Adeundi
782 4442 1024 4501 Iustinus
1051 4452 1277 4516 martyr,
1302 4442 1515 4516 Dialog.
1539 4459 1654 4497 cum
1682 4441 1956 4515 Tryphone
1983 4441 2187 4510 Iudaeo,
2220 4459 2367 4498 num.
2402 4442 2537 4509 107;
2568 4442 2948 4511 Tertullianus,
2982 4445 3073 4499 lib.
3122 4446 3185 4500 de
3223 4444 3508 4509 Pudicitia,

179 4554 301 4611 cap.
341 4537 414 4594 10
438 4579 454 4605 ,
501 4549 620 4607 quo
659 4535 780 4590 loco
818 4533 1015 4591 Ionam
1057 4534 1349 4606 exemplum
1397 4551 1507 4589 esse
1555 4535 1750 4604 passim
1791 4534 2068 4589 dominicas
2094 4535 2353 4601 passionis
2375 4534 2594 4599 scribit;
2625 4530 2903 4603 Origenes,
2930 4534 3429 4592 Commentariorum
3455 4540 3512 4593 in

184 4632 382 4689 Matth.
420 4639 565 4687 tom.
605 4625 717 4692 ΧΠ,
751 4641 871 4698 pag.
896 4626 1003 4681 277
1030 4628 1157 4683 edit.
1184 4626 1411 4685 Venetae
1440 4642 1528 4681 an.
1563 4625 1731 4693 “45;
1762 4624 2055 4696 Gregorius
2082 4625 2468 4690 Nazianzenus,
2502 4634 2640 4680 orat.
2668 4624 2719 4691 1,
2748 4639 2869 4695 pag.
2903 4624 3006 4693 t5;
3036 4624 3272 4700 Cyrillus
3313 4629 3510 4686 Hiero-

185 4725 581 4799 solymitanus,
616 4716 825 4777 catech.
864 4719 949 4785 14,
983 4735 1129 4774 num.
1164 4718 1232 4773 17
1260 4735 1401 4789 seq.,
1431 4735 1553 4790 pag.
1585 4720 1691 4774 21⁵5
1717 4735 1857 4790 seq.,
1880 4728 1942 4776 ut
1970 4717 2376 4790 Hieronymum,
2405 4717 2782 4788 Augustinum,
2809 4716 3067 4792 Cyrillum
3088 4721 3512 4783 Alexandrinum

189 4817 644 4889 prmtermittam,
665 4826 895 4883 quorum
916 4821 1042 4866 sunt
1064 4812 1373 4869 testimonia
1394 4812 1662 4882 descripta
1682 4826 1712 4866 a
1733 4810 1908 4865 Natali
1928 4810 2255 4877 Alexandro,
2276 4810 2490 4867 dissert.
2517 4809 2583 4865 10
2604 4811 2657 4866 in
2679 4810 2884 4869 Histor.
2908 4816 3093 4871 eccles.
3116 4814 3214 4872 γει
3261 4817 3512 4887 Testem,

191 4921 295 4967 art.
327 4910 380 4979 5,
407 4921 547 4969 tom.
584 4908 652 4972 ll,
688 4922 809 4979 pag.
845 4906 948 4962 169
978 4908 1107 4963 edit.
1140 4906 1398 4964 Lucensis
1427 4924 1514 4963 an.
1550 4906 1707 4961 1748.
1744 4907 1926 4974 Quid?
1954 4907 2000 4963 si
2028 4904 2320 4964 Christiani
2345 4908 2447 4979 ipsi
2476 4916 2689 4964 veteres
2723 4917 2779 4964 et
2807 4911 3112 4984 anaglypho
3155 4927 3321 4983 opere
3349 4921 3404 4969 et
3433 4916 3517 4984 pi-

194 5008 366 5064 cturis
393 5006 599 5064 Ionam
625 5017 964 5072 expressere,
998 5011 1057 5058 ut
1097 5004 1385 5069 intuentes,
1430 4996 1620 5067 mortis
1649 5000 2165 5071 resurrectionisque
2193 5000 2391 5058 Christi
2431 5000 2945 5058 reminiscerentur?
2972 5001 3171 5060 Conler
3199 5004 3518 5077 Aringhium

201 5101 381 5158 Romae
408 5088 646 5157 subterr.
682 5095 774 5151 lib.
808 5112 865 5161 ιι,
895 5110 1016 5166 cap.
1049 5095 1135 5162 10,
1150 5110 1280 5171 pag.
1312 5092 1417 5151 525
1437 5103 1493 5151 et
1521 5092 1657 5161 555;
1690 5094 1784 5149 lib.
1818 5110 1892 5160 ιιι,
1924 5109 2043 5167 cap.
2074 5093 2161 5162 Ὦ,
2190 5109 2313 5167 pag.
2347 5091 2474 5160 555,
2500 5091 2622 5160 551,
2654 5092 2760 5149 585
2785 5111 2926 5168 seq.,
2959 5104 3090 5154 tom.
3123 5096 3173 5164 l;
3215 5105 3271 5155 et
3304 5097 3399 5153 lib.
3443 5115 3515 5162 tv,

195 5210 316 5268 cap.
351 5195 442 5261 H,
478 5206 609 5266 pag.
648 5189 741 5254 71,
761 5187 852 5256 97,
881 5198 1011 5256 etc.,
1037 5196 1094 5245 et
1114 5190 1208 5247 lib.
1238 5207 1289 5255 v,
1314 5206 1435 5261 cap.
1467 5187 1555 5254 22,
1589 5203 1714 5260 pag.
1748 5185 1853 5241 505
1873 5203 2048 5260 seqq.,
2074 5196 2207 5244 tom.
2240 5187 2314 5254 ll;
2338 5184 2644 5261 Philippum
2672 5186 3020 5255 Bonan-olant,
3047 5187 3406 5245 Osservazioni
3431 5210 3521 5247 stt-

200 5305 296 5361 pra
319 5287 495 5343 alcuni
528 5281 840 5356 frammenti
868 5280 923 5333 di
950 5276 1067 5334 vasi
1090 5282 1307 5345 antichi,
1334 5282 1445 5337 tab.
1472 5281 1532 5344 l;
1556 5279 1876 5349 Bottarium,
1909 5279 2060 5337 Rom.
2086 5280 2334 5348 subterr.,
2361 5282 2472 5340 tab.
2497 5279 2588 5347 42,
2610 5296 2733 5352 pag.
2767 5280 2863 5336 l9l
2888 5298 2901 5348 ;
2931 5280 3179 5352 Equitem
3201 5281 3518 5348 Victorimu,

204 5376 400 5453 Opusc.
435 5378 503 5433 de
529 5382 735 5447 septem
763 5369 1170 5436 Dormientibus,
1201 5390 1324 5443 pag.
1362 5373 1448 5440 55,
1483 5374 1567 5430 55.
2281 5393 2293 5403 -

276 5471 385 5529 Sed
414 5469 608 5531 redeo,
645 5461 794 5519 unde
822 5460 931 5517 huc
951 5460 1164 5525 diverti,
1198 5460 1265 5516 ad
1294 5461 1582 5518 Maximum
1614 5462 1682 5519 de
1708 5461 1908 5518 Christi
1934 5464 2240 5544 Servatoris
2261 5466 2460 5526 morte,
2488 5458 2667 5533 deque
2695 5463 2971 5519 miraculis
2996 5479 3115 5533 quae
3145 5474 3273 5524 tunc
3314 5475 3524 5536 patrata

207 5572 353 5631 sunt,
372 5563 769 5619 disserentem.
796 5552 1025 5608 Homilia
1043 5548 1130 5616 57,
1156 5567 1209 5621 p.
1230 5550 1327 5606 181
1352 5571 1365 5605 :
1390 5551 1457 5608 In
1481 5555 1868 5618 resurrectione,
1889 5552 2082 5624 inquit,
2106 5548 2301 5605 Christi
2327 5550 2577 5605 elementa
2599 5553 2775 5608 omnia
2796 5551 3106 5624 gloriantur.
3135 5553 3276 5608 Nam
3296 5563 3345 5607 et
3364 5556 3527 5613 solem

213 5658 379 5729 ipsum
406 5656 645 5711 arbitror
664 5662 780 5703 esse
805 5648 860 5701 in
890 5646 985 5700 hac
1025 5641 1209 5719 [Lxxv]
1238 5645 1323 5699 die
1346 5645 1498 5699 solito
1527 5646 1818 5700 clariorem.
1845 5638 2071 5701 Necesse
2092 5646 2230 5701 enim
2255 5650 2333 5699 est
2352 5649 2410 5695 ut
2437 5641 2517 5699 sol
2550 5643 2607 5698 in
2644 5645 2755 5716 ejus
2784 5645 3155 5699 resurrectione
3184 5643 3439 5715 gaudeat,
3470 5652 3526 5706 in

215 5752 361 5826 cujus
390 5750 642 5822 passione
664 5741 965 5806 condoluit;
996 5750 1052 5798 et
1080 5741 1233 5812 cujus
1279 5757 1498 5799 nomen
1528 5757 1753 5798 LUGUBRI
1785 5760 1814 5808 q

1930 5760 1997 5799 su
2022 5757 2267 5799 CALlGlNE
2298 5754 2637 5798 rnosucurus
2664 5758 2762 5800 εει·
2783 5784 2799 5809 ,
2831 5740 3061 5812 ejusdem
3080 5732 3529 5799 vitam'nitidioris

220 5844 346 5900 lucis
373 5834 661 5913 splendore
710 5831 976 5901 suscipiat.
1023 5831 1218 5890 Verum
1242 5833 1369 5904 quid
1400 5833 1581 5890 multis
1624 5833 1885 5891 lectorem
1922 5835 2141 5893 moror?
2169 5830 2432 5889 Omittam
2455 5837 2649 5889 uetera
2691 5830 2939 5897 Maximi,
2970 5847 3091 5902 quae
3118 5846 3250 5889 sane
3276 5834 3529 5908 perplurs

503 5931 791 5993 ΡΑτιωι..
840 5922 1027 5984 LVII.
1258 5976 1263 5985 .

3086 5923 3123 5985 3
