4050 6356
181 355 247 412 π
1025 383 1040 391 .
1607 341 1991 408 raturas-to.
3398 351 3476 428 in

252 465 437 538 Neque
461 476 593 518 vero
637 459 743 517 hoc
787 459 906 531 ipso
932 459 1199 529 scriptore
1241 470 1386 512 novo
1410 471 1590 513 minus
1617 456 1829 538 injuriae
1857 455 2090 538 Maximo
2116 455 2353 510 conﬂant
2382 455 2450 521 ii,
2481 436 2572 527 qui
2603 473 2669 514 eo
2691 457 2996 514 deductum
3032 459 3198 522 fuisse
3225 473 3476 538 sanctum

181 531 494 632 episcapum
521 549 882 625 suspicantur,
929 555 994 606 ut'
1036 561 1066 605 a
1098 544 1299 606 Christi
1327 560 1557 618 carpore
1586 535 1772 632 triduo‘
1804 545 1996 605 mortis
2024 533 2187 604 fuisse
2213 550 2499 620 personam
2529 539 2690 605 Verbi
2714 547 3011 621 sejunctam
3042 555 3298 626 putarint.
3343 531 3482 612 Nam

180 629 403 718 hujusce
449 641 728 704 sententia:
771 645 825 700 in
878 641 1154 715 Opuseitlls
1199 639 1414 700 Maximi
1459 657 1530 697 ne
1566 629 1851 712 vestigium
1881 632 2097 713 quidem
2125 637 2382 698 cernitur.
2427 635 2580 711 Quod
2611 651 2790 699 autem
2820 646 2904 700 \‘ir
2924 656 3141 704 sanctus
3170 649 3352 726 homil.
3385 651 3478 726 45,

180 759 303 818 pag.
337 743 459 810 138,
511 743 736 808 scribit,
789 741 1053 798 clamasse
1101 738 1373 795 Christum
1425 727 1480 793 in
1510 751 1672 794 cruce
1699 755 1711 791 :
1745 735 1888 794 De’us‘
1913 737 2078 806 ineus‘,
2111 735 2204 794 cur'
2231 755 2312 792 me
2332 731 2669 818 dereliquisti,
2695 732 2746 793 id
2773 729 3018 810 profecto
3047 759 3152 796 non
3182 723 3364 803 eliicit.
3397 723 3476 814 ut,

181 813 299 906 ejus
327 833 599 908 Opinione,
631 821 933 888 derelictum
959 845 990 885 a
1021 825 1200 884 Verbo
1229 824 1394 882 fuisse
1423 841 1621 898 corpus
1661 829 2015 899 suspicemur.
2079 823 2205 885 ﬂare
2230 820 2374 884 enim
2403 830 2529 900 apte
2557 822 2622 884 ad
2650 813 3000 898 Evangelium
3023 830 3314 904 Maximum
3345 813 3479 890 seri;

181 927 373 999 psisse,
403 926 524 998 quis
571 911 766 996 neget?
811 917 985 990 Quid?
1029 914 1379 990 Euangeliine
1408 921 1732 978 auctoritate
1760 914 1974 976 ostendi
2003 917 2034 976 a'
2063 915 2120 976 se
2148 916 2430 994 quisquam
2460 915 2751 978 arbitratur
2774 939 2954 994 posse,
2983 916 3144 980 Verbi
3175 921 3337 982 divini
3371 945 3486 999 pcr-

183 1031 370 1076 sonam
417 1017 682 1074 dimiSiSSe
711 1019 941 1087 comins,
990 1013 1137 1085 Quod
1184 1013 1550 1084 assumpSerat
1586 1001 1775 1069 salutis
1809 1003 2060 1070 humanae
2089 1006 2288 1072 causa?
2314 1007 2454 1070 Nihil
2484 1013 2678 1070 minus.
2730 1002 2801 1070 At
2829 1018 2972 1074 enim
3001 1017 3149 1074 addit
3177 1018 3480 1074 Maximus:

185 1107 318 1168 Haec
345 1109 495 1177 dixit,
529 1107 822 1180 (Christus)
851 1115 907 1162 ut
933 1106 1312 1179 man'ifesla're’l,
1344 1113 1553 1178 propter
1576 1123 1670 1161 nos
1694 1105 1750 1163 s'e
1769 1121 1882 1161 esse
1911 1103 2210 1162 derelictum
2233 1147 2248 1174 ,
2279 1101 2494 1180 quorum
2518 1115 2729 1190 peccata
2753 1091 3015 1188 portabat.
3056 1105 3171 1190 Ego
3203 1126 3330 1166 vero
3358 1110 3484 1166 illud

186 1217 318 1274 rogo
338 1219 436 1277 quo
457 1204 676 1260 tandem
705 1199 867 1257 modo
888 1191 1182 1256 derelictum
1207 1203 1430 1273 propter
1455 1215 1556 1255 nos
1580 1213 1640 1255 se
1661 1189 1904 1255 Christus
1925 1195 2140 1264 dixerit,
2165 1207 2301 1255 teste
2321 1195 2588 1254 Maximo?
2617 1187 2880 1272 Equidem
2907 1200 2963 1255 in
2986 1187 3218 1256 homiliis
3245 1201 3482 1266 Maximi,

189 1303 408 1370 propter
455 1308 556 1352 nos
599 1291 871 1351 Christum
919 1291 1190 1365 obiectum
1235 1293 1448 1366 injuriis
1491 1289 1828 1360 Judzeorum,
1880 1291 2089 1366 plagis,
2118 1291 2304 1361 malis,
2351 1289 2514 1350 morti
2544 1279 2706 1350 luisse
2735 1285 2884 1366 lego;
2915 1279 3212 1350 derelictum
3243 1306 3422 1352 autem
3453 1313 3486 1352 a

188 1403 422 1461 persona
453 1383 870 1458 Yerbicorpus,
902 1383 1048 1458 quod
1077 1393 1459 1458 assumpserat,
1490 1400 1754 1456 nusquam
1784 1385 1924 1454 lego.
1985 1380 2123 1452 Quid
2149 1395 2278 1454 ergo
2307 1393 2410 1453 est,
2442 1400 2540 1440 cur
2569 1401 2678 1440 non
2705 1383 2894 1442 eadem
2925 1386 3138 1442 ratione
3167 1387 3486 1442 derelictum

189 1479 479 1548 Christum,
512 1486 650 1536 teste
678 1477 912 1536 Maximo
936 1477 1192 1549 judicent,
1225 1484 1330 1549 qua
1359 1475 1676 1534 derelictum
1696 1473 1879 1533 docuit
1903 1483 2120 1533 sanctus
2142 1474 2286 1532 Leo?
2316 1475 2488 1533 Serm.
2525 1473 2611 1542 66,
2645 1493 2762 1548 cap.
2794 1473 2848 1543 2,
2879 1492 3002 1548 pag.
3034 1473 3134 1531 187
3165 1475 3291 1532 edit.
3326 1476 3484 1532 liom.

196 1585 282 1627 an.
316 1569 498 1628 1755:
531 1567 659 1628 Ideo
682 1565 974 1627 lesus'voce
1010 1575 1204 1643 inagna
1249 1565 1525 1636 clamabat,
1558 1567 1773 1624 dicens:
1818 1563 1991 1632 Quare
2021 1585 2103 1623 me
2142 1565 2509 1641 dereliquisti?
2539 1565 2607 1622 Ut
2645 1577 2822 1622 notum
2852 1568 3087 1624 omnibus
3119 1572 3309 1642 faceret
3331 1585 3491 1640 quare

197 1663 480 1737 oportuerit
520 1677 632 1720 eum
677 1671 780 1719 non
811 1665 922 1719 erui
943 1703 960 1729 ,
1009 1675 1113 1720 non
1139 1653 1350 1736 defendi
1370 1705 1385 1730 ,
1435 1660 1528 1718 sed
1554 1663 1875 1729 stet-ientium
1904 1661 2142 1718 manibus
2173 1659 2488 1734 derelinqui,
2521 1659 2616 1717 hoc
2643 1671 2721 1716 est
2739 1661 3048 1718 salvatorem
3079 1664 3256 1718 mundi
3277 1665 3413 1734 ﬁeri,
3442 1670 3492 1718 et

195 1757 422 1813 omnium
449 1755 709 1812 norninant
737 1757 1114 1830 re‘dentptorem
1135 1800 1150 1826 ,
1196 1768 1302 1813 non
1347 1775 1440 1830 per
1462 1757 1725 1825 miseriam
1749 1800 1764 1824 ,
1817 1755 1908 1812 sed
1935 1775 2026 1828 per
2053 1753 2498 1822 misericordiam;
2535 1773 2628 1810 nec
2649 1756 2928 1814 amissione
2947 1759 3152 1822 auxilii,
3183 1758 3272 1812 sed
3303 1758 3493 1827 deﬁnio

195 1847 336 1905 tione
360 1849 643 1918 moriendi,
673 1855 780 1907 etc.
834 1847 972 1919 Quid
1000 1855 1181 1907 autem
1211 1853 1296 1908 est
1323 1849 1519 1907 horum
1573 1846 1802 1906 similius
1829 1847 2075 1906 doctrina
2104 1844 2359 1905 Maximi?
2389 1845 2618 1904 Humilia
2650 1847 2736 1920 46,
2774 1865 2894 1922 pag.
2931 1850 3033 1905 142
3058 1870 3069 1905 ;
3107 1849 3246 1905 Nolo
3288 1852 3362 1905 sic
3402 1851 3492 1904 de-

190 1941 350 2013 ﬁndi.
355 1941 636 2016 justitiam,
658 1939 792 1999 sicut
818 1943 948 2000 sb‘let
967 1943 1216 2016 iniquitas
1235 1942 1506 1998 excusari.
1527 1982 1542 1996 .
1565 1984 1577 1996 .
1603 1983 1616 1996 .
1648 1939 1874 1996 Causam
1894 1957 2042 1995 suam
2066 1939 2259 1995 mavult
2287 1939 2644 2012 comprobare,
2668 1958 2822 2014 quam
2852 1941 3041 1997 dicere.
3078 1941 3241 1996 Suam
3271 1942 3489 1996 salutem

187 2035 435 2108 perdidit,
459 2042 516 2094 ut
541 2037 763 2094 salutem
793 2040 1025 2094 omnium
1045 2037 1368 2105 lucraretur;
1394 2037 1448 2092 in
1477 2053 1532 2093 se
1555 2035 1691 2091 vinci
1713 2035 1912 2103 maluit,
1939 2047 1995 2091 ut
2016 2037 2176 2093 victor
2201 2045 2333 2092 esset
2355 2035 2406 2090 in
2430 2038 2647 2092 cunctis.
2689 2031 2872 2106 Pergit
2901 2048 3084 2094 autem
3111 2036 3396 2100 Maximus,
3429 2053 3494 2092 ac

183 2138 311 2198 pag.
343 2121 448 2183 ibi
475 2129 797 2200 permissum
824 2115 998 2186 Pilato
1024 2125 1282 2192 ostendit,
1312 2133 1371 2182 ut
1397 2126 1685 2184 adversum
1711 2123 2060 2183 Ser'vatorem
2101 2125 2375 2185 Christum
2409 2131 2632 2204 [urentis
2671 2127 2969 2203 Synagoga:
3015 2131 3345 2201 sacrilegium
3366 2149 3494 2186 con-

180 2224 442 2300 ﬁrmaret.
483 2220 551 2282 Et
575 2225 768 2283 homil.
801 2223 892 2294 50,
922 2225 1046 2297 pag.
1087 2221 1224 2279 "ib:
1255 2219 1445 2279 Passio
1467 2223 1628 2290 illius,
1660 2219 1852 2294 inquit,
1885 2234 2063 2278 nostra
2104 2225 2387 2297 redemptio
2425 2237 2520 2294 est,
2567 2244 2706 2282 mors
2746 2227 2860 2298 ejus
2888 2226 2992 2280 vita
3014 2235 3193 2280 nostra
3222 2235 3320 2280 est.
3365 2225 3492 2280 Ideo

178 2328 360 2375 autem
388 2315 638 2393 [Lxxvm]
685 2316 830 2371 mala
859 2316 969 2370 lucc
995 2321 1180 2369 cuncta
1219 2313 1484 2381 sustinuit,
1515 2321 1570 2368 ut
1615 2329 1710 2368 nos
1759 2313 1891 2368 bona
1932 2312 2109 2368 omnia
2156 2318 2506 2371 sentiremus:
2549 2317 2664 2372 ideo
2713 2315 3070 2371 crudelitatem
3097 2317 3152 2369 in
3187 2317 3496 2371 seexerceri

178 2407 398 2474 maluit,
425 2416 482 2462 ut
511 2407 658 2463 nobis
679 2405 1094 2462 misericordiam
1121 2404 1416 2476 largiretur.
1484 2396 1596 2472 Age
1638 2420 1768 2458 vero
1816 2405 1860 2460 si
1908 2401 2077 2461 divini
2119 2403 2280 2461 Verbi
2308 2423 2539 2477 persona
2568 2407 2947 2479 dereliquisset
2973 2422 3192 2479 corpus,
3224 2409 3292 2464 ab
3321 2422 3498 2477 eoque
3530 2413 3536 2418 ’

176 2515 243 2557 se
272 2497 670 2568 disjunitisset,
724 2503 944 2552 auctore
990 2493 1252 2561 Maximo;
1298 2491 1391 2566 qui
1440 2493 1656 2550 tandem
1707 2493 1788 2550 sic
1834 2495 2133 2551 induxisset
2176 2495 2317 2552 idem
2344 2496 2608 2556 Maximus
2633 2500 2907 2556 Christum
2936 2499 3244 2556 dicentem:
3277 2499 3502 2572 Palpate

175 2609 366 2658 manu,
393 2604 548 2666 atque
574 2590 740 2646 videte
760 2585 883 2660 ﬁde,
915 2591 1036 2662 quia
1061 2590 1198 2644 inest
1241 2581 1372 2643 mihi
1416 2585 1561 2644 illius
1601 2590 1836 2660 corporis
1883 2592 2071 2645 veritas
2095 2632 2110 2657 ,
2149 2592 2288 2663 quod
2307 2593 2552 2665 pependit
2573 2595 2629 2648 in
2665 2611 2835 2662 cruce,
2868 2604 3024 2666 atque
3045 2602 3308 2650 mortuum
3337 2592 3499 2664 ἀερο-

175 2687 340 2744 situm
372 2687 475 2762 fuit
504 2687 558 2741 in
588 2683 861 2758 sepulcro;
892 2691 942 2738 et
969 2670 1263 2754 proprietas
1286 2675 1532 2750 Deitatis,
1564 2698 1666 2755 qua
1695 2699 1767 2738 us:
1799 2699 2054 2739 uon'wvu
2085 2699 2263 2750 unus
2308 2700 2360 2740 in
2389 2701 2660 2742 scrcncno
2687 2701 2988 2743 aneosnruu
3017 2699 3312 2743 saeuum.
3362 2684 3498 2741 Cum

175 2796 364 2837 anima
383 2779 500 2850 jam
529 2781 774 2850 sejuncta
795 2789 941 2836 esset
965 2795 996 2835 a
1019 2779 1251 2851 corpore
1276 2818 1290 2844 ,
1343 2777 1388 2835 si
1436 2765 1614 2834 divina
1643 2778 1866 2849 perinde
1895 2778 2092 2834 Christi
2127 2796 2358 2852 persona
2379 2796 2576 2852 corpus
2595 2781 2738 2837 idem
2767 2781 3114 2846 deseruisset,
3141 2795 3253 2851 quo
3279 2779 3500 2836 domum

173 2875 348 2932 modo
380 2875 491 2931 dici
521 2891 552 2930 a
582 2871 818 2931 Maximo
845 2875 1130 2946 potuisset,
1156 2868 1429 2930 Christum
1459 2873 1635 2946 ipsum
1665 2874 1936 2946 sepultum
1965 2875 2158 2942 fuisse,
2205 2892 2375 2942 suone:
2405 2876 2600 2934 deimle
2622 2879 2676 2934 in
2705 2894 2979 2935 earumne
3007 2895 3304 2936 summm
3333 2879 3502 2936 susci-

175 2965 370 3023 tasse?
399 2965 522 3022 Non
551 2981 680 3037 ergo
712 2962 930 3022 Maximi
959 2967 1235 3039 opinione,
1265 2965 1513 3050 seiuncta
1535 2982 1568 3023 a
1592 2964 1795 3025 Christi
1820 2985 2051 3040 corpore
2080 2968 2257 3026 triduo
2286 2973 2482 3028 mortis
2507 2971 2611 3028 iuit
2635 2987 2867 3044 persona
2899 2974 3082 3031 Verbi.

249 3055 393 3115 XVI.
439 3055 689 3115 Vidimus
716 3059 964 3130 proxime
989 3059 1058 3116 de
1085 3057 1361 3130 sepultura
1389 3058 1612 3126 Christi,
1657 3059 1787 3132 quid
1816 3061 2080 3120 Maximus
2109 3072 2295 3121 uoster
2322 3068 2570 3124 senserit.
2613 3065 2780 3123 Multo
2809 3069 2902 3125 ille
2928 3069 3083 3140 plura
3111 3085 3176 3125 es
3207 3070 3278 3125 de
3305 3083 3364 3127 re
3393 3071 3505 3126 suis

172 3154 229 3209 in
261 3153 513 3211 homiliis
541 3169 605 3210 ac
633 3154 974 3210 sermonibus
1000 3153 1267 3225 disputat,
1315 3169 1435 3225 qua:
1459 3162 1636 3212 tamen
1665 3155 1974 3214 describere
2002 3174 2110 3214 non
2140 3167 2224 3216 est
2244 3175 2402 3231 opus,
2431 3173 2551 3218 cum
2579 3160 2774 3217 eodem
2801 3171 2967 3234 atque
3003 3162 3172 3218 modo
3199 3163 3505 3234 descriptus

170 3248 406 3306 Maximi
440 3249 612 3321 ipsius
635 3249 787 3306 locus
815 3247 1076 3316 recidant,
1110 3263 1287 3319 neque
1313 3249 1608 3324 quidquam
1637 3249 1812 3306 ferant
1834 3293 1848 3316 ,
1891 3251 2037 3321 quod
2065 3251 2326 3322 majorem
2355 3253 2410 3309 in
2439 3253 2658 3311 modum
2687 3255 3062 3312 illustrandum
3086 3271 3210 3312 esse
3237 3256 3501 3311 videatur.

169 3335 358 3400 Venio
390 3339 562 3411 igitur
585 3337 652 3393 ad
682 3337 965 3394 articulum
993 3335 1085 3408 qui
1115 3345 1199 3394 est
1242 3336 1310 3394 de
1350 3337 1554 3395 Christi
1581 3338 1848 3396 descensu
1875 3341 1944 3396 ad
1973 3341 2194 3398 inferos.
2258 3342 2360 3414 De,
2381 3343 2486 3400 hoc
2510 3345 2591 3400 sic
2627 3344 2891 3400 Maximus
2917 3346 3136 3400 disserit
3159 3345 3382 3400 homilia
3413 3345 3502 3408 57,

168 3447 301 3502 pag.
341 3421 458 3485 182
483 3449 496 3483 :
533 3428 672 3494 Quid
701 3430 887 3484 mirum
911 3428 958 3486 si
985 3424 1126 3502 apud
1143 3445 1356 3504 superos
1389 3431 1628 3503 (mortuo
1655 3429 1871 3488 Christo
1898 3441 2017 3486 sunt
2045 3432 2290 3499 tenebrat,
2321 3450 2436 3490 cum
2467 3436 2556 3488 lus
2579 3434 2844 3489 descendit
2868 3435 2940 3489 ad
2961 3437 3178 3508 inferos.
3207 3435 3381 3490 Serm.
3416 3436 3504 3500 ’51,

168 3541 300 3596 pag.
363 3521 480 3578 479
507 3541 520 3576 :
554 3519 690 3578 Dum
734 3533 970 3590 mortem,
1003 3521 1210 3592 inquit,
1261 3520 1332 3577 ad
1358 3522 1571 3594 inferna
1615 3539 1774 3595 usque
1820 3526 2161 3598 persequitur,
2194 3524 2265 3580 ad
2302 3525 2536 3596 paradisi
2563 3527 2876 3596 setnpiterrsa
2906 3527 3118 3598 gaudia,
3141 3543 3292 3596 quem
3315 3527 3506 3581 creavit

165 3621 332 3690 atque
352 3616 586 3674 redemit
614 3615 894 3684 hominem,
926 3631 1170 3671 revocare
1189 3616 1435 3689 dignatus
1463 3624 1560 3671 est.
1600 3616 1684 3670 Ad
1705 3618 1914 3689 inferna
1933 3635 2092 3690 usque
2117 3627 2416 3690 persecutus
2435 3627 2514 3674 est
2539 3628 2758 3674 mortem
2775 3659 2791 3686 ,
2821 3629 2976 3692 atque
3002 3619 3238 3675 eamdem
3261 3619 3318 3674 in
3345 3635 3505 3692 regno

163 3725 264 3764 suo
297 3709 597 3783 gloriosius
627 3699 886 3780 captivam
916 3707 1038 3780 fecit
1072 3715 1224 3781 atque
1245 3707 1309 3761 de
1339 3705 1520 3762 eadem
1545 3707 1894 3778 triumphavit.
1938 3710 2133 3779 Aperta
2157 3718 2279 3764 tunc
2300 3718 2418 3764 sunt
2441 3711 2710 3766 tenebmsa
2725 3711 2822 3766 illa
2843 3713 3167 3784 infernarum
3193 3716 3503 3784 penetralia.

165 3797 336 3866 Quod
356 3816 637 3873 nunquam
665 3799 867 3854 viderat
889 3797 1092 3854 caeleste
1119 3799 1316 3864 lumen,
1341 3806 1539 3854 eterna
1569 3813 1674 3851 nos;
1701 3797 1895 3852 mirata
1923 3808 2018 3854 est.
2067 3798 2218 3856 Unde
2248 3817 2363 3855 cum
2388 3802 2640 3874 propheta
2667 3805 2782 3872 ipse
2801 3805 2974 3860 dicere
3001 3816 3245 3878 poterat:
3275 3808 3320 3860 0
3339 3823 3500 3873 mors,

160 3913 255 3950 ero
284 3911 440 3950 mors
469 3901 585 3958 tua,
622 3909 708 3946 cro
737 3909 939 3947 morsus
962 3900 1100 3956 tuus,
1124 3893 1346 3963 inferne.
1381 3887 1527 3944 Nam
1541 3908 1688 3964 quem
1718 3901 1775 3946 ut
1798 3901 2054 3948 mortuum
2077 3895 2310 3966 putabat,
2329 3889 2512 3951 coacta
2529 3908 2604 3953 est
2633 3899 2906 3966 dimittere,
2938 3907 2986 3953 et
3013 3899 3222 3954 illorum
3247 3915 3374 3970 quos
3389 3901 3504 3970 jam

157 3983 465 4050 retinebat,
519 3989 732 4054 experta
778 3993 856 4037 est
905 3982 1282 4038 liberationem.
1351 3981 1615 4042 Sermone
1659 3984 1748 4050 45,
1798 3999 1922 4057 pag.
1972 3986 2079 4042 5M
2121 4005 2134 4042 :
2188 3985 2318 4053 ρυω
2356 3991 2569 4047 omnino
2612 3995 2756 4064 facta
2796 4002 2913 4048 sunt
2961 3993 3154 4048 idcirco
3181 4031 3196 4057 ,
3245 3990 3504 4046 carissimi

156 4085 222 4131 ut
269 4091 438 4129 nemo
485 4073 697 4144 penitus
727 4071 788 4126 de
812 4071 924 4144 ejus
954 4070 1136 4159 reditu.
1157 4070 1222 4126 ab
1252 4073 1436 4146 inferis
1478 4074 1780 4148 disputaret,
1814 4077 1902 4150 qui
1945 4075 2262 4148 probabatur
2308 4088 2454 4134 tanta
2502 4082 2670 4153 gloria
2697 4085 2975 4139 suscitans
3015 4084 3286 4155 defunctos
3306 4126 3316 4135 .
3339 4124 3352 4136 .
3377 4123 3389 4135 .
3407 4123 3419 4135 .
3449 4122 3460 4135 .
3485 4122 3498 4135 .

153 4167 434 4225 Amemus
481 4181 602 4219 eum
671 4171 777 4220 tam
820 4183 1010 4238 magna
1057 4163 1206 4221 nobis
1247 4165 1499 4238 beneﬁcia
1545 4170 1914 4240 conferentem,
1965 4172 2302 4226 suscitantem
2341 4183 2606 4240 mortuos;
2655 4191 2950 4230 tenerentur
2989 4177 3056 4230 ab
3093 4178 3281 4246 inferis
3327 4192 3504 4228 resur-

154 4273 420 4337 gentem;
474 4257 715 4314 colamus
739 4300 754 4326 ,
799 4258 1073 4315 adoremus
1120 4261 1279 4315 etiam
1327 4260 1398 4314 ad
1441 4257 1624 4315 Patris
1661 4259 1935 4316 dexteram
1982 4263 2354 4320 considentem.
2417 4265 2779 4332 Quatuobrem
2829 4278 2959 4324 vero
3007 4268 3075 4323 ad
3105 4267 3308 4323 inferos
3345 4267 3504 4321 Chri-

155 4361 280 4413 stus
334 4347 739 4418 descenderit,
813 4349 953 4407 idem
1019 4352 1243 4423 exponit
1287 4351 1556 4408 Maximus
1604 4352 1827 4410 homilia
1876 4353 1969 4421 57,
2020 4371 2142 4428 pag.
2201 4357 2322 4414 l80.
2392 4358 2590 4418 Scribit
2635 4362 2781 4418 enim
2827 4363 2930 4418 hoc
2977 4362 3180 4418 uredo:
3236 4360 3387 4426 Quod
3445 4363 3501 4415 in

154 4451 380 4521 inferno
438 4445 662 4510 luceat,
711 4443 786 4498 ait
830 4442 1123 4516 propheta:
1167 4435 1270 4508 Qui
1292 4441 1544 4500 sedebant
1582 4446 1640 4501 in
1685 4447 1895 4520 regione
1922 4447 2118 4506 umbra:
2159 4453 2338 4507 mortis
2383 4453 2475 4508 tua:
2499 4463 2617 4510 orta
2645 4455 2872 4510 catillis.
2913 4454 2982 4510 Et
2999 4455 3220 4510 honillia
3259 4455 3344 4519 60,
3375 4465 3498 4524 pag.

157 4538 270 4594 189
300 4555 428 4609 seq.
462 4557 476 4591 :
537 4531 716 4601 Quam
755 4533 880 4590 bene
926 4535 1242 4606 triumphum
1286 4535 1505 4592 Domini
1543 4539 1795 4610 propheta
1844 4539 2114 4598 describit.
2137 4580 2257 4600 ....
2324 4543 2460 4599 Ecce
2497 4545 2782 4602 Dominum
2825 4559 3030 4603 atatem
3070 4551 3138 4600 att
3198 4546 3348 4600 (mlas
3400 4561 3504 4599 non

156 4633 447 4707 prwcedit,
507 4629 613 4684 sed
660 4629 934 4682 comitatur
980 4625 1210 4701 gloriosa
1234 4629 1686 4710 eaptivitas.rQuo
1737 4633 1902 4689 etiam
1940 4636 2312 4704 revolvuntur,
2333 4652 2474 4709 quin
2511 4639 2694 4710 prodit
2725 4653 2978 4694 sermone
3017 4637 3108 4704 ες),
3139 4647 3260 4709 pag.
3293 4637 3417 4704 476,
3450 4645 3506 4692 et

163 4739 440 4782 sermone
474 4719 572 4789 51,
611 4732 728 4791 pag.
767 4715 888 4786 L79,
912 4718 1043 4776 ubi:
1077 4717 1216 4774 Dum
1245 4729 1462 4776 mortem
1493 4709 1770 4796 (Christus)
1816 4724 1887 4778 ad
1911 4726 2122 4798 inferna
2140 4744 2300 4800 usque
2320 4709 2658 4801 persequitur,
2681 4730 2753 4784 ad
2769 4730 3006 4799 paradisi
3037 4731 3348 4801 sempiterna
3377 4745 3504 4802 gau-

159 4818 272 4884 dia,
309 4811 544 4890 [Lxmxj
579 4828 732 4886 quem
761 4811 947 4866 creavit
976 4828 1037 4867 ac
1062 4811 1276 4867 redemit
1303 4811 1582 4883 hominem,
1615 4831 1856 4870 revocare
1883 4817 2133 4889 dignatus
2156 4827 2300 4874 est...
2337 4817 2405 4874 In
2435 4821 2532 4876 hac
2560 4823 2930 4878 soci-adscitum
2949 4825 3338 4880 resurrectionis
3363 4827 3494 4898 festi-

158 4909 345 4978 vitate,
379 4903 696 4965 suscitanti:
721 4920 776 4958 se
803 4901 1051 4972 Domino,
1081 4905 1246 4959 multa
1271 4912 1571 4961 sanctorum
1610 4921 1830 4979 corpora
1869 4912 2177 4966 resuscitata
2203 4912 2498 4968 animus
2525 4924 2678 4989 atque
2701 4927 2938 4972 sanctam
2971 4921 3286 4974 introierunt
3327 4922 3507 4975 civita-

161 5008 286 5056 tem.
323 4995 570 5054 Hostias
603 5009 831 5066 namque
857 5009 977 5048 suas
1001 4989 1248 5050 Salvator
1272 4993 1526 5051 hodierna
1551 4995 1655 5061 die,
1685 5011 1809 5064 cum.
1835 5003 2134 5067 resurrexit,
2475 5004 2544 5062 Et
2569 5021 2823 5064 sermone
2841 5009 2930 5076 41,
2953 5019 3076 5082 pag.
3099 5009 3204 5066 507
3229 5031 3240 5065 :
3266 5011 3510 5068 Exsultat

117 5087 132 5106 ‘
160 5107 289 5148 caro
320 5095 546 5155 nostra,
578 5099 706 5158 qua:
732 5093 844 5138 vere
871 5093 948 5138 est
977 5092 1136 5174 terra,
1161 5086 1409 5158 quoniam
1435 5086 1732 5164 glop’ﬁcata
1755 5105 1848 5160 per
1869 5089 2130 5148 Christum
2149 5081 2446 5152 societatem
2476 5096 2778 5154 vesanam
2801 5081 3036 5156 emeruit.
3065 5101 3376 5175 Erumpunt,
3411 5109 3494 5166 ait.

159 5193 368 5240 montes
391 5175 829 5255 jucunditatem,
860 5183 909 5228 et
934 5175 1090 5232 colles
1113 5177 1392 5249 justitiam.
1430 5177 1548 5234 ﬂos
1570 5190 1771 5236 montes
1795 5180 2052 5255 collesque
2076 5188 2164 5258 qui
2186 5190 2484 5246 excitantur
2522 5192 2596 5246 ad
2634 5193 2846 5265 gaudia,
2889 5197 3220 5267 patriarchas
3249 5197 3370 5266 diri,
3403 5217 3506 5255 non

157 5278 617 5334 inconvenienter
649 5269 952 5339 accipimus,
985 5269 1119 5326 sicut
1135 5281 1186 5326 et
1212 5273 1263 5328 in
1288 5272 1462 5330 David
1482 5285 1664 5330 sancto
1693 5274 1911 5350 legimus
1939 5294 1958 5330 :
1991 5275 2306 5338 llluminans
2335 5292 2390 5338 tu
2417 5285 2724 5341 mirabiliter
2749 5305 2784 5341 a
2803 5291 3063 5346 montibus
3093 5296 3367 5350 reternis...
3394 5292 3507 5348 Nec

157 5370 431 5424 immerita
453 5363 606 5439 justi
638 5359 832 5453 quique
859 5361 1055 5453 montes
1084 5359 1448 5453 nuncupantur
1468 5372 1518 5418 et
1542 5365 1716 5430 colles,
1741 5366 1828 5437 qui
1850 5374 2069 5422 terrena:
2099 5374 2504 5429 conversationis
2533 5375 2750 5431 Innnilia
2770 5378 3114 5450 relinquentes
3145 5383 3216 5435 ad
3241 5386 3508 5453 superiora

159 5463 388 5520 celestis
412 5462 543 5516 vita:
567 5451 710 5523 ﬁdei
737 5451 847 5507 sine
875 5451 1108 5506 verticem
1135 5450 1468 5510 sustulerunt.
1499 5455 1793 5514 laetissime
1829 5460 2003 5527 itaque
2030 5463 2342 5519 venerabiles
2363 5468 2680 5534 patriarcha:
2707 5485 2971 5523 assumere
2990 5450 3370 5540 iucunditatem
3397 5491 3506 5526 ser-

157 5571 320 5614 mone
338 5550 676 5628 prophetico
710 5550 1130 5636 commonentur;
1159 5561 1374 5617 quorum
1399 5546 1588 5617 proles,
1620 5547 1676 5604 id
1701 5556 1778 5603 est
1807 5545 2043 5636 Christus
2072 5549 2347 5618 Dominus,
2380 5557 2562 5612 mortis
2590 5574 2698 5614 sua
2723 5563 3216 5636 reurrectionisque
3243 5566 3504 5634 mysterio,
3557 5553 3572 5568 ’

157 5653 322 5706 etiam
352 5641 635 5724 praeteriti
659 5638 844 5694 seaculi
866 5632 1112 5692 Patribus
1142 5636 1298 5692 vitam
1332 5639 1522 5710 refudit
1564 5641 1828 5696 amissam.
1859 5635 2226 5700 .lucundantur
2261 5645 2574 5705 omnimodis
2600 5653 2932 5722 patriarcha,
2957 5632 3172 5724 quorum
3195 5632 3509 5726 elegerimus

158 5745 318 5795 natus
350 5737 459 5792 Dei
499 5731 722 5816 Filius,
767 5729 1060 5816 universam
1088 5725 1266 5785 mundi
1295 5730 1482 5802 faciem
1515 5731 1784 5816 diabolicis
1822 5733 2017 5791 dudum
2053 5738 2406 5808 impietatibus
2435 5741 2778 5812 sordidatam,
2807 5745 3140 5800 Maculam
3169 5725 3401 5816 corporis
3428 5748 3510 5802 sui

155 5831 292 5886 m
323 5821 529 5886 mors
558 5815 815 5883 aurai.
843 5821 948 5875 etc.
970 5811 1040 5874 Et
1065 5831 1315 5880 sentiens
1343 5819 1428 5888 43,
1460 5833 1568 5897 ps;
1627 5809 1730 5877 J-iO
1755 5815 1781 5876 τ’
1804 5820 1974 5898 Elegit
2011 5825 2163 5895 mori,
2195 5842 2298 5887 non
2337 5837 2394 5884 ut
2419 5827 2565 5886 illum
2602 5831 2698 5890 sibi
2719 5809 3004 5890 vindicaret
3033 5809 3296 5905 inferunt,
3337 5837 3427 5896 sed
3451 5837 3511 5896 ut

841 5953 906 5980 ’θ’
927 5957 1086 5986 ἰι-’ἠδι-
1147 5969 1204 5982 η.-
1220 5970 1280 5981 ι.--
1366 5967 1374 5973 -
