4050 6356
555 358 623 419 79
1980 359 2154 418 ΡΚᾹΞΙ

2260 354 2366 415 [10.
3782 350 3859 409 80

553 484 784 534 mortuos
811 494 844 531 a
872 474 1118 532 mortibus
1144 474 1406 532 liberaret.
1438 475 1509 532 Et
1534 490 1785 534 sermone
1812 473 1902 540 44,
1929 487 2053 545 pag.
2077 469 2183 528 515
2208 489 2223 526 :
2251 468 2474 543 Inferna
2516 484 2621 523 non
2661 467 2881 531 horruit,
2913 466 3258 537 damnatoque
3277 464 3392 533 ipso
3420 469 3629 517 auctore
3653 459 3855 525 delicti,

550 579 842 637 susceptum
859 567 1117 623 hominem
1144 569 1370 639 portavit
1394 568 1452 623 in
1761 550 1918 622 Homo
1951 566 2043 638 qui
2072 560 2520 635 prwvaricationis
2563 557 2861 613 humiliatus
2885 555 2997 630 lege
3022 556 3224 628 captiva
3261 550 3518 610 diabolica
3549 566 3679 624 jugo
3715 550 3861 608 colla

551 660 855 733 subjecerat,
886 660 1064 716 omnia
1089 662 1377 734 tyrannica:
1397 661 1714 732 captivitatis
1740 659 1951 715 vincula
1970 676 2005 713 a
2024 657 2127 713 Dei
2146 655 2290 712 Filio
2318 665 2501 727 captus
2520 656 2701 709 evasit.

624 753 781 808 XVII.
806 754 882 809 De
910 754 1312 812 resurrectione
1341 770 1504 827 porro
1531 752 1839 811 Servatoris
1866 750 2067 808 Christi
2107 749 2366 821 praeclare
2392 746 2656 802 Maximus
2675 746 2786 813 agit
2814 745 3034 802 homilia
3065 744 3155 812 57,
3182 757 3307 816 pag.
3341 738 3446 796 179
3473 754 3648 813 seqq;
3673 739 3858 795 homi-

551 847 619 900 lia
650 843 737 909 58,
769 859 891 915 pag.
924 844 1058 912 l72;
1089 852 1145 902 et
1171 845 1362 901 homil.
1412 843 1502 912 88,
1552 857 1676 916 pag.
1708 841 1835 909 271,
1866 856 1974 914 quo
2003 840 2127 897 loco
2160 858 2174 894 :
2211 838 2407 903 Tertia,
2435 836 2628 907 inquit,
2658 834 2743 890 die
2766 836 3050 891 resurrexit
3074 852 3109 889 a
3135 834 3373 891 mortuis.
3405 830 3467 887 Si
3497 828 3760 887 credidisti
3791 827 3861 884 de

550 934 755 991 Christo
775 933 910 1008 quod
937 933 1204 991 dedecoris
1227 944 1324 1003 est,
1355 933 1509 990 crede
1534 933 1674 1008 quod
1699 932 1882 1005 glorite
1906 940 2007 1008 est.
2036 930 2099 987 Si
2125 928 2393 986 credidisti
2427 928 2564 1002 quod
2600 928 2783 982 mortis
2808 935 2904 992 est,
2934 926 3085 983 crede
3111 925 3249 997 quod
3274 925 3393 980 vita:
3419 930 3515 978 est.
3545 921 3697 977 Sicut
3716 923 3861 976 enim

548 1026 600 1081 in
631 1004 871 1099 passione
897 1030 1197 1099 mysterium
1217 1029 1425 1099 pietatis
1451 1004 1559 1093 est,
1576 1027 1653 1082 ita
1679 1004 1736 1081 in
1766 1004 2138 1081 resurrectione
2165 1022 2400 1096 operatio
2423 1020 2711 1093 potestatis,
2733 1029 2791 1074 ut
2813 1020 2890 1074 ait
2914 1020 3025 1089 ipse
3053 1035 3071 1073 :
3095 1016 3413 1074 Potestatem
3433 1012 3596 1069 habeo
3624 1013 3864 1085 ponendi

550 1122 777 1175 animum
804 1137 994 1187 meum,
1025 1131 1076 1177 et
1103 1128 1407 1194 potestatem
1434 1121 1598 1178 habeo
1631 1122 1817 1176 iterum
1845 1118 2081 1175 sumendi
2108 1135 2243 1174 eam.
2281 1115 2547 1183 Quomodo
2580 1132 2703 1187 ergo
2742 1131 2850 1173 non
2891 1114 2971 1170 illi
3006 1110 3305 1185 suppetebat
3344 1112 3446 1166 vita
3475 1117 3589 1181 post
3616 1118 3864 1174 mortem,

550 1219 630 1272 cui
658 1216 792 1271 mori
820 1234 927 1287 non
954 1218 1055 1289 fuit
1083 1219 1329 1284 conditio,
1351 1217 1444 1273 sed
1467 1224 1697 1290 potestas
1708 1216 1797 1271 ?...
1824 1212 2094 1281 Quomodo
2115 1221 2319 1288 poterat
2344 1214 2540 1285 inferni
2573 1210 2770 1283 legibus
2802 1207 3043 1271 detineri,
3070 1206 3160 1278 qui
3193 1204 3386 1260 idcirco
3414 1212 3490 1257 est
3518 1211 3774 1266 mortuus,
3803 1211 3867 1256 ut

550 1327 693 1365 mors
731 1311 990 1367 amitteret
1029 1312 1377 1383 potestatem?
1404 1320 1510 1369 etc.
1541 1311 1667 1377 Sed,
1700 1324 1768 1367 ne
1800 1311 2041 1382 pluribus
2069 1310 2303 1367 lectores
2329 1308 2624 1371 detineam,
2656 1321 2765 1361 uno
2794 1304 2887 1360 illo
2927 1312 3049 1360 utar
3075 1303 3200 1358 loco
3228 1317 3299 1358 ex
3324 1315 3579 1362 sermone
3608 1300 3696 1363 ἐξ),
3729 1312 3861 1368 pag.

548 1401 675 1468 472,
705 1402 801 1472 qui
826 1402 984 1473 plane
1010 1402 1346 1460 demonstrat
1372 1403 1655 1459 veritatem
1681 1402 1855 1474 plena:
1880 1402 2262 1459 miraculorum
2291 1397 2704 1457 resurrectionis
2729 1396 2952 1452 Christi.
2984 1394 3081 1451 Est
3109 1395 3155 1450 is
3180 1409 3313 1450 vero
3341 1391 3651 1464 hujusmodi
3676 1410 3690 1441 :
3724 1388 3863 1444 0m-

551 1490 696 1544 nium
725 1490 911 1546 revixit
931 1491 1109 1557 saluti,
1142 1493 1230 1564 qui
1259 1508 1359 1549 uno
1387 1508 1588 1549 ouuwu
1619 1508 1872 1549 ηοω-[ιε
1896 1491 2136 1546 addictus
2174 1501 2251 1547 est
2289 1491 2539 1562 passioni.
2576 1488 2881 1545 Resurrexit
2916 1487 3077 1560 igitur
3104 1485 3351 1543 Salvator
3378 1502 3410 1538 a
3438 1485 3674 1539 mortuis.
3703 1481 3862 1536 Nova

549 1602 633 1639 res
660 1593 713 1640 et
737 1585 905 1650 mira;
926 1584 1019 1640 sed
1037 1584 1191 1642 habet
1210 1587 1321 1642 haec
1346 1589 1562 1643 assertio
1588 1587 1876 1643 veritatem.
1900 1583 2044 1640 Nam
2064 1594 2120 1639 ut
2147 1595 2345 1639 taceam
2363 1582 2730 1655 prophetarum
2758 1580 2990 1647 oracula,
3014 1579 3316 1652 angelorum
3338 1578 3651 1642 ministeria,
3675 1584 3863 1645 aperta

549 1677 773 1749 sepulcri
803 1676 1114 1748 penetralia,
1144 1679 1314 1749 ipsum
1346 1676 1626 1733 Dominum
1661 1688 1780 1750 post
1807 1677 2236 1733 resurrectionem
2264 1691 2381 1728 cum
2407 1673 2675 1744 discipulis
2704 1672 3012 1746 loquentem,
3045 1679 3432 1726 conversantem
3458 1665 3667 1741 [un],
3697 1666 3863 1721 eden-

550 1776 668 1832 tem,
704 1767 954 1824 Thomam
982 1786 1182 1842 quoque
1205 1770 1468 1825 clavorum
1495 1770 1708 1825 vulnera
1734 1771 1892 1823 etiam
1923 1768 2084 1839 digito
2113 1773 2549 1829 contrectantem;
2590 1772 2647 1817 ut
2680 1762 2791 1833 haec
2829 1763 3004 1818 omnia
3038 1761 3455 1841 praetermittam,
3492 1766 3663 1812 tamen
3699 1756 3861 1826 ﬁdem

547 1869 778 1916 nostrum
806 1862 1083 1933 confirmat
1111 1861 1350 1933 impietas
1379 1860 1703 1918 Judteorum.
1736 1860 1880 1917 Nam
1917 1860 2101 1932 sufficit
2125 1859 2196 1913 ad
2223 1857 2579 1913 credulitatem
2603 1858 2752 1913 nobis
2772 1873 2949 1913 eorum
2976 1856 3222 1911 nimirum
3240 1860 3396 1908 cauta
3420 1849 3717 1905 credulitas.
3744 1842 3860 1911 Quo

545 1952 682 2006 enim
718 1952 1001 2009 studiosius
1032 1936 1385 2009 custodierunt
1427 1954 1696 2019 tumulum,
1726 1972 1785 2009 eo
1813 1961 2015 2008 constat
2054 1951 2202 2007 illum
2236 1952 2563 2023 manifestius
2592 1951 2896 2007 surrexisse.
2931 1947 3046 2014 Quo
3073 1948 3246 2020 plures
3273 1961 3562 2017 opposuere
3590 1940 3854 2003 custodes,

544 2059 605 2097 eo
634 2043 809 2114 plures
837 2052 993 2101 testes
1033 2045 1303 2116 reliquere.
1349 2043 1493 2099 Nam
1521 2047 1619 2102 hoc
1648 2046 1944 2117 procuravit
1968 2043 2143 2099 divina
2162 2043 2503 2116 providentia,
2536 2053 2591 2097 ut
2612 2042 2978 2098 resurrectioni
3009 2058 3114 2096 non
3141 2039 3309 2096 solum
3331 2039 3525 2111 angeli,
3557 2052 3662 2091 non
3687 2036 3854 2091 solum

547 2133 812 2205 discipuli,
839 2136 931 2191 sed
955 2147 1005 2191 et
1027 2138 1376 2192 testimonium
1396 2135 1739 2209 perhibet-ent,
1763 2134 1901 2207 quod
1928 2144 2004 2189 est
2032 2136 2276 2206 amplius,
2308 2134 2525 2189 inimici.
2554 2131 2822 2188 Libentius
2849 2148 2973 2205 ergo
3001 2132 3303 2201 accipimus,
3332 2127 3469 2200 quod
3490 2144 3608 2182 eum
3635 2126 3852 2198 diligen-

548 2229 647 2281 tius
669 2227 1026 2284 observarunt.
1057 2225 1329 2284 Credimus
1348 2229 1487 2284 enim
1506 2227 1599 2284 sub
1620 2226 1914 2282 custodibus
1946 2226 2174 2297 potuisse
2200 2225 2349 2282 illum
2384 2224 2595 2297 prodire
2622 2224 2776 2278 citius
2805 2238 2960 2295 quam
2987 2222 3174 2293 perire,
3199 2230 3249 2275 et
3287 2218 3351 2273 de
3380 2216 3576 2272 tumulo
3599 2215 3720 2287 jure
3744 2213 3847 2269 Do-

545 2321 672 2374 mini
697 2321 939 2393 progredi
968 2338 1123 2394 quam
1152 2304 1523 2395 discipulorum
1555 2320 1740 2393 fraude
1773 2319 2008 2375 subduci.
2040 2319 2209 2374 Tanta
2247 2319 2387 2374 enim
2424 2316 2777 2374 sollicitudine
2816 2315 3107 2388 sepulcrum
3136 2312 3392 2369 obstruxit
3429 2312 3693 2383 impietas,
3724 2316 3777 2361 ut
3799 2303 3850 2359 id

546 2430 652 2469 non
680 2413 983 2485 praevaleret
1005 2431 1188 2469 manus
1219 2414 1448 2469 humana
1476 2413 1757 2477 destruere,
1787 2413 1891 2467 nisi
1918 2412 2030 2467 sola
2058 2412 2217 2465 virtus
2246 2410 2641 2465 resurrectionis
2676 2408 2921 2476 aperiret.
2966 2404 3196 2476 Denique
3235 2404 3357 2459 dicit
3396 2410 3608 2458 sanctus
3641 2416 3858 2472 evange-

545 2504 687 2568 lista,
720 2503 1060 2559 descendente
1083 2504 1288 2576 angelo,
1316 2519 1509 2575 magno
1535 2514 1727 2556 terram
1756 2510 1979 2558 tremore
1999 2503 2159 2574 fuisse
2179 2509 2511 2563 commotam,
2546 2507 2603 2553 ut
2633 2497 2974 2570 fuitdamenta
3003 2497 3185 2550 tumuli
3208 2503 3547 2558 morerentur,
3571 2500 3622 2546 et
3647 2507 3859 2562 percus-

544 2613 628 2652 sos
657 2613 846 2668 pavore
871 2596 1128 2661 custodes,
1161 2598 1248 2668 qui
1265 2604 1511 2650 venerant
1531 2594 1791 2650 custodire
1817 2603 2096 2659 mortuum,
2122 2610 2235 2649 esse
2256 2595 2423 2665 factos
2461 2602 2518 2647 ut
2547 2602 2797 2648 mortuos.
2834 2590 2903 2646 Ut
2916 2602 3180 2657 mortuos,
3205 2592 3439 2662 inquam,
3462 2590 3672 2660 dignum
3698 2587 3861 2657 plane

544 2685 815 2750 iudicium,
844 2687 892 2740 si
919 2701 1035 2740 eum
1056 2686 1229 2756 justus
1254 2684 1501 2755 resurgit,
1529 2693 1769 2755 peccator
1798 2686 2046 2748 moritur;
2075 2700 2191 2737 cum
2218 2682 2473 2737 reviviscit
2519 2684 2789 2745 innocens,
2820 2682 2935 2754 ejus
2960 2683 3272 2753 inter/icitur
3297 2682 3533 2737 inimicus
3556 2695 3571 2733 :
3595 2695 3722 2733 nam
3744 2677 3860 2735 ideo

544 2794 640 2833 nec
670 2777 1083 2850 progredientem
1106 2775 1389 2831 Dominum
1417 2791 1625 2830 cernere
1652 2783 1949 2847 potuerant,
1985 2773 2106 2847 quia
2136 2772 2446 2827 criminosas
2473 2781 2667 2827 mentes
2697 2781 2860 2827 terror
2888 2780 3236 2843 oppresserat,
3261 2771 3384 2825 dum
3415 2770 3669 2825 sustinere
3691 2769 3858 2840 fulgo-

544 2887 653 2925 rem
673 2871 1069 2925 resurrectionis
1088 2869 1259 2925 rutilte
1286 2884 1391 2924 non
1420 2865 1673 2922 solebant.
1698 2865 1906 2938 Majore
1932 2882 2055 2937 ergo
2077 2863 2428 2920 sollicitudine
2448 2862 2710 2920 Pharisaei
2738 2862 3013 2918 Dominum
3035 2861 3387 2916 custodierunt
3405 2870 3683 2923 mortuum,
3705 2875 3855 2932 quam

545 2962 712 3016 vivum
737 2971 859 3017 sunt
876 2962 1200 3032 persecuti...
1228 2956 1601 3020 Custodiebant
1625 2976 1745 3032 ergo
1766 2975 1882 3013 eum
1909 2957 2131 3014 sollicite
2150 2958 2207 3011 in
2233 2950 2490 3027 iepulcro,
2518 2958 2807 3028 prtesertim
2835 2956 2955 3028 quia
2982 2971 3037 3010 se
3066 2955 3148 3009 die
3184 2956 3335 3009 tertia
3361 2953 3570 3007 dixerat
3596 2961 3853 3007 surrectu-

546 3068 679 3105 rum.
713 3048 1083 3105 Custodiebant
1114 3058 1287 3107 autem
1314 3048 1535 3104 sollicite
1561 3050 1619 3104 in
1645 3050 1901 3121 sepulcro,
1928 3050 2052 3122 quia
2080 3063 2287 3103 necesse
2310 3047 2418 3105 illis
2448 3058 2562 3104 erat
2586 3065 2702 3103 eum
2733 3049 2850 3121 jam
2890 3046 2995 3103 non
3041 3047 3304 3103 doctorem
3352 3049 3550 3110 timere,
3593 3044 3688 3101 sed
3712 3042 3847 3117 judi-

546 3160 677 3212 cem,
707 3154 814 3202 ctc.
847 3144 1050 3202 Confer
1070 3152 1334 3215 praeterea
1361 3158 1525 3200 serm.
1562 3142 1650 3212 55,
1681 3159 1805 3215 pag.
1833 3143 1932 3198 491
1966 3160 2144 3214 seqq.,
2177 3153 2232 3198 et
2258 3162 2423 3204 serm.
2455 3145 2544 3211 57,
2577 3159 2699 3217 pag.
2731 3144 2836 3200 498
2862 3160 2975 3216 seq.
3550 3148 3556 3154 ’

552 3306 555 3310 ,
625 3238 699 3295 0e
727 3237 1128 3294 resurrectione
1155 3237 1331 3306 deque
1358 3236 1675 3292 ascensione
1704 3235 1907 3292 Christi
1935 3238 1989 3293 in
2017 3239 2214 3293 caelum
2244 3240 2324 3295 sic
2368 3236 2514 3294 idem
2538 3235 2805 3292 Maximus
2833 3235 3082 3292 edisserit
3121 3250 3371 3290 sermone
3397 3234 3486 3300 37,
3520 3236 3716 3304 pagina
3745 3236 3854 3304 ipsa

550 3329 656 3385 498
684 3344 798 3399 seq.
838 3346 852 3383 :
883 3320 1067 3401 Neque
1094 3328 1371 3398 superflua:
1395 3327 1677 3383 voluntatis
1705 3337 1819 3383 erat
1842 3338 1934 3383 aut
1952 3346 2146 3396 vacua,
2177 3338 2234 3383 ut
2266 3327 2366 3385 Dei
2394 3327 2573 3384 ‘Filius
2595 3346 2689 3398 per
2718 3337 2981 3383 tantarum
3016 3327 3269 3383 dedecora
3309 3328 3615 3400 passionum
3642 3325 3856 3382 materia

549 3420 887 3476 humanitatis
912 3428 1199 3474 moreretur
1224 3420 1280 3473 in
1307 3421 1477 3485 terris,
1508 3422 1594 3493 qui
1617 3420 1807 3475 caelesti
1829 3421 1885 3475 in
1914 3438 2072 3494 regno
2103 3431 2323 3493 paterna
2345 3423 2537 3478 deitate
2556 3421 2775 3488 vivebat,
2799 3422 2902 3477 nisi
2922 3423 3066 3476 nasci
3094 3421 3242 3476 illum
3268 3422 3480 3477 remedii
3502 3423 3669 3477 nostri
3690 3428 3860 3476 neces-

548 3514 680 3569 sitas
703 3513 1009 3585 flagitasset.
1035 3508 1175 3574 Quid
1200 3510 1342 3567 Deus
1362 3512 1432 3566 ad
1452 3514 1698 3568 carnem?
1719 3512 1844 3586 quid
1862 3514 2225 3570 immaculatus
2247 3514 2315 3569 ad
2336 3517 2575 3570 crucem?
2590 3514 2715 3587 quid
2734 3524 2954 3570 wternus
2976 3515 3044 3567 ad
3064 3526 3279 3570 mortem
3296 3517 3320 3570 ?
3335 3514 3525 3570 Essent
3540 3515 3745 3587 quidem
3765 3513 3860 3569 Dei

551 3604 694 3660 Filio
715 3604 866 3661 verba
887 3622 950 3658 ac
974 3602 1209 3668 vulnera,
1234 3604 1514 3678 omniaque
1538 3605 1689 3661 illata
1724 3605 1985 3677 passionis
2020 3608 2300 3679 opprobria
2339 3607 2646 3679 reputando,
2670 3609 2773 3662 nisi
2809 3610 3050 3663 universa
3081 3626 3197 3680 qua:
3222 3626 3405 3681 passus
3431 3619 3528 3671 est,
3556 3610 3861 3664 resurrectio

551 3710 676 3751 mox
701 3702 943 3751 secutura
969 3702 1222 3748 curasset.
1248 3691 1376 3759 Quis
1396 3711 1519 3768 ergo
1546 3696 1621 3750 ita
1642 3696 1904 3767 desipiens
1925 3697 2258 3753 retractando
2283 3698 2585 3753 decolorare
2608 3708 2909 3770 prwsumat,
2935 3700 3073 3772 quod
3096 3701 3374 3771 crucifixus
3396 3710 3471 3756 est
3501 3698 3760 3765 Christus,
3778 3716 3861 3772 qui

556 3805 664 3847 τοι·
685 3804 1004 3846 νιιιτυτιιιυε
1029 3805 1326 3854 τητιερυε
1348 3805 1629 3846 κικλευιιδ
1646 3806 1948 3847 ιιιιιΑιιιιιοιι
1974 3808 2155 3848 FACTU:

2262 3809 2299 3847 ητ
2322 3807 2420 3848 sus
2452 3794 2735 3848 ΜεδιοΝεῖ
2758 3790 2885 3857 Quis
2906 3791 2983 3847 illi
3007 3793 3306 3847 triduanum
3332 3791 3650 3865 exprobrare
3677 3792 3861 3845 audeat

552 3884 915 3956 sepulturam,
942 3882 1088 3954 cujus
1123 3898 1238 3937 cum
1265 3884 1575 3955 sempiterno
1604 3883 1768 3938 Patre
1795 3901 2106 3955 permanens
2149 3883 2413 3940 cternitas
2459 3883 2811 3955 prtedicatur?
2841 3883 2957 3939 Imo
3004 3886 3116 3956 quis
3165 3901 3271 3938 non
3314 3894 3418 3940 toto
3458 3893 3670 3955 stupore
3708 3882 3861 3937 mire-

555 3984 657 4040 tur,
684 3990 911 4030 tuream
941 3990 1103 4030 mon
1125 3974 1287 4046 fuisse
1312 3974 1602 4044 dignatum,
1631 3976 1720 4048 qui
1747 3991 1982 4032 vm'ru're
2007 3991 2229 4033 rnornu
2253 3994 2322 4032 ετ
2345 3994 2413 4032 ,ω
2434 3993 2598 4033 vrrsu
2622 3992 2813 4033 eorum
2846 3994 3040 4033 nentes
3070 3987 3186 4050 post
3208 3988 3449 4042 mortem,
3473 3988 3522 4033 et
3543 3994 3744 4033 owwu
3764 3991 3864 4030 Non

552 4064 764 4141 [cum]
793 4082 1075 4123 DUBI'I‘AVIT
1105 4081 1414 4123 sscsuoene
1444 4081 1577 4123 posr
1607 4082 1849 4122 insertos.
1884 4066 2117 4122 Rursum
2154 4067 2343 4123 homil.
2367 4067 2454 4135 60,
2487 4081 2612 4139 pag.
2646 4065 2751 4122 488
2776 4085 2789 4119 :
2818 4065 3051 4122 Granum
3079 4077 3156 4121 est
3188 4066 3481 4136 (Christus)
3514 4067 3718 4137 inquit,
3751 4082 3864 4120 cum

550 4160 691 4217 solus
721 4176 925 4215 crucem
950 4160 1180 4230 patitur;
1210 4160 1409 4231 fructus
1439 4167 1536 4225 est,
1566 4176 1684 4215 cum
1705 4160 1932 4231 plurima
1960 4162 2314 4230 apostolorum
2339 4161 2649 4218 credulitate
2676 4162 3046 4217 circumdatur.
3074 4160 3131 4215 II
3132 4168 3176 4217 is
3208 4163 3345 4216 enim
3384 4172 3499 4232 post
3524 4161 3863 4215 resurrectio-

550 4266 668 4306 nem
694 4248 1046 4323 quadraginta
1072 4248 1250 4305 diebus
1276 4265 1393 4304 cum
1413 4249 1680 4320 discipulis
1703 4259 2031 4306 conversatus
2047 4290 2062 4316 ,
2086 4260 2193 4307 tota
2220 4252 2341 4307 illos
2369 4254 2642 4325 sapientia:
2668 4255 2973 4309 maturitate
2998 4253 3234 4319 edocuit,
3263 4263 3313 4308 et
3352 4252 3422 4306 ad
3449 4251 3638 4307 bonam
3664 4256 3865 4325 frugem

552 4358 639 4397 eos
683 4343 826 4398 omni
865 4342 1263 4413 disciplinarum
1291 4343 1608 4415 fecunditate
1634 4345 1902 4401 convertit.
1950 4344 2153 4402 Deinde
2181 4348 2415 4402 ascendit
2460 4347 2531 4401 ad
2577 4347 2789 4412 caelum,
2833 4347 2906 4400 ad
2942 4345 3157 4401 Patrem
3185 4347 3399 4411 scilicet,
3433 4347 3659 4417 fructum
3687 4324 3864 4409 carnis

552 4435 838 4507 prteferens
900 4435 958 4489 in
985 4434 1260 4507 discipulis
1294 4436 1520 4507 justitie
1546 4438 1749 4492 semina
1774 4436 2155 4511 derelinquens.
2227 4441 2473 4496 Ascendit
2511 4457 2633 4513 ergo
2675 4440 2746 4494 ad
2794 4439 3008 4495 Patrem
3047 4440 3323 4495 Dominus.
3375 4438 3443 4493 Et
3488 4455 3743 4496 sermone
3768 4443 3863 4504 44,

549 4538 670 4596 pag.
704 4523 811 4581 514
837 4543 850 4579 :
880 4523 1008 4581 Cwli
1036 4526 1149 4582 alta
1176 4526 1548 4583 transcendens
1575 4526 1648 4581 ad
1673 4538 1907 4598 paternae
1947 4529 2083 4585 sedis
2122 4530 2508 4604 incogitabilem
2552 4532 2879 4603 majestatem
2909 4516 3143 4586 Christus
3185 4531 3446 4597 ascendit,
3488 4540 3538 4585 et
3578 4531 3860 4592 hominem,

551 4634 700 4691 quem
740 4617 938 4674 invidia
975 4619 1314 4692 malignantis
1335 4621 1534 4675 inimici
1571 4620 1866 4692 primd‘illa
1894 4621 2131 4693 paradisi
2160 4622 2478 4678 habitatione
2522 4623 2792 4694 depulsum
2820 4624 3202 4696 projectumque
3228 4625 3283 4678 in
3323 4623 3456 4677 hanc
3483 4623 3664 4678 mundi
3694 4621 3865 4677 labem

555 4713 748 4782 fecerat
771 4727 886 4766 esse
910 4712 1274 4783 peregrinum,
1305 4711 1544 4783 angelica
1570 4711 1627 4766 in
1656 4713 1830 4783 patria
1857 4711 2155 4779 collocavit,
2184 4724 2235 4767 et
2259 4714 2501 4785 paradisi
2529 4715 2764 4770 exsulem
2793 4716 2951 4769 civem
2980 4713 3261 4768 caelestium
3292 4706 3433 4786 fecit.
3486 4713 3645 4769 Paria
3672 4713 3867 4771 scribit

556 4815 809 4857 sermone
835 4800 925 4867 44,
955 4813 1079 4872 pag.
1112 4799 1220 4857 514
1243 4815 1421 4872 seqq.;
1450 4800 1542 4866 45,
1573 4813 1697 4872 pag.
1727 4800 1863 4868 516;
1894 4810 1950 4858 et
1975 4817 2227 4858 sermone
2254 4801 2345 4868 47,
2376 4815 2499 4873 pag.
2532 4800 2675 4857 519:
2706 4801 2788 4857 De
2810 4802 3123 4874 spoliatione
3159 4819 3255 4855 sua
3294 4802 3431 4858 dolet
3452 4819 3568 4859 cum
3596 4821 3690 4858 suo
3711 4804 3867 4876 prin-

550 4893 664 4963 cipe
694 4899 960 4959 tartarus;
1007 4891 1073 4946 de
1109 4893 1191 4947 sui
1236 4900 1409 4946 autem
1454 4891 1635 4947 damni
1680 4896 2061 4950 restauratione
2107 4894 2315 4949 letatur
2359 4895 2625 4950 universus
2673 4896 2894 4950 calestis
2934 4895 3208 4950 exercitus.
3243 4894 3417 4952 Hodie
3443 4915 3588 4964 caro,
3619 4914 3770 4971 quam
3802 4900 3862 4953 in

553 4985 703 5038 terris
731 4982 962 5054 Spiritus
990 4983 1159 5037 sancti
1186 4990 1435 5054 operante
1463 4982 1651 5047 uirtute
1677 5000 1711 5038 a
1737 4985 1934 5063 virgine
1958 4994 2125 5039 matre
2152 4992 2534 5063 assumpserat,
2560 4985 2633 5038 ad
2657 4983 2836 5039 Patris
2862 4984 3134 5041 dexteram
3161 4996 3239 5041 est
3278 4988 3562 5055 collocata,
3594 4990 3867 5060 eidemque
3934 5022 3939 5029 -

554 5077 782 5130 onmium
810 5074 1092 5131 ctelestium
1130 5075 1405 5144 spirituum
1443 5083 1565 5129 sunt
1606 5085 1831 5132 curvata:
1869 5060 2092 5133 naturai.
2123 5060 2297 5132 Hodie
2332 5092 2464 5133 nova
2491 5076 2584 5132 illi
2622 5076 2725 5141 via,
2767 5077 2831 5130 de
2857 5094 2957 5149 qua
2987 5078 3111 5132 olim
3148 5078 3350 5133 dicebat
3377 5080 3674 5149 Apostolus,
3708 5079 3865 5134 nobis

552 5178 629 5223 est
656 5170 903 5236 initiata,
931 5172 1053 5244 quia
1080 5186 1174 5242 per
1201 5168 1548 5227 beatissimam
1573 5173 1721 5229 illam
1750 5171 1946 5230 Christi
1992 5190 2203 5230 carnem
2241 5182 2467 5229 teternus
2506 5172 2593 5228 ille
2631 5171 2744 5226 cadi
2791 5174 2995 5242 aditus,
3038 5193 3132 5247 per
3178 5191 3326 5249 quem
3364 5173 3509 5228 nulla
3547 5175 3691 5244 prius
3730 5189 3865 5226 caro

554 5264 856 5329 transierat,
885 5260 1035 5317 nobis
1061 5272 1139 5318 est
1166 5263 1453 5321 deseratus.
1486 5265 1659 5323 Hodie
1683 5268 1775 5323 ille
1812 5267 1941 5324 liber
1960 5285 2111 5341 quem
2138 5284 2308 5332 nemo,
2350 5268 2453 5322 nisi
2479 5284 2661 5340 agnus,
2688 5271 2853 5338 potuit
2881 5272 3088 5341 aperire
3114 5281 3192 5325 est
3215 5279 3496 5332 reseratas,
3527 5266 3865 5339 quoniamin

550 5355 691 5410 illius
719 5363 902 5420 morte,
945 5354 1179 5427 ejusdem
1202 5366 1325 5411 sunt
1350 5357 1469 5414 libri
1496 5360 1725 5414 revelata
1756 5370 2089 5415 sacramenta
2105 5376 2125 5424 ;
2167 5368 2219 5413 et
2264 5376 2325 5414 ea
2353 5375 2467 5432 qua:
2493 5361 2549 5413 in
2578 5362 2686 5430 lege
2711 5369 2762 5414 et
2801 5362 3066 5435 prophetis
3096 5364 3159 5415 de
3191 5377 3250 5415 eo
3277 5363 3474 5429 scripta
3502 5360 3860 5425 inveniuntur,

548 5454 906 5505 consummata
933 5451 1316 5523 dispensatione
1333 5456 1622 5525 mojestatis
1651 5456 1785 5525 ejus,
1811 5456 2064 5512 hodierna
2093 5453 2176 5505 die
2194 5453 2449 5522 completa
2476 5464 2615 5506 sunt.
2643 5453 2923 5509 Descendit
2953 5456 3120 5525 primo
3142 5453 3395 5519 Christus,
3427 5464 3484 5509 ut
3503 5463 3699 5509 nostra:
3725 5468 3864 5507 cote-

530 5544 656 5594 }ors
677 5540 823 5609 ﬁeret
854 5550 1087 5608 naturae;
1117 5542 1348 5598 ascendit
1371 5560 1537 5611 nunc,
1569 5552 1625 5597 ut
1653 5560 1761 5599 sua:
1789 5560 1882 5599 nos
1905 5543 2305 5615 comparticipes
2334 5542 2551 5615 efﬁceret
2589 5545 2791 5618 gloriae.
2824 5545 3159 5602 Descendens
3184 5547 3411 5602 mirabili
3441 5546 3865 5613 conversatione,

545 5631 753 5685 visibilis
782 5634 1043 5690 miraculis
1073 5635 1339 5691 delectavit
1363 5637 1628 5700 infantes;
1660 5635 1947 5690 ascendens
1999 5633 2144 5689 dedit
2192 5633 2331 5690 dona
2372 5634 2697 5701 hominibus,
2749 5636 2930 5710 quibus
2958 5641 3013 5693 in
3055 5637 3162 5710 ﬁde
3207 5638 3395 5692 eruditi
3442 5648 3597 5709 atque
3622 5638 3679 5690 in
3705 5634 3863 5690 iit-ile

544 5722 698 5776 robur
723 5723 946 5791 educati,
978 5729 1309 5798 temporalem
1326 5728 1491 5800 ipsius
1517 5724 1763 5782 visionem
1800 5724 1907 5780 non
1924 5724 2065 5780 ultra
2107 5724 2441 5797 appeterent,
2483 5724 2576 5781 sed
2601 5726 2810 5799 quo'eos
2838 5729 2949 5797 ipse
2974 5737 3336 5799 praecesserat,
3381 5735 3489 5783 tota
3526 5738 3645 5779 cuin
3686 5721 3862 5781 aliud

543 5815 868 5873 contentione
889 5816 1036 5875 illum
1061 5821 1203 5884 sequi
1233 5818 1528 5877 studerent.
2003 5804 2010 5813 ’
