4050 6356
244 291 300 341 si
1098 359 1111 373 η
1630 287 1814 344 rem

1925 289 2018 347 Ἡ).
3420 314 3489 368 3;;

286 407 459 464 XVIII.
504 408 963 478 Quemadmodum
1008 407 1118 477 jam
1159 406 1409 464 Christus
1437 404 1503 461 ad
1532 404 1814 462 dexteram
1845 404 2021 463 Patris
2050 406 2267 477 sedeat,
2297 423 2363 463 ex
2394 406 2611 464 Maximi
2639 407 2918 478 doctrina,
2949 408 3189 466 breviter
3213 423 3500 480 exponam.

213 498 351 569 Ergo
383 501 426 555 is
457 501 672 557 homilia
702 499 799 567 85,
832 516 949 573 qua:
979 501 1149 573 prima
1182 509 1266 556 est
1294 499 1359 553 de
1386 497 1652 567 Diversis,
1683 500 1763 557 sic
1790 498 1958 556 habet
1986 514 2109 572 pag.
2138 498 2236 554 271
2272 520 2285 554 :
2316 500 2475 558 Sedet
2513 502 2584 556 ad
2621 502 2889 558 dexteram
2928 501 3127 558 Patris.
3183 501 3337 569 Quod
3360 505 3507 561 sedet

209 593 461 658 Christus,
487 596 692 649 uictoris
712 610 898 649 munus
924 604 1035 659 est;
1066 592 1203 658 quod
1225 590 1295 647 ad
1321 591 1593 653 dexteram
1621 589 1805 645 Patris
1828 591 1991 656 sedet,
2018 592 2302 647 divinitatis
2335 601 2413 647 est
2437 593 2780 665 privilegium,
2802 604 2851 648 et
2874 593 3167 650 indiscreta:
3187 598 3504 651 consortium

208 686 461 740 caritatis.
518 682 747 741 Homilia
778 701 912 741 vero
954 684 1041 749 6‘2,
1071 697 1193 755 pag.
1229 680 1332 737 197
1359 695 1474 751 seq.
1505 699 1518 735 :
1551 679 1876 737 Credendum
1914 691 2011 747 est,
2042 685 2176 737 sicut
2203 685 2279 738 ait
2321 683 2386 739 de
2405 682 2681 739 Saluatore
2709 683 2896 750 David,
2927 687 2983 740 in
3012 685 3110 741 Dei
3140 686 3350 743 dextera
3379 705 3506 744 con-

208 777 396 841 sidere,
426 778 547 849 quia
588 780 847 832 cernimus
878 776 1136 850 Spiritum
1182 783 1434 837 sanctum,
1487 775 1623 829 sicut
1666 775 1906 843 promisit
1948 774 2222 842 Dominus,
2266 778 2322 831 in
2350 778 2599 846 apostolis
2627 780 2911 834 exsultare.
2961 778 3047 834 Ait
3094 796 3215 852 ergo
3252 781 3505 852 propheta

208 867 523 939 psalmorum
548 884 564 922 :
597 888 617 920 s
645 867 798 924 Dixit
840 867 1096 924 Dominus
1126 865 1351 922 Domino
1394 883 1526 931 meo,
1561 865 1699 922 Sede
1737 884 1770 921 a
1797 867 1996 922 dextris
2024 871 2203 925 meis.»
2232 869 2527 933 Secundum
2565 873 2987 947 consuetudinem
3014 884 3245 929 nostram
3273 875 3353 929 illi
3375 892 3503 931 con-

210 978 380 1016 sessus
409 962 642 1033 offertur,
685 965 771 1036 qui
815 963 991 1036 aliqua
1033 980 1183 1033 opere
1211 964 1439 1034 perfecto
1461 961 1759 1029 adueniens,
1803 962 2032 1035 [LXXXII]
2063 964 2275 1019 honoris
2302 967 2475 1036 gratia
2499 976 2837 1039 promeretur,
2868 977 2923 1021 ut
2951 968 3145 1023 sedeat.
3181 966 3273 1023 Ita
3293 986 3415 1040 ergo
3454 976 3505 1023 et

211 1059 361 1114 homo
385 1057 539 1114 lesus
568 1057 824 1125 Christus,
854 1060 1096 1131 passione
1138 1074 1232 1112 sua
1262 1057 1522 1113 diabolum
1550 1072 1831 1124 superans,
1862 1059 2240 1113 resurrectione
2260 1076 2377 1122 sua,
2424 1060 2633 1132 inferna
2677 1075 2935 1125 reserans,
2988 1070 3229 1133 tanquam
3275 1064 3504 1134 perfecto

212 1169 383 1224 opere,
416 1154 486 1207 ad
515 1154 669 1208 cmlos
701 1155 1170 1210 risuradreniens
1198 1152 1346 1207 audit
1374 1171 1405 1207 a
1436 1152 1547 1207 Deo
1578 1151 1781 1209 Patre:
1814 1151 1953 1208 Sede
1998 1154 2070 1208 ad
2116 1154 2383 1210 deﬂerem
2429 1172 2617 1211 meant.
2672 1152 2788 1211 Nec
2831 1157 3020 1212 mirum
3069 1158 3117 1211 si
3164 1157 3315 1211 unius
3366 1156 3503 1212 sedis

212 1247 427 1318 offertur
455 1247 598 1304 Filio
623 1265 892 1303 consessus
923 1265 955 1302 a
983 1247 1173 1312 Patre,
1205 1249 1291 1320 qui
1320 1248 1472 1302 unius
1500 1256 1577 1301 est
1606 1247 2215 1304 substauﬁcesnuturte
2241 1265 2357 1303 cum
2387 1247 2571 1304 Patre.
2600 1247 2705 1303 Cur
2734 1258 2903 1303 autem
2932 1248 3003 1302 ad
3040 1248 3307 1303 dexteram
3333 1246 3504 1305 Filius

213 1356 319 1395 esse
347 1341 625 1396 credatur?
655 1351 853 1396 moveat
882 1342 1101 1411 aliquem
1130 1343 1370 1414 fortasse.
1405 1338 1548 1396 Licet
1575 1342 1717 1395 enim
1736 1340 2008 1412 dignitatis
2033 1341 2231 1413 gradus
2256 1360 2361 1397 non
2392 1345 2465 1397 sit
2485 1341 2571 1399 ubi
2595 1344 2861 1413 plenitudo
2888 1343 3173 1398 divinitatis
3201 1353 3299 1406 est,
3332 1353 3504 1399 tamen

215 1431 327 1487 ideo
357 1433 428 1487 ad
458 1432 723 1488 dexteram
755 1432 893 1487 sedet
922 1431 1126 1499 Filius,
1173 1450 1278 1488 non
1308 1450 1406 1506 quo
1433 1435 1746 1505 prceferatur
1786 1432 1967 1498 Patri,
1998 1434 2090 1489 sed
2118 1451 2184 1489 ne
2209 1436 2431 1507 inferior
2457 1452 2570 1490 esse
2597 1436 2837 1491 credatur
2868 1435 2965 1507 (α).
3000 1433 3181 1503 Ret-git
3222 1434 3503 1502 Maximus,

219 1535 342 1598 apte
369 1528 438 1582 ad
465 1538 647 1583 sancta
678 1527 845 1583 Biblia
864 1568 878 1592 ,
908 1528 1179 1585 scribere:
1214 1526 1286 1582 Et
1312 1528 1428 1583 ideo
1460 1529 1530 1582 ad
1555 1528 1823 1583 dexteram
1851 1526 2043 1595 Filius,
2074 1531 2195 1603 quia
2222 1530 2504 1584 “cundum
2533 1530 2933 1601 evangelistam,
2965 1528 3034 1583 ad
3063 1530 3329 1585 dexteram
3368 1547 3503 1595 ores,

219 1620 291 1676 ad
317 1623 585 1677 sinistram
628 1639 744 1677 vero
792 1625 1165 1677 constituentur
1214 1622 1370 1678 laedi.
1429 1619 1648 1677 Necesse
1688 1632 1767 1675 est
1810 1638 1965 1694 ergo,
2010 1632 2211 1695 partem
2259 1624 2429 1678 ouium
2465 1625 2667 1695 primus
2695 1639 2859 1695 agnus
2901 1621 3164 1688 obtineat,
3193 1634 3245 1677 et
3270 1634 3509 1679 secuturo

217 1712 548 1768 immaculato
576 1715 719 1784 gregi
746 1713 913 1768 locum
941 1714 1051 1767 dum.
1078 1713 1442 1767 immaculatus
1472 1714 1740 1783 anticipet,
1770 1714 1901 1767 sicut
1926 1714 2001 1767 ait
2026 1712 2258 1768 Joannes
2287 1714 2340 1767 in
2371 1713 2683 1787 Apocalypsi
2706 1730 2724 1767 :
2750 1712 2826 1769 Hi
2845 1723 3126 1786 sequuntur
3152 1713 3376 1785 Agnum,
3407 1724 3506 1770 etc.

134 1878 145 1887 .
218 1804 399 1876 Refert
425 1820 547 1875 ergo
572 1804 825 1875 propheta
853 1802 1026 1858 Dauid
1060 1822 1077 1859 :
1116 1802 1266 1859 Dixit
1296 1802 1552 1859 Dominus
1584 1802 1807 1859 Domino
1835 1821 1967 1869 meo,
2003 1802 2139 1859 Sede
2167 1806 2236 1858 ad
2264 1804 2531 1861 dexteram
2578 1821 2765 1871 meam,
2795 1806 2891 1861 hoc
2919 1816 3015 1872 est,
3066 1804 3319 1862 Dominus
3350 1804 3511 1861 Pater

210 1896 437 1953 Domino
466 1897 578 1952 Deo
610 1896 815 1953 Christo
848 1897 987 1954 Filio
1018 1900 1191 1954 throni
1219 1901 1300 1953 sui
1329 1899 1483 1969 offert
1526 1898 1791 1954 sublimem
1842 1916 2169 1966 consessum,
2188 1910 2277 1969 ct,
2308 1899 2521 1956 honoris
2562 1903 2767 1973 gratia,
2799 1901 2869 1956 ad
2896 1901 3162 1956 dexteram
3190 1917 3338 1958 suam
3366 1902 3510 1957 illum

211 2000 408 2047 teterna
439 1992 559 2046 sede
587 1990 661 2063 (ὁ)
691 1994 973 2047 constituit.
1010 1991 1251 2065 Legimus
1282 2002 1451 2053 autem
1481 1993 1534 2046 in
1567 1983 1780 2046 Actibus
1818 1992 2205 2062 apostolorum,
2236 1976 2439 2046 dicente
2467 1991 2615 2047 beato
2647 1990 2947 2063 Stephano,
2980 2008 3094 2046 cum
3125 1991 3451 2062 lapidaretur
3480 2011 3515 2048 a

207 2085 411 2141 .ludaris
435 2103 453 2139 :
484 2084 622 2139 Ecce
651 2086 795 2140 rideo
822 2087 975 2141 ca'los
1005 2095 1212 2159 apertos
1230 2128 1244 2153 ,
1278 2096 1329 2140 et
1355 2094 1575 2139 stantem
1620 2082 1900 2139 Dominum
1926 2083 2107 2140 Iesum
2135 2085 2206 2139 ad
2232 2085 2501 2140 dexteram
2522 2082 2641 2140 Dei.
2684 2082 2963 2139 Videamus
2989 2101 3113 2156 ergo
3138 2101 3256 2156 qute
3281 2086 3352 2139 sit
3378 2086 3514 2141 ratio

207 2179 348 2253 quod
379 2180 515 2235 idem
550 2179 804 2235 Dominus
834 2199 865 2235 a
897 2181 1068 2236 Darid
1098 2181 1281 2235 sedens
1310 2179 1664 2251 prophetatur,
1698 2187 1846 2233 stans
1874 2195 1992 2234 vero
2022 2196 2053 2232 a
2084 2178 2354 2247 Stephano
2381 2178 2717 2248 prtedicatur.
2748 2175 2931 2233 Primo
2960 2180 3191 2234 omnium
3220 2175 3397 2242 Deus,
3429 2182 3515 2252 qui

204 2275 554 2343 incorporalis
585 2280 660 2327 es’t
689 2284 739 2327 et
768 2273 1036 2328 invisibilis
1062 2315 1075 2327 .
1111 2316 1123 2329 .
1160 2316 1171 2328 .
1229 2275 1409 2327 sedere
1441 2272 1695 2343 quomodo
1719 2274 1943 2342 potest?-
1974 2271 2177 2326 Deinde
2205 2281 2379 2326 atatem
2420 2272 2558 2344 quali
2593 2271 2836 2327 subsellio
2863 2273 3043 2327 sedeat
3072 2271 3232 2337 Deus,
3262 2276 3347 2346 qui
3393 2274 3517 2345 inﬁ-

208 2369 353 2421 nitus
384 2376 459 2420 est
489 2376 537 2419 et
568 2368 880 2431 immensus,
912 2378 959 2420 ct
988 2369 1129 2421 intra
1158 2384 1214 2421 se
1240 2368 1351 2436 ipse
1379 2367 1544 2435 magis
1576 2374 1870 2418 creaturam
1916 2374 2156 2418 cunctum
2185 2365 2480 2419 contineat?
2529 2363 2659 2419 Bazc
2704 2374 2876 2419 autem
2922 2374 3195 2436 propterea
3244 2383 3275 2420 a
3325 2368 3518 2420 sanctis

203 2458 341 2512 viris
372 2457 515 2511 dicta
543 2456 771 2513 arbitror
798 2475 912 2513 esse
939 2460 1001 2512 de
1032 2456 1277 2522 Domino,
1320 2474 1426 2513 non
1456 2476 1553 2529 quo
1584 2459 1689 2512 sint
1718 2458 1982 2512 contraria
2010 2456 2142 2521 sibi;
2170 2458 2261 2511 sed
2288 2468 2343 2511 ut
2373 2458 2525 2514 modo
2554 2460 2668 2530 ejus
2696 2460 3091 2527 omnipotentia,
3124 2459 3279 2525 modo
3309 2460 3517 2515 miscri-

204 2552 397 2606 cordia
446 2552 795 2607 describatur.
830 2550 885 2605 Ν
889 2570 970 2607 am
1000 2554 1174 2626 utique
1200 2571 1297 2625 pro
1327 2538 1579 2624 potestate
1619 2554 1754 2625 regis
1784 2553 1967 2608 sedere
1994 2553 2205 2619 dicitur,
2252 2570 2346 2626 pro
2390 2555 2618 2610 bonitate
2653 2555 3008 2609 intercessoris
3036 2564 3177 2609 stare
3204 2556 3517 2627 suggeritur.

203 2643 298 2698 Ait
326 2645 469 2697 enim
501 2642 679 2697 beatus
708 2643 1017 2715 Apostolus,
1051 2647 1173 2718 quia
1213 2646 1517 2701 advocatum
1549 2645 1796 2701 habemus
1825 2646 1965 2713 apud
1994 2644 2208 2701 Patrem
2234 2644 2415 2703 Iesum
2452 2645 2736 2704 Christum.
2779 2646 2955 2702 ludes:
3000 2663 3122 2718 ergo
3162 2658 3240 2703 est
3286 2647 3517 2703 Christus

202 2750 325 2787 cum
359 2732 585 2798 residet,
616 2734 897 2789 adt'ocatus
939 2746 1015 2789 est
1057 2754 1171 2791 cum
1202 2739 1446 2807 assurgit.
1480 2737 1618 2792 Sunt
1647 2737 1761 2793 haec
1791 2748 2156 2795 consentanea
2186 2740 2253 2796 iis
2281 2756 2403 2810 qum
2434 2750 2553 2811 post
2582 2756 2611 2797 a
2640 2748 2830 2796 sancto
2876 2738 3141 2802 Gregorio
3172 2739 3321 2795 fuere
3364 2757 3507 2796 com-

200 2827 485 2899 prehensa
516 2826 607 2881 lib.
660 2844 725 2893 n,
775 2827 995 2884 homilia
1027 2830 1079 2884 in
1110 2829 1362 2897 Evangel.
1406 2829 1494 2893 29.
1536 2846 1682 2887 num.
1730 2831 1781 2897 7,
1810 2845 1934 2902 pag.
1967 2831 2093 2899 285,
2139 2841 2270 2889 tom.
2309 2833 2347 2887 V
2379 2832 2505 2889 edit.
2539 2833 2758 2889 Veneta}
2788 2850 2876 2892 an.
2907 2836 3067 2890 1769.
3113 2839 3249 2891 Nam
3280 2846 3363 2891 est
3406 2836 3519 2892 hrcr.

202 2916 466 2987 Gregorii
492 2918 868 2990 interpretatio
895 2940 906 2973 :
937 2918 1076 2985 Quid
1103 2932 1180 2975 est
1206 2923 1344 2996 quod
1374 2922 1620 2996 [Lxxxnt]
1653 2923 1971 2996 (Christum)
1994 2924 2206 2982 Marcus
2235 2927 2518 2993 sedentem,
2549 2926 2847 2999 Stephanus
2875 2946 2994 2984 rem
3023 2939 3246 2987 stantem
3274 2948 3330 2986 se
3350 2932 3520 2987 videre

202 3011 478 3086 testatur?
506 3008 615 3065 Sed
644 3013 803 3068 scitis.
840 3015 1049 3085 fratres,
1081 3016 1201 3087 quia
1230 3015 1410 3069 sedere
1429 3016 1719 3086 judicantis
1749 3027 1825 3071 est
1843 3057 1858 3083 ,
1888 3026 2030 3072 stare
2058 3035 2176 3073 vero
2204 3020 2489 3091 pugnantis
2528 3020 2606 3074 vel
2633 3020 2950 3090 adjuvantis.
2986 3021 3278 3077 Adeundus
3303 3031 3519 3078 sanctus

199 3103 477 3170 Thomas,
513 3103 745 3159 Summa!
775 3104 1076 3177 theologica:
1102 3114 1244 3177 part.
1279 3107 1331 3171 2"»,
1365 3116 1554 3177 quaest.
1589 3108 1681 3171 b8,
1715 3118 1815 3164 art.
1869 3110 1921 3176 l,
1964 3110 2031 3165 ad
2064 3109 2115 3164 l.
2166 3107 2272 3165 Sed
2320 3110 2650 3167 moderabor
2693 3113 2927 3169 orationi
2979 3129 3131 3169 metu.
3184 3115 3363 3183 Quare
3412 3131 3520 3173 non

194 3197 480 3254 versabor
506 3196 613 3250 hoc
641 3196 695 3251 in
726 3206 1043 3263 argumento
1071 3198 1393 3269 explicando
1420 3199 1901 3272 conﬁrmandoque
1928 3202 2148 3258 diutius.
2196 3203 2278 3260 Ad
2325 3219 2392 3261 ea
2439 3206 2759 3276 progrediar
2805 3223 2925 3279 quae
2973 3216 3097 3264 sunt
3147 3185 3215 3266 de
3260 3211 3520 3281 praesidiis

192 3292 421 3357 salutis,
455 3289 525 3343 de
552 3288 734 3353 donis,
765 3289 834 3344 de
862 3293 1214 3358 ornamentis,
1238 3292 1434 3362 quibus
1460 3294 1710 3349 maximis
1734 3301 1898 3365 atque
1920 3295 2267 3365 amplissimis
2297 3297 2585 3368 (beneﬂcio
2611 3299 3016 3363 incarnationis,
3054 3300 3338 3369 passionis,
3369 3316 3519 3355 mor-

196 3385 267 3440 tis
298 3383 519 3441 Christi
549 3379 876 3448 Servaloris)
901 3391 1117 3439 auctum
1148 3401 1289 3453 esse,
1323 3386 1561 3441 ostendit
1587 3385 1871 3451 Maximus,
1903 3401 2075 3455 genus
2102 3388 2380 3443 hominum
2410 3389 2740 3446 universum.

270 3477 420 3534 XIX.
460 3478 636 3548 Atque
665 3479 711 3533 is
734 3478 950 3547 quidem
993 3486 1213 3534 sanctus
1241 3478 1467 3533 antistes
1515 3476 1643 3532 illud
1691 3477 1956 3549 principio
2001 3477 2415 3545 animadvertit,
2463 3478 2608 3549 quod
2659 3477 3007 3547 Pelagianam
3056 3481 3252 3534 evertit
3300 3478 3519 3548 dogma,

189 3571 471 3643 quodque
498 3578 571 3624 est
609 3568 910 3637 hujusmodi
939 3588 951 3623 :
986 3568 1247 3623 Adamum
1277 3583 1384 3623 non
1415 3566 1580 3624 fuisse
1608 3568 1892 3623 mortalem
1921 3578 2182 3624 creatum.
2209 3567 2364 3624 Hunc
2383 3568 2541 3639 culpa
2570 3583 2666 3623 sua
2688 3577 2972 3639 peccatum
2992 3569 3251 3637 originale
3279 3570 3522 3625 intulisse

192 3670 248 3723 in
282 3664 560 3721 mundum
591 3680 687 3719 seu
714 3665 767 3719 in
814 3674 1090 3735 posteros,
1140 3678 1344 3734 perque
1372 3670 1657 3733 peccatmn
1705 3674 1960 3718 mortem.
1994 3661 2227 3718 Humilia
2257 3661 2312 3725 8,
2343 3676 2463 3731 quae
2512 3669 2595 3718 est
2640 3663 2799 3718 tertia
2850 3662 2915 3716 de
2945 3660 3232 3718 Natioitate
3272 3663 3517 3728 Domini,

189 3775 323 3834 pag.
360 3759 442 3814 23
476 3778 488 3813 :
526 3757 710 3825 Hodie,
746 3760 933 3829 inquit,
965 3774 1125 3812 novus
1151 3758 1239 3812 ille
1266 3756 1436 3809 Adam
1460 3754 1749 3824 (Christus)
1771 3770 1868 3808 sua
1896 3756 2168 3809 nativitate
2185 3752 2414 3810 mirabili
2437 3762 2669 3810 nostram
2698 3755 2762 3809 de
2789 3771 2917 3809 novo
2943 3755 3219 3826 plasntm-it
3247 3766 3517 3824 naturam;

186 3871 263 3909 ιῖτ
307 3840 439 3918 ρυλε
484 3867 713 3907 versans
749 3853 875 3907 AM.
918 3864 1214 3907 uisumqu
1253 3865 1417 3904 mrsu
1456 3863 1668 3903 νει-τηυ-
1711 3862 1942 3902 rmnsn
1984 3864 2052 3902 ar
2084 3862 2393 3912 consona,
2424 3850 2653 3922 pretiosa
2682 3866 2776 3904 sua
2815 3851 3085 3904 natiritate
3121 3860 3169 3903 et
3199 3851 3520 3921 lacrymabili

187 3958 372 4003 morte
405 3945 621 3998 reduxit
652 3945 721 3997 ad
748 3948 923 3999 vitam.
955 3944 1188 3999 Homilia
1220 3933 1278 3997 ii
1300 3984 1314 4005 ,
1361 3957 1482 4013 pag.
1517 3942 1622 3998 50:
1656 3942 1830 4000 Hodie
1858 3955 2011 4001 natus
2040 3953 2118 3999 est
2145 3942 2412 4012 Christus,
2453 3946 2547 4001 sed
2586 3947 2639 4000 in
2670 3948 2941 4002 natiuitate
2983 3947 3095 4018 ejus
3142 3957 3323 4000 nostra
3370 3946 3519 3999 habet

189 4044 306 4095 rita
336 4036 617 4101 natalem;
647 4039 766 4109 quia
797 4040 880 4108 qui
914 4053 1210 4093 PRIVILEGIA
1241 4053 1413 4093 ratus:
1444 4054 1782 4093 NATIVITATIS
1811 4054 2091 4103 AIISIIUS,
2126 4040 2366 4095 risitante
2406 4055 2501 4095 nos
2530 4038 2765 4105 Christo,
2798 4040 3060 4094 sanctiore
3086 4045 3238 4110 partu
3266 4036 3515 4092 redimus.

186 4130 453 4189 Humilia
486 4127 578 4193 ἓξ),
610 4144 727 4199 quso
755 4136 839 4183 est
880 4128 1050 4199 prima
1094 4128 1157 4182 de
1198 4127 1484 4200 Baptismo,
1518 4142 1637 4199 pag.
1670 4128 1761 4194 87,
1794 4128 1885 4185 ubi
1911 4125 2175 4185 Joannem
2219 4128 2513 4200 Baptistam
2557 4130 2634 4184 sic
2663 4129 2868 4185 inducit
2910 4129 3221 4197 loquentem
3252 4127 3471 4183 Christo
3498 4144 3510 4179 :

184 4224 339 4279 Mihi
368 4230 457 4277 est
486 4236 556 4273 ex
588 4210 807 4291 paterna
835 4219 1265 4288 prteraricatione
1287 4221 1584 4291 corruptio,
1614 4230 1664 4273 et
1703 4220 1792 4275 tibi
1820 4220 1877 4274 in
1906 4230 2126 4291 paterna
2155 4222 2431 4293 majestate
2457 4206 2752 4276 coinmunio
2778 4261 2790 4275 .
2820 4260 2833 4274 .
2864 4262 2877 4276 .
2908 4262 2920 4275 .
2951 4261 2964 4276 .
2994 4263 3008 4275 .
3040 4219 3157 4291 Ego
3182 4219 3383 4291 peccati
3409 4220 3519 4290 lege

181 4314 470 4377 mortalis,
510 4320 565 4363 tu
590 4318 761 4365 autem
791 4310 1035 4365 adversus
1062 4321 1274 4382 peccata
1303 4312 1508 4365 ueniens
1534 4312 1700 4366 nescis
1729 4311 1996 4383 subjacere
2022 4324 2253 4383 peccato.
2280 4311 2511 4369 Homilia
2542 4313 2635 4379 85,
2665 4325 2785 4384 pag.
2813 4310 2918 4366 272
2942 4331 2953 4365 :
2980 4311 3255 4367 Credenda
3283 4323 3361 4368 est
3382 4330 3518 4385 pra!-

178 4415 375 4484 cipue,
426 4407 661 4477 fratres,
692 4414 1018 4476 peccatorum
1040 4405 1293 4463 remissio,
1332 4405 1453 4473 quia
1484 4404 1577 4459 hoc
1605 4420 1763 4459 unum
1790 4413 1867 4458 est
1892 4405 2176 4460 remedium
2202 4405 2340 4477 quod
2369 4421 2604 4461 nouimus
2636 4420 2804 4461 ausus
2832 4421 2865 4459 Α
2896 4420 3193 4459 SENTENTIA
3226 4422 3517 4461 rauenna:

184 4516 398 4559 nouns
432 4512 719 4554 “somn.
756 4495 958 4552 Idcirco
991 4496 1300 4569 Unigenitus
1340 4497 1595 4552 Altissimi
1623 4513 1824 4554 sumere
1867 4498 2111 4570 dignatus
2141 4508 2216 4552 est
2245 4516 2486 4564 carnem,
2519 4501 2816 4571 complexus
2844 4505 2923 4552 est
2949 4513 3180 4562 crucem,
3210 4505 3266 4549 ut
3309 4507 3386 4559 te,
3433 4500 3521 4568 qui

181 4593 425 4648 crimina
453 4597 556 4641 tua
575 4586 791 4640 evadere
809 4597 858 4640 et
875 4597 1088 4659 peccata
1107 4604 1212 4641 non
1241 4597 1467 4658 poteras,
1499 4588 1826 4659 indulgentia
1847 4590 2041 4661 faceret
2066 4591 2407 4653 innocentem,
2446 4588 2572 4644 Ideo
2602 4590 2961 4643 immaculatus
2984 4590 3180 4642 occisus
3213 4597 3289 4641 est
3318 4588 3516 4657 Agnus,

177 4696 238 4742 ut
265 4688 391 4759 ejus
416 4696 617 4738 cruore
641 4680 854 4733 humani
874 4682 1075 4753 generis
1102 4682 1305 4736 macula
1337 4693 1632 4754 tergentur.
1663 4682 1794 4750 Quae
1820 4692 2003 4741 autem
2032 4684 2277 4739 macula?
2308 4683 2511 4752 Nempe
2538 4683 2813 4751 originalis
2836 4682 3012 4752 culpa.
3046 4680 3135 4737 Sic
3160 4683 3301 4737 enim
3333 4684 3521 4740 scribit

178 4795 454 4840 sermone
486 4773 585 4839 55,
616 4786 739 4843 pag.
773 4770 878 4826 489
903 4791 915 4826 :
944 4769 1043 4838 Qui
1070 4775 1331 4844 primitiva
1375 4776 1592 4845 originis
1636 4786 1833 4831 nostra:
1880 4777 2034 4844 culpa
2083 4777 2186 4831 late
2235 4777 2306 4831 ad
2352 4785 2567 4832 mortem
2614 4791 2822 4830 eramus
2871 4776 3139 4845 damnati,
3192 4794 3328 4833 nunc
3356 4789 3520 4835 morte

276 4957 336 5030 α)
368 4953 522 5030 Ῡὶᾶε
553 4957 807 5030 sanctum
836 4949 1093 5020 Cyrillum
1123 4951 1690 5030 liippsolymipnum,
1723 4968 1814 5009 ca-

176 4960 336 5087 ωεῗιι)
369 4960 522 5012 Vide
553 4960 807 5007 sanctum
836 4960 1093 5020 Cyrillum
1125 4960 1690 5027 Hierosolymgtannm,
1723 4968 1811 5009 ca-

311 5070 327 5082 .
358 5025 454 5092 id,
484 5036 660 5090 num._
680 5019 750 5073 27
790 5036 965 5092 seqq.,
996 5036 1118 5092 pag.
1136 5021 1248 5092 219
1276 5038 1452 5092 seqq.;
1485 5032 1540 5077 et
1567 5032 1811 5078 sanctum

179 5040 327 5087 Lech.
358 5040 454 5092 to,
484 5040 660 5090 num._
681 5040 745 5073 zt
790 5040 965 5090 seqq.,
996 5040 1118 5092 pag.
1144 5040 1248 5075 τιν
1276 5040 1368 5092 seq
1415 5041 1452 5087 .;
1485 5040 1540 5077 et
1567 5040 1811 5078 sanetum

179 5099 586 5174 Augustinum,
617 5106 781 5174 scrin.
804 5090 928 5174 ΞΗ,
951 5106 1073 5174 pag.
1093 5040 1541 5174 652Ltom.q\_’;.et
1567 5101 1813 5174 sanctum

175 5162 455 5229 Thotltam
479 5183 544 5222 ιιι
563 5170 736 5234 path,
760 5169 948 5234 quaest.
976 5162 1060 5226 58,
1080 5172 1182 5217 art.
1209 5163 1262 5225 δὲ,
1287 5179 1396 5232 quo
1418 5165 1538 5218 loco
1560 5183 1571 5218 :
1600 5163 1813 5227 Sedere,

175 5244 378 5314 inquit,
414 5239 493 5293 ad
528 5231 817 5314 destiterant.
840 5231 1017 5314 Patris
1037 5234 1177 5314 .t-tt'ltil
1204 5231 1347 5314 aliud
1374 5246 1451 5314 est
1478 5238 1817 5314 quam__sintul

173 5302 295 5370 cum
317 5302 497 5368 Patre
525 5303 728 5361 habere
765 5302 985 5373 gloriam
1014 5304 1315 5368 diuinitatis,
1347 5314 1394 5359 et
1425 5302 1811 5371 beatitudinem,

172 5395 223 5441 et
244 5382 623 5457 judiciariant
645 5380 988 5457 potestatem,
998 5383 1044 5428 et
1044 5374 1159 5457 nhoc
1184 5374 1571 5457 immutabiliter
1592 5389 1641 5430 et
1663 5395 1815 5457 rego—-

174 5442 317 5512 litEr.
350 5452 478 5509 Hoc
522 5442 711 5503 autem
742 5444 989 5519 Διξωιιείηιὶι
1034 5442 1175 5499 Filio
1211 5445 1340 5519 ‘D_e_i,
1361 5447 1653 5519 secundum
1682 5442 1817 5519 qimd

175 5527 343 5583 Deus.
400 5520 568 5579 Unde
600 5516 943 5586 manifestum
969 5522 1045 5567 est
1087 5515 1220 5586 quod
1251 5515 1503 5580 Christus,
1535 5515 1815 5573 secundum

244 5600 316 5655 od
344 5595 515 5659 Deus,
550 5586 703 5646 sedet
729 5584 806 5660 ad
826 5584 1299 5660 des'terantAPatris
1324 5604 1339 5640 :
1373 5588 1445 5660 ita
1486 5598 1656 5642 tamen
1679 5590 1817 5660 quod

260 5688 288 5725 ε
317 5655 650 5741 praepositio
679 5655 893 5739 adtqutu
915 5657 1187 5741 transitira
1215 5666 1309 5739 est,
1330 5655 1814 5741 saltandistinctio-

178 5758 299 5797 ηεηι
318 5727 330 5741 ’
345 5727 715 5809 ρεπίεοηαηιηι
750 5727 1020 5809 imponat,
1039 5735 1123 5809 “et
1149 5727 1369 5809 originis
1397 5730 1629 5809 ordinent
1648 5769 1663 5795 ,
1708 5746 1812 5809 non

179 5796 358 5868 Μ
380 5803 632 5871 "manus
672 5806 873 5850 natura:
913 5796 989 5851 vel
1015 5797 1304 5865 dignitatis,
1336 5797 1422 5864 qui
1450 5797 1618 5854 nullus
1660 5803 1815 5857 estin

1918 4953 2106 5009 divinis
2138 4954 2389 5019 personis.

1993 5024 2010 5094 (
2026 5022 2085 5094 b)
2115 5023 2232 5091 Quo
2274 5026 2387 5080 haec
2416 5025 2747 5094 pertineant,
2780 5040 2899 5096 qua:
2926 5027 3106 5082 ceteri
3136 5028 3298 5083 etiam
3331 5029 3520 5087 Patres

1918 5103 2318 5169 consectantur,
2350 5097 2585 5169 ostendit
2613 5095 2832 5153 sanctus
2866 5095 3105 5153 Thomas
3140 5099 3289 5163 ibid.,
3326 5112 3427 5155 art.
3464 5104 3514 5169 3,

1919 5167 2173 5242 t]tt_t)_|o(‘.0
2197 5186 2210 5219 :
2235 5165 2488 5242 Christus,
2516 5169 2704 5242 inquit,
2732 5168 3011 5242 secundum
3033 5170 3170 5242 quod
3198 5172 3349 5234 l'eus,
3376 5165 3518 5227 sedet

1920 5239 1991 5312 ad
2012 5237 2279 5292 dexteram
2294 5237 2494 5312 Patris,
2517 5239 2572 5293 id
2591 5248 2683 5295 est.
2709 5241 2762 5312 in
2786 5237 3084 5312 aequalitate
3103 5238 3311 5312 Patris;
3335 5259 3520 5297 secun-

1921 5309 2044 5361 dum
2073 5316 2243 5382 autem
2263 5309 2405 5382 quod
2434 5309 2602 5370 homo.
2648 5310 2789 5382 sedet
2815 5309 2885 5363 ad
2925 5311 3192 5365 dexteram
3232 5309 3433 5375 Patris,
3464 5315 3519 5367 in

1920 5391 1995 5433 est
2010 5420 2023 5443 ,
2065 5381 2121 5433 in
2151 5379 2298 5433 bonis
2323 5383 2555 5450 paternis
2574 5381 2859 5450 potioribus
2886 5398 2999 5448 prce
3018 5382 3222 5436 cwteris
3244 5384 3519 5446 creaturis,

1919 5450 1974 5503 id
2012 5460 2106 5514 est,
2148 5450 2205 5503 in
2248 5448 2435 5522 majori
2474 5448 2805 5522 beatitudine,
2849 5461 2899 5505 et
2947 5451 3137 5506 habens
3174 5452 3518 5522 judiciariam

1917 5528 2247 5589 potestatem.
2282 5517 2345 5574 Si
2372 5537 2488 5574 rero
2519 5520 2569 5588 lg
2597 5521 2891 5575 secundum
2919 5522 3059 5589 quod
3091 5517 3327 5589 designet
3349 5522 3519 5574 unita-
3572 5542 3575 5547 ·

1918 5539 2247 5589 patestatem.
2282 5539 2343 5574 Si
2372 5539 2488 5574 vero
2519 5539 2569 5588 ty
2597 5539 2891 5575 secundum
2919 5539 3059 5589 quoa
3091 5539 3201 5576 aest
3277 5539 3327 5574 et
3349 5539 3518 5574 unua-

1918 5600 2019 5664 tem
2043 5590 2438 5664 suppositi;_sic
2460 5593 2666 5664 getiam.
2713 5591 2991 5646 secundum
3033 5593 3171 5664 quod
3194 5539 3343 5664 [ymo
3371 5590 3518 5643 sedet

1920 5662 1989 5714 ad
2016 5659 2281 5716 dca‘teram
2322 5659 2517 5732 Patris,
2546 5664 2599 5714 in
2625 5672 2871 5732 quantum
2896 5659 3091 5716 scilicet
3118 5661 3297 5715 eodem
3322 5661 3518 5716 honors

1916 5748 2221 5789 veneramur
2239 5734 2406 5801 ipsum
2444 5730 2646 5787 Filium
2665 5730 2763 5787 Dei
2791 5748 2907 5785 cum
2925 5740 3113 5785 natura
3150 5738 3439 5800 assumpta,
3457 5738 3518 5786 ut

1918 5818 2074 5871 supra
2102 5801 2295 5855 dictum
2321 5812 2414 5855 est.
