4050 6356
1872 242 1875 246 ι
1890 240 1931 252 »ιιι

591 332 661 387 3'5
1044 277 1195 308 ‘1'”.
1214 279 1224 290 '
2065 312 2190 373 PR1]

2306 310 2450 379 [ΠΟ.
2994 312 3007 325 '
3126 248 3203 313 Ἀ
3217 298 3272 332 ⁸*
3828 310 3905 367 84

592 443 783 499 Christi
835 441 906 496 ad
954 439 1225 511 pristinam
1284 451 1462 493 sumus
1516 428 1868 490 innocentiam
1926 428 2170 486 revocati.
2246 422 2348 491 Qui
2411 423 2638 495 peccatis
2689 423 2882 491 nostris
2922 422 3115 495 inferni
3162 437 3340 494 plenas
3380 437 3750 489 merueramus,
3798 438 3904 481 sua

590 534 961 607 pretiosissima
1006 540 1169 587 morte
1216 529 1287 586 ad
1340 538 1551 585 (eterna
1606 524 1938 581 beatitudinis
1980 520 2174 595 gaudia
2216 534 2394 577 sumus
2440 517 2684 583 revocati.
2771 511 2875 585 Qui
2945 530 3070 607 vasa
3128 515 3223 571 ira:
3287 531 3381 587 per
3456 512 3585 581 Ade:
3638 517 3902 607 praevari-

591 603 843 680 cationem
889 639 1094 678 eramus
1117 665 1131 690 ,
1191 637 1335 678 nunc
1374 628 1600 693 propter
1650 618 1816 690 ipsius
1856 614 2308 671 resurrectionem
2338 617 2651 682 sanctorum
2692 609 2840 665 cives
2883 603 3172 667 evasimus.
3250 607 3384 665 Nam
3437 614 3500 662 ut
3543 606 3768 665 homilia
3800 605 3902 677 15,

593 731 717 788 pag.
768 715 873 781 42,
918 723 1105 772 monet
1147 734 1161 770 :
1196 714 1380 770 Tantis
1451 713 1669 769 vinculis
1734 712 2014 766 humanum
2061 723 2225 779 genus
2289 707 2528 773 vinxerat
2587 704 2827 767 inimicus
2854 743 2870 770 ,
2930 712 3176 773 tantaque
3239 718 3334 765 nos
3378 700 3542 763 moles
3589 702 3904 757 immanium

583 820 845 885 presserat
870 818 1196 880 peccatorum
1219 853 1232 875 ,
1264 817 1320 863 ut
1350 809 1521 864 nullus
1542 806 1692 864 nobis
1717 808 1850 861 esset
1866 804 2065 858 reditus
2093 802 2163 855 ad
2186 800 2406 857 salutem
2428 841 2444 865 ,
2494 799 2599 857 nisi
2628 808 2926 859 nasceretur
2950 798 3038 855 ille
3076 798 3161 871 qui
3193 797 3374 855 virtute
3396 798 3607 868 propriq
3637 796 3706 853 ad
3733 798 3899 851 vitam

582 910 758 975 posset
804 903 975 956 redire
1018 913 1136 972 post
1174 913 1412 958 mortem.
1486 900 1605 957 Jam
1653 915 1782 956 vero
1832 913 1996 954 serm.
2051 895 2139 961 (il,
2189 898 2282 967 qui
2328 904 2411 956 est
2437 894 2501 953 de
2529 891 2714 957 Natali
2742 894 2908 948 sancti
2936 890 3160 955 Joannis
3209 891 3459 962 Baptista:
3485 890 3722 960 quintus,
3763 904 3896 961 pag.

585 990 710 1054 554,
766 1008 873 1048 non
922 993 1084 1049 modo
1131 994 1376 1050 meminit
1424 993 1687 1048 Maximus
1735 991 1942 1062 peccati
1989 988 2265 1056 originalis
2290 1030 2304 1055 ,
2358 1001 2545 1051 verum
2593 987 2760 1051 etiam
2790 983 3152 1047 remediorum
3183 984 3629 1057 (circumcisionis
3658 999 3898 1055 praescr-

584 1082 713 1152 tim)
746 1099 865 1153 quae
895 1084 947 1138 in
980 1082 1223 1157 [Lxxxtv]
1252 1084 1424 1140 veteri
1453 1085 1573 1153 lege
1603 1082 1742 1155 (ejus
1770 1081 1979 1153 peccati
2011 1081 2234 1136 maculae
2263 1086 2554 1149 reatusque
2582 1077 2807 1135 tollendi
2835 1076 3020 1150 caiisa)
3050 1076 3466 1143 adhibebantur.
3512 1075 3711 1133 Scribit
3741 1076 3894 1132 enim

584 1174 676 1230 ille
705 1175 810 1231 hoc
840 1177 1001 1231 modo
1035 1196 1048 1231 :
1080 1177 1314 1233 Joannes
1342 1195 1458 1233 cum
1485 1177 1711 1233 Domino
1739 1176 2182 1233 circumcisionem
2223 1174 2431 1243 quidem
2457 1174 2512 1231 in
2539 1189 2635 1231 sua
2664 1188 2822 1229 carne
2846 1173 3102 1243 suscepit;
3133 1171 3224 1228 sed
3252 1172 3537 1243 suscipiens
3571 1171 3895 1226 terminavit.

585 1264 658 1320 Et
685 1266 801 1321 ideo
831 1270 917 1340 qui
946 1285 1090 1324 novre
1118 1271 1305 1341 gratiis
1331 1287 1502 1340 prisco
1520 1312 1535 1337 ,
1566 1280 1618 1325 et
1649 1269 1960 1341 magniﬁcus
1990 1268 2343 1323 ‘annuntiator
2369 1267 2557 1323 enituit
2592 1266 2665 1323 ad
2693 1280 3016 1339 nvsoaupuu
3044 1281 3324 1322 OBlGlNALE
3356 1281 3631 1323 PECCATUI
3663 1267 3894 1321 circum-

582 1360 777 1413 cisione
805 1376 910 1414 non
937 1361 1103 1432 eguit;
1134 1361 1228 1416 sed
1251 1378 1366 1416 eum
1392 1378 1550 1433 supra
1578 1362 1764 1433 legem,
1789 1376 1951 1430 supra
1980 1358 2221 1419 hurnante
2241 1356 2554 1417 conditionis
2578 1356 2814 1421 ordinem
2834 1355 3017 1425 electio
3040 1355 3215 1415 divina
3236 1357 3491 1435 provexit.
3516 1354 3893 1413 Animadverti

583 1460 765 1507 autem
792 1452 898 1508 hoc
922 1453 1043 1510 loco
1070 1454 1296 1521 vellem,
1332 1471 1439 1511 non
1469 1470 1594 1510 eum
1620 1453 1787 1510 fuisse
1816 1451 2106 1511 Maximum
2124 1492 2139 1519 ,
2171 1451 2265 1521 qui
2291 1449 2557 1507 Joannem
2588 1449 2667 1506 sic
2694 1449 2931 1507 evasisse
2959 1456 3176 1527 putaret
3202 1449 3463 1519 originale
3493 1457 3791 1519 peccatum,
3824 1460 3891 1505 ut

581 1547 713 1603 illud
761 1563 1034 1621 nunquam
1062 1550 1409 1605 contraxerit.
1443 1548 1560 1605 Hoc
1585 1550 1731 1605 enim
1758 1555 1976 1604 sanctus
2004 1547 2293 1618 episcopus
2320 1545 2566 1601 censuit:
2599 1543 2837 1605 evasisse
2872 1543 3090 1612 quidem
3118 1532 3384 1599 ioannem
3412 1543 3687 1618 originalis
3714 1544 3913 1617 culpae.

585 1641 787 1696 malum
814 1659 828 1696 :
853 1659 961 1699 non
1005 1642 1079 1698 ita
1122 1650 1184 1698 ut
1211 1643 1341 1699 illud
1380 1658 1602 1714 prorsus
1631 1640 1906 1717 effugerit;
1938 1640 2032 1696 sed
2060 1640 2134 1696 ita
2164 1646 2254 1703 ut,
2287 1654 2412 1696 cum
2430 1637 2544 1709 jam
2574 1639 2693 1708 ipso
2718 1637 2953 1707 illigatus
2982 1645 3154 1704 esset,
3187 1638 3395 1697 solutus
3422 1636 3585 1693 fuerit
3623 1638 3887 1696 beneﬁcio

580 1735 994 1809 Redemptoris,
1040 1753 1163 1793 cum
1192 1737 1368 1794 adhuc
1395 1737 1449 1792 in
1478 1745 1635 1793 utero
1686 1744 1834 1792 esset
1879 1733 2226 1791 Elisabethse.
2272 1732 2452 1800 Quare
2495 1731 2636 1791 idem
2683 1738 2769 1793 est
2810 1739 2999 1787 auctor
3048 1729 3350 1786 Maximus:
3386 1730 3546 1803 fuisse
3587 1729 3785 1786 Jounni
3819 1749 3885 1791 ea:

576 1842 799 1907 paterna
827 1835 1254 1906 prwvaricatione
1294 1836 1703 1907 corruptionem,
1735 1835 2033 1904 factumque
2059 1827 2226 1886 fuisse
2252 1828 2610 1885 redimendum
2634 1844 2669 1884 α
2696 1824 2937 1895 Christo;
2966 1842 3088 1889 cum
3116 1825 3393 1895 Christus,
3427 1841 3536 1881 non
3564 1834 3625 1908 ut
3650 1827 3885 1899 redinte-

578 1936 751 1996 retur,
781 1930 873 1985 sed
916 1939 974 1985 ut
1017 1930 1307 1997 redimeret,
1341 1937 1498 1984 natus
1525 1934 1679 1983 esset.
1713 1925 1948 1981 Humilia
1973 1924 2061 1991 29,
2091 1938 2215 1994 pag.
2264 1922 2335 1977 87
2362 1941 2374 1977 :
2402 1922 2543 1989 Quin
2564 1922 2730 1979 etiam
2761 1935 3014 1977 sermone
3041 1918 3130 1987 61,
3159 1932 3282 1991 pag.
3310 1917 3436 1986 554,
3468 1918 3657 1986 docet,
3687 1921 3882 1993 princi-

577 2022 721 2093 pium
747 2022 970 2076 Joannis
992 2039 1025 2075 a
1053 2021 1246 2077 latente
1267 2022 1321 2075 in
1347 2029 1496 2075 utero
1528 2018 1765 2091 Virginis
1790 2015 2058 2070 conditore
2080 2013 2263 2071 mundi
2291 2015 2450 2086 fuisse
2480 2030 2575 2068 sua
2595 2012 2875 2085 prasentia
2902 2010 3213 2073 dedicatum.
3247 2007 3355 2063 Sed
3377 2008 3444 2064 de
3473 2008 3878 2066 circumcisione

576 2116 942 2191 postmodum.
975 2115 1052 2171 De
1085 2115 1334 2185 originali
1356 2115 1514 2185 culpa
1545 2127 1761 2168 rursum
1797 2108 2062 2171 Maximus
2089 2123 2250 2165 serm.
2277 2105 2377 2171 88,
2408 2120 2533 2178 pag.
2562 2103 2668 2160 625
2696 2124 2709 2159 :
2736 2104 3126 2177 Intelligamus,
3158 2101 3358 2172 inquit,
3389 2110 3639 2173 quantum
3667 2102 3877 2158 valuerit

577 2209 649 2263 ad
672 2211 1009 2283 auferendum
1033 2211 1215 2268 mundi
1238 2224 1507 2284 peccatum
1527 2211 1705 2277 passio
1734 2205 2113 2278 Redemptoris.
2146 2202 2283 2262 Ecce
2308 2204 2662 2260 innocentiam
2688 2210 2739 2257 et
2766 2204 2923 2257 vitam
2944 2197 3192 2278 probatur
3214 2198 3450 2270 conferre
3472 2213 3613 2253 mors
3636 2198 3863 2253 hominis.

574 2304 717 2359 Hinc
760 2308 1113 2382 intelligamus
1155 2317 1401 2382 quantum
1427 2309 1483 2362 in
1513 2306 1741 2360 omnium
1772 2302 1986 2375 (saltue)
2027 2300 2281 2375 profuerit
2307 2315 2462 2356 sacra
2507 2312 2650 2359 mors
2677 2293 2809 2355 Filii
2850 2293 2969 2353 Dei.
3014 2290 3150 2349 Ecce
3193 2293 3489 2369 proprium,
3521 2300 3571 2346 et
3598 2308 3868 2350 ostentu:

574 2412 843 2455 numerus!
873 2416 1047 2456 mn
1079 2417 1294 2457 SANGUIS
1323 2415 1591 2460 nonanus.
1624 2406 1729 2454 etc.
1784 2394 2010 2452 Constat
2058 2408 2223 2467 porro
2271 2408 2341 2451 ex
2388 2393 2485 2460 iis,
2531 2404 2653 2461 qua:
2695 2387 2961 2447 hactenus
3004 2386 3409 2459 descripsimus,
3450 2385 3674 2443 Maximi
3704 2387 3869 2441 locis:

574 2487 636 2541 1o
664 2505 774 2545 non
804 2492 966 2548 modo
997 2493 1206 2563 lapsum
1235 2493 1401 2549 fuisse
1431 2491 1696 2547 Adamum
1715 2530 1730 2556 ,
1761 2490 2065 2559 mortisque
2088 2490 2144 2545 in
2172 2502 2296 2546 eum
2322 2487 2653 2549 sententiam
2699 2483 2871 2541 fuisse
2913 2484 3111 2551 latam,
3146 2498 3269 2541 cum
3300 2490 3517 2543 creatus
3562 2482 3754 2539 fuisset
3781 2482 3877 2537 im-

573 2584 851 2652 mortalis,
885 2600 1073 2641 vernm
1102 2587 1266 2641 etiam
1296 2593 1579 2657 peccatum
1611 2586 1666 2641 in
1695 2592 1947 2657 posteros
1975 2598 2104 2639 suos
2149 2581 2425 2646 intulisse,
2470 2594 2677 2651 perque
2719 2587 3003 2650 peccatum
3048 2577 3215 2659 etiam
3242 2583 3507 2643 mortem;
3534 2574 3596 2657 2ο
3625 2575 3877 2641 hoiiiines

573 2692 680 2733 non
706 2674 766 2734 in
795 2678 1112 2748 originalem
1142 2687 1352 2734 tantum
1384 2679 1534 2734 illam
1563 2687 1621 2736 et
1648 2691 1995 2735 communem
2031 2677 2247 2748 culpam
2275 2675 2475 2733 misere
2498 2673 2784 2741 incidisse,
2808 2673 2904 2729 sed
2938 2687 3062 2741 cum
3089 2673 3254 2731 etiam
3281 2673 3450 2744 culpas
3474 2669 3715 2741 ejusdem
3744 2671 3875 2727 vitio

572 2774 729 2843 proni
772 2773 839 2828 ad
883 2775 1083 2830 malum
1114 2774 1251 2838 sint,
1284 2774 1583 2831 actualibus
1624 2786 1747 2845 quae
1786 2774 2015 2830 dicimus
2055 2788 2154 2829 seu
2179 2772 2417 2844 propriis
2456 2772 2694 2843 peccatis
2733 2768 2857 2828 sese
2897 2770 3131 2840 illigare;
3163 2769 3226 2826 3°
3256 2777 3590 2843 quapropter
3626 2784 3756 2826 vasa
3781 2770 3874 2826 irae

571 2864 738 2921 fuisse
766 2863 1038 2932 homines,
1067 2866 1459 2937 damnatosque
1481 2868 1551 2922 ad
1579 2866 1861 2923 interitum
1889 2866 2308 2938 sempiternum;
2329 2864 2394 2921 ιο
2414 2872 2475 2921 ut
2498 2865 2555 2922 hi
2584 2865 2801 2925 liberari
2830 2864 2899 2921 ab
2927 2871 3158 2936 utroque
3178 2865 3387 2936 peccati
3407 2852 3629 2937 genere,
3661 2864 3866 2928 redimi,

572 2957 835 3025 reparari,
868 2959 1112 3014 revocari
1141 2957 1208 3013 ad
1238 2953 1602 3014 innocentiam
1643 2960 1924 3030 vitamque
1968 2968 2212 3030 possent,
2256 2973 2393 3030 opus
2437 2958 2802 3030 Redemptore
2850 2957 3046 3024 fuisse,
3090 2959 3184 3031 qui
3232 2957 3376 3019 Deus
3420 2959 3580 3017 simul
3630 2968 3688 3033 et
3711 2958 3867 3017 homo

572 3055 736 3104 esset.
763 3047 940 3115 Quare
967 3063 1257 3119 personam
1284 3049 1451 3106 Verbi
1478 3049 1646 3107 divini
1688 3051 1983 3107 humanam
2028 3052 2132 3108 sibi
2173 3054 2526 3125 assumpsisse
2574 3062 2856 3121 naturam,
2908 3054 3114 3124 peccati
3142 3054 3359 3124 quidem
3406 3069 3633 3129 prorsus
3680 3071 3862 3129 exper-

570 3152 714 3210 tem,
768 3142 863 3199 sed
916 3144 969 3197 in
1025 3156 1131 3212 qua
1185 3143 1426 3217 (nostra:
1475 3144 1667 3202 salutis
1717 3145 1925 3218 causa)
1974 3148 2317 3206 incommoda
2365 3161 2497 3205 sane
2540 3161 2766 3218 magna,
2818 3148 3087 3204 cruciatus
3108 3190 3124 3215 ,
3186 3155 3415 3213 mortem
3476 3156 3864 3219 perpeteretur.

571 3240 744 3307 Atque
791 3238 1015 3293 homilia
1065 3236 1151 3305 12,
1202 3252 1323 3309 pag.
1377 3238 1450 3293 55
1502 3257 1523 3293 :
1577 3238 1730 3304 Quod
1784 3241 2015 3309 visitare,
2075 3242 2249 3312 inquit
2298 3241 2580 3308 Maximus,
2636 3243 2887 3299 mundum
2932 3257 3081 3298 suum
3130 3240 3230 3296 Dei
3273 3240 3517 3313 dignatus
3562 3252 3641 3297 est
3677 3240 3863 3305 Filius.

570 3341 764 3387 nostra:
815 3333 910 3386 hoc
961 3331 1145 3386 salutis
1193 3334 1472 3387 necessitas
1525 3332 1851 3405 ﬂagitabat;
1906 3335 2153 3390 nimirum
2199 3342 2259 3389 ut
2304 3334 2525 3390 caelestis
2573 3335 2781 3391 tandem
2848 3334 3112 3407 generatio
3179 3341 3487 3405 repararet,
3538 3335 3674 3406 quod
3736 3336 3866 3393 nati-

570 3423 699 3476 vitas
748 3420 1090 3492 (hominum)
1140 3430 1343 3477 terrena
1382 3423 1704 3492 perdiderat.
1766 3422 1877 3503 Sed
1929 3429 2172 3498 fortassis
2228 3427 2361 3483 hunc
2414 3431 2500 3501 qui
2547 3436 2701 3484 natus
2761 3428 3079 3501 pradicatur
3124 3443 3189 3483 ea:
3231 3428 3457 3497 femina,
3521 3427 3645 3495 dum
3692 3426 3866 3487 vilibus

572 3513 850 3569 obvolvitur
891 3517 1111 3585 pannis,
1162 3514 1284 3572 dum
1322 3517 1504 3590 jacere
1551 3527 1820 3574 contentus
1866 3528 1944 3574 est
1968 3520 2024 3574 in
2072 3536 2335 3594 prwsepe,
2381 3520 2502 3575 dum
2551 3521 2857 3592 lacryrnosis
2894 3518 3151 3593 vagitibus
3190 3525 3467 3590 concrepat
3490 3558 3506 3584 ,
3551 3558 3565 3574 .
3608 3557 3624 3573 .
3668 3559 3683 3572 .
3729 3559 3744 3573 .
3786 3558 3803 3576 .
3849 3558 3859 3573 .

573 3605 738 3659 Deum
790 3623 900 3661 esse
954 3607 1189 3681 diffidis?
1226 3609 1343 3666 Ima
1379 3627 1473 3681 per
1509 3611 1641 3677 ista,
1692 3610 1876 3683 frater,
1907 3610 2132 3676 adverte,
2162 3628 2278 3667 eum
2305 3621 2357 3667 et
2385 3621 2441 3666 ut
2481 3611 2741 3667 hominem
2766 3611 2978 3682 inﬁrma
3019 3628 3115 3682 pro
3142 3611 3367 3680 infirmis
3405 3609 3696 3683 pertulisse,
3727 3620 3777 3681 et
3815 3622 3866 3664 ut

573 3696 794 3770 [LXXXV]
850 3698 1014 3755 Deum
1061 3703 1344 3773 potentiam
1381 3703 1678 3757 exercuisse
1722 3700 1993 3757 caelestem.
2022 3701 2106 3758 Et
2132 3705 2352 3760 homilia
2398 3704 2481 3769 15,
2526 3717 2650 3776 pag.
2694 3703 2925 3763 eadem:
2962 3702 3195 3769 Christus
3233 3703 3384 3763 Jesus
3417 3701 3668 3779 Dominus
3698 3714 3867 3760 noster

574 3792 625 3845 in
666 3809 762 3865 quo
788 3793 1074 3848 divinitatis
1114 3804 1191 3863 est
1218 3795 1505 3866 plenitudo,
1549 3795 1722 3848 carnis
1750 3802 1946 3849 nostra
1989 3796 2200 3877 infirma
2224 3797 2543 3869 suscipiens,
2573 3812 2736 3851 novus
2762 3804 2917 3852 natus
2957 3804 3031 3853 est
3060 3795 3235 3850 homo.
3262 3793 3439 3865 Hodie
3464 3795 3667 3868 refulsit
3690 3811 3867 3851 secun-

576 3886 671 3938 dus
711 3885 799 3940 ille
843 3888 1031 3951 Adam,
1063 3905 1169 3942 non
1211 3889 1404 3954 incola,
1436 3887 1527 3942 sed
1555 3886 1813 3943 Dominus
1846 3890 2195 3961 paradisi.....
2231 3891 2406 3947 Hodie
2459 3892 2697 3948 exortum
2728 3901 2817 3949 est
2861 3893 2915 3947 in
2958 3890 3181 3947 tenebris
3229 3891 3514 3959 lumen..."
3545 3888 3728 3951 Novus
3751 3891 3866 3967 qui-

576 3980 690 4033 dem
718 3981 888 4045 homo,
922 3982 1012 4036 sed
1051 3981 1310 4036 Dominus
1354 3982 1728 4054 sempiternus;
1770 3999 1933 4039 novus
1967 3983 2222 4052 Christus,
2273 3986 2366 4040 sed
2412 4002 2504 4040 rex
2545 3988 2774 4041 omnium
2811 3985 3230 4045 swculorum.....
3274 3983 3377 4041 Hic
3417 3995 3494 4040 est
3532 3985 3809 4057 praedictus
3837 4001 3866 4036 α

575 4072 921 4136 natriarchis,
972 4091 1004 4127 a
1048 4072 1856 4146 prophetis.praedicatus.......
1902 4079 2191 4151 Percepisti
2245 4081 2469 4146 donum,
2526 4082 2661 4153 quod
2708 4081 2972 4136 Abraham
3014 4082 3067 4135 in
3117 4081 3303 4151 spiritu
3328 4096 3386 4136 se
3437 4080 3626 4136 vidisse
3667 4080 3866 4136 ltetatus

574 4176 668 4231 est,
694 4172 797 4220 ctc.
832 4164 896 4220 Et
925 4179 1175 4222 sermone
1198 4167 1283 4231 14,
1315 4182 1434 4238 pag.
1468 4168 1577 4224 59:
1605 4169 1780 4227 Hodie
1802 4173 2064 4228 nobis.....
2097 4173 2379 4229 secundum
2425 4190 2633 4228 carnem
2670 4182 2826 4228 natus
2851 4184 2930 4229 est
2957 4171 3191 4229 Christus
3209 4214 3224 4241 ,
3254 4160 3505 4247 incipiens
3534 4175 3741 4248 quidem
3760 4190 3868 4229 esse

575 4257 711 4329 quod
733 4275 834 4312 non
857 4270 986 4325 erat,
1018 4259 1109 4314 sed
1128 4277 1231 4316 non
1259 4259 1498 4316 desinens
1526 4278 1636 4317 esse
1663 4264 1800 4337 quod
1835 4273 1967 4319 erat.
1995 4261 2110 4318 Nec
2128 4265 2265 4321 enim
2313 4265 2557 4319 nutivitas
2586 4264 2807 4319 hominis
2828 4266 3148 4331 imminuere,
3187 4274 3277 4321 aut
3301 4283 3547 4339 separare
3572 4266 3868 4323 indiscreta!

552 4349 864 4420 ’majestatis
892 4362 1091 4423 poterat
1118 4355 1387 4408 unitatem.
1423 4350 1577 4418 Quod
1604 4353 1747 4410 Deus
1768 4354 1830 4410 de
1857 4370 1949 4409 suo
1976 4355 2140 4410 Patre
2161 4357 2427 4425 processit,
2455 4356 2736 4427 ineffabilis
2762 4372 2823 4410 ac
2856 4358 3201 4430 permanentis
3232 4365 3309 4413 est
3345 4367 3594 4425 secretum
3625 4360 3831 4429 virtutis
3849 4377 3867 4414 :

575 4448 710 4519 quod
730 4448 881 4502 homo
911 4456 983 4503 est
1015 4459 1165 4504 natus
1194 4465 1259 4504 ex
1282 4450 1495 4523 femina,
1527 4465 1749 4508 nosne
1779 4464 2000 4505 SALUTIS
2046 4464 2144 4506 ηδτ
2172 4464 2389 4506 casm.
2424 4450 2544 4506 Illic
2565 4453 2733 4523 gloria
2762 4460 2982 4516 natura,
3026 4451 3109 4507 hic
3136 4454 3436 4523 mysterium
3470 4454 3864 4517 voluntatis..."

579 4537 703 4603 Quis
725 4558 865 4612 ergo.
902 4543 1108 4612 fratres,
1138 4543 1449 4617 profundum
1471 4544 1568 4599 hoc
1608 4544 1824 4600 ctelestis
1864 4542 2075 4597 consilii
2102 4544 2271 4598 valeat
2296 4546 2573 4610 atstimare,
2618 4544 2753 4617 quod
2780 4543 3561 4605 immormlitatisnDominus....
3592 4554 3657 4607 ut
3688 4545 3871 4611 condi—

576 4633 713 4685 tione
734 4634 907 4686 carnis
932 4643 1145 4688 mortem
1174 4638 1433 4708 suscipere
1457 4653 1552 4707 pro
1580 4633 1887 4691 mortalibus
1910 4635 2092 4705 possit,
2124 4635 2188 4689 de
2214 4637 2433 4707 femineo
2460 4645 2721 4692 utero.....
2745 4636 2973 4692 humane
3000 4636 3170 4695 voluit
3187 4636 3279 4691 sub
3313 4637 3424 4709 lege
3449 4638 3774 4709 prodire.....
3800 4628 3867 4691 In

574 4724 764 4797 pannis
788 4733 994 4778 nostras
1017 4725 1368 4796 inﬁrmitates,
1410 4738 1590 4782 nostra
1612 4743 1668 4783 se
1692 4726 1891 4782 indicat
1918 4727 2202 4796 suscepisse
2227 4737 2551 4798 peccata.....
2589 4727 2733 4783 Talis
2773 4720 3099 4801 Salvatorejn
3127 4729 3307 4789 mundi
3339 4729 3553 4799 decebat
3578 4730 3864 4802 ingressus,

573 4832 627 4874 ut
649 4821 735 4891 qui
774 4821 985 4876 humani
1008 4824 1210 4894 generis
1238 4804 1470 4880 veniebat
1496 4831 1710 4896 peccata
1750 4821 2022 4889 mundare,
2044 4841 2153 4896 pra:
2180 4828 2383 4881 cwteris
2411 4826 2651 4881 mundius
2682 4836 3093 4881 nasceretur.....
3133 4825 3227 4881 Cui
3257 4828 3348 4881 alii
3376 4827 3543 4881 omnis
3572 4826 3722 4881 debet
3740 4841 3869 4879 can-

573 4924 686 4970 tare
709 4925 863 4981 terra,
896 4917 997 4972 nisi
1025 4919 1109 4990 qui
1131 4921 1367 4975 universo
1399 4911 1654 4975 terrarum
1701 4913 1813 4970 orbi
1840 4913 2143 4973 delictorum
2170 4919 2392 4983 veniam,
2422 4926 2473 4973 et
2491 4912 2985 4992 spern‘sempiternat
3012 4918 3196 4973 salutis
3234 4921 3428 4974 investit
3635 4918 3869 4992 Dignum

575 5020 667 5070 est,
701 5020 755 5064 ut
781 5028 955 5066 eorum
983 5014 1241 5084 prtecipue
1279 5013 1519 5069 laudibus
1545 5010 1844 5075 honoratur,
1874 5027 2000 5084 quos
2046 5013 2243 5084 proprii
2293 5013 2524 5084 corporis
2553 5014 2807 5084 passione
2833 5022 2883 5068 et
2913 5014 3180 5089 sanguinis
3208 5015 3287 5087 sui
3327 5013 3578 5085 effusione
3626 5012 3862 5067 suleavit.

574 5104 639 5159 Et
662 5121 909 5162 sermone
940 5104 1025 5172 15,
1054 5120 1175 5180 pag.
1210 5105 1272 5159 41
1304 5125 1316 5159 :
1340 5104 1429 5160 Ea:
1457 5105 1620 5160 Patre
1640 5103 1780 5159 Deus
1808 5113 1906 5168 est,
1938 5112 1989 5159 et
2008 5121 2074 5160 ea;
2098 5114 2265 5159 matre
2291 5105 2446 5161 homo
2485 5113 2561 5161 est
2583 5123 2602 5171 ;
2625 5106 2720 5160 hoc
2750 5100 2827 5171 est
2852 5105 3021 5175 Deum
3049 5117 3097 5162 et
3117 5108 3375 5181 hominem
3396 5124 3554 5164 unum
3581 5106 3871 5164 Dominum

570 5199 890 5277 confitemur.
936 5198 1004 5255 In
1032 5201 1143 5272 ejus
1167 5200 1435 5254 nativitate
1461 5214 1557 5254 nos
1601 5214 1777 5254 omnes
1806 5204 1957 5276 natos
1998 5199 2244 5253 sentimus
2272 5199 2342 5253 ad
2382 5201 2559 5255 vitam.
2592 5197 2791 5253 Factus
2828 5210 2904 5253 est
2942 5202 3080 5257 enim
3121 5203 3273 5258 homo
3302 5219 3407 5259 non
3434 5211 3492 5257 ut
3519 5200 3617 5258 sibi
3654 5203 3865 5271 viseret,

568 5295 652 5366 qui
695 5306 877 5351 auctor
921 5303 997 5349 est
1038 5296 1195 5358 vitta;
1243 5292 1335 5347 sed
1380 5302 1435 5355 ut
1477 5302 1641 5349 morte
1681 5307 1778 5359 sua
1816 5293 1974 5347 vitam
2024 5291 2296 5358 redimeret
2341 5302 2678 5359 mortuorum,
2719 5300 2776 5345 ut
2822 5293 2994 5348 nullus
3032 5293 3177 5350 nobis
3223 5304 3358 5351 esset
3402 5294 3596 5350 reditus
3624 5294 3694 5347 ad
3718 5294 3872 5349 salu-

569 5394 667 5440 tem
692 5435 705 5453 ,
750 5389 853 5442 nisi
904 5393 1199 5441 nasceretur
1242 5384 1332 5437 ille
1356 5424 1371 5449 ,
1421 5386 1507 5455 qui
1554 5385 1742 5439 virtute
1786 5384 1999 5455 propria
2037 5383 2108 5438 ad
2152 5384 2310 5437 vitam
2351 5385 2511 5453 possit
2557 5383 2726 5443 redire
2749 5392 2865 5455 post
2903 5380 3137 5443 mortem.
3181 5380 3386 5447 Eodem
3416 5386 3710 5461 pertinent,
3738 5399 3872 5455 (luas

564 5474 827 5531 Maximus
872 5476 1029 5530 docet
1077 5473 1297 5529 homilia
1346 5472 1431 5537 19,
1482 5488 1603 5545 pag.
1654 5473 1722 5531 55
1749 5490 1888 5545 seq.,
1940 5480 1995 5529 et
2032 5474 2219 5530 homil.
2260 5473 2350 5541 20,
2379 5489 2500 5545 pag.
2536 5472 2605 5527 55
2643 5491 2783 5549 seq.,
2814 5484 2870 5531 et
2898 5477 3082 5533 homil.
3124 5476 3213 5545 25,
3244 5494 3368 5551 pag.
3403 5480 3471 5535 75
3495 5488 3717 5550 seq.,et
3757 5479 3871 5539 llo-

562 5552 678 5626 m‘il.
719 5570 806 5633 27,
853 5582 973 5639 pag.
1019 5566 1085 5621 79
1123 5583 1261 5638 seq.,
1311 5578 1366 5625 et
1401 5570 1584 5626 homil.
1633 5568 1732 5639 5.5,
1792 5585 1913 5643 pag.
1966 5569 2068 5626 100
2117 5584 2293 5641 seqq.,
2326 5555 2387 5628 et,
2419 5571 2604 5628 homil.
2636 5572 2722 5640 '57,
2753 5589 2874 5647 pag.
2919 5572 3021 5628 105
3066 5590 3204 5645 seq.,
3256 5584 3313 5631 et
3355 5574 3543 5632 homil.
3595 5573 3684 5642 49,
3727 5588 3862 5647 pag.

564 5660 670 5715 152
712 5674 887 5727 seqq.,
928 5666 981 5712 et
1010 5660 1195 5713 homil.
1244 5659 1333 5727 50,
1378 5675 1498 5733 pag.
1541 5662 1663 5727 1-55,
1713 5663 1844 5718 ubi:
1874 5662 2086 5732 Passio,
2139 5663 2349 5734 inquit,
2395 5665 2538 5723 illius
2588 5675 2768 5729 nostra
2807 5668 3090 5740 redemptio
3125 5680 3229 5725 est.
3255 5668 3401 5726 Mors
3446 5671 3558 5743 ejus
3602 5671 3707 5726 vita
3751 5686 3866 5737 no.

560 5764 675 5810 stra
702 5761 796 5806 est.
847 5752 974 5808 Ideo
1020 5762 1192 5809 autem
1229 5757 1370 5811 mala
1416 5758 1522 5812 lucc
1571 5769 1757 5813 cuncta
1809 5759 2089 5824 sustinuit,
2135 5765 2197 5811 ut
2232 5774 2329 5815 nos
2375 5759 2508 5815 bona
2554 5765 2730 5817 omnia
2772 5764 3094 5821 sentiremus.
3138 5762 3267 5819 Ideo
3309 5764 3661 5830 crudelitatem
3697 5766 3761 5823 in
3802 5781 3868 5820 se

564 5847 791 5901 exerceri
833 5846 1045 5906 maluit.
1091 5856 1149 5904 ut
1181 5850 1328 5905 nobis
1377 5850 1788 5907 misericordiam
1816 5852 2210 5915 largiretur...”
2256 5852 2510 5921 Auferens
2555 5855 2693 5909 enim
2734 5872 2827 5925 per
2872 5866 3079 5910 crucem‘
3112 5856 3325 5913 humani
3364 5859 3567 5928 generis
3601 5857 3858 5929 injurias,
