4050 6356
3413 240 3470 290 τ’·

231 351 334 433 λεδ
1721 353 2102 412 pessimo.
3419 359 3432 372 ο
3467 355 3558 417 =86

257 501 441 544 ,πίω
488 499 578 538 ιω
635 498 690 538 ιη
735 496 829 536 ινα
875 477 1116 550 passione
1154 474 1492 544 consumpsit.
1535 471 1820 525 hummera
1873 484 2043 540 prope
2095 469 2311 537 generis
2357 468 2596 538 ejusdem
2639 469 2698 523 in
2757 469 2976 525 'raéteris
3025 468 3237 524 Maximi
3288 468 3554 535 hmniliis,

259 576 605 636 sermonibus
629 583 794 644 alque
841 568 1115 642 opusculis
1142 565 1385 638 reperire
1414 564 1561 620 licet.
1607 562 1832 618 Passum
1879 569 2058 616 autem
2101 559 2374 616 Christum
2427 569 2808 630 mortuumque
2847 575 2953 632 pro
2998 560 3203 616 cunctis
3227 555 3558 626 hominibus,

203 652 210 658 ’
264 672 510 742 adeoque
533 664 954 724 misericordiam
977 660 1188 717 cunctis
1211 656 1474 728 impertiri
1495 655 1748 719 voluisse,
1775 653 2040 708 Maximus
2055 652 2197 707 idem
2221 650 2451 705 at'llrmat
2467 649 2950 721 aperteinterdum,
2977 651 3293 721 plerumque
3313 650 3558 724 [cxxxwl

267 741 587 826 obscurius;
631 766 686 814 at
707 766 859 814 certa
905 767 1121 822 semper
1143 749 1369 812 nullum,
1415 756 1475 802 ut
1520 761 1758 815 unquam
1788 745 2065 815 reliquerit
2091 743 2159 798 de
2199 759 2295 798 sua
2323 741 2590 798 sententia
2615 741 2894 796 dubitandi
2918 742 3113 797 locum.
3142 742 3314 811 Atque
3335 743 3559 796 lunnilia
3649 785 3658 792 .

263 852 483 924 quidem
510 850 598 924 l9,
620 863 738 920 pag.
763 846 836 904 5h
862 863 876 898 :
907 845 1010 912 Qtn
1029 856 1286 906 cancros,
1309 839 1501 908 inquit,
1529 853 1861 893 IlSEltlcoltDl

1961 857 1972 892 ι
1995 851 2380 892 supersumus
2402 849 2736 899 annual/tr,
2764 852 2830 890 ne
2854 844 2903 890 et
2929 838 3044 906 ipsa
3069 836 3382 907 (gentilitas)
3404 837 3457 889 in
3481 836 3560 889 la-

269 921 536 1022 crymabili
563 921 660 1001 sua
686 959 891 1012 semper
917 941 1151 996 ctecitate
1169 946 1421 1000 maneret,
1449 934 1595 989 dedit
1622 935 1668 988 ei
1690 934 1844 988 etiam
1871 935 2100 1005 signum,
2125 931 2260 1004 quod
2290 940 2342 985 et
2379 930 2596 1022 Iudaeus
2633 930 2806 985 videre
2823 933 2986 1022 patuit
3013 932 3066 987 in
3095 931 3264 994 stella,
3293 945 3405 1002 quae
3433 928 3562 1022 tanti

270 1018 407 1115 regis
433 1037 706 1094 nuntiabat
732 1045 921 1096 ortum,
951 1042 1002 1088 et
1028 1031 1294 1100 presentis
1316 1028 1512 1085 uenisse
1549 1025 1797 1097 prodebat
1818 1024 2188 1096 redemptionis
2215 1032 2495 1077 auctorem.
2540 1021 2607 1076 Et
2629 1022 2845 1077 homilia
2871 1021 2960 1090 ΞΟ,
2991 1038 3114 1095 pag.
3153 1021 3220 1075 55
3242 1036 3354 1090 seq.
3394 1039 3407 1073 :
3432 1018 3561 1072 Cum

217 1195 220 1198 ί
262 1113 381 1206 ipse
404 1149 508 1187 non
537 1129 779 1184 Judteusn
809 1136 1007 1181 tantum
1027 1124 1273 1196 populum
1300 1120 1654 1206 redempturus
1690 1117 1979 1172 advenisset
2031 1134 2060 1171 e
2099 1118 2242 1182 aceto,
2274 1116 2366 1171 sed
2399 1124 2450 1171 et
2487 1125 2699 1171 cunctas
2729 1126 2925 1187 gentes,
2957 1136 3084 1192 quas
3115 1117 3178 1171 ab
3200 1117 3353 1172 initia
3383 1113 3562 1170 strculi

271 1204 377 1280 una
404 1240 519 1278 cum
545 1220 712 1276 Patre
735 1228 1025 1282 creaverat,
1045 1223 1097 1270 et
1117 1214 1322 1283 Spiritu
1350 1204 1565 1273 sancto,
1582 1210 1788 1281 signum
1811 1208 1938 1264 dare
1973 1207 2133 1264 voluit
2170 1209 2227 1262 in
2255 1207 2424 1273 stella,
2455 1208 2592 1280 quod
2609 1215 2658 1262 et
2695 1207 2881 1263 Judtea
2906 1208 3097 1273 videre,
3131 1217 3281 1280 atque
3297 1208 3561 1260 universus

219 1291 232 1300 1-
269 1326 447 1390 posset
473 1287 614 1370 orbis
638 1329 983 1386 agnoscere...
1018 1309 1120 1365 Illo
1147 1306 1338 1366 uisibili
1361 1309 1515 1378 signa
1540 1303 1610 1362 ad
1649 1321 1704 1358 se
1730 1301 1945 1360 uocabat
1984 1316 2242 1367 cancros,
2288 1311 2515 1358 auulsas
2541 1315 2752 1358 ouante
2803 1317 2916 1358 sua:
2963 1318 3357 1358 romcsnnmt
3402 1317 3561 1356 non.

275 1414 388 1480 Age
410 1427 540 1467 vero
560 1411 654 1481 qui
675 1408 860 1469 scribit
886 1425 899 1461 :
922 1407 1136 1477 inﬁrma
1159 1419 1255 1473 pro
1273 1402 1497 1459 inﬁrmis
1523 1399 1797 1470 pertulisse
1817 1396 2258 1468 Redemptorem,
2283 1393 2374 1464 qui
2400 1403 2457 1450 ut
2498 1395 2695 1452 nostra
2725 1396 2908 1451 salutis
2948 1398 3226 1451 necessitas
3265 1394 3560 1468 ﬂagitabat,

234 1559 238 1561 _
275 1506 570 1562 advenerat
594 1523 609 1570 ;
635 1487 797 1572 atque
819 1502 890 1556 ita
913 1499 1128 1569 quidem
1151 1495 1456 1568 pertulisse,
1483 1502 1543 1548 ut
1561 1494 1762 1566 generis
1792 1492 2003 1544 humani
2032 1498 2244 1563 peccata
2273 1488 2527 1544 mundare
2549 1489 2799 1554 voluerit,
2840 1488 3090 1542 redimere
3117 1496 3278 1542 morte
3305 1503 3398 1541 sua
3426 1495 3566 1541 mar-

281 1609 485 1660 tuarum
513 1601 684 1664 vitam,
711 1599 1042 1668 mue/terms
1063 1594 1310 1661 passione
1329 1607 1446 1654 sua,
1469 1589 1819 1659 eﬂ'usioneque
1847 1585 2118 1656 sanguinis
2144 1584 2383 1638 universa
2405 1591 2658 1638 terrarum
2684 1581 2793 1636 orbi
2820 1583 3018 1636 veniam
3048 1580 3366 1668 delictorum.
3397 1575 3568 1668 spem.

235 1745 240 1750 _
277 1710 375 1764 que
402 1693 597 1752 reditus.
619 1661 690 1745 ad
715 1690 935 1746 autem
958 1661 1235 1756 nunquam
1277 1683 1635 1745 interituram,
1682 1693 1844 1748 quam
1887 1676 2148 1745 consequi
2191 1675 2436 1729 homines
2467 1673 2853 1743 nequivissent,
2898 1671 3001 1725 nisi
3039 1679 3195 1724 natus
3219 1667 3307 1764 ille
3333 1661 3564 1764 luisset;

277 1758 386 1856 qui,
413 1785 648 1854 inquam,
674 1783 787 1838 haec
808 1781 1014 1844 scribit,
1041 1777 1387 1846 ostenditque
1411 1772 1638 1828 universi
1671 1770 1811 1825 orbis
1849 1777 2103 1823 terrarum
2128 1781 2189 1820 ac
2216 1768 2418 1838 generis
2447 1766 2662 1818 humani
2689 1762 2964 1818 vocabulis
2983 1769 3190 1815 cunctos
3221 1758 3450 1856 homines
3477 1763 3567 1856 ra-

227 1927 234 1936 _
443 1848 556 1929 esse
580 1891 612 1927 a
636 1848 986 1943 'Redemptore
1007 1871 1121 1941 ipso
1147 1868 1220 1922 ad
1247 1885 1320 1933 se,
1353 1867 1523 1935 iisque
1543 1862 1780 1918 omnibus
1801 1859 2114 1914 hominibus
2140 1859 2401 1930 promissa
2431 1855 2619 1929 gratia:
2658 1856 2846 1910 divina.-
2874 1853 3033 1917 dena,
3063 1868 3129 1906 an
3159 1868 3263 1906 non
3286 1851 3447 1921 plane
3475 1848 3570 1904 tle-

236 2025 240 2029 ,
271 1975 537 2025 monstrat
559 1966 975 2036 Redemptorem
997 1962 1246 2019 eumdem
1269 1959 1482 2029 generis
1503 1955 1721 2012 humani
1744 1967 1843 2025 pro
1867 1953 2075 2008 cunctis
2095 1966 2190 2005 seu
2213 1951 2464 2004 omnibus
2477 1948 2792 2004 hominibus
2817 1957 3017 2008 natum,
3033 1961 3268 2018 passum,
3295 1956 3567 2000 manuum

225 2113 228 2118 .
272 2060 455 2125 fuisse,
476 2058 892 2128 adjumentaque
915 2067 1152 2126 parasse,
1179 2052 1372 2122 quibus
1395 2050 1468 2105 illi
1485 2063 1674 2104 omnes
1700 2046 1885 2116 gratiae
1907 2045 2070 2109 illius,
2089 2058 2210 2114 quae
2229 2044 2346 2114 ipso
2369 2043 2671 2113 pollicetur,
2695 2042 2833 2096 dona
2859 2048 3081 2112 possent
3102 2040 3416 2111 percipere?
3440 2035 3573 2092 Rur—

227 2210 230 2213 .
267 2167 406 2217 sum,
436 2152 491 2208 in
513 2150 770 2206 mundum
793 2149 1009 2204 venisse
1038 2145 1336 2212 Christum,
1355 2142 1621 2198 Maximus
1641 2141 1823 2204 (lueet,
1848 2128 2205 2200 dermenel9,
2237 2148 2363 2205 pag.
2399 2132 2520 2198 ηο,
2545 2143 2602 2187 ut
2623 2132 2777 2187 antisti
2813 2132 3074 2186 hominum
3097 2131 3469 2201 provideret...
3497 2135 3573 2182 at-

267 2265 367 2317 oue
391 2246 594 2302 animos
623 2245 796 2316 gratia
815 2244 987 2298 sancti
1011 2239 1521 2311 Spirituirrigsret.
1547 2233 1780 2289 Hotltilia
1809 2246 1938 2288 vero
1962 2230 2086 2294 H6,
2115 2241 2238 2299 pag.
2270 2228 2376 2283 584
2403 2247 2414 2283 :
2447 2223 2570 2282 Non
2597 2229 2770 2291 unius,
2797 2229 2987 2296 inquit,
3019 2227 3237 2281 hominis
3260 2233 3456 2278 tantum
3477 2239 3570 2295 per

273 2341 606 2398 Salutarem
628 2353 792 2392 causa
809 2339 1027 2409 geritur,
1057 2351 1150 2388 nec
1169 2335 1324 2386 unius
1344 2333 1566 2386 hominis
1594 2328 1920 2384 imbecillitas
1939 2333 2290 2395 procuratur;
2318 2325 2408 2378 sed
2435 2326 2589 2377 totius
2607 2326 2816 2393 'generis
2860 2323 3071 2376 humani
3094 2323 3322 2375 salivatur
3350 2323 3573 2390 inﬁrmi»

275 2447 376 2496 tas.
402 2431 609 2487 Nullius
621 2440 803 2485 autem
815 2407 1058 2483 hominis
1080 2425 1322 2480 oblivisci
1344 2423 1532 2488 Deum,
1547 2421 1642 2476 sed
1670 2419 1860 2474 adesse
1889 2418 2159 2481 omnibus,
2181 2416 2538 2484 subsidiaque
2553 2427 2777 2486 parasse
2805 2423 3009 2480 monet,
3027 2415 3152 2468 dum
3169 2407 3563 2484 sern1.lii,p':l};.

271 2528 412 2593 ‘59,
441 2527 629 2584 scribit
665 2543 677 2578 :
711 2520 982 2588 Quasnada
1009 2526 1178 2589 potest
1208 2514 1439 2573 oblivisci
1469 2515 1633 2569 nostri
1666 2512 1824 2578 Deus,
1855 2511 1941 2584 qui
1969 2510 2131 2564 etiam
2152 2508 2370 2580 capillos
2399 2510 2585 2579 capitis
2608 2511 2774 2564 nostri
2801 2510 2854 2563 in
2897 2507 3178 2581 Evangelia
3199 2505 3338 2593 apud
3365 2526 3418 2561 sc
3448 2509 3572 2562 dicit

271 2572 755 2675 esseynsuneratos?
783 2613 845 2669 Si
892 2613 1030 2667 enim
1053 2609 1363 2682 capillorum
1403 2617 1696 2662 nostrorum
1727 2607 1978 2671 memmit,
2014 2604 2182 2674 magis
2218 2610 2515 2658 nostrarum
2552 2605 2845 2658 animarum
2883 2603 3133 2658 meminit.
3169 2572 3271 2656 Pri
3303 2609 3568 2657 numertm

266 2713 409 2768 enim
439 2725 618 2765 curam
637 2709 774 2761 circa
801 2721 895 2759 nos
924 2701 1422 2773 sallicitudinemque
1443 2701 1816 2771 cognoscimus.
1844 2696 2014 2753 Nemo
2035 2699 2172 2753 enim
2193 2705 2451 2764 nurnerat,
2478 2699 2579 2752 nisi
2609 2699 2745 2770 quod
2766 2701 2868 2753 vult
2897 2699 3195 2770 diligentius
3219 2696 3566 2750 custodire.

271 2802 449 2873 Usque
486 2799 616 2854 adeo
657 2814 778 2869 ergo
805 2795 1023 2850 habetur
1061 2795 1114 2847 in
1143 2793 1324 2858 tutela,
1354 2793 1440 2863 qui
1469 2790 1687 2845 habetur
1725 2793 1778 2844 in
1809 2807 2088 2845 numeran.
2117 2788 2256 2844 Deus
2283 2792 2510 2845 omnium
2548 2792 2798 2854 meminit,
2831 2794 3056 2845 omnium
3099 2789 3417 2853 recordatur,
3445 2795 3566 2840 tan-

269 2903 377 2949 tum
405 2901 464 2962 ut
492 2907 597 2946 non
617 2891 812 2945 nostris
841 2884 1296 2942 intervenientibus
1326 2885 1576 2954 peccatis,
1608 2885 1656 2938 ei
1676 2885 1934 2955 inferatur
1974 2882 2188 2938 oblivia-.-
2211 2882 2673 2951 Quemadmodum
2711 2895 2889 2940 autem
2928 2886 3232 2942 meminerit.
3257 2885 3442 2944 nostri,
3478 2887 3569 2938 aut

268 3001 434 3056 quam
459 3000 643 3042 curam
665 2986 1190 3053 sollicitudinemque
1219 2985 1732 3052 omnibus-praestet
1775 2982 1822 3036 is
1841 2982 1932 3052 qui
1957 2995 2065 3036 non
2109 2981 2415 3050 adiumenta
2458 2983 2692 3053 prtebeat
2716 2981 2800 3037 vel
2843 2979 3212 3055 paret‘quibus
3237 2979 3569 3036 imbecillitas

265 3090 436 3150 atque
463 3078 742 3134 inﬁrmitas
764 3079 1051 3133 roboratur
1073 3077 1306 3131 humana
1333 3093 1348 3142 ς
1375 3085 1498 3129 eum
1517 3075 1640 3128 sine
1662 3074 1728 3128 iis
1751 3073 2073 3143 adiumentis
2101 3073 2475 3146 sull'ragilsque
2518 3077 2868 3147 praepotentis
2892 3073 2986 3131 Dei
3012 3077 3060 3130 id
3102 3074 3268 3131 homo
3293 3075 3451 3142 agere
3477 3089 3568 3125 nc-

263 3180 456 3240 queat,
481 3183 590 3238 quo
612 3169 899 3240 disponere
918 3183 1056 3232 sese,
1088 3174 1148 3220 ut
1186 3167 1355 3234 gratia
1399 3166 1573 3221 sancti
1610 3164 1844 3236 Spiritus
1883 3165 2166 3235 irrigetur,
2207 3168 2619 3237 pertingereque
2659 3169 2916 3244 [Lxxxvnj
2955 3169 3170 3224 demum
3217 3168 3282 3222 ad
3338 3162 3568 3224 salutem

263 3265 696 3334 beatitatemque
723 3263 1102 3334 sempiternam
1128 3260 1454 3332 possin-Ac
1496 3259 1751 3328 suffragio
1784 3258 2001 3328 quidem
2054 3259 2236 3317 divino
2293 3277 2428 3332 opus
2477 3277 2613 3329 esse,
2671 3264 2833 3317 docet
2887 3261 3151 3318 Maximus
3207 3259 3427 3316 humilia
3485 3259 3564 3322 iri,

263 3373 390 3431 pag.
415 3355 511 3415 28.
544 3367 601 3412 et
627 3357 849 3428 homilia
884 3354 984 3421 64,
1014 3365 1138 3425 pag.
1169 3353 1292 3407 $06;
1337 3352 1492 3420 Quin.
1525 3355 1687 3409 etiam
1740 3353 1807 3408 ad
1847 3366 1906 3408 se
1942 3351 2225 3410 Christum
2272 3369 2456 3410 vacare
2503 3364 2739 3417 cunctas,
2782 3361 2967 3409 mo'net
2991 3397 3004 3420 ,
3056 3355 3409 3422 omnibusque
3459 3369 3570 3406 sum

261 3450 456 3518 gratiae
490 3447 732 3517 pollicert
761 3445 924 3512 dona,
964 3444 1312 3511 homilia-m,
1364 3455 1484 3515 pag.
1541 3444 1626 3498 56.
1686 3441 2074 3501 Eﬂicau’itatem
2122 3463 2286 3518 porro
2327 3442 2527 3517 gratiae,
2580 3463 2685 3516 qua
2743 3439 2884 3502 facit
2933 3445 3198 3512 Christus,
3241 3457 3298 3501 ut
3350 3445 3383 3501 ii
3433 3435 3570 3514 quds

263 3538 569 3594 eﬂlcaciter
589 3538 722 3605 vult,
750 3538 1092 3609 resipiscam,
1123 3542 1525 3610 operetlturque
1555 3539 1780 3605 bonum,
1809 3541 1887 3594 sic
1910 3533 2148 3610 explicat
2181 3537 2447 3596 Maximus
2470 3539 2659 3596 homil.
2689 3541 2810 3605 l08,
2841 3537 2964 3610 pagi.
2995 3540 3099 3594 ’258
3128 3559 3139 3593 :
3188 3537 3402 3605 cetera,
3449 3540 3569 3612 '[ra-

264 3641 393 3698 tres,
456 3632 667 3704 quando
724 3632 953 3686 medicus
1004 3633 1366 3704 languentium
1417 3640 1508 3686 aut
1562 3632 1747 3703 quarrit
1801 3637 1889 3684 aut
1954 3634 2165 3701 respiait
2205 3632 2532 3697 voluntates,
2594 3650 2707 3686 cum
2747 3648 2949 3702 semper
2992 3632 3254 3688 contraria
3305 3615 3570 3686 desiderat

265 3735 317 3778 et
340 3727 578 3798 requirat
603 3724 878 3794 inﬁrmus;
910 3723 1029 3776 hinc
1058 3731 1156 3788 est,
1187 3722 1324 3793 Quod
1352 3736 1491 3775 nunc
1525 3721 1743 3791 ferrum,
1770 3735 1908 3772 nunc
1936 3721 2128 3791 ignem,
2153 3735 2290 3773 nunc
2320 3737 2501 3775 amara
2528 3720 2710 3792 pocula
2752 3722 2939 3794 ingerit
2968 3731 3016 3776 et
3054 3724 3269 3794 apponit
3299 3723 3486 3787 inritis,
3514 3719 3571 3775 ut

267 3833 459 3876 curam
481 3819 596 3872 sani
620 3819 868 3880 sentiant,
893 3831 1047 3887 quam
1073 3829 1178 3868 non
1198 3819 1437 3886 poterant
1469 3813 1664 3865 sentire
1693 3817 2027 3882 tegratantes.
2053 3809 2124 3866 Et
2153 3813 2197 3868 si
2229 3813 2379 3867 hama
2429 3813 2650 3884 injttrias
2691 3807 2928 3885 despicit,
2962 3815 3238 3869 maledicta
3267 3801 3568 3877 conteiimil,

265 3918 325 3963 ut
354 3907 614 3962 sauciatis
639 3904 820 3958 morbo
840 3915 1021 3975 sponte
1045 3905 1202 3957 vitam
1232 3904 1502 3973 conferat,
1524 3909 1574 3954 et
1594 3901 1845 3966 salutem;
1869 3912 2061 3975 quanta
2082 3905 2247 3976 magis
2269 3899 2504 3958 Christus
2524 3905 2751 3960 medicus
2780 3901 3006 3960 bonitate
3037 3907 3207 3961 divina
3232 3903 3421 3960 morbis
3451 3925 3569 3959 sau-

269 4003 382 4054 cios
414 4005 770 4068 peccatorum,
801 4004 852 4048 et
875 3995 1114 4064 phrenesi
1142 3993 1418 4048 criminum
1443 3993 1760 4059 laborantes,
1783 3995 1856 4048 ad
1873 3995 2092 4051 salutem
2113 3999 2271 4052 etiam
2300 3998 2486 4053 invitas
2511 3999 2806 4065 "Tum",
2830 4009 2880 4054 et
2903 4001 3157 4056 nolentes.
3187 3997 3230 4052 Ο
3262 4001 3308 4055 si
3336 4001 3567 4066 intimus,

272 4098 502 4166 fratres,
530 4093 575 4144 si
597 4091 812 4144 velimus
840 4103 1042 4142 onmem
1070 4091 1264 4144 mentis
1281 4097 1474 4145 nostra:
1492 4090 1776 4163 paralysim
1810 4093 2100 4164 pervadere,
2134 4095 2364 4149 animam
2392 4105 2625 4150 nostram
2655 4091 2924 4152 uirtutibus
2972 4097 3267 4152 destitutam
3299 4093 3478 4169 jacere
3515 4095 3572 4153 in

267 4188 525 4241 vitiorum
553 4185 734 4238 stratis
755 4197 1114 4248 cerneremus;
1154 4183 1344 4238 luceret
1374 4183 1542 4249 nobis,
1566 4185 1994 4256 quemadmodum
2025 4181 2260 4240 Christus
2303 4193 2352 4240 et
2389 4195 2596 4241 nostras
2626 4185 2853 4258 quotidie
2883 4191 3068 4243 naxias
3095 4189 3302 4258 respicit
3331 4189 3572 4244 uolunta-

267 4289 365 4343 tes,
401 4286 457 4332 et
488 4277 562 4330 ad
581 4277 837 4330 salutaria
868 4293 962 4332 nos
992 4277 1220 4331 remedia
1243 4289 1551 4332 rcn'rnam'r
1580 4287 1648 4333 ετ
1680 4287 1959 4334 etamen
1981 4295 2206 4334 tuvnos.
2233 4284 2296 4334 τὸ
2326 4281 2582 4350 pertrahit
2612 4288 2742 4336 Vero
2773 4291 2822 4336 et
2867 4293 3104 4354 perurget
3150 4284 3336 4337 invitas
3365 4285 3472 4338 non
3503 4298 3572 4338 eo
3627 4317 3648 4338 .

264 4372 514 4443 pertinet
547 4375 606 4424 ut
632 4367 836 4423 indicet
863 4369 1177 4424 necessitate
1199 4367 1321 4423 illos
1348 4369 1440 4438 qui
1463 4369 1834 4434 pertrahuntur
1859 4377 2299 4444 perurgenturquc
2327 4373 2494 4441 premi
2518 4381 2575 4427 ut
2605 4381 2782 4443 agant,
2816 4373 2909 4428 sed
2938 4373 3188 4428 libertate
3227 4373 3462 4438 moveri,
3489 4375 3572 4428 in—

263 4466 414 4529 duci,
441 4462 834 4528 determinari;
861 4463 960 4516 etsi
985 4461 1127 4530 quad
1151 4460 1321 4517 libere
1345 4447 1470 4517 tunc
1492 4468 1679 4532 agunt,
1704 4475 1948 4518 amarum
1979 4464 2248 4519 interdum
2293 4467 2361 4519 sit
2385 4466 2531 4536 ipsis,
2577 4483 2676 4520 nec
2700 4465 2888 4529 libeat,
2916 4473 2973 4520 ut
3017 4482 3124 4520 non
3172 4466 3304 4520 libet
3328 4463 3570 4520 amarum

259 4564 501 4625 aegroto,
530 4567 636 4609 nec
657 4554 856 4624 placet,
879 4553 1027 4622 quod
1048 4553 1218 4609 libere
1241 4569 1272 4608 a
1296 4553 1505 4610 medico
1529 4555 1629 4609 sibi
1650 4556 1996 4624 propinatum
2019 4558 2221 4611 sorbet.
2251 4553 2433 4626 Neque
2458 4575 2587 4612 vero
2612 4575 2765 4612 secus
2790 4556 2842 4611 id
2865 4557 3127 4611 Maximus
3170 4555 3382 4628 accipit,
3408 4567 3572 4629 atque

212 4668 219 4712 ε
262 4650 398 4706 illud
425 4647 673 4719 accipiat
694 4645 935 4703 Ecclesia
959 4649 1187 4704 collecta
1217 4649 1326 4715 illa,
1353 4661 1460 4718 qua
1506 4649 1775 4705 dominica
1801 4659 1990 4720 quarta
2041 4661 2165 4722 post
2193 4650 2551 4705 Pentecoslcn
2599 4651 2852 4705 sacerdos
2896 4647 3294 4706 sacriﬁcaturus
3339 4649 3476 4718 orat,
3511 4647 3572 4708 α’

208 4728 216 4774 ’ί
261 4745 408 4800 Deus
437 4751 660 4799 nostras
687 4741 756 4794 ad
784 4756 839 4795 se
857 4739 1072 4795 rebelles
1093 4740 1366 4813 compellat
1392 4742 1646 4813 propitius
1670 4743 1975 4797 voluntates.
2004 4741 2212 4809 Quotus
2235 4741 2376 4795 enim
2415 4741 2644 4808 quisque
2683 4740 2980 4795 catholicus
3009 4749 3118 4806 est,
3151 4743 3241 4813 qui
3274 4727 3571 4801 Ecclesia'm

260 4838 480 4908 precari
512 4835 836 4902 arbitretur,
868 4843 928 4889 ut
972 4834 1112 4890 Deus
1142 4834 1299 4891 nobis
1345 4835 1540 4890 inferat
1587 4827 2008 4890 necessitatem?
2037 4833 2286 4888 Profecto
2337 4849 2498 4887 nemo
2528 4841 2628 4895 est,
2662 4831 2789 4900 quin
2837 4831 2914 4887 sic
2961 4831 3224 4902 intelligat
3258 4855 3268 4888 :
3304 4831 3570 4896 abluetari

260 4931 486 5004 quidem
517 4942 622 4986 eos
651 4928 745 4996 qui
772 4926 928 4982 malis
951 4925 1334 4997 cupiditatibus
1361 4929 1662 4995 agitantur;
1688 4927 1782 4981 sed
1810 4928 1981 4995 gratia
2004 4915 2116 4996 ipsa
2143 4927 2215 4980 ita
2244 4925 2451 4979 moveri
2481 4940 2545 4979 ac
2566 4925 2706 4979 vinci
2727 4924 2974 4997 denique,
3011 4936 3067 4981 ut
3091 4919 3469 4985 determinanti
3499 4935 3570 4989 ad

231 5026 474 5084 bonum
528 5021 651 5075 Deo
681 5017 850 5073 libere
877 5018 1091 5081 cedant,
1116 5033 1346 5089 seseque
1385 5032 1493 5072 una
1541 5017 1920 5072 determinent.
1955 5015 2155 5073 Confer
2183 5017 2587 5073 annotationem
2619 5011 2959 5094 nostramad
2989 5032 3111 5092 pag.
3142 5017 3265 5072 359.
3299 5009 3415 5075 lam
3447 5023 3573 5092 quid

265 5115 368 5171 sibi
397 5112 680 5169 Maximus
697 5109 982 5164 insitarum
1009 5110 1395 5182 nolentiurnque
1421 5108 1696 5164 vocabulis
1725 5109 1875 5175 velit,
1908 5111 2158 5179 cognosci
2191 5127 2256 5166 ex
2288 5112 2404 5182 ejus
2433 5107 2746 5184 praefatione
2797 5109 2863 5166 ad
2898 5110 3088 5167 homil.
3123 5105 3244 5177 109,
3286 5106 3408 5184 p'ag'.
3443 5099 3568 5190 36l,

267 5207 325 5260 in
356 5205 508 5260 notis
533 5201 704 5273 plane
725 5205 926 5267 potest.
957 5197 1040 5253 Ibi
1071 5199 1216 5277 enim
1248 5199 1372 5254 ideo
1393 5213 1452 5255 se
1486 5201 1703 5254 invitum
1733 5200 1881 5269 loqui
1910 5199 2004 5267 ait,
2036 5203 2180 5272 quod
2209 5203 2246 5257 ii
2274 5202 2364 5274 qui
2406 5203 2579 5274 ipsum
2607 5202 2850 5258 audirent
2877 5221 2985 5259 non
3027 5196 3464 5276 emendarentur,
3495 5209 3577 5280 pi-

267 5297 534 5366 griusque
561 5298 813 5361 sgeralt.
841 5289 984 5356 Quid
1011 5307 1078 5346 an
1109 5292 1432 5362 loquebatur
1459 5293 1680 5349 adactus
1706 5297 2064 5351 necessitate?
2095 5296 2234 5352 Nihil
2281 5291 2475 5354 minus.
2508 5285 2919 5355 Nimirumucum
2948 5300 3066 5356 sine
3113 5299 3290 5358 fructu
3318 5285 3572 5374 loquere-

266 5398 374 5453 tur,
404 5385 752 5457 loquebatur
765 5395 875 5437 nun
907 5383 1096 5448 libens,
1131 5386 1231 5440 etsi
1261 5387 1314 5441 ei
1340 5392 1521 5442 tacere
1543 5402 1651 5442 non
1681 5387 1886 5444 liceret.
1913 5390 2027 5457 Qua
2052 5407 2121 5446 ex
2144 5406 2204 5446 re
2233 5391 2422 5462 liquet,
2445 5377 2502 5450 τὸ
2522 5392 2711 5447 invitus
2738 5391 2876 5446 idem
2902 5384 3022 5449 esse
3053 5393 3285 5451 Maximo
3308 5384 3370 5452 ac
3391 5377 3578 5452 τ’ὁήοη

268 5477 452 5535 libens.
485 5477 766 5532 Caeterum
815 5481 1128 5528 constanter
1155 5474 1388 5531 altlrmat
1417 5477 1720 5534 libertatem
1749 5480 1956 5535 arbitrii
2014 5482 2252 5538 illarsam
2277 5483 2472 5555 cuique
2501 5475 2715 5540 mortali
2745 5500 2984 5554 manere,
3016 5487 3130 5543 sive
3159 5490 3204 5544 is
3237 5463 3424 5561 probe,
3458 5489 3574 5545 sive

270 5589 432 5633 secus
459 5580 610 5644 agat.
646 5567 905 5623 Tractatu
935 5568 998 5624 de
1024 5567 1283 5640 Capitulis
1313 5571 1730 5646 Evangeliarum,
1765 5591 1884 5647 cap.
1916 5575 1970 5642 8,
1994 5591 2116 5647 pag.
2151 5577 2246 5632 ’761
2285 5597 2298 5633 :
2333 5573 2596 5643 Liberum,
2623 5580 2813 5649 inquit,
2846 5575 2983 5652 quod
3011 5581 3209 5636 homini
3255 5572 3408 5633 dedit
3435 5567 3578 5634 arhié

271 5670 454 5729 trium.
484 5666 665 5722 noﬂtﬂ‘
677 5666 870 5717 iterum
888 5661 1215 5733 abrumpere,
1246 5681 1310 5718 ne
1329 5682 1360 5717 a
1380 5682 1433 5719 se
1456 5682 1617 5737 nuper
1638 5684 1956 5733 concessam,
1979 5680 2033 5722 ut
2061 5671 2308 5733 diximus,
2335 5671 2500 5724 animi
2523 5669 2810 5726 libertatem
2849 5673 3180 5744 infringeret.
3214 5671 3358 5742 Ergo
3377 5663 3580 5745 dimisit

269 5761 762 5830 hnmﬁtsque
782 5759 1000 5828 judicio,
1036 5775 1138 5829 pro
1178 5757 1358 5830 quibus
1388 5776 1603 5813 examen
1639 5763 1866 5830 futurum
1899 5764 2176 5835 [Lxxxvnt]
2205 5753 2421 5817 sibimet‘
2434 5765 2738 5827 reservavit,
2767 5774 2823 5817 ut
2853 5766 3099 5835 puniatur
3128 5764 3212 5834 qui
3245 5755 3410 5836 fuerit
3436 5759 3576 5833 reus,
3639 5819 3654 5827 _

273 5870 325 5915 st
349 5858 582 5914 salvetur
604 5855 696 5916 aui
720 5856 910 5907 crimen
950 5855 1134 5912 noluit,
1159 5871 1224 5907 ne
1253 5856 1542 5914 mtnirectr.
1573 5855 1870 5909 admittere.
1898 5852 2078 5917 Quid?
2106 5857 2151 5911 si
2179 5856 2424 5910 Christus
2452 5856 2592 5910 Deus
2620 5870 2896 5911 servorum
2926 5869 3168 5919 suormn,
3199 5869 3338 5923 quos
3366 5856 3582 5911 actione
