4050 6356
532 241 607 305 ω
1014 200 1059 228 ”
1505 291 1511 298 .
1992 251 2131 313 nu

2239 255 2379 314 .TIO.
3750 271 3838 333 ω

530 369 631 414 sua
656 368 858 427 movet,
890 374 954 419 ac
976 360 1143 429 ducit,
1174 376 1285 420 non
1313 363 1536 430 satiust,
1573 359 1669 420 sed
1694 366 1953 437 perﬁciat,
1987 375 2124 423 teste
2169 368 2405 425 Maximo
2455 353 2707 429 serinone
2752 373 2841 442 ιο,
2870 390 2993 447 pag.
3047 375 3167 443 504,
3198 377 3517 437 libertatem?
3550 381 3834 445 Sermone

531 458 711 507 autem
734 451 821 518 58,
845 469 966 525 pag.
992 452 1129 509 5l5:
1158 454 1321 511 Beata
1340 463 1438 522 est,
1466 456 1659 526 inquit,
1691 458 1749 511 in
1771 456 1966 525 Christi
1989 462 2285 530 captivitate
2318 462 2645 521 libertas.....
2679 465 2877 532 Videte,
2904 476 2955 523 et
2982 470 3251 537 advertite,
3276 489 3429 544 quam
3457 490 3551 529 nos
3573 478 3835 550 expediat

531 541 726 600 Christi
753 564 863 602 esse
889 550 1132 618 captivos,
1157 549 1243 621 qui
1273 550 1442 620 captis
1468 549 1578 604 suis
1606 566 1715 605 non
1745 550 1913 606 solum
1942 560 2187 607 teternam
2209 556 2385 610 tribuit
2406 556 2714 623 libertatem,
2747 560 2840 615 sed
2861 570 2912 615 et
2934 562 3220 632 ineffabilia
3246 541 3525 621 ctelestium
3546 541 3835 625 munerum

531 636 670 690 dona
699 637 936 709 largitur.
972 638 1197 711 Ideoque
1224 640 1330 694 alio
1352 640 1407 708 in
1429 639 1542 694 loco
1564 642 1870 711 patriarcha
1892 642 2136 698 decantat
2165 662 2183 699 :
2213 644 2489 719 Converte,
2508 649 2749 717 Domine,
2779 653 3128 724 captivitatem
3168 664 3404 711 nostram
3442 659 3577 714 sicut
3606 667 3832 717 torrens

529 733 584 785 in
605 744 801 789 austro.
833 734 1146 801 Couvun'rs,
1174 737 1267 802 ait,
1296 753 1400 792 non
1442 745 1635 802 averte,
1663 736 1721 790 id
1758 747 1854 804 est,
1885 754 2121 805 rntssn,
2156 740 2381 807 Domus,
2405 752 2464 797 ut
2503 746 2591 816 qui
2602 745 2914 816 jamdudum
2934 748 3078 819 capti
3103 766 3135 802 a
3154 748 3362 806 diabolo
3381 767 3576 818 sumus,
3609 755 3683 808 tui
3706 763 3836 811 tans-

528 822 646 877 dem
674 841 964 881 mereamur
983 842 1095 881 esse
1118 829 1330 898 captivi.
1366 826 1573 883 Scimus
1602 829 1762 896 enim,
1786 831 1906 901 quia
1950 829 2160 886 diabolo
2188 850 2300 889 esse
2323 834 2603 907 subjectum
2629 855 2906 909 peramara
2946 841 3177 896 conditio
3204 851 3296 907 est,
3320 852 3372 895 et
3412 843 3675 916 inexpleta
3698 848 3825 920 tibi,

527 914 774 983 Domine,
806 918 998 971 servire
1010 919 1342 990 jucunditas,
1373 927 1480 975 etc.
1506 918 1754 976 Christus
1776 920 1939 990 igitur
1966 923 2017 977 in
2042 925 2197 980 nobis
2219 926 2345 981 dum
2370 936 2646 997 operatur,
2680 938 2921 986 nostram
2945 932 3155 1003 perlicit
3181 933 3503 1002 libertatem,
3536 914 3599 1003 ac
3620 914 3830 1005 jucuu;

526 1006 748 1062 ditatem
779 1007 954 1075 ali‘ert,
988 1019 1100 1065 tum
1128 1012 1383 1076 maxime,
1411 1028 1526 1066 cum
1555 1010 1797 1067 habitans
1827 1012 2074 1072 Salvator
2102 1017 2242 1073 idem
2272 1019 2369 1074 hoc
2400 1020 2660 1077 desertum
2684 1026 2918 1095 corporis
2948 1028 3114 1080 nostri
3132 1068 3147 1093 ,
3179 1042 3354 1082 omnes
3383 1026 3454 1081 ibi
3490 1027 3686 1083 diaboli
3729 1029 3792 1098 fa
3811 1059 3829 1067 -

525 1101 723 1157 ctiones
752 1119 1084 1169 exsupsmr,
1119 1114 1167 1159 et
1186 1115 1439 1160 secretum
1460 1121 1523 1160 ac
1549 1121 1786 1161 securum
1809 1123 1843 1161 a
1864 1110 2262 1180 cogitationibus
2279 1113 2467 1193 seculi
2485 1130 2599 1169 esse
2625 1132 2774 1171 suum
2794 1133 2949 1173 non
2971 1119 3320 1174 habitaculum
3334 1161 3349 1185 ,
3370 1128 3429 1173 ut
3451 1120 3691 1193 deinceps
3721 1135 3830 1176 nos

525 1192 664 1246 intra
690 1196 1034 1264 nosmetipsos
1066 1197 1201 1250 velut
1233 1197 1289 1251 in
1319 1197 1600 1253 solitudine
1638 1201 1926 1267 constituti,
1968 1204 2179 1258 nonnisi
2207 1205 2390 1259 coelum
2430 1187 2769 1278 respiciamus
2798 1218 2850 1265 et
2878 1220 3106 1275 terram;
3137 1211 3231 1265 hoc
3259 1220 3355 1277 est,
3386 1229 3490 1266 non
3532 1187 3829 1285 cogitemus

526 1283 685 1338 alium
708 1285 811 1340 nisi
830 1285 1047 1341 caelestis
1077 1288 1226 1359 regni
1247 1286 1550 1356 Dominum,
1574 1297 1625 1344 et
1648 1298 1869 1346 terrente
1895 1294 2289 1349 resurrectionis
2332 1305 2629 1367 auctorem;
2650 1314 2901 1355 sermone
2925 1298 3021 1366 l9,
3045 1314 3165 1371 pag.
3195 1299 3319 1355 446.
3349 1283 3617 1371 Quidquid
3651 1319 3828 1373 porro

526 1375 710 1442 gratiae
748 1375 1017 1449 tributum}
1044 1376 1349 1434 hominibus
1378 1387 1463 1435 est
1488 1388 1612 1450 post
1640 1379 1770 1435 Adae
1810 1381 2037 1453 lapsum,
2071 1382 2121 1437 id
2163 1383 2429 1441 Maximus
2471 1386 2776 1445 Servatoris
2803 1390 3001 1446 Christi
3044 1390 3246 1456 virtuti,
3288 1391 3478 1448 Patres
3505 1395 3826 1464 superiores

524 1464 943 1538 Scripturasque
975 1479 1211 1536 secutus,
1246 1480 1528 1542 acceptum
1575 1488 1696 1529 esse
1738 1472 2075 1529 referendum
2104 1476 2284 1532 docet.
2314 1476 2449 1532 Cum
2480 1480 2620 1535 enim
2642 1481 2898 1551 quidquid
2927 1481 3361 1550 adjumentorum
3390 1483 3458 1539 ad
3484 1484 3699 1540 beatam
3730 1489 3822 1542 vi-

524 1562 659 1623 tam,
688 1555 800 1627 jam
830 1558 957 1615 inde
975 1560 1043 1616 ab
1071 1575 1139 1617 eo
1169 1569 1432 1633 tempore,
1463 1561 1594 1619 Δότε
1620 1566 1962 1636 posterisque
1984 1567 2222 1633 obvenit,
2247 1585 2315 1625 ex
2344 1571 2736 1643 redemptionis
2765 1573 2914 1631 fonte
2955 1576 3221 1643 manarit;
3243 1590 3314 1632 ex
3341 1577 3459 1646 ejus
3503 1587 3653 1634 certe
3698 1580 3819 1636 vir-

525 1656 644 1707 tute
670 1654 905 1709 manarit
931 1670 1153 1712 necesse
1182 1664 1285 1723 est,
1318 1672 1479 1727 quem
1501 1658 1754 1728 passione
1776 1668 2061 1732 morteque
2081 1677 2178 1718 sua
2209 1672 2265 1718 et
2285 1679 2354 1718 ex
2376 1664 2542 1719 sacris
2564 1664 2783 1721 Litteris
2809 1681 2874 1722 ac
2893 1667 3186 1724 traditione
3212 1678 3446 1739 constat,
3476 1679 3532 1724 et
3545 1668 3816 1730 Maximus

530 1742 752 1809 fatetur,
785 1747 1091 1802 seculorum
1112 1763 1253 1814 esse,
1283 1756 1340 1805 et
1367 1758 1669 1823 cunctarum
1692 1752 1944 1827 gentium,
1966 1769 2095 1823 quas
2118 1752 2182 1807 ub
2205 1755 2355 1809 initio
2377 1756 2552 1809 saeculi
2568 1757 2839 1822 creaverit,
2857 1756 3294 1829 Redemptorem.
3321 1758 3552 1815 llomilia
3576 1760 3662 1826 19,
3688 1777 3812 1833 pag.

526 1836 632 1902 54;
655 1838 877 1897 homilia
905 1839 993 1907 20,
1026 1855 1151 1913 pag.
1188 1839 1288 1909 55;
1312 1842 1534 1899 homilia
1565 1843 1656 1907 25,
1688 1860 1811 1916 pag.
1837 1843 1924 1911 65,
1957 1843 2045 1912 66,
2070 1846 2159 1913 67,
2191 1863 2299 1917 quo
2326 1847 2449 1903 loco
2469 1864 2573 1902 non
2603 1850 2821 1904 latuisse
2840 1848 2897 1902 in
2935 1865 3090 1921 opere
3113 1853 3209 1916 ait,
3231 1860 3289 1904 ut
3311 1867 3486 1906 omnes
3512 1850 3697 1923 ubique
3725 1858 3817 1927 qui

527 1931 584 1986 in
606 1930 708 1988 Dei
736 1928 887 1989 Filio
916 1932 1137 1989 Verbum
1163 1944 1215 1990 et
1242 1952 1454 1991 carnem
1490 1937 1779 2001 crederent,
1810 1938 2158 1993 salvarentur.
2193 1938 2376 2011 Ipsum
2404 1951 2575 1996 autem
2597 1942 2758 2013 fuisse
2778 1942 2865 2011 qui
2884 1944 3198 1997 esurientem
3225 1941 3508 1999 Hebraeum
3534 1945 3806 2017 populum,

531 2026 765 2098 angelico
787 2029 909 2100 fecit
926 2045 1063 2099 pane
1092 2030 1247 2083 veluti
1275 2028 1466 2084 caelesti
1495 2029 1645 2094 lacte,
1657 2031 2030 2103 pinguescere;
2061 2032 2235 2101 ipsum
2265 2031 2431 2087 fuisse
2457 2033 2549 2102 qui
2578 2032 2836 2089 Hebraeos
2879 2035 3167 2089 comitatus
3209 2048 3311 2104 per
3350 2037 3559 2091 arentia
3610 2037 3816 2093 deserta

522 2126 680 2183 esset,
701 2134 819 2173 cum
845 2118 963 2175 illos
994 2120 1177 2176 caelum
1197 2131 1453 2193 pasceret,
1476 2131 1625 2193 petra
1653 2133 1877 2193 potaret.
1904 2122 2037 2190 Quis
2065 2115 2246 2178 autem
2269 2125 2482 2194 ignorat
2501 2125 2947 2193 orthodoxorum,
2973 2142 3002 2182 a
3024 2137 3174 2199 petra
3194 2128 3487 2185 iudicatum
3519 2127 3812 2195 Christum,

521 2216 663 2265 teste
690 2210 916 2291 doctore
938 2212 1179 2281 gentium
1210 2211 1414 2270 Paulo?
1438 2212 1506 2268 Et
1533 2214 1753 2270 homilia
1782 2213 1871 2279 24,
1905 2229 2028 2286 pag.
2083 2214 2150 2270 72
2183 2232 2198 2282 ;
2227 2217 2448 2273 homilia
2491 2216 2578 2284 25,
2610 2233 2734 2290 pag.
2784 2218 2889 2286 74;
2920 2228 2976 2275 et
3002 2236 3253 2276 sermone
3277 2220 3363 2288 l9,
3395 2235 3520 2293 pag.
3569 2222 3696 2287 M5,
3726 2225 3809 2279 ubi

518 2302 711 2360 fecisse
738 2304 1025 2361 Dominum
1053 2306 1150 2372 ait,
1172 2313 1251 2373 ut,
1273 2309 1394 2379 quia
1420 2308 1622 2380 primus
1648 2308 1820 2363 Adam
1850 2310 1904 2362 in
1925 2310 2175 2381 paradiso
2197 2312 2502 2367 constitutus
2535 2328 2627 2383 per
2652 2313 3110 2384 intemperantiam
3136 2314 3274 2387 gula:
3291 2314 3515 2386 gloriam
3541 2315 3808 2371 immorta-

517 2394 682 2451 Ktatis
709 2397 975 2461 amiserat,
1003 2398 1239 2453 eamdem
1257 2398 1701 2456 immortalitatem
1725 2399 1980 2455 secundus
2009 2401 2178 2458 Adam
2199 2401 2436 2459 Christus
2464 2422 2557 2477 per
2584 2402 2961 2461 abstinentiam
2995 2414 3381 2478 repararet.....
3407 2406 3525 2463 Hoc
3549 2411 3690 2464 enim
3711 2411 3814 2481 egit

519 2487 785 2552 Salvator,
818 2496 876 2543 ut
903 2489 1091 2544 iisdem
1115 2493 1363 2563 vestigiis,
1386 2493 1569 2562 quibus
1587 2492 1820 2549 admissa
1850 2496 2046 2567 fuerint
2090 2494 2299 2561 delicta,
2322 2508 2748 2569 purgentur......
2775 2496 2947 2571 Igitur
2967 2499 3062 2555 hoc
3083 2502 3190 2573 agit
3209 2499 3487 2568 Dominus,
3506 2513 3565 2556 ut
3589 2504 3656 2558 iis
3673 2520 3813 2572 pra:-

516 2587 747 2662 judiciis,
780 2590 963 2662 quibus
994 2591 1145 2646 homo
1185 2591 1439 2647 obnoxius
1467 2602 1682 2665 peccato
1709 2594 1881 2666 fuerat
1910 2593 2172 2649 liberetur.
2196 2592 2373 2649 Serm.
2405 2609 2538 2649 vero
2557 2592 2645 2659 20,
2677 2607 2801 2664 pag.
2830 2592 2956 2660 M8,
2989 2594 3286 2651 Salvatoris
3312 2595 3673 2653 misericordia
3694 2595 3816 2652 fac-

519 2684 635 2734 tum
666 2680 829 2736 fuisse
854 2681 968 2737 Noe
994 2690 1259 2753 tempore,
1291 2684 1669 2741 animadvertit
1702 2695 1798 2739 :ut
1818 2685 1950 2756 justi
2000 2690 2295 2752 evaderent,
2337 2692 2388 2739 et
2441 2671 2623 2757 injusti
2677 2686 2900 2758 amplius
2940 2686 3189 2760 luxxxu]
3218 2706 3323 2744 non
3370 2699 3655 2761 peccarent.
3702 2687 3817 2747 Pro

519 2770 884 2825 misericordia
912 2770 1068 2840 plane
1085 2774 1222 2829 enim
1253 2775 1502 2842 videmus,
1545 2775 1738 2844 inquit,
1775 2774 1909 2829 illud
1963 2777 2125 2847 fuisse
2171 2778 2420 2832 diluvium
2474 2793 2594 2846 quo,
2642 2779 2796 2832 veluti
2842 2778 3094 2850 baptismo
3136 2781 3376 2853 quodam.
3432 2782 3587 2836 totius
3634 2782 3815 2836 mundi

520 2862 690 2934 facies
734 2872 812 2918 est
848 2864 1125 2931 innovala;
1157 2866 1354 2920 scilicet
1380 2876 1438 2920 ut
1462 2866 1550 2938 qui
1585 2867 1907 2938 perditorum
1958 2869 2151 2921 scelere
2188 2865 2430 2942 sordebat
2473 2867 2544 2921 ad
2599 2868 2838 2933 crimina,
2890 2867 3023 2923 beati
3081 2868 3201 2925 Noe
3245 2870 3563 2925 habitatione
3606 2871 3813 2943 ﬂoreret

519 2954 589 3009 ad
616 2957 845 3028 gratiam
876 2998 890 3022 ,
942 2967 991 3012 et
1030 2959 1116 3029 qui
1157 2960 1445 3030 iniquitatis
1475 2961 1645 3030 fuerat
1693 2958 2034 3029 postribulum
2083 2967 2223 3023 tunc,
2275 2958 2429 3013 modo
2486 2959 2632 3030 ﬁeret
2670 2959 2984 3015 domicilium
3035 2962 3348 3016 sanctitatis.
3398 2960 3662 3017 Diluvium
3686 2962 3811 3018 illud

519 3040 671 3118 hujui
729 3051 893 3104 nostri
935 3050 1035 3121 fuit
1087 3050 1372 3105 similitudo
1413 3050 1758 3120 baptismatis.
1814 3048 1930 3104 Hoc
1984 3050 2124 3104 enim
2180 3058 2299 3104 tunc
2344 3058 2544 3121 gestum
2601 3058 2720 3117 est,
2785 3050 2923 3123 quod
2981 3068 3118 3106 nunc
3177 3054 3350 3125 agitur
3378 3070 3396 3106 :
3428 3053 3525 3107 hoc
3584 3064 3701 3121 est,
3748 3062 3802 3106 ut

519 3140 917 3197 exuberantibns
945 3158 1197 3215 aquarum
1218 3140 1479 3211 ﬂuctibus,
1509 3140 1932 3213 periclitarentur
1961 3142 2086 3195 vitia
2113 3150 2164 3194 et
2194 3141 2403 3216 justitia
2433 3140 2549 3196 sola
2578 3152 2851 3215 regnaret;
2887 3150 3237 3214 mergerentur
3263 3144 3318 3197 in
3355 3144 3673 3215 profundum
3691 3159 3802 3216 pec-

519 3241 659 3300 cata,
687 3235 936 3289 sanctitas
964 3236 1134 3289 vicina
1162 3234 1286 3289 caelo
1308 3241 1623 3304 portaretur.
1651 3231 1793 3287 Tunc
1813 3234 1970 3297 enim,
1994 3234 2129 3287 sicut
2156 3232 2290 3298 dixi,
2323 3232 2420 3287 hoc
2440 3230 2709 3306 agebatur,
2740 3234 2876 3305 quod
2897 3252 3033 3289 nunc
3062 3237 3234 3307 agitur
3260 3237 3313 3289 in
3335 3233 3573 3291 Ecclesia
3595 3236 3803 3291 Christi.

518 3330 664 3387 Nam
689 3333 821 3387 sicut
850 3329 967 3386 Noe
996 3347 1137 3395 arca,
1170 3329 1449 3385 submersis
1475 3328 1712 3384 omnibus
1744 3328 1877 3382 vitiis
1905 3336 2258 3400 peccatorum,
2291 3329 2572 3400 ferebatur,
2622 3329 2696 3383 ita
2745 3328 3071 3401 baptismatis
3117 3330 3258 3400 fonte
3286 3329 3410 3385 caelo
3439 3331 3607 3384 vicina
3635 3338 3805 3401 porta-

517 3432 600 3478 tur
632 3422 881 3488 Ecclesia,
914 3434 963 3479 et
1001 3424 1181 3479 deletis
1209 3423 1443 3479 omnibus
1473 3420 1924 3492 superstitionibus
1951 3419 2229 3486 idolorum,
2257 3419 2388 3492 ﬁdes
2417 3430 2600 3493 regnat
2622 3421 2681 3474 in
2711 3421 2880 3487 terris,
2917 3437 3031 3493 qua:
3059 3420 3123 3474 de
3158 3419 3449 3476 Salvatoris
3479 3428 3603 3475 arcd
3630 3436 3805 3492 proce-

517 3513 614 3568 dit.
658 3511 931 3583 Quidquid
976 3518 1119 3569 enim
1146 3514 1294 3577 boui,
1328 3512 1536 3577 salutis,
1568 3511 1692 3565 vitae
1719 3526 1880 3581 supra
1923 3517 2172 3565 naturam
2202 3511 2255 3565 in
2283 3512 2504 3567 homine
2534 3510 2656 3572 fuit,
2677 3521 2781 3575 εει,
2807 3513 2931 3578 erit,
2962 3529 3031 3568 ex
3060 3510 3343 3567 Salvatore
3372 3520 3558 3566 nostro
3587 3519 3688 3575 est,
3714 3512 3803 3581 qui

516 3620 642 3661 cum
666 3603 811 3661 Deus
850 3606 938 3671 sit,
971 3605 1257 3659 humanam
1289 3603 1359 3657 ob
1382 3601 1434 3656 id
1462 3600 1567 3656 sibi
1607 3610 1849 3658 nostram
1878 3600 2168 3670 assumpsit
2195 3610 2459 3655 naturam.
2506 3601 2775 3657 Sermone
2820 3599 2911 3667 29,
2938 3616 3058 3671 pag.
3088 3599 3193 3654 474
3223 3619 3235 3654 :
3271 3599 3336 3654 In
3364 3600 3644 3671 Saluatore
3670 3603 3803 3654 enim

517 3708 696 3754 nostro
724 3715 901 3759 omnes
940 3699 1336 3759 resurreximus,
1361 3711 1539 3752 omnes
1563 3696 1861 3759 reviximus,
1898 3708 2077 3749 omnes
2107 3693 2178 3747 ad
2206 3692 2432 3748 coelestia
2462 3692 2967 3764 transmigravimus.
2998 3690 3095 3747 Est
3115 3693 3254 3747 enim
3281 3693 3336 3746 in
3364 3691 3453 3746 illo
3481 3689 3688 3747 Christo
3710 3692 3803 3747 ho-

515 3790 655 3845 mine
681 3790 1082 3862 uniuscujusque
1105 3795 1342 3843 nostrum
1369 3788 1543 3842 carnis
1568 3797 1619 3842 et
1638 3787 1911 3860 sanguinis
1937 3786 2126 3856 portio.
2163 3783 2262 3842 Ubi
2289 3802 2411 3857 ergo
2439 3787 2611 3856 portio
2655 3802 2768 3840 mea
2796 3792 3001 3857 regnat,
3030 3801 3251 3857 regnare
3274 3801 3355 3839 me
3380 3786 3567 3850 credo;
3597 3785 3685 3840 ubi
3712 3785 3802 3839 da-

516 3885 746 3938 minatttr
768 3885 982 3956 sanguis
1011 3898 1175 3946 meus,
1201 3898 1282 3935 me
1308 3882 1472 3936 sentio
1498 3879 1802 3944 dominare;
1828 3877 1914 3933 ubi
1941 3880 2266 3951 gloriﬁcatur
2286 3895 2408 3934 caro
2436 3894 2573 3946 mea,
2604 3894 2686 3933 me
2713 3877 2996 3950 gloriosum
3024 3893 3136 3931 esse
3159 3892 3478 3946 cognosco...
3512 3875 3631 3931 Etsi
3678 3876 3798 3930 deli-

516 3987 599 4032 cta
628 3993 723 4032 nos
750 3975 1053 4040 excludunt,
1076 3982 1280 4029 natura:
1307 3974 1598 4028 communio
1618 3987 1724 4026 non
1751 3972 1971 4044 repellit.
2015 3968 2158 4025 Nam
2183 3980 2395 4043 propter
2417 3970 2697 4025 bonitatem
2725 3970 3027 4034 divinitatis,
3052 3969 3360 4040 peculiarem
3387 3967 3537 4023 nobis
3562 3967 3800 4023 Salvator

518 4068 667 4124 debet
695 4068 972 4139 affectum;
1002 4065 1199 4120 scilicet
1225 4067 1348 4137 quia
1387 4066 1522 4121 sicut
1552 4066 1689 4120 Deus
1719 4074 1894 4122 noster
1924 4067 1975 4119 in
2006 4066 2119 4135 ipso
2158 4072 2257 4130 est,
2287 4066 2364 4119 ita
2390 4073 2442 4119 et
2478 4065 2695 4136 sanguis
2720 4074 2896 4119 noster
2937 4066 2992 4117 in
3020 4062 3112 4117 illo
3155 4072 3298 4117 est...
3324 4059 3508 4133 Neque
3531 4062 3671 4116 enim
3699 4069 3802 4115 tam

514 4163 727 4220 immitis
753 4170 830 4215 est
856 4158 1134 4222 Dominus,
1163 4166 1220 4209 ut
1238 4155 1570 4211 obliviscatur
1588 4157 1827 4222 hominis,
1851 4164 1901 4210 et
1924 4172 2031 4211 non
2060 4156 2350 4209 meminerit
2378 4154 2517 4209 illius
2545 4171 2694 4226 quem
2721 4156 2833 4225 ipse
2851 4162 3036 4226 gestat,
3063 4162 3170 4209 etc.
3201 4151 3398 4209 Confer
3423 4161 3479 4207 et
3499 4165 3802 4208 sermonem

518 4253 607 4322 35,
634 4268 754 4326 pag.
781 4248 907 4317 489,
935 4258 989 4305 et
1012 4263 1317 4304 sermonem
1348 4245 1436 4311 56,
1466 4258 1588 4319 pag.
1615 4245 1709 4301 491
1746 4248 1834 4302 ubi
1862 4267 1874 4301 :
1905 4245 2022 4302 Una
2058 4248 2215 4317 plane
2238 4248 2344 4302 dies
2373 4256 2448 4301 est
2481 4244 2740 4309 Christus,
2773 4247 2963 4316 inquit,
2987 4246 3108 4315 quia
3136 4261 3241 4299 una
3264 4245 3412 4299 estin
3438 4260 3499 4299 eo
3520 4242 3801 4298 divinitatis

420 4338 440 4358 ⁴
518 4348 801 4402 telemitas.
850 4342 1023 4397 Hodie
1051 4348 1223 4395 autem
1250 4349 1480 4403 vocatur,
1509 4339 1646 4410 quod
1667 4355 1781 4393 eum
1804 4356 1897 4394 nec
1935 4347 2133 4394 vetusta
2161 4339 2468 4412 antiquitate
2487 4338 2897 4409 subterfugiunt,
2920 4352 3012 4389 nec
3041 4337 3217 4405 futura
3237 4335 3567 4405 ignoratione
3587 4342 3801 4404 praeter-

514 4447 668 4505 eunt;
712 4436 805 4492 sed
838 4445 1083 4506 tanquam
1109 4432 1520 4504 potentissimum
1547 4431 1718 4484 lumen
1744 4440 1931 4485 cuncta
1960 4432 2203 4495 continet,
2236 4432 2474 4484 universa
2503 4431 2787 4501 cognoscit,
2816 4436 2868 4483 et
2894 4427 3025 4481 velut
3050 4428 3103 4481 in
3133 4428 3415 4497 praesentia
3442 4425 3657 4491 habens,
3678 4440 3799 4494 pos-

514 4532 649 4587 sidet
690 4531 885 4594 omnia,
936 4528 1059 4599 quia
1106 4525 1248 4595 apud
1289 4540 1405 4579 eum
1433 4538 1524 4578 nec
1545 4526 1813 4592 prazterita
1842 4523 2103 4589 labuntur,
2134 4539 2227 4578 nec
2268 4526 2442 4594 futura
2482 4522 2787 4576 celantur...
2834 4520 2980 4576 Sicut
3021 4519 3169 4574 nobis
3215 4521 3271 4573 in
3309 4518 3540 4589 futurum
3568 4518 3723 4605 vitam
3750 4523 3798 4569 et

511 4626 737 4697 gloriam
767 4620 1055 4691 pollicetur,
1088 4621 1161 4673 ita
1189 4620 1346 4672 etiam
1374 4620 1428 4673 in
1454 4619 1772 4689 prdteritum
1801 4618 1864 4672 de
1883 4620 2068 4672 salutis
2089 4625 2281 4671 nostra:
2301 4633 2460 4671 causa
2480 4624 2530 4671 et
2554 4619 2852 4671 occasiones
2881 4625 3185 4681 nascuntur,
3224 4630 3287 4668 ac
3314 4615 3388 4668 sic
3428 4614 3513 4683 qui
3535 4613 3655 4667 ideo
3672 4612 3798 4667 coli-

516 4728 617 4783 tur,
648 4726 703 4770 ut
731 4716 1035 4769 misereatur
1047 4713 1162 4784 jam
1183 4713 1439 4766 misertus.
1462 4709 1540 4766 Ab
1560 4728 1620 4767 eo
1641 4728 1762 4784 ergo
1789 4712 1916 4784 facti
1936 4719 2090 4781 atque
2110 4711 2338 4781 reparati
2367 4726 2502 4763 nunc
2530 4710 2811 4780 impensius
2831 4708 3144 4763 exsultemus
3164 4708 3218 4761 in
3253 4705 3514 4777 beneﬁciis
3540 4707 3668 4771 suis,
3693 4713 3793 4760 etc.

585 4802 701 4860 XX.
743 4801 1012 4858 Justitiam
1036 4811 1215 4859 autem
1252 4816 1315 4857 ac
1337 4802 1674 4857 sanctitatem
1706 4801 2058 4857 sacramentis
2088 4800 2173 4854 vel
2206 4800 2437 4855 conferri
2475 4801 2651 4866 nobis,
2685 4800 2765 4854 vel
2796 4800 2999 4868 augeri,
3022 4800 3276 4856 constitui
3297 4814 3328 4853 a
3354 4797 3591 4853 Maximo
3617 4795 3793 4852 video.

512 4898 652 4953 Ante
678 4891 1057 4957 Abrahamum,
1086 4890 1188 4944 etsi
1216 4901 1432 4945 sanctus
1451 4888 1677 4946 antistes
1703 4895 2040 4945 sacramenta
2081 4903 2188 4943 non
2215 4899 2477 4946 memoret
2507 4889 2667 4945 fuisse
2686 4932 2702 4958 ,
2734 4890 2884 4959 signa
2932 4897 3116 4945 tamen
3139 4888 3387 4959 quaedam
3413 4887 3581 4944 fuisse
3606 4889 3797 4959 quibus

508 4990 971 5062 sacramentorum
1000 4990 1334 5052 competeret
1352 4978 1665 5052 appellatio,
1686 4980 1989 5051 quibusque
2026 4981 2195 5036 sancti
2237 4983 2555 5051 patriarchae
2584 4997 2737 5038 suam
2768 4989 3093 5037 testarentur
3122 4983 3175 5036 in
3203 4979 3476 5037 Christum
3504 4990 3783 5037 venturum

510 5073 698 5141 tidem,
727 5087 831 5143 qua
860 5072 1073 5143 quidem
1104 5071 1207 5129 ﬁde
1235 5069 1487 5129 charitati
1513 5070 1800 5141 conjuncta
1841 5072 2324 5140 sanctiﬁcareutur,
2353 5089 2476 5129 cum
2501 5088 2572 5129 ex
2609 5074 2775 5129 sacris
2804 5072 3024 5128 Litteris
3052 5071 3383 5143 Pati-umque
3412 5073 3707 5137 traditione
3731 5071 3793 5124 li-

509 5174 694 5237 queat,
726 5179 835 5220 non
857 5173 939 5220 est
957 5180 1053 5220 cur
1074 5165 1246 5236 ipsum
1269 5164 1547 5219 dubitasse
1570 5162 1912 5216 arbitremur.
1936 5160 2055 5217 iam
2086 5178 2213 5218 vero
2254 5179 2581 5236 quanquam,
2615 5174 2751 5220 teste
2779 5164 3015 5221 Maximo
3038 5206 3054 5231 ,
3086 5166 3498 5222 circumcisione
3525 5163 3640 5240 [xc]
3668 5178 3795 5236 pec-

508 5268 689 5316 catum
718 5260 977 5329 originale
998 5259 1112 5330 jam
1134 5258 1261 5315 inde
1282 5260 1350 5313 ab
1379 5257 1671 5313 Abrahami
1695 5257 2027 5326 temporibus
2055 5260 2122 5315 ad
2142 5260 2411 5318 Christum
2439 5277 2611 5332 usque
2632 5260 2838 5316 Hebrtei
2867 5263 3163 5326 evaderent,
3190 5270 3249 5318 ut
3270 5276 3434 5333 supra
3456 5258 3789 5316 animadver-

505 5367 629 5411 stun
657 5361 766 5420 est,
798 5367 907 5408 non
939 5362 1118 5407 tamen
1150 5353 1201 5407 ei
1221 5353 1563 5408 sacramento
1582 5351 1663 5404 vis
1684 5365 1782 5419 per
1802 5365 1921 5405 sese
1951 5351 2123 5406 inerat
2162 5353 2387 5408 tollendi
2416 5355 2646 5423 peccati,
2680 5352 2777 5409 sed
2804 5370 2899 5423 per
2925 5353 3102 5423 ﬁdem.
3134 5353 3227 5411 Sic
3249 5355 3395 5410 enim
3415 5352 3605 5410 scribit
3624 5349 3788 5408 Maxi-

424 5486 441 5497 ς
506 5465 631 5507 mus
656 5457 887 5505 tractatu
917 5446 966 5513 5,
992 5457 1173 5504 contra
1201 5444 1434 5508 Judccos,
1458 5454 1581 5513 pa“.
1615 5441 1719 5497 760
1747 5459 1860 5513 seq.
1897 5463 1909 5498 :
1934 5446 2199 5499 Abraham
2225 5446 2330 5516 ﬁde
2343 5448 2660 5519 justiﬁcatus
2690 5456 2784 5512 est,
2818 5464 2923 5503 non
2954 5449 3363 5505 circumcisione.
3398 5447 3486 5504 Ita
3513 5448 3651 5503 enim
3674 5444 3788 5501 dicit

509 5541 787 5617 Scriptura
818 5560 835 5597 :
866 5540 1100 5597 Credidit
1138 5538 1402 5592 Abraham
1431 5533 1562 5594 υω.
1586 5547 1637 5592 et
1662 5537 1963 5607 deputatum
1993 5550 2071 5595 est
2093 5540 2169 5595 illi
2199 5540 2268 5610 ad
2285 5540 2564 5611 justitiam,
2587 5550 2636 5594 et
2663 5543 2857 5596 amicus
2878 5541 2977 5597 Dei
3007 5542 3299 5614 appellatus
3331 5550 3426 5598 est.
3454 5540 3597 5613 Ergo
3625 5540 3789 5594 Abra-

504 5636 630 5695 ham
655 5656 755 5693 non
787 5654 851 5692 ex
874 5635 1264 5689 circumcisione
1281 5630 1604 5701 justi/icatus
1630 5642 1725 5697 est,
1754 5633 1845 5686 sed
1873 5650 1938 5687 ex
1959 5634 2084 5704 ﬁde.
2116 5631 2345 5688 Credidit
2375 5633 2508 5687 enim
2532 5632 2680 5691 verba
2710 5632 2827 5701 Dei,
2859 5642 2908 5688 et
2927 5634 3255 5707 justiﬁcatus
3275 5644 3370 5700 est,
3395 5640 3446 5688 et
3477 5631 3789 5687 benedictio.

500 5744 624 5797 item
669 5749 701 5785 a
752 5730 857 5791 Deo
883 5733 1184 5782 consecutus
1224 5730 1321 5791 est,
1351 5731 1402 5775 et
1438 5722 1551 5777 in...“
1570 5727 1625 5782 ει
1652 5739 1825 5780 semen
1848 5725 1976 5791 ﬁdei
2016 5726 2148 5790 ejus.
2196 5722 2333 5779 Nam
2363 5723 2657 5788 considera,
2687 5740 2750 5779 ne
2773 5734 2957 5788 putes,
2990 5725 3437 5807 circumcisionem
3458 5723 3667 5784 sianum
3685 5732 3789 5776 esu
