4050 6356
211 321 285 385 sv
1692 300 1810 372 pm

1912 311 2084 370 A110.
3436 306 3511 385 qq

209 436 460 510 ﬁdelium.
490 436 626 490 Ante
661 431 930 488 Abraham
954 446 1136 486 omnes
1164 429 1336 485 sancti
1360 428 1708 483 incircumcisi
1751 429 1979 501 fuerunt,
2001 435 2051 482 et
2078 412 2321 500 puritate'
2349 427 2536 482 mentis
2568 425 2793 482 Domino
2828 425 3162 493 placuerunt,
3193 435 3242 479 et
3265 424 3512 496 populum

208 529 560 586 Christianum
587 528 753 599 magis
773 527 874 598 ipsi
901 527 958 580 in
997 541 1054 579 se
1075 529 1454 577 monstrarunt.
1486 519 1745 576 Percurre
1772 521 2007 576 ordinem
2034 522 2090 575 in
2117 520 2465 576 sacrosanctis
2494 517 2705 574 Litteris
2734 519 2977 592 positum,
3007 527 3058 571 et
3081 519 3306 571 invenies
3336 532 3511 571 omnes

204 624 281 679 ita
308 638 441 686 esse,
462 631 519 675 ut
543 621 777 675 dicimus.
810 618 1023 674 Primus
1045 619 1159 689 ipse
1196 617 1382 682 Adam,
1414 618 1503 688 qui
1529 615 1770 671 manibus
1799 614 1915 670 Dei'
1947 616 2235 687 psalmatus
2261 622 2364 679 est,
2409 614 2801 668 incircumcisus
2843 613 3149 685 permansit,
3183 610 3365 665 deinde
3387 608 3514 664 Abel

203 715 396 787 justus,
424 711 563 768 Enos
581 719 631 768 et
653 710 853 776 Enoch,
880 707 999 765 Noe
1017 719 1069 764 et
1099 706 1481 763 Melchisedech
1517 706 1764 762 sacerdos
1785 707 1972 761 summi
1990 705 2124 771 Dei,
2145 705 2279 777 justi
2306 720 2516 769 omnes,
2556 720 2717 776 neque
2744 703 3059 767 circumcisi,
3084 711 3138 785 ut
3164 703 3400 767 dicimus,
3432 717 3515 754 se-

209 782 435 875 cundum
450 821 658 859 carnem
677 805 909 875 fuerunt,
931 809 1037 858 etc.
1063 800 1176 857 Sub
1197 802 1314 870 lege
1335 817 1499 872 porro
1528 799 1694 858 Mosis
1706 799 2043 857 caeremoniae
2070 799 2288 871 quidem
2317 798 2597 871 perplures
2611 807 2774 868 atque
2795 797 2942 852 varia
2971 782 3292 867 baptismate
3323 802 3508 861 erant;

209 895 300 950 sed
315 872 511 949 malum
538 872 718 959 exhis,
742 903 927 948 contra
955 892 1399 964 praevaricationis
1422 890 1632 959 malum,
1667 892 1957 962 generalem
1985 892 2152 963 potuit
2181 893 2418 963 conferre
2431 890 2771 955 medicinam;
2795 889 3012 944 homilia
3028 887 3116 953 2‘2,
3132 904 3255 961 pag.
3274 886 3361 942 63.
3380 887 3512 942 Nam

208 984 354 1056 quod
377 983 446 1039 ad
464 999 653 1039 eorum
678 982 1094 1054 applicationem
1118 980 1443 1037 all'erebatur
1470 982 1677 1051 gratias,
1710 981 1777 1037 ad
1798 997 1997 1038 novuzn
2020 983 2326 1053 pertinebat
2355 980 2759 1037 Testamentum
2783 999 2798 1048 ;
2827 980 3235 1051 adeoquejusti,
3266 980 3358 1051 qui
3390 979 3511 1034 fue-

211 1082 358 1141 runt,
390 1073 551 1131 iidem
599 1073 702 1129 etsi
731 1081 860 1128 ante
890 1072 1313 1128 incarnationem
1343 1069 1509 1127 Verbi
1535 1072 1791 1135 vixerint.
1842 1072 2120 1128 christiani
2155 1073 2288 1138 lide.
2321 1081 2378 1128 et
2425 1074 2651 1129 caritate
2700 1087 2907 1138 revera,
2959 1080 3015 1128 et
3053 1070 3289 1137 fuerunt,
3322 1080 3377 1128 et
3406 1071 3512 1127 dici

212 1169 406 1224 merito
433 1173 748 1238 potuerunt.
776 1163 954 1233 Quare
978 1163 1242 1220 Maximus
1266 1163 1490 1220 homilia
1511 1164 1565 1231 5,
1591 1179 1713 1235 pag.
1745 1163 1832 1229 10,
1857 1166 2032 1234 legem
2053 1182 2176 1223 cum
2196 1164 2488 1236 Evangelio
2508 1166 2796 1223 conferens
2825 1184 2839 1220 :
2869 1165 3010 1221 Duos
3040 1167 3262 1222 molares
3292 1165 3510 1238 lapides,

215 1260 403 1331 inquit,
426 1260 529 1316 duo
558 1276 671 1314 esse
693 1261 922 1316 arbitror
936 1266 1264 1323 testamenta,
1294 1257 1393 1314 hoc
1420 1268 1497 1315 est
1525 1259 1689 1331 legem
1718 1257 1885 1315 Hosis
1913 1269 1964 1315 et
1991 1259 2334 1333 Evangelium
2359 1258 2592 1325 Domini,
2626 1275 2740 1333 qua:
2769 1261 2844 1315 ita
2871 1268 2993 1315 sunt
3017 1258 3269 1330 disposita
3305 1259 3381 1313 vel
3419 1274 3514 1329 pa-

214 1366 361 1420 ratar
380 1364 437 1409 ut
458 1355 555 1410 sibi
587 1363 943 1409 testamentum
970 1361 1243 1424 utrumque
1262 1354 1557 1419 conveniat,
1578 1354 1711 1408 sicut
1736 1354 1812 1407 ait
1854 1351 2102 1409 Salvator
2131 1370 2149 1408 :
2181 1352 2307 1408 Non
2334 1355 2446 1409 veni
2474 1354 2670 1409 solvere
2689 1352 2874 1426 legem,
2901 1351 2993 1407 sed
3013 1351 3361 1422 adimplere...
3390 1348 3512 1412 Nisi

218 1446 555 1520 Evangelium
579 1447 955 1517 superpositum
983 1443 1186 1518 fuisset,
1217 1445 1388 1500 adhuc
1433 1445 1517 1500 lea:
1538 1445 1692 1500 veluti
1723 1445 1877 1500 tarda
1914 1454 1963 1500 et
2001 1446 2173 1517 gravis
2194 1445 2398 1518 jaceret
2426 1447 2479 1500 in
2510 1454 2650 1500 terra
2673 1444 2921 1509 Judaica,
2962 1454 3012 1499 et
3038 1444 3192 1498 unius
3236 1444 3516 1514 provincia:

220 1541 566 1612 cooperiretur
592 1540 911 1610 angustiis...
938 1535 1053 1592 Hoc
1081 1546 1251 1591 autem
1272 1536 1358 1592 lex
1387 1537 1701 1608 operabatur
1727 1537 1841 1592 sine
1870 1535 2185 1610 Evangelia,
2205 1536 2345 1609 quod
2366 1553 2468 1592 uno
2496 1553 2627 1592 saxo
2654 1536 2771 1607 ﬁeri
2790 1544 2973 1608 potest.
2999 1533 3344 1607 Confringere
3371 1545 3515 1606 pote-

220 1644 320 1699 rat,
343 1651 448 1688 non
474 1631 735 1705 prodesse,
764 1632 897 1686 sicut
915 1630 992 1685 ait
1019 1628 1199 1685 beatus
1227 1632 1493 1705 apostolus
1523 1648 1541 1686 :
1570 1630 1681 1685 Lex.
1701 1640 1874 1687 autem
1893 1633 2027 1687 iram
2051 1643 2315 1703 operatur,
2340 1632 2568 1703 gratiam
2596 1647 2713 1686 vero
2739 1646 2845 1684 non
2870 1638 3106 1701 pra'stat.
3132 1627 3317 1683 Stante
3344 1636 3514 1683 autem

216 1726 346 1797 lege,
366 1721 703 1793 Evangelium
729 1720 912 1775 datum
938 1729 1038 1786 est,
1068 1721 1381 1794 quodveteri
1401 1725 1786 1796 superpositum
1814 1723 2144 1780 Testamento
2175 1734 2447 1794 utrumque
2477 1723 2805 1788 condecoret,
2833 1738 2896 1776 ac
2936 1730 3085 1776 tanta
3118 1722 3382 1777 velocitate
3409 1736 3511 1776 sat-

213 1822 383 1876 culum
410 1835 562 1874 omne
579 1819 894 1875 circumeat..
911 1859 927 1872 .
957 1818 1097 1889 quod
1124 1817 1468 1892 Evangelium
1488 1830 1739 1896 tanquam
1769 1825 2007 1895 superior
2026 1823 2168 1879 mola
2195 1833 2406 1878 cunctos
2436 1823 2701 1878 credentes
2721 1822 2969 1892 suscipit,
2991 1835 3167 1874 omnes
3187 1817 3512 1872 advenientes

210 1912 417 1985 accipit,
439 1919 489 1964 et
510 1909 665 1964 veluti
687 1925 779 1981 per
798 1910 1058 1982 quasdam
1076 1911 1386 1967 cavernulas
1414 1923 1793 1985 praceptorum
1820 1914 1891 1968 ad
1924 1916 2179 1970 interiora
2219 1915 2557 1979 transmittit;
2585 1924 2641 1967 ut
2668 1914 2737 1968 ibi
2764 1912 2884 1966 hinc
2913 1910 3033 1965 inde
3072 1909 3290 1962 duarum
3334 1903 3513 1960 Testa-

209 2021 497 2069 mentorum
517 2012 834 2069 salutaribus
860 2013 1125 2069 mandatis
1144 2016 1454 2087 gentilitatis
1483 2018 1770 2089 asperitate
1791 2019 2012 2084 mollita,
2031 2017 2286 2091 producat
2314 2034 2467 2073 omne
2488 2016 2625 2089 quod
2650 2031 2836 2086 purum
2865 2021 3012 2069 est...
3048 2009 3198 2065 Molit
3224 2008 3384 2080 igitur
3410 2004 3514 2076 Sg-

208 2124 436 2180 nagoga,
464 2107 556 2162 sed
579 2106 836 2162 inutiliter
853 2106 1020 2172 malit,
1043 2109 1235 2179 quippe
1261 2124 1377 2181 qua:
1396 2125 1501 2164 uno
1523 2125 1654 2165 saxo
1678 2111 1865 2165 nititur
1891 2111 2158 2175 laborare,
2191 2119 2346 2182 atque
2386 2109 2502 2164 ideo
2543 2124 2645 2163 non
2679 2117 2783 2161 tam
2822 2105 2990 2169 ntulit,
3011 2117 3167 2176 quam
3194 2099 3437 2169 dissipat,
3464 2104 3512 2151 et

206 2198 514 2271 confringit,
543 2204 651 2253 etc.
674 2195 907 2253 Humilia
938 2195 1027 2260 39.
1075 2211 1199 2268 pag.
1234 2197 1384 2253 H6:
1428 2198 1669 2255 Habebat
1718 2204 1838 2273 fons
1867 2202 2091 2272 (veteris
2135 2201 2290 2270 legis)
2340 2216 2546 2272 aquam,
2593 2199 2685 2254 sed
2732 2196 3059 2253 dulcedinem
3108 2210 3212 2248 non
3273 2188 3509 2244 habebat.

209 2287 344 2346 Erat
393 2289 731 2360 delectabilis]
748 2290 817 2344 ad
852 2276 1122 2345 .visionem
1145 2329 1162 2355 ,
1209 2291 1301 2344 sed
1354 2292 1587 2346 sincerus
1630 2292 1764 2365 [scr]
1808 2308 1914 2346 non
1952 2301 2066 2348 erat
2119 2293 2189 2346 ad
2222 2308 2502 2363 soporem:
2550 2291 2740 2361 injecto
2787 2291 2925 2345 enim
2973 2304 3063 2358 per
3112 2285 3309 2339 Mosam
3350 2282 3513 2352 ligno,

207 2380 538 2435 dulcedinem
575 2380 800 2433 suaviter
850 2385 1129 2449 potarunt;
1199 2380 1593 2445 austeritatem,
1640 2397 1795 2451 quam
1841 2382 2001 2435 noxia
2050 2381 2129 2451 (a)
2157 2382 2299 2435 unda
2361 2379 2633 2453 gestabat,
2683 2380 2815 2451 ligni
2866 2377 3074 2431 abstulit
3113 2380 3510 2429 sacramentum.

209 2468 370 2536 Quod
412 2469 619 2544 quidem
651 2469 706 2522 in
752 2467 978 2541 ﬁguram
1017 2468 1214 2539 factum
1264 2477 1410 2539 puto.
1451 2467 1653 2541 Aquam
1704 2486 1939 2524 amaram
1989 2472 2047 2525 in
2085 2471 2298 2542 myrrha
2352 2471 2515 2542 legem
2577 2487 2687 2525 esse
2734 2477 2858 2542 puta
2913 2467 3111 2523 Veteris
3161 2462 3476 2520 Testamenti
3499 2499 3516 2525 ,

203 2578 327 2636 qua:
382 2560 470 2617 les:
514 2560 816 2633 priusquam
879 2573 1029 2613 cruce
1074 2566 1445 2630 temperaretur
1488 2557 1743 2626 Domini,
1790 2570 1904 2614 erat
1958 2562 2237 2616 immitis...
2290 2559 2421 2616 Illac
2493 2569 2571 2616 est
2607 2560 2699 2615 illa
2739 2559 3036 2614 amaritudo
3091 2571 3205 2631 quae
3253 2552 3520 2611 dulcedine

201 2660 526 2708 continuata
572 2657 669 2714 est,
702 2648 759 2702 id
798 2656 908 2716 est,
934 2648 1211 2702 austeritas
1250 2647 1378 2720 legis
1421 2647 1692 2722 Evangelii
1744 2651 1916 2722 gratia
1968 2662 2251 2720 temperata
2292 2661 2415 2706 est..
2442 2652 2639 2706 Amara
2675 2652 2813 2705 enim
2853 2660 2930 2704 est
2994 2647 3121 2719 legis
3171 2647 3346 2701 littera
3409 2642 3521 2696 sine

201 2744 376 2801 crucis
404 2740 672 2813 mysterio,
701 2738 885 2811 dequa
904 2739 982 2793 ait
999 2737 1540 2810 Apostolus:Littera
1562 2740 1780 2807 occidit;
1819 2750 1874 2794 at
1911 2739 1995 2795 ubi
2035 2743 2295 2812 passionis
2334 2741 2416 2795 illi
2463 2748 2792 2795 sacramenta
2830 2741 3141 2812 junguntur,
3195 2735 3364 2789 omnis
3406 2734 3519 2805 ejus

194 2833 553 2906 spiritualiter
605 2829 902 2886 amaritudo
956 2828 1230 2896 conditur,
1273 2838 1324 2884 et
1375 2828 1441 2884 de
1489 2846 1553 2885 ea
1600 2829 1727 2885 dicit
1768 2831 2045 2904 Apostolus
2095 2848 2111 2884 :
2161 2831 2392 2903 Spiritus
2443 2840 2614 2886 autem
2653 2829 2896 2897 viviﬁcat.
2961 2827 3027 2883 Et
3091 2825 3311 2882 homilia
3370 2822 3516 2887 liti,

203 2937 331 2997 pag.
377 2920 506 2987 εει,
548 2920 753 2978 scribas
802 2918 1205 2992 pharisaosque
1252 2919 1610 2989 redarguens,
1674 2921 1769 2991 qui
1821 2922 2202 2991 neglexerant,
2262 2921 2535 2979 Christum
2577 2930 2632 2978 et
2689 2932 2815 2978 ante
2870 2930 2925 2977 et
2978 2929 3100 2993 post
3155 2918 3271 2988 ejus
3322 2916 3520 2970 adven-

200 3028 321 3076 tum
347 3018 573 3090 corpori
599 3032 700 3074 suo
729 3015 875 3071 velut
913 3030 1090 3071 escam
1120 3015 1441 3086 porrigere:
1473 3014 1599 3072 Non
1650 3018 1804 3073 unius
1849 3016 2096 3083 hominis,
2138 3018 2340 3089 inquit,
2400 3028 2601 3075 tantum
2653 3036 2745 3090 per
2791 3018 3119 3074 Satvatorem
3176 3030 3331 3070 causa
3386 3011 3523 3083 geri-

201 3120 309 3180 tur,
342 3128 443 3168 nec
472 3112 625 3166 unius
652 3108 874 3165 hominis
903 3100 1229 3163 imbecillitas
1255 3118 1584 3179 procuratur,
1613 3109 1707 3165 sed
1751 3111 1909 3166 totius
1943 3112 2148 3183 generis
2189 3111 2404 3167 humani
2442 3113 2678 3169 solvatur
2702 3110 3003 3182 inﬁrmitas.
3038 3106 3189 3163 Nulli
3219 3113 3389 3159 autem
3420 3101 3516 3154 du-

197 3201 345 3258 bium
374 3210 479 3268 est,
506 3199 777 3256 dexteram
808 3198 886 3253 vel
913 3199 1084 3270 potius
1105 3200 1337 3267 corporis
1365 3199 1749 3270 praclariorem
1775 3202 2084 3271 portionem,
2107 3202 2203 3258 hoc
2232 3203 2388 3274 oﬁicii
2416 3221 2612 3275 gerere,
2639 3215 2695 3257 ut
2716 3204 2907 3258 diurna
2934 3202 3181 3257 alimenta
3202 3216 3295 3251 suo
3317 3195 3522 3266 corpori

196 3294 588 3357 subministrat,
616 3300 667 3346 et
686 3290 1013 3364 providentia
1038 3292 1266 3365 quadam
1294 3292 1364 3346 ad
1392 3293 1667 3365 [mendam
1692 3294 1849 3349 vitam
1876 3296 2107 3351 membra
2135 3304 2321 3352 cattera
2347 3307 2530 3368 pascat
2557 3315 2618 3352 ac
2648 3299 2863 3352 nutriat.
2888 3295 3044 3349 Hauc
3070 3294 3226 3365 igitur
3255 3291 3523 3343 dexteram

194 3387 256 3441 its
282 3384 521 3441 Iudaico
540 3383 731 3458 populo
758 3380 955 3438 scribas
973 3399 1084 3438 esse
1105 3382 1329 3437 dixerim
1350 3383 1427 3438 vel
1455 3383 1709 3447 doctores,
1733 3386 1819 3457 qui
1840 3385 1975 3440 velut
1999 3388 2307 3457 praclarior
2327 3388 2496 3459 portio
2520 3388 2572 3440 in
2593 3385 2982 3440 Pharisworum
3009 3397 3222 3451 corpore
3242 3397 3273 3432 a
3298 3377 3522 3434 Domino

195 3476 482 3535 constituti
508 3476 842 3546 neglexerunt
868 3484 919 3530 et
945 3486 1134 3531 caetera
1161 3475 1392 3531 membra
1418 3494 1516 3533 sua
1540 3478 1912 3550 prophetarum
1937 3481 2163 3534 oraculis
2190 3481 2451 3552 saginare,
2482 3480 2576 3535 hoc
2605 3487 2702 3541 est,
2734 3479 3007 3531 noluerunt
3037 3474 3295 3529 Christum
3319 3464 3524 3542 corpori

193 3584 316 3633 suo,
349 3566 639 3624 secundum
662 3567 1031 3639 prophetarum
1060 3568 1274 3623 oracula
1302 3568 1439 3623 velut
1465 3584 1636 3623 escam
1662 3570 1778 3624 vita
1802 3580 2012 3626 aternte
2032 3570 2330 3641 porrigere;
2358 3580 2405 3624 et
2433 3570 2550 3625 ideo
2576 3569 2814 3623 doctrina
2842 3582 3019 3620 eorum
3048 3573 3294 3636 tanquam
3338 3579 3522 3618 manus

195 3660 345 3714 aruit
372 3657 672 3724 imbecillis,
703 3659 825 3728 quia
847 3662 1042 3731 fontem
1071 3662 1312 3731 perennis
1339 3662 1612 3732 sapientiae
1640 3678 1745 3716 non
1774 3664 2028 3732 qutesivit.
2062 3661 2347 3733 Propterea
2376 3662 2597 3734 denique
2633 3663 2830 3732 factum
2866 3668 2962 3723 est,
2993 3668 3050 3712 ut
3076 3657 3225 3728 quasi
3254 3666 3521 3711 contracta

194 3750 426 3805 dextera
455 3748 655 3805 clavem
680 3750 914 3805 scientia:
943 3761 1114 3805 tenere
1141 3767 1245 3805 non
1266 3760 1507 3821 posset...
1539 3750 1671 3805 Haec
1700 3760 1873 3805 autem
1901 3750 2057 3805 clavis
2099 3750 2337 3805 Christus
2377 3761 2455 3806 est
2487 3750 2756 3814 Dominus,
2788 3766 2886 3823 quo
2914 3748 2985 3802 ad
3013 3747 3365 3802 credulitatem
3396 3745 3521 3818 ﬁdei

178 3851 479 3913 -pectorurn
506 3850 800 3896 nostrorum
824 3859 1021 3898 arcana
1050 3851 1365 3898 reserantur.
1396 3840 1510 3895 Ista
1530 3842 1689 3897 clavis
1718 3860 1751 3896 a
1784 3842 2069 3899 Pharisteis
2090 3842 2346 3914 perditur,
2371 3842 2436 3897 ab
2462 3841 2710 3914 apostolis
2738 3839 3014 3906 invenitur,
3045 3849 3149 3894 etc.
3182 3837 3288 3892 Sed
3317 3837 3384 3891 de
3412 3838 3521 3893 vir-

194 3939 341 3998 tute,
362 3946 481 4000 qua
509 3940 845 3988 sacramenta
873 3933 1006 4000 legis
1033 3932 1231 3987 veteris
1258 3931 1577 3996 niterentur,
1609 3932 1889 3989 hactenus.
1915 3932 2068 3989 Nunc
2093 3933 2219 4004 quid
2242 3932 2504 3989 Maximus
2538 3932 2606 3989 de
2642 3930 2992 3989 sacramentis
3020 3929 3154 3986 Novi
3187 3927 3519 3984 Testamenti

193 4026 441 4084 statuat,
471 4019 847 4108 disserendum
873 4028 955 4077 est
978 4020 1250 4077 brevibus.
3186 4084 3193 4091 ,

268 4112 356 4169 De
386 4112 666 4184 baptismo
693 4121 895 4177 autem,
927 4115 1031 4170 etsi
1048 4130 1211 4187 supra
1238 4115 1485 4171 nonnihil
1510 4116 1760 4184 diximus,
1793 4119 1908 4175 haec
1935 4128 2113 4176 tamen
2142 4135 2313 4191 pauca
2345 4120 2449 4175 huc
2476 4135 2597 4175 esse
2626 4114 2994 4173 transferenda
3024 4112 3345 4170 existimavi.
3391 4110 3520 4166 Ser-

186 4220 368 4262 mone
398 4203 456 4269 5,
493 4216 618 4273 pag.
647 4202 770 4269 402,
800 4202 1106 4275 baptismum
1136 4207 1481 4261 necessarium
1499 4206 1629 4262 dicit
1649 4206 1930 4275 Maximus,
1952 4211 2075 4283 quia
2102 4212 2157 4265 in
2183 4227 2243 4265 eo
2272 4211 2506 4264 remissio
2527 4218 2855 4281 peccatorum
2882 4207 3142 4262 tribuitur.
3172 4203 3400 4258 llomilia
3426 4201 3515 4263 51,

186 4309 317 4370 pag.
354 4292 452 4357 9i,
487 4293 910 4351 catechumenos
938 4296 1221 4367 alloquens
1251 4315 1265 4350 :
1295 4294 1427 4352 Sine
1455 4297 1786 4368 baptismate,
1818 4299 2009 4369 inquit,
2042 4299 2277 4371 paradisi
2305 4300 2497 4371 gaudia
2528 4317 2631 4354 non
2670 4301 2883 4371 potestis
2912 4299 3171 4368 consequi.
3205 4293 3269 4349 Et
3298 4294 3514 4349 homilia

186 4388 280 4454 55,
311 4399 447 4465 pag.
485 4382 558 4436 96
590 4401 603 4436 :
634 4382 884 4456 Suscepto
913 4385 1222 4456 baptismate
1248 4388 1714 4460 (catechumenus)
1745 4389 1918 4461 ﬁdelis
1944 4391 2182 4445 evadit...
2214 4388 2525 4462 Redemptor
2554 4400 2727 4446 noster
2754 4407 2848 4462 pro
2878 4389 3075 4443 cunctis
3108 4386 3515 4458 regenerationis

183 4481 433 4537 salutare
456 4476 691 4534 instituit
717 4478 1001 4534 lavacrum.
1043 4478 1274 4535 Homilia
1304 4478 1393 4545 48,
1429 4494 1552 4551 pag.
1589 4478 1691 4534 150
1725 4499 1736 4534 :
1767 4479 1881 4535 Nos
1910 4483 2167 4555 peregrini
2194 4484 2246 4536 in
2278 4482 2373 4536 hoc
2404 4482 2595 4535 mundo
2620 4497 2815 4545 sumus,
2848 4489 2896 4532 et
2931 4487 3178 4547 tanquam
3208 4476 3431 4545 hospites
3460 4474 3515 4526 in

183 4572 287 4627 hac
316 4570 440 4627 luce
468 4584 809 4624 versamur...
840 4567 1132 4641 Peregrini,
1155 4571 1387 4642 inquam,
1413 4586 1607 4636 sumus,
1637 4580 1686 4624 et
1711 4571 1857 4625 nobis
1887 4570 2178 4627 Saluatoris
2211 4573 2481 4643 smtguinis
2521 4573 2686 4643 pretio
2708 4579 2877 4639 empta
2907 4578 2982 4621 est
3009 4567 3289 4635 sepultura.
3324 4563 3515 4614 Conse-

154 4728 159 4733 _
186 4663 320 4737 ptlti
341 4661 491 4718 enim
518 4676 723 4723 sumus,
755 4658 887 4713 sicut
915 4644 1064 4735 [seu]
1094 4660 1170 4713 ait
1192 4661 1494 4733 .Apostolus,
1524 4677 1639 4715 cum
1654 4661 1748 4715 illo
1771 4680 1864 4733 per
1890 4660 2199 4733 baptismum
2228 4664 2283 4716 in
2305 4670 2539 4716 mortem.
2578 4659 2871 4730 Bnp'tismus
2893 4657 3051 4726 igitur
3073 4651 3218 4706 nobis
3241 4660 3313 4703 est
3345 4652 3513 4721 semil-
3600 4694 3611 4703 .

184 4763 328 4822 utra,
357 4755 418 4810 in
448 4768 560 4828 quo
591 4751 815 4822 peccatis
836 4752 1104 4815 morimur,
1136 4751 1438 4805 criminibus
1466 4751 1761 4820 sepelitnur,
1792 4762 1860 4815 et,
1893 4754 2073 4806 veteris
2101 4753 2327 4805 hominis
2351 4750 2665 4805 conscientia
2692 4746 2936 4809 resoluta,
2972 4745 3022 4797 in
3068 4742 3286 4796 alteram
3327 4742 3515 4794 nativi-

183 4852 346 4900 tatem
389 4842 637 4898 rediviva
679 4841 909 4912 infantia
948 4857 1283 4913 reparamur;
1333 4838 1636 4912 baptismus,
1677 4843 1908 4912 inquam,
1954 4840 2242 4894 Saluatoris
2290 4839 2437 4893 nobis
2484 4846 2559 4893 est
2597 4839 2880 4911 sepultura,
2923 4840 3043 4911 quia
3073 4846 3121 4890 et
3154 4833 3225 4889 ibi
3253 4835 3511 4906 perdimus

180 4948 322 5000 ante,
347 4933 501 5010 quod
528 4931 780 4995 viximus,
812 4940 860 4985 et
887 4929 956 4985 ibi
984 4931 1149 4986 denuo
1177 4931 1479 5002 accipimus,
1508 4939 1563 4984 ut
1591 4931 1837 4984 vivamus.
1871 4927 2070 5001 Magna
2099 4929 2260 5001 igitur
2291 4929 2570 5001 sepultura:
2594 4928 2748 5000 hujus
2773 4938 2849 4982 est
2870 4930 3059 5000 gratia,
3090 4928 3142 4981 in
3166 4943 3264 4998 qua
3295 4923 3441 4978 nobis
3463 4935 3512 4977 et

177 5013 323 5085 utilis
352 5044 504 5084 mors
534 5024 792 5096 infertur,
815 5032 865 5075 et
892 5024 995 5077 vita
1025 5023 1202 5077 utilior
1221 5023 1581 5087 condonatur;
1612 5038 1824 5093 magna,
1859 5022 2088 5094 inquam,
2121 5021 2272 5092 hujus
2303 5023 2472 5093 gratia
2499 5020 2793 5091 sepultum,
2826 5036 2940 5091 quae
2977 5029 3026 5073 et
3053 5017 3297 5089 puriﬁcat
3326 5032 3510 5087 perca-

182 5133 347 5179 torem
375 5131 429 5176 et
451 5117 695 5189 viviﬁcat
717 5116 1037 5169 morientem.
1085 5113 1153 5170 Et
1198 5115 1416 5172 homilia
1449 5112 1536 5180 59,
1563 5128 1685 5186 pag.
1724 5113 1825 5167 I85
1857 5135 1869 5169 ;
1904 5114 2281 5170 lnterreniente
2322 5116 2562 5186 mysterio
2592 5113 2877 5185 (baptismi)
2911 5130 2976 5166 ea:
3013 5112 3194 5165 vetulis
3223 5112 3406 5163 iterum
3437 5110 3513 5163 ri-

184 5213 405 5269 deamus
434 5212 704 5283 infantes.
748 5203 1023 5260 Innovatio
1069 5208 1208 5260 enim
1248 5205 1487 5279 quietiam
1530 5215 1605 5259 est
1645 5205 1879 5259 desinere
1905 5206 2043 5278 quod
2070 5222 2204 5271 eras,
2248 5222 2511 5260 assumere
2534 5203 2671 5276 quod
2699 5214 2820 5258 ante
2848 5220 2951 5257 non
2988 5204 3192 5274 fueras;
3222 5201 3506 5263 innovatio,
3608 5250 3617 5253 -
3656 5212 3668 5224 °

184 5306 424 5378 inquam,
447 5310 553 5366 est,
586 5294 731 5353 unde
756 5304 806 5347 et
827 5296 1069 5368 neaphyti
1089 5306 1471 5367 nuncupantur,
1503 5295 1638 5367 quod
1664 5297 1889 5350 novitate
1916 5295 2137 5368 quadam
2162 5296 2393 5349 maculas
2422 5296 2683 5348 i-etitstatis
2723 5292 3023 5364 abjecerint,
3047 5293 3270 5361 gratiam
3310 5289 3511 5359 simpli-

184 5398 364 5453 citatis
394 5391 809 5467 assumpserint,
843 5389 1043 5443 dicente
1066 5390 1313 5461 Apostolo
1338 5407 1353 5443 :
1380 5389 1707 5460 Deponentes
1730 5399 1941 5443 veterem
1972 5389 2227 5443 hominem
2257 5405 2371 5442 cum
2400 5389 2594 5441 artibus
2622 5386 2749 5450 suis,
2782 5385 2980 5439 induite
3007 5401 3191 5438 novum
3230 5383 3505 5444 hominem,

184 5491 274 5563 qui
292 5487 597 5549 secundum
621 5483 791 5539 Deum
820 5490 1023 5536 creatus
1051 5489 1146 5535 est.
1176 5480 1307 5535 Inde
1334 5480 1597 5537 Maximus
1617 5479 1684 5534 de
1714 5479 1967 5543 vestibus,
2000 5493 2119 5549 qua:
2149 5494 2177 5533 a
2211 5494 2396 5534 recens
2432 5477 2717 5548 haptizatis
2746 5475 3029 5546 nenphytis
3056 5473 3255 5528 assumi
3277 5485 3507 5525 consue-

136 5606 140 5609 -
184 5562 403 5650 verunt,
436 5580 628 5649 deque
653 5590 840 5632 earum
862 5570 1253 5643 signiﬁcatione
1282 5572 1505 5641 loquens
1534 5585 1655 5642 pag.
1702 5570 1803 5624 186
1830 5589 1841 5623 :
1878 5569 2081 5642 Utique,
2108 5569 2294 5640 inquit,
2326 5569 2564 5640 neophgti
2595 5568 2757 5622 nostri
2786 5582 2947 5633 nuper
2973 5562 3237 5635 baptizali,
3264 5570 3508 5628 tanquam

148 5682 162 5699 ’
259 5716 344 5788 (α)
383 5713 643 5788 Noniani
682 5707 833 5775 dicit,
874 5720 991 5788 non.
1009 5704 1155 5788 quod
1181 5702 1471 5774 quidquam
1496 5703 1616 5788 ipsa
1645 5700 1804 5785 aﬂ‘er-
1914 5715 2146 5788 nemque
2185 5700 2532 5758 Hebrmorum
2576 5699 2778 5756 malitia
2817 5697 2940 5756 inde
2985 5701 3222 5753 sumeret
3248 5693 3507 5763 νηνπὶ-

184 5771 492 5849 melius“:
542 5781 644 5836 sed
692 5771 1044 5840 auo'gravis'
1062 5783 1119 5831 et
1151 5771 1343 5831 amara
1373 5771 1536 5838 esset,
1562 5774 1803 5830 uccasio-
1912 5771 2088 5827 candi.
2304 5818 2314 5827 ,
2806 5796 2815 5801 -
3288 5790 3303 5798 -
