4050 6356
552 278 633 374 ίδι
2019 292 2402 377 ρωηπο.
3784 302 3895 369 ιη

552 396 775 499 ίαᾳιιίιω,
800 420 1043 493 depositis
1063 416 1327 474 vetustatis
1352 417 1570 481 exuviis,
1593 430 1728 469 nova
1749 412 2041 468 sanctitatis
2059 409 2363 466 indumenta
2390 422 2738 484 sumpserunt,
2760 421 2811 467 et
2839 413 3199 486 fetiscentibus
3222 416 3451 488 antiquis
3472 412 3714 485 munitis,
3732 421 3886 477 sicut

565 516 753 591 plumis
774 513 963 569 levibus
993 511 1214 566 rediviva
1233 510 1407 582 gratia
1437 505 1845 563 immortalitatis
1869 512 2145 571 ornantur,
2164 505 2249 585 ita
2275 512 2333 558 ut
2355 505 2410 558 in
2432 502 2513 557 his
2539 505 2813 559 senectutis
2838 506 3056 560 occidua
3082 514 3296 577 peccata
3325 508 3610 573 senuerint,
3630 509 3739 563 uit-
3762 526 3887 568 non

552 606 818 672 senuerit;
849 614 1094 675 tanquam
1114 602 1290 674 aquila
1310 604 1363 656 in
1393 600 1609 670 pullum,
1640 600 1773 653 sicut
1800 597 1879 652 illi
1908 596 1964 650 in
1994 596 2279 668 infantiam
2304 597 2549 651 revocati.
2575 594 2672 651 Est
2698 597 2774 650 eis
2807 596 2985 651 stet‘uli
3025 597 3503 653 deconeersatione
3528 600 3748 666 notitia;
3778 605 3887 657 sed

567 698 714 773 adest
736 697 840 749 illis
860 695 1079 766 justitite
1104 693 1167 747 de
1193 692 1525 762 reparatione
1562 689 1835 745 securitas.
1866 685 2067 742 Confer
2094 701 2400 742 sermonem
2440 686 2495 752 8,
2522 700 2650 758 pag.
2686 685 2811 753 418,
2845 696 2902 743 et
2927 702 3093 744 serm;
3133 687 3226 754 11,
3266 702 3387 760 pag.
3416 687 3539 753 426,
3573 689 3664 746 ubi
3690 710 3708 745 τ
3734 691 3884 751 Cum

552 786 799 842 Christus
824 785 1096 850 Dominus,
1130 784 1324 853 inquit,
1354 783 1585 837 initiaret
1610 778 1863 834 Ecclesia!
1889 786 2238 844 sacramenta,
2262 778 2387 833 calo
2417 779 2707 848 supervenit
2732 778 2986 835 columba.
3022 778 3267 853 Intelligo
3296 782 3615 852 mysterium.
3638 799 3879 853 musco

564 880 721 933 etiam
745 886 1147 932 sacramentum.
1179 872 1428 929 Columba
1454 874 1589 928 enim
1618 874 1735 939 ipsa
1767 879 1849 925 est
1866 884 1978 943 qua?
2004 884 2144 923 nunc
2181 869 2251 923 ad
2279 868 2570 924 Ecclesium
2596 867 2791 925 Christi
2819 872 2874 925 in
2901 869 3155 943 baptismo
3182 872 3340 936 venit,
3368 888 3485 945 quas
3510 867 3773 947 quoniam
3810 879 3876 931 iss

564 988 742 1026 arcam
765 969 883 1024 Noe
907 970 1098 1024 diluvio
1126 969 1440 1040 properavit,
1468 975 1588 1020 tunc
1615 965 1697 1020 illi
1715 963 2045 1018 securitatem
2074 963 2395 1017 annuntians
2424 965 2572 1019 olirte
2608 981 2775 1031 ramo,
2804 965 2958 1020 modo
3008 965 3126 1020 huic
3171 972 3568 1023 gremium
3594 972 3876 1042 conferens

563 1064 848 1119 divinitatis
876 1064 1091 1117 indicio.
1116 1061 1179 1116 Et
1210 1061 1395 1117 bomil.
1420 1058 1507 1125 98,
1540 1072 1662 1130 pag.
1686 1056 1825 1113 5‘29:
1854 1054 2107 1122 Quaenam
2138 1064 2213 1111 est
2245 1055 2338 1111 illa
2366 1058 2928 1129 aqua'quw'consumit
2957 1044 3219 1127 flammas,
3248 1070 3343 1112 nec
3370 1060 3486 1130 ipsa
3515 1062 3879 1116 consumitur?

564 1152 669 1209 Illa
698 1163 793 1221 est,
818 1163 960 1226 puto,
987 1168 1102 1226 qua:
1127 1154 1182 1207 in
1212 1154 1418 1207 lavacro
1449 1150 1512 1204 de
1542 1148 1733 1203 Christi
1766 1149 1907 1221 fonte
1936 1149 2218 1219 profluens,
2245 1165 2348 1204 non
2388 1152 2709 1205 consumitur
2737 1167 2770 1205 a
2796 1151 3167 1222 peccatoribus,
3211 1146 3302 1206 sed
3338 1152 3586 1223 gehennte
3608 1156 3875 1207 consumit

558 1244 823 1299 incendia.
848 1236 985 1309 'Qute
1013 1245 1134 1299 dum
1162 1255 1253 1315 per
1281 1242 1591 1316 baptismum
1616 1242 1931 1314 infunditur,
1964 1250 2013 1295 et
2048 1243 2163 1314 ipsa
2189 1243 2244 1297 in
2266 1243 2558 1299 hominibus
2586 1253 2637 1298 et
2666 1247 2852 1299 tartari
2879 1245 3441 1317 restinguit‘ardorem.
3482 1246 3621 1302 Vivit
3640 1248 3873 1319 planeiu

559 1335 873 1406 hominibus,
900 1339 1033 1392 sicut
1064 1337 1137 1393 ait
1166 1337 1465 1407 Dominus:
1486 1336 1631 1409 Aqua
1669 1344 1842 1412 autem
1864 1352 2015 1410 quam
2042 1353 2136 1409 ego
2166 1336 2299 1392 dabo
2328 1339 2395 1404 ei,
2425 1337 2517 1409 ﬁet
2547 1338 2604 1392 in
2634 1353 2693 1391 eo
2724 1335 2841 1409 fons
2871 1351 3020 1408 aqua:
3056 1336 3315 1401 salientis,
3346 1337 3639 1409 et'reliqua.
3674 1337 3873 1393 Mirum

540 1418 680 1499 ergo
704 1429 755 1481 in
777 1426 986 1483 modum
1008 1443 1143 1499 aqua
1162 1424 1356 1482 Christi
1382 1444 1487 1505 una
1514 1427 1794 1500 cadentque
1815 1428 2113 1498 operatione
2132 1435 2183 1481 et
2211 1429 2435 1500 viviﬁcat
2475 1438 2524 1483 et
2551 1428 2852 1500 exstinguit.
2872 1456 2879 1461 -
2896 1426 3136 1501 Vieiﬁcat
3163 1429 3299 1484 enim
3327 1431 3553 1493 animus,
3577 1430 3767 1486 delicta
3788 1450 3873 1487 re-

542 1518 797 1593 stinguit.
829 1518 945 1573 Has
974 1510 1170 1573 lauacri
1208 1520 1295 1573 sui
1327 1518 1607 1591 refrigerio
1628 1528 1858 1589 reparat,
1898 1518 2017 1572 illas
2046 1520 2267 1591 gurgitis
2285 1521 2375 1575 sui
2416 1519 2559 1573 unda
2586 1519 2874 1584 consumit;
2904 1527 2973 1585 et,
3000 1519 3138 1589 quod
3164 1519 3233 1573 ad
3258 1520 3515 1591 maiorm
3545 1518 3873 1592 baptismatis

559 1612 780 1681 pertinet
804 1595 1047 1682 gratiam,
1074 1609 1219 1681 apud
1242 1618 1454 1682 superos
1482 1611 1782 1680 mysterium
1822 1609 2127 1675 celebratur,
2152 1618 2203 1663 et
2230 1610 2371 1681 apud
2405 1610 2604 1682 inferos
2631 1609 2867 1681 gehenna
2892 1610 3298 1681 restinguitur...
3321 1609 3437 1664 llic
3457 1611 3517 1665 in
3548 1614 3692 1683 fonte
3717 1614 3873 1669 hostio

564 1701 833 1774 mergitur,
859 1710 909 1755 et
933 1701 1040 1756 illic
1067 1701 1131 1755 de
1151 1708 1352 1755 tartaro
1383 1699 1650 1755 liberatur.
1686 1699 1793 1754 Sed
1820 1717 1914 1753 nec
1961 1701 2148 1754 mirum
2178 1700 2223 1755 si
2259 1702 2312 1754 in
2354 1699 2596 1772 baptismi
2630 1708 2959 1755 sacramento
2997 1702 3263 1771 aperiatur
3287 1702 3569 1773 infernum,
3603 1717 3724 1757 cum
3749 1713 3873 1761 ante

560 1809 760 1866 quoque
786 1801 1041 1848 reseretur
1071 1801 1123 1847 et
1144 1793 1344 1847 caelum.
1370 1788 1539 1865 [XCIII]
1571 1790 1886 1862 Aperiantur
1911 1792 2047 1844 enim
2089 1791 2200 1845 hac
2238 1791 2506 1858 elementa,
2539 1798 2600 1844 ut
2635 1791 2705 1845 ad
2750 1791 3016 1849 lavacrum
3054 1790 3248 1851 Christi
3282 1792 3554 1847 conth
3580 1791 3795 1847 libatas
3822 1806 3874 1850 st

560 1886 749 1955 gratia.
780 1882 1017 1938 Libertas
1046 1884 1183 1937 enim
1203 1882 1577 1937 resurrecturis
1600 1879 1859 1945 tribuitur,
1884 1882 2055 1952 gratia
2074 1884 2441 1953 reguaturis...
2466 1880 2557 1937 Illi
2581 1882 2671 1954 qui
2695 1892 2847 1937 erant
2874 1884 3007 1937 serui
3034 1884 3260 1953 peccati,
3283 1882 3438 1937 liberi
3461 1884 3596 1956 fiunt
3617 1885 3870 1957 justitia;

561 1976 612 2030 hi
639 1958 724 2049 qui
746 1978 1002 2049 angustiis
1031 1976 1208 2032 stabuli
1239 1976 1561 2041 tenebantur,
1608 1975 1845 2047 paradisi
1884 1992 2089 2030 anuena
2116 1977 2425 2047 percipiunt.
2460 1973 2526 2031 In
2567 1976 2823 2046 baptism
2858 1993 2983 2048 ergo
3012 1970 3206 2031 Christi
3228 1976 3539 2048 aperiuntur
3582 1979 3714 2043 ccli,
3743 1996 3871 2050 σμ-

560 2074 765 2126 riuntur
793 2082 843 2127 et
874 2081 1094 2127 tartara.
1122 2072 1254 2127 Inde
1280 2081 1339 2125 ut
1367 2072 1598 2143 Spiritus
1626 2081 1837 2125 sanctus
1868 2072 2130 2138 adveniat,
2164 2073 2287 2127 illuc
2315 2082 2369 2126 ut
2396 2072 2762 2128 misericordia
2794 2073 3087 2140 Saluatoris
3106 2074 3345 2130 accedat.
3613 2123 3623 2135 .
3826 2126 3833 2133 ,

544 2182 547 2187 ·
638 2159 777 2219 XXI.
818 2164 1182 2235 Negatvporro
1209 2162 1471 2218 Maximus
1500 2163 1680 2218 iterati
1711 2164 2033 2233 baptismum
2067 2180 2245 2234 posse,
2280 2164 2497 2221 bomiiia
2529 2164 2637 2231 B8;
2652 2178 2777 2235 pag.
2800 2164 2910 2219 ’ὁδε
2940 2180 3067 2223 nam
3097 2165 3151 2220 id
3198 2166 3290 2221 ille
3316 2174 3720 2223 “cuneatum
3741 2149 3860 2223 cum

557 2257 904 2329 eleemosyna
932 2258 1219 2314 conferens
1244 2275 1257 2312 :
1297 2256 1604 2323 Lavacrum,
1636 2258 1826 2328 inquit,
1852 2258 2012 2312 semel
2037 2258 2210 2325 datur,
2233 2268 2285 2313 et
2301 2260 2461 2327 semel
2491 2260 2693 2313 ueniant
2721 2256 3033 2329 pollicetur;
3058 2257 3853 2330 eleemosynmuutetssquliu

556 2355 759 2425 feceris,
792 2356 944 2408 toties
972 2353 1177 2408 veniam
1197 2354 1528 2425 promereris.
1561 2350 1619 2407 Id
1648 2361 1827 2407 autem
1859 2351 2003 2421 quod
2034 2361 2116 2406 est
2136 2352 2205 2408 de
2235 2354 2599 2425 eleemosyna,
2633 2360 2694 2407 ut
2740 2354 3023 2426 ὀμφατικῶς
3045 2366 3076 2406 a
3106 2366 3168 2408 se
3192 2351 3395 2408 dictum
3415 2351 3689 2417 ostendat,
3716 2349 3861 2407 salua

557 2463 617 2505 se
644 2448 749 2520 ﬁde
771 2449 1012 2505 locutum
1042 2447 1245 2503 scribit.
1272 2445 1389 2502 Non
1421 2446 1563 2501 enim
1586 2445 1631 2501 is
1655 2452 1772 2500 erat
1805 2444 2087 2521 Maximus,
2117 2447 2211 2515 qui
2239 2447 2599 2519 eleemosynae
2619 2446 2726 2501 vim
2750 2457 2871 2500 esse
2902 2444 3247 2505 tribuendam
3290 2445 3617 2511 sacramenti
3630 2443 3866 2507 arbitrr

561 2544 729 2591 retur.
765 2537 900 2593 Vide
928 2547 982 2594 et
1010 2536 1320 2594 tract.2‘de
1349 2536 1647 2609 Baptismo,
1667 2550 1789 2606 pag.
1814 2536 1922 2589 «717
1949 2551 2063 2605 seq.
2255 2522 2258 2526 ’
2608 2550 2609 2555 ‘
3023 2556 3026 2561 ·
3159 2566 3166 2575 -
3360 2562 3363 2567 -
3486 2575 3492 2585 .
3644 2578 3654 2588 .
3730 2570 3741 2590 ε
3814 2574 3834 2607 1.

627 2628 796 2686 XXII.
835 2632 912 2687 De
935 2631 1278 2687 unctionibus
1308 2639 1434 2685 ante
1463 2630 1785 2701 baptismum
1816 2628 1992 2699 deque
2018 2629 2137 2685 aliis
2155 2629 2476 2699 quibusdam
2503 2630 2697 2685 ritibus
2720 2644 3018 2703 eorumque
3045 2629 3440 2702 signiﬁcatione
3460 2627 3676 2685 disserit
3693 2626 3869 2686 laxi-

558 2737 679 2780 mus
726 2732 886 2779 tract.
909 2724 944 2777 'I
980 2733 1035 2780 et
1055 2723 1091 2777 2
1118 2723 1179 2778 de
1209 2724 1498 2796 Baptismo,
1549 2735 1672 2793 pag.
1703 2720 1806 2775 710
1826 2736 1979 2792 seqq.
2015 2720 2187 2776 Reddi
2210 2730 2471 2792 βαδιεῖ-εει
2507 2722 2829 2793 symbolum,
2863 2722 3506 2793 professionemque'ﬁdei
3531 2720 3708 2778 emitti
3730 2729 3863 2778 ante

532 2815 881 2889 'baptismum
903 2816 1265 2882 consuevisse,
1299 2815 1441 2870 idem
1466 2813 1631 2869 tradit
1651 2812 1915 2868 Maximus
1946 2813 2099 2879 ibid.,
2128 2827 2249 2883 pag.
2282 2812 2401 2866 7H.
2432 2812 2636 2868 Scribit
2660 2814 2888 2884 insuper
2928 2827 3051 2885 pug.
3089 2814 3193 2869 Ἡιδ
3222 2832 3237 2868 :
3272 2812 3608 2869 Ostendimus
3631 2830 3727 2868 eos
3762 2829 3855 2885 per

527 2902 533 2908 ’
557 2907 725 2962 oleum
746 2909 1178 2980 sanctiﬁcationis
1206 2907 1278 2961 ad
1306 2906 1537 2961 auditum
1564 2905 1690 2975 ﬁdei
1719 2913 2064 2974 praeparatos,
2086 2913 2136 2957 et
2164 2902 2349 2959 bonum
2371 2902 2567 2958 Christi
2594 2905 2804 2960 odorem
2832 2914 3062 2973 vocatos,
3094 2922 3159 2962 ex
3180 2914 3288 2962 toto
3317 2906 3474 2961 corde
3491 2907 3881 2977 abrenuntiasg

557 3000 676 3054 dum
706 3017 817 3056 esse
842 3001 1293 3056 commonitos.....
1326 2996 1537 3052 Emissa
1560 2997 1845 3051 certissima
1874 2997 2134 3060 cautione,
2158 3010 2257 3068 qua
2285 3010 2374 3049 ros
2398 2995 2769 3053 abrenuntiare
2796 2998 3033 3053 omnibus
3054 3002 3275 3072 pompis,
3305 3010 3356 3056 et
3378 3000 3620 3073 operibus
3644 3001 3773 3072 ejus,
3796 3009 3850 3052 st

558 3100 698 3153 omni
730 3097 1065 3170 fornicationi
1090 3093 1360 3150 diabolica:
1388 3092 1758 3166 spopondistis,
1790 3091 2129 3145 descendistis
2158 3092 2213 3144 in
2239 3092 2434 3163 fontem
2453 3107 2683 3155 sacrum,
2716 3093 2914 3164 fontem
2942 3093 3078 3159 vita,
3104 3084 3300 3167 fontem
3320 3094 3847 3167 redemptionisrfal-

526 3190 531 3195 ’
559 3197 661 3247 tem
707 3194 1089 3263 sanctificatum
1116 3190 1302 3244 virtute
1322 3189 1532 3252 ctelesti,
1561 3195 1611 3241 et
1647 3186 1721 3239 ita
1746 3187 2151 3255 sanctiﬁcatum,
2202 3194 2259 3238 ut
2287 3184 2541 3252 homines,
2567 3198 2659 3257 per
2678 3190 2843 3242 multa
2862 3196 3077 3258 peccata
3105 3188 3365 3257 diluendo,
3396 3192 3708 3263 sanctiﬁcet.
3733 3187 3851 3244 Nan

524 3282 527 3285 ’
558 3286 696 3339 enim
717 3285 908 3340 debetis
933 3286 1055 3340 illas
1082 3302 1243 3357 aquas
1275 3280 1436 3338 oculis
1458 3272 1739 3347 aestimare,
1772 3280 1862 3335 sed
1890 3288 2078 3335 mente.
2125 3278 2268 3335 Nam
2295 3281 2393 3335 etsi
2420 3268 2711 3336 substantia
2757 3280 2901 3336 illius
2930 3292 3079 3353 aqua
3105 3282 3172 3336 de
3200 3284 3462 3339 communi
3483 3288 3733 3355 aquarum
3754 3292 3850 3336 ne-

555 3389 673 3435 tura
695 3383 779 3451 sit,
809 3384 1018 3453 effectus
1060 3386 1232 3434 tamen
1260 3379 1424 3451 ipsius
1463 3395 1529 3431 ex
1557 3376 1654 3431 Dei
1682 3376 1852 3447 gratia
1878 3383 1927 3430 et
1955 3377 2139 3430 virtute
2167 3372 2516 3446 procedit.....
2552 3374 2780 3446 Spiritus
2820 3376 2957 3430 enim
2984 3380 3197 3432 sanctus
3223 3376 3279 3433 in
3305 3377 3399 3432 illa
3427 3388 3563 3450 aqua
3591 3382 3846 3449 operatur,

524 3472 527 3475 ’
553 3484 608 3529 ut
638 3475 725 3549 qui
752 3486 872 3529 ante
900 3475 1210 3545 baptismum
1234 3468 1553 3530 diversorum
1575 3472 1849 3526 criminum
1873 3474 1949 3526 rei
1980 3470 2353 3525 tenebantur...
2388 3479 2504 3541 post
2530 3469 2851 3541 baptismM'
2868 3472 2926 3525 in
2955 3470 3209 3527 caelorum1
3227 3468 3443 3545 regnum
3465 3472 3669 3527 intrare
3686 3482 3850 3528 mere-

524 3560 525 3565 “
553 3568 847 3643 rentur.....
904 3567 987 3622 In"
1012 3569 1106 3624 hoc
1136 3586 1257 3640 ergo
1288 3568 1429 3639 fonte
1457 3575 1731 3638 antequam
1772 3581 1861 3620 vos
1890 3574 1997 3619 toto
2019 3581 2232 3634 corpore
2256 3565 2605 3636 tingeremus:
2636 3564 3259 3638 (immergione‘namque
3282 3565 3519 3624 conferri
3549 3567 3845 3640 baptismus

554 3661 951 3731 consueverat),
977 3660 1405 3732 ihterrogavimus
1431 3676 1447 3712 :
1479 3656 1661 3713 Credis
1688 3657 1741 3713 in
1772 3656 1935 3713 Deum
1957 3658 2168 3713 Patrem
2197 3646 2639 3728 omnipotentein?
2670 3654 3069 3729 Respondistis:
3113 3655 3314 3713 Credo;
3336 3654 3535 3714 Rursus
3554 3660 3846 3732 interroga-

526 3746 531 3751 ⁷
555 3756 717 3810 vimus
740 3772 756 3809 :
790 3754 969 3809 Credis
998 3763 1046 3807 et
1071 3754 1123 3808 in
1144 3748 1324 3807 Jesum
1345 3748 1605 3805 Christum
1636 3749 1830 3805 Filium
1851 3752 1986 3822 ejus,
2015 3751 2102 3819 qui
2130 3760 2406 3822 conceptus
2430 3760 2505 3805 est
2532 3750 2599 3803 ‘de
2621 3748 2823 3821 Spiritu
2852 3757 3053 3814 sancto,
3083 3758 3133 3803 et
3160 3757 3433 3804 natusest
3452 3746 3725 3804 εει-Μανία
3744 3751 3848 3804 rit-

551 3848 704 3918 gine?
729 3846 1085 3919 Respondistis
1105 3845 1295 3918 singuli
1319 3862 1334 3897 :
1358 3840 1544 3898 Credo.
1582 3836 1777 3899 Iterum
1798 3846 2227 3915 interrogavimus
2254 3861 2271 3898 :
2294 3840 2475 3901 Credis
2499 3852 2551 3898 et
2576 3846 2631 3898 in
2670 3843 2928 3913 Spiritum
2973 3843 3251 3899 sanctum?
3277 3841 3639 3915 Respondistis
3661 3844 3846 3899 simiﬂ-

522 3924 527 3933 ’
553 3948 631 3994 ter
658 3957 674 3993 :
706 3934 891 3993 Credo;
928 3937 1057 3993 Htcc
1086 3947 1255 3991 autem
1285 3937 1499 4008 fecimus
1523 3936 1681 4007 jurta
1702 3935 1914 3990 Domini
1936 3936 2096 3990 nostri
2118 3936 2243 3989 .l‘esu
2266 3932 2456 4015 Christi
2498 3935 2791 3991 Saluatoris
2818 3937 3110 4009 imperium,
3140 3932 3247 4009 qui,
3278 3952 3395 3991 cum
3442 3936 3515 3989 tt'll
3551 3934 3762 3992 Palma
3788 3926 3846 3992 in

517 4099 525 4105 ,
552 4035 702 4091 castos
724 4034 1047 4098 ascenderet,
1080 4030 1365 4102 discipulis,
1391 4028 1445 4083 id
1465 4040 1541 4083 est
1569 4030 1840 4099 apostolis,
1872 4028 2203 4081 demandauit
2229 4028 2403 4081 dicens
2432 4044 2449 4080 :
2480 4026 2678 4081 Euntes
2714 4025 2975 4099 baptizate
3001 4022 3177 4083 omnes
3198 4036 3375 4099 gentes
3421 4028 3489 4083 in.
3506 4029 3712 4082 nomine
3738 4024 3849 4081 re-

552 4128 666 4191 tris,
709 4136 759 4181 et
798 4125 946 4188 Filii,
975 4134 1025 4179 et
1057 4123 1284 4194 Spiritus
1313 4126 1499 4183 sancti,
1533 4122 1773 4176 docentes
1813 4136 1898 4174 eos
1934 4134 2137 4173 servare
2158 4120 2334 4173 omnia
2363 4135 2674 4191 quacunque
2701 4119 2948 4177 mandaui
2975 4112 3334 4176 vobis.‘Nemo
3361 4118 3531 4175 autem
3558 4135 3675 4175 cum
3703 4122 3850 4176 audit

522 4201 528 4207 ’
554 4213 786 4282 Patrem,
817 4225 868 4269 et
897 4214 942 4267 F
948 4214 1110 4280 ilium,
1156 4220 1205 4265 et
1243 4210 1498 4283 Spiritum
1521 4222 1776 4274 sanctum,
1819 4220 1917 4265 tres
1948 4211 2069 4264 deos
2100 4225 2193 4263 nos
2216 4212 2432 4264 wstiinet
2459 4210 2714 4283 confiteri.
2751 4210 2902 4274 Quod
2923 4210 3251 4284 sacrilegium
3280 4208 3449 4285 [XCIV]
3474 4211 3610 4267 absit
3636 4210 3792 4284 longe
3816 4229 3846 4266 α

550 4308 655 4379 ﬁde
702 4316 899 4369 nostra,
926 4308 1043 4376 quia
1063 4321 1224 4358 unum
1250 4304 1412 4358 Deum
1440 4314 1638 4359 tantum
1666 4308 1796 4364 esse,
1830 4304 1945 4371 ipso
1967 4311 2262 4367 attestante,
2289 4303 2732 4374 cognovimus.....
2767 4301 2894 4357 Tres
2923 4318 3043 4375 ergo
3072 4296 3323 4375 personas
3349 4312 3577 4359 tenemus
3595 4313 3646 4360 et
3671 4302 3846 4361 credi-

551 4415 683 4464 mus,
719 4399 776 4452 id
800 4407 897 4464 est,
920 4390 1199 4457 Patrem'et
1233 4392 1452 4464 Filium,
1476 4404 1523 4448 et
1550 4394 1807 4464 Spiritum
1835 4403 2091 4457 sanctum,
2120 4394 2279 4447 unius
2303 4393 2561 4463 potentite,
2603 4393 2757 4449 unius
2802 4391 3121 4457 substantiat,
3151 4394 3303 4447 unius
3343 4393 3668 4459 wternitatis,
3695 4398 3848 4449 unius

520 4554 523 4557 _
551 4489 846 4550 voluntatis,
899 4488 1048 4539 unius
1090 4478 1246 4540 etiam
1294 4485 1520 4548 deitatis,
1570 4492 1618 4539 et
1668 4494 1828 4538 totam
1876 4482 2181 4541 Trinitatem
2209 4487 2361 4540 unius
2386 4485 2484 4540 Dei
2511 4484 2855 4558 appellatione
2870 4495 3199 4540 veneramur.
3232 4482 3453 4541 Credere
3473 4494 3643 4542 autem
3670 4488 3848 4562 plures

550 4583 692 4647 deos,
720 4583 923 4655 gentilis
944 4582 1179 4659 impietas
1196 4572 1302 4635 est.
1339 4578 1406 4633 Et
1425 4568 1627 4635 iterum.
1655 4576 1780 4635 Non
1803 4580 2010 4634 credere
2033 4591 2134 4636 tres
2157 4580 2405 4653 personas
2427 4583 2579 4636 unius
2597 4579 2902 4637 substantia:
2919 4582 2974 4637 in
2995 4599 3100 4636 una
3123 4582 3328 4647 deitate,
3353 4590 3503 4655 atque
3528 4583 3847 4659 tequalitate,

549 4677 625 4730 uel
651 4676 1020 4739 cowteruitate,
1067 4656 1307 4731 hteretica
1338 4676 1595 4731 dementia
1624 4684 1733 4738 est;
1784 4692 1897 4728 cum
1937 4676 2213 4746 manifesta
2244 4677 2353 4730 haec
2392 4674 2495 4739 sit,"
2511 4693 2662 4748 quam
2692 4674 2935 4741 diximus,
2982 4676 3259 4733 auctoritas
3300 4670 3497 4732 Christi
3523 4695 3540 4732 :
3577 4656 3851 4748 Baptizate

550 4785 725 4823 omnes
754 4777 925 4840 gentes
952 4767 1005 4820 in
1035 4770 1240 4853 nomine
1279 4766 1479 4833 Pa'tris,
1505 4780 1555 4824 et
1594 4766 1744 4835 Filii,
1775 4778 1823 4823 et
1865 4767 2090 4840 Spiritus
2113 4770 2345 4823 sancti...
2384 4766 2514 4824 Hcce
2544 4780 2713 4825 autem
2741 4786 2855 4841 qua:
2892 4770 3152 4844 hucusque
3181 4768 3424 4835 diximus,
3457 4774 3724 4847 postquam
3753 4787 3847 4825 vos

549 4860 757 4915 credere
777 4862 1107 4933 promisistis,
1134 4862 1281 4915 tertio
1305 4865 1524 4930 corpora
1545 4871 1715 4915 vestra
1735 4864 1789 4916 in
1816 4864 1958 4934 fonte
1989 4861 2348 4916 demersimus.
2378 4859 2478 4931 Qui
2501 4860 2626 4915 ordo
2649 4858 2973 4933 baptismatis
2994 4860 3186 4934 duplici
3206 4863 3440 4935 mysterii
3459 4863 3847 4939 signiﬁcatione

548 4952 857 5010 celebratur.
892 4950 1050 5027 Recte
1075 4952 1213 5007 enim
1244 4948 1392 5009 tertio
1422 4954 1575 5006 mersi
1603 4953 1725 5007 estis
1774 4955 1858 5026 qui
1887 4954 2157 5024 accepistis
2206 4951 2515 5023 baptismum
2543 4948 2596 5005 in
2644 4952 2851 5006 nomine
2874 4949 2999 5006 Jesu
3029 4950 3243 5016 Christi,
3274 4952 3360 5025 qui
3392 4954 3541 5007 tertia
3572 4952 3654 5007 die
3674 4970 3851 5008 resur-

548 5050 684 5115 rexit
733 5066 767 5102 a
805 5050 1041 5102 mortuis.
1076 5045 1182 5100 Illa
1211 5047 1347 5112 enim
1377 5048 1525 5101 tertio
1550 5047 1768 5118 repetita
1792 5045 2042 5103 demersio
2075 5057 2248 5123 typum
2277 5047 2552 5102 dominica:
2578 5046 2822 5116 exprimit
2852 5043 3147 5117 sepultum,
3176 5062 3268 5117 per
3296 5062 3450 5115 quam
3478 5038 3682 5101 Christo
3713 5064 3846 5099 con-

524 5142 735 5212 ,sepulti
763 5141 886 5195 estis
926 5140 983 5194 in
1021 5139 1293 5203 baptismo,
1335 5146 1520 5201 etcum
1549 5136 1754 5194 Christo
1777 5140 2136 5195 resurrexistis
2162 5139 2216 5192 in
2244 5137 2365 5210 fide,
2395 5145 2451 5191 ut
2477 5135 2702 5208 peccatis
2726 5133 2907 5201 abluti,
2938 5136 2991 5189 in
3014 5135 3289 5193 sanctitate
3308 5136 3552 5190 virtutum
3576 5134 3844 5191 Christum

549 5231 728 5284 uitiatis
748 5228 1020 5284 imitando.

622 5320 806 5377 XXIII.
848 5318 967 5375 Jam
994 5334 1103 5389 quo
1132 5324 1371 5389 tempore
1400 5319 1632 5375 conferri
1664 5327 1789 5375 tunc
1828 5321 2124 5392 baptismus
2170 5320 2390 5383 soleret,
2417 5317 2752 5377 demonstrat
2781 5316 3045 5373 Maximus
3070 5318 3288 5374 homilia
3321 5314 3407 5387 (il,
3442 5334 3561 5391 pag.
3592 5316 3692 5373 194
3724 5336 3735 5373 :
3766 5316 3842 5376 In

550 5414 763 5487 pascha,
803 5412 992 5482 inquit,
1035 5426 1209 5481 omnes
1258 5419 1431 5483 gentes
1477 5410 1731 5483 baptizari
1760 5412 1943 5466 solent.
1968 5410 2093 5478 Agit
2115 5410 2239 5463 item
2271 5417 2457 5464 noster
2483 5409 2551 5463 de
2571 5396 2838 5480 baptismo
2860 5409 3136 5478 sanguinis
3156 5425 3408 5467 sermone
3436 5409 3525 5475 88,
3554 5422 3673 5485 pag.
3708 5404 3839 5477 69.5,

520 5519 658 5575 ,quo
679 5505 801 5563 loco
830 5520 843 5555 :
878 5500 1228 5571 Incumbente,
1255 5500 1446 5573 inquit,
1473 5503 1863 5573 persecutionis
1892 5502 2070 5554 lurore
2092 5499 2268 5555 adhuc
2288 5499 2658 5555 catechumeni
2680 5500 2917 5559 animum
2939 5502 3079 5559 caelo
3098 5510 3422 5577 praeparant,
3447 5509 3846 5574 regenerantnr

528 5600 746 5658 'morte,
778 5594 1122 5648 damnatione
1152 5592 1452 5657 solvuntur,
1485 5593 1662 5661 gladio
1683 5600 2087 5647 Consecrantur.
3838 5654 3858 5671 .

521 5688 526 5693 ’
623 5685 810 5742 XXIV.
854 5685 1030 5756 Pergit
1056 5687 1317 5743 Maximus
1344 5688 1581 5743 scribere
1610 5696 1841 5741 tractatu
1865 5687 1897 5740 '5
1918 5688 1980 5740 de
2010 5686 2294 5758 Baptismo,
2314 5697 2435 5755 pag.
2470 5684 2529 5739 7i
2542 5685 2590 5739 7.
2624 5683 2798 5753 Nunc,
2831 5688 3026 5757 inquit,
3059 5687 3125 5743 de
3159 5690 3226 5755 iis
3246 5698 3415 5744 actum
3441 5698 3621 5746 sumus
3646 5687 3847 5760 ρεὶιι

548 5778 661 5845 iam
680 5777 949 5849 baptizatis
976 5790 1157 5836 sancta
1184 5781 1507 5835 institutione
1530 5777 1860 5833 comminatur.
1896 5776 2110 5832 Intoleto
2138 5778 2272 5833 enim
2303 5774 2630 5845 baptismate,
2653 5786 2809 5848 caput
2826 5787 3048 5834 vestrum
3067 5778 3361 5849 chrismate,
3383 5780 3451 5837 id
3464 5790 3562 5849 est,
3585 5781 3698 5838 oleo
3717 5790 3850 5837 saa-
