4050 6356
315 373 385 436 93
1498 340 1503 346 ’
1771 360 2156 427 ιδιυεγλτιο.
3501 358 3585 425 os

305 481 656 554 ιιίρεαιίοιιὶσ,
686 477 1027 552 ίηίαηάίηωσ,
1057 493 1151 550 per
1187 485 1325 551 quod
1348 474 1634 540 ostenditur
1659 472 1933 548 baptiaatis
1961 475 2186 546 regalem
2211 483 2262 530 et
2287 474 2658 542 sacerdotalem
2685 475 2910 556 conferri
2938 491 2972 534 a
2999 473 3226 544 Domino
3249 476 3574 558 dignitatem.

311 575 456 634 Nam
481 577 538 632 in
575 574 747 640 Veteri
769 572 1116 642 Testamento,
1146 572 1201 626 lii
1228 571 1316 643 gui
1337 569 1634 641 legebantur
1655 571 1712 624 in
1740 569 2031 632 sacerdotio
2060 570 2138 626 vel
2161 571 2216 625 in
2243 586 2398 646 regno
2444 579 2624 630 sancto
2651 570 2972 648 angebantur
2991 571 3124 642 oleo,
3154 581 3203 628 et
3230 574 3467 630 unctione
3490 590 3580 628 ca-

311 671 433 742 pitis
473 670 566 728 alii
593 667 864 740 regnandi,
911 667 1004 730 alii
1042 666 1304 736 sacriﬁcia
1331 665 1581 735 pﬂ'erendi
1607 665 1926 735 accipiebant
1953 683 1987 724 α
2014 665 2236 721 Domino
2265 674 2658 738 potestatem...
2687 666 2793 722 Sed
2821 667 2949 720 illud
2977 668 3031 720 in
3063 665 3228 720 Veteri
3255 664 3576 720 Testamento

311 760 479 822 oleum
494 759 774 828 temporale
801 773 1037 830 regnum,
1062 755 1342 826 temporale
1357 754 1722 824 lsacerdotium,
1751 755 2162 828 conferebat.....
2197 755 2310 810 Hoc
2336 765 2504 812 autem
2531 756 2776 824 chrisma,
2799 757 2853 816 id
2872 765 2968 823 est,
2985 757 3093 814 haec
3114 758 3286 816 unctio
3306 773 3418 827 qua:
3438 755 3576 809 vobis

315 854 550 924 inmitti
577 862 671 920 est,
695 853 835 916 illius
862 851 1140 916 sacerdotii
1167 851 1381 914 contulit
1400 850 1718 922 dignitatem,
1741 851 1874 923 quod
1893 867 2009 908 cum
2029 852 2184 906 semel
2213 853 2453 908 collatum
2484 853 2660 923 fuerit,
2686 867 2942 924 nunquam
2963 861 3038 906 est
3057 849 3358 922 ﬁniendum.
3385 847 3577 901 Mirum

311 957 442 1004 certe
486 946 620 1018 quod
647 945 894 1010 dicimus,
936 962 1023 1000 vos
1049 944 1140 1006 illo
1165 944 1440 1008 chrismate
1466 961 1681 1014 regnum
1710 947 1898 1015 futura
1940 945 2140 1016 glorior,
2172 956 2220 1000 et
2265 945 2611 1008 sacerdotium
2639 960 2749 1000 esse
2777 954 3089 1000 consecutos.
3137 941 3322 996 Verum
3352 955 3454 991 non
3482 951 3576 1008 ego

307 1034 468 1104 vobis,
490 1037 579 1096 sed
607 1036 872 1107 apostolus
913 1033 1119 1098 Petrus,
1150 1035 1254 1088 imo
1279 1051 1371 1106 per
1399 1033 1615 1096 Petrum
1651 1031 1905 1106 Christus,
1933 1036 2178 1094 collatam
2217 1036 2351 1094 hanc
2379 1038 2679 1108 pronuntiat
2709 1035 3030 1110 dignitatem.
3080 1031 3170 1088 Sic
3197 1034 3333 1086 enirn
3354 1030 3577 1099 loquitur

314 1130 382 1183 ad
404 1130 604 1200 ﬁdeles,
623 1129 681 1183 id
699 1139 799 1199 est,
820 1127 890 1198 ad
913 1143 999 1184 eos
1027 1128 1112 1200 qui
1136 1127 1441 1199 baptismate
1467 1128 1630 1186 abluti
1657 1137 1708 1184 et
1735 1130 2010 1185 chrismate
2033 1132 2317 1186 consecrati
2344 1140 2464 1186 sunt
2487 1148 2505 1186 :
2543 1130 2648 1187 Vos
2670 1140 2840 1194 autem
2869 1145 3028 1206 genus
3057 1130 3229 1200 regale
3257 1139 3304 1182 et
3330 1123 3575 1181 sacerdo-

313 1220 433 1286 tale,
459 1222 583 1292 gens
609 1229 812 1288 sancta,
837 1228 932 1274 etc.
959 1217 1288 1274 Considerate
1314 1236 1434 1291 ergo
1456 1220 1699 1286 honorem
1721 1237 1867 1292 quem
1889 1223 1944 1276 in
1964 1223 2056 1284 illo
2082 1225 2204 1280 estis
2223 1234 2465 1294 mysterio
2490 1224 2764 1287 consecuti,
2793 1231 2896 1276 etc.
2922 1219 3128 1289 Quotus
3152 1230 3329 1275 autem
3349 1220 3576 1290 quisque

312 1321 417 1368 non
448 1311 728 1378 intelligat,
752 1310 1168 1367 conﬁrmationis
1190 1308 1336 1383 [xcv]
1359 1320 1772 1378 sacramentum,
1797 1313 1941 1382 quod
1967 1314 2219 1368 unctione
2241 1315 2575 1386 potissimum
2598 1314 2904 1380 chrismatis
2927 1313 2977 1376 in
3009 1310 3182 1376 fronte
3211 1309 3572 1394 perﬁceretur,

312 1402 399 1458 hic
427 1404 649 1475 indicari
673 1421 704 1457 a
733 1403 981 1473 Maximo,
1011 1404 1102 1474 qui
1131 1405 1357 1460 memori
1398 1414 1578 1462 mente
1630 1415 1857 1472 teneret,
1887 1421 2006 1475 quae
2043 1416 2264 1477 accepta
2295 1424 2324 1462 a
2353 1407 2569 1464 Christo
2598 1417 2755 1476 atque
2783 1407 2851 1464 ab
2881 1405 3137 1476 apostolis
3184 1404 3394 1470 tradita,
3425 1418 3576 1458 com-

313 1490 563 1561 mendata
591 1507 622 1546 a
649 1491 892 1548 Patribus
915 1503 1089 1566 essent
1111 1495 1384 1549 memoria:
1407 1495 1683 1552 hominum
1711 1499 2083 1568 sempiterna?
2106 1498 2334 1555 Sanctus
2354 1499 2652 1572 Cyprianus
2697 1480 2854 1570 epist.
2885 1498 2968 1564 70,
2997 1496 3063 1552 ad
3091 1495 3420 1557 Januarium.
3453 1509 3572 1566 pag.

320 1579 419 1634 I90
447 1583 572 1636 edit.
605 1579 774 1639 Oxon.
799 1591 888 1640 an“.
916 1585 1050 1642 1682
1079 1605 1090 1638 :
1124 1585 1263 1659 Ungi
1290 1604 1486 1661 quoque
1506 1605 1710 1644 necesse
1747 1600 1826 1644 est
1846 1608 1961 1648 eum
1989 1595 2073 1664 qui
2097 1592 2385 1664 baptizatus
2405 1596 2493 1658 sit,
2515 1603 2570 1650 ut
2591 1604 2796 1666 accepto
2823 1593 3116 1655 chrismate,
3140 1591 3194 1650 id
3223 1599 3296 1646 est
3315 1590 3574 1668 unctione,

314 1688 422 1728 esse
450 1681 628 1728 unctus
655 1672 770 1752 Dei,
794 1683 846 1730 et
870 1673 1056 1730 habere
1081 1678 1134 1730 in
1157 1694 1212 1729 se
1237 1679 1460 1748 gratiam
1489 1677 1679 1734 Christi
1707 1683 1889 1750 possit.
1922 1682 2037 1757 Huc
2063 1683 2307 1738 recidunt
2333 1700 2450 1753 qua:
2481 1686 2665 1740 scribit
2692 1696 2908 1738 sanctus
2932 1681 3192 1736 Pacianus
3226 1681 3383 1750 epist.
3419 1679 3467 1744 1,
3511 1679 3578 1735 ad

310 1761 750 1831 Sympronianum
776 1782 787 1816 :
820 1764 882 1820 Si
911 1783 1032 1840 ergo
1062 1777 1110 1822 et
1140 1767 1332 1823 lavacri
1357 1778 1406 1821 et
1432 1769 1726 1838 chrismatis
1753 1783 2002 1844 potestas,
2052 1776 2307 1846 majorum
2352 1776 2503 1852 longe
2532 1757 2897 1836 charismatum
2919 1776 2988 1830 ad
3026 1776 3287 1846 episcopos
3335 1771 3451 1828 inde
3485 1771 3576 1825 de-

304 1856 615 1911 scendit.....
641 1876 766 1931 ergo
790 1877 884 1914 nec
914 1861 1160 1927 chrisma,
1186 1879 1275 1916 nec
1305 1862 1675 1936 baptisma...”
1710 1869 1949 1935 potestati
1972 1868 2082 1938 ejus
2112 1869 2313 1926 indulta
2342 1878 2437 1936 est,
2464 1870 2584 1942 quia
2605 1870 2736 1924 nihil
2757 1870 2969 1941 propria
2997 1868 3333 1937 usurpatione
3361 1865 3577 1919 manda-

302 1957 406 2002 tum
427 1958 519 2016 est,
547 1960 807 2024 totumque
827 1953 882 2007 id
909 1970 974 2008 ea:
1003 1955 1287 2024 apostolico
1311 1955 1430 2026 jure
1459 1957 1695 2025 deﬂuxit.
1721 1955 1874 2014 Paria
1906 1959 1988 2014 his
2018 1960 2218 2018 habent
2246 1970 2462 2016 sanctus
2490 1953 2717 2038 optatus
2757 1961 3094 2016 Milevitanus
3119 1959 3210 2014 lib.
3239 1975 3294 2013 ιιι
3325 1959 3578 2013 adversus

305 2035 732 2108 Parmenianum,
754 2057 871 2112 cap.
909 2041 958 2108 5,
985 2058 1105 2113 pag.
1154 2044 1222 2096 62
1264 2044 1398 2098 edit.
1425 2046 1684 2118 Antuerp.
1713 2064 1799 2104 an.
1833 2048 1998 2118 1702;
2025 2060 2078 2105 et
2106 2053 2198 2106 lib.
2229 2069 2319 2120 vn,
2347 2069 2465 2122 cap.
2499 2035 2550 2128 4,
2581 2068 2702 2124 pag.
2742 2053 2841 2110 102
2865 2069 3048 2124 seqq.;
3075 2062 3130 2108 et
3155 2063 3370 2108 sanctus
3395 2053 3575 2120 Augu-

297 2129 470 2187 stinus
493 2131 582 2185 lib.
609 2148 677 2185 xv
699 2133 761 2185 de
787 2132 1059 2201 Trinitate,
1084 2150 1198 2205 cap.
1226 2135 1313 2202 9.6,
1341 2146 1470 2192 tom.
1496 2137 1606 2192 VIII
1633 2156 1806 2222 open,
1832 2156 1952 2214 pag.
1990 2142 2089 2198 708
2111 2145 2241 2200 edit.
2270 2146 2528 2216 Antuerp.
2559 2163 2647 2201 an.
2675 2146 2831 2212 1700,
2857 2163 2964 2218 quo
2990 2147 3108 2204 loco
3134 2155 3349 2202 unctum
3374 2145 3575 2225 Spiritu

297 2230 484 2277 sancto
507 2223 781 2278 Christum
806 2234 864 2278 ut
902 2227 1195 2290 hominem,
1231 2230 1476 2296 aﬂirmat,
1506 2249 1610 2288 non
1639 2235 1812 2304 utique
1840 2236 1952 2289 oleo
1977 2237 2183 2301 visibili,
2225 2238 2317 2290 sed
2359 2240 2495 2293 dono
2521 2243 2725 2311 gratia,
2757 2241 2892 2314 quod
2915 2240 3101 2296 visibili
3131 2241 3458 2312 signiﬁcatur
3479 2223 3575 2294 un-

298 2323 506 2382 guento,
531 2331 627 2388 quo
657 2315 946 2385 baptizatos
967 2321 1112 2392 ungit
1139 2319 1394 2376 Ecclesia.
1430 2321 1495 2376 Et
1518 2330 1749 2378 tractatu
1781 2325 1814 2378 5
1841 2327 1894 2378 in
1924 2325 2082 2382 Joan.
2115 2327 2309 2397 Epist.,
2359 2347 2506 2384 num.
2534 2329 2584 2397 5,
2619 2342 2748 2388 tom.
2778 2333 2862 2396 Ill,
2889 2342 3022 2402 part.
3056 2349 3110 2394 ιι,
3137 2348 3256 2403 pag.
3285 2333 3407 2398 616,
3440 2334 3525 2386 ubi
3560 2352 3571 2385 :

305 2405 490 2461 Unctio
531 2410 804 2478 spiritalis,
852 2411 1046 2479 inquit.
1078 2414 1186 2484 ipse
1234 2414 1459 2484 Spiritus
1491 2425 1700 2470 sanctus
1745 2425 1841 2482 est,
1873 2419 2017 2488 cujus
2039 2431 2416 2476 sacramentum
2447 2433 2521 2476 est
2543 2427 2594 2482 in
2625 2428 2864 2480 unctione
2887 2425 3089 2478 visibili.
3114 2425 3218 2479 Sed
3251 2441 3316 2480 ne
3340 2426 3577 2495 pluribus

298 2512 495 2565 morer,
535 2516 697 2556 nilum
726 2501 870 2556 illum
898 2502 1196 2558 describam
1227 2503 1402 2559 locum
1427 2506 1514 2576 qui
1541 2514 1717 2572 exstat
1740 2507 1829 2560 lib.
1858 2525 1894 2562 ιι
1923 2521 2104 2564 contra
2126 2512 2276 2582 epist.
2315 2511 2580 2588 Petiliam“,
2608 2530 2725 2586 cap.
2764 2513 2883 2580 101,
2911 2529 3030 2585 pag.
3067 2513 3181 2578 199,
3215 2524 3341 2568 ιοιιι.
3369 2513 3457 2576 IX,
3483 2516 3573 2582 qui

296 2590 448 2647 locus
465 2601 547 2646 est
569 2593 873 2661 hujusmodi
902 2612 914 2646 :
949 2594 1340 2650 Sacramentum
1363 2595 1748 2652 chrismatis....
1773 2601 1827 2652 in
1869 2618 2052 2676 genere
2081 2605 2355 2676 visibilium
2381 2607 2767 2678 signaculorum
2797 2615 3175 2660 sacramentmn
3197 2616 3289 2670 est,
3314 2607 3444 2657 sicut
3466 2608 3576 2678 ipse

295 2683 599 2755 baptismus,
650 2695 754 2741 etc.
803 2685 921 2740 Jam
978 2697 1194 2742 sanctus
1238 2688 1347 2744 Leo
1396 2689 1619 2758 Magnus
1648 2708 1809 2745 serm.
1843 2689 1929 2762 25,
1955 2696 2044 2764 qui
2069 2706 2150 2750 est
2192 2708 2413 2768 quartus
2439 2701 2501 2752 de
2532 2696 2817 2770 Natiritate
2840 2699 3068 2764 Domini,
3097 2715 3214 2769 cap.
3250 2698 3300 2762 6,
3328 2693 3448 2769 pag.
3484 2697 3567 2765 54,

297 2783 425 2828 tom.
458 2775 479 2829 l
509 2792 668 2870 oper.
685 2777 814 2833 edit.
851 2778 1007 2834 Rom.
1039 2796 1125 2832 an.
1155 2780 1308 2845 1755,
1342 2783 1598 2852 populum
1627 2783 1845 2849 docens,
1880 2788 1951 2840 ita
1980 2804 2110 2841 sane
2154 2799 2211 2844 ut
2234 2789 2494 2845 Maximus
2524 2792 2708 2846 scribit
2736 2809 2770 2860 :_
2803 2789 2921 2856 I’os,
2971 2807 3094 2863 quos
3143 2792 3296 2844 nullis
3346 2789 3566 2870 dignius.

294 2882 446 2938 quam
477 2867 609 2923 beati
632 2863 776 2924 Petri
799 2874 1017 2944 apostoli
1039 2874 1273 2947 alloquor
1293 2875 1478 2938 verbis,
1510 2893 1670 2947 genus
1700 2879 1931 2942 electum,
1960 2884 2132 2952 regale
2160 2876 2522 2948 sacerdotium,
2570 2898 2690 2944 εις..
2719 2896 3014 2956 per-manete
3042 2880 3249 2937 stabiles
3296 2886 3347 2936 in
3376 2901 3435 2936 ea
3464 2863 3568 2956 ﬁde

293 2977 446 3030 quam
475 2963 698 3034 confessi
726 2965 846 3016 estis
873 2981 1045 3017 coram
1074 2966 1249 3018 multis
1278 2967 1506 3031 testibus,
1551 2977 1600 3020 et
1632 2971 1683 3021 in
1733 2984 1830 3041 qua
1879 2972 2045 3023 renati
2071 2991 2162 3041 per
2190 2991 2375 3042 aquam
2404 2986 2452 3027 et
2493 2974 2744 3045 Spiritum
2774 2987 3024 3038 sanctum,
3055 2977 3323 3045 accepistis
3343 2976 3565 3030 chrisma

290 3052 521 3104 salutare
541 3062 591 3104 et
613 3053 933 3124 signaculum
964 3055 1077 3110 vita:
1105 3064 1330 3134 wterna'.
1363 3056 1429 3110 Et
1457 3074 1705 3113 sermone
1736 3060 1787 3123 5,
1812 3061 1902 3129 qui
1933 3061 2105 3114 dictus
2129 3063 2179 3115 in
2206 3064 2531 3117 anniversar.
2567 3064 2958 3134 Assumptionis
2977 3064 3041 3118 ad
3068 3065 3432 3134 pontificatum

255 3135 260 3138 ’
287 3137 408 3207 fuit,
437 3157 554 3211 cap.
589 3141 638 3206 1,
688 3157 807 3213 pag.
841 3143 874 3196 8
901 3163 912 3196 :
967 3143 1033 3198 In
1079 3147 1294 3210 unitate,
1327 3148 1516 3216 inquit,
1549 3149 1671 3218 ﬁdei
1693 3160 1842 3220 atque
1868 3149 2191 3224 baptismatis
2220 3153 2503 3206 indiscreta
2533 3153 2677 3207 nobis
2708 3156 2943 3218 societas,
2971 3155 3310 3220 dilectissimi,
3335 3165 3382 3207 et
3405 3171 3557 3227 gene-

288 3231 417 3283 ralis
446 3241 522 3284 est
542 3231 787 3304 dignitas,
819 3235 1096 3288 secundum
1116 3236 1245 3289 illud
1274 3235 1408 3292 beati
1432 3236 1576 3291 Petri
1604 3239 1827 3309 apostoli
1854 3245 1880 3292 .-’
1913 3239 2015 3294 Vos
2035 3251 2206 3294 autem
2228 3260 2385 3313 genus
2406 3244 2635 3304 electum,
2662 3239 2835 3316 regale
2861 3245 3221 3307 sacerdotium,
3247 3254 3340 3298 etc.
3370 3239 3561 3299 Omnes

287 3323 425 3374 enim
447 3324 499 3375 in
521 3320 725 3378 Christo
754 3336 1084 3397 regeneratos
1111 3329 1277 3381 crucis
1304 3328 1507 3398 signum
1536 3329 1686 3398 efﬁcit
1705 3341 1881 3400 .reges‘,
1914 3332 2080 3384 sancti
2112 3349 2225 3385 vero
2257 3332 2487 3400 Spiritus
2514 3335 2687 3387 unctio
2711 3345 2972 3387 consecrat
2997 3336 3320 3398 sacerdotes;
3347 3344 3402 3387 ut
3421 3351 3556 3405 prae--

287 3419 365 3463 ter
387 3412 543 3466 istam
571 3417 842 3485 specialem
864 3419 1028 3473 nostri
1057 3422 1329 3476 ministerii
1355 3425 1666 3488 servitutem,
1695 3424 1923 3478 universi
1949 3426 2208 3495 spiritales
2230 3436 2277 3479 et
2325 3413 2606 3480 rationales
2627 3425 2908 3479 Christiani
2934 3434 3216 3496 agnoscant
3245 3444 3298 3480 se
3322 3429 3448 3497 regii
3474 3445 3560 3498 ge-

285 3505 427 3557 neris
455 3515 504 3560 et
524 3507 865 3563 sacerdotalis
903 3511 1058 3582 olﬁcii
1083 3529 1193 3566 esse
1221 3526 1504 3568 consortes.
1539 3514 1691 3570 Mitto
1712 3531 1830 3585 qua:
1850 3516 1917 3570 de
1937 3516 2239 3572 chrismatis
2261 3525 2596 3572 sacramento
2627 3517 2892 3570 tradidere
2912 3516 3193 3570 Salvianus
3219 3517 3558 3572 Massiliensis

283 3593 380 3648 lib.
411 3611 467 3650 ιιι
495 3597 556 3649 de
580 3595 932 3667 Providentia,
966 3611 1019 3656 et
1052 3602 1269 3671 Vigilius
1297 3601 1584 3673 Tapsensis
1607 3606 1697 3658 lib.
1729 3621 1786 3660 ιιι
1816 3605 2348 3677 contra'Eutychem,
2383 3621 2528 3661 num.
2561 3607 2613 3670 '7,
2647 3613 2700 3658 et
2728 3612 2942 3659 sanctus
2971 3604 3202 3659 Isidorus
3233 3606 3559 3677 Hispalensis

284 3683 378 3739 lib.
404 3701 454 3741 γι
485 3684 775 3758 Originum,
807 3705 924 3760 cap.
964 3691 1044 3754 I9,
1078 3702 1132 3746 et
1155 3708 1276 3747 ven.
1309 3693 1451 3748 Beda
1479 3697 1532 3746 in
1555 3694 1681 3746 Acta
1705 3695 2057 3762 apostolorum
2085 3710 2204 3763 cap.
2241 3711 2293 3760 ιι,
2327 3705 2379 3749 et
2408 3699 2460 3749 in
2500 3695 2520 3750 I
2547 3694 2703 3749 Joan.
2736 3694 2927 3766 Epist.,
2967 3711 3084 3768 cap.
3130 3713 3186 3752 ιι.
3219 3691 3369 3753 Haud
3403 3705 3558 3756 secus

283 3791 543 3830 censuere
563 3775 941 3858 (ἱκεσίᾳ-[χρη]
967 3780 1164 3835 Confer
1185 3784 1378 3836 concil.
1412 3782 1722 3848 Laodicen.,
1756 3797 1876 3836 can.
1901 3783 1989 3848 48,
2011 3797 2130 3854 pag.
2159 3783 2280 3852 789,
2314 3795 2443 3840 tom.
2474 3785 2810 3843 IConcilior.
2835 3788 2962 3842 edit.
2997 3787 3165 3844 Paris.
3197 3807 3284 3845 an.
3324 3791 3476 3859 i7”,
3503 3802 3555 3849 et

282 3880 531 3926 sanctum
559 3863 811 3944 Cyrillum
834 3875 1400 3946 Hierosolymitanum,
1433 3877 1636 3929 catech.
1674 3873 1762 3942 ‘Zl,
1797 3891 1916 3946 qua:
1964 3886 2045 3932 est
2090 3878 2380 3952 Mystagog.
2425 3879 2477 3944 5,
2519 3885 2634 3950 quae
2672 3882 2921 3951 inscripta
2967 3887 3052 3937 est
3097 3885 3213 3961 πιέρί
3263 3893 3555 3961 Χρίσαατος

284 3961 350 4012 de
379 3958 684 4024 Chrismate,
719 3977 864 4015 num.
903 3967 924 4017 1
960 3979 1138 4032 seqq.,
1170 3979 1288 4033 pag.
1316 3961 1419 4017 515
1446 3975 1598 4034 seqq.
1627 3965 1755 4020 edit.
1805 3965 1974 4022 Paris.
2025 3984 2112 4024 an.
2166 3971 2318 4025 £720.
2353 3971 2890 4029 Animadvertendum
2922 3981 3101 4031 autem
3132 3958 3231 4042 est,
3264 3958 3553 4038 Antonium

285 4054 638 4120 Augustinum
668 4053 965 4114 Touteeum
996 4056 1314 4112 monachum
1359 4055 1760 4112 Benedictinum
1809 4063 2237 4128 congregationis
2281 4063 2463 4127 Sancti
2504 4064 2689 4129 Mauri,
2734 4067 2908 4120 virum
2948 4082 3083 4121 sane
3121 4067 3337 4124 doctum
3393 4072 3554 4141 inque

283 4144 506 4197 Patrum
545 4141 850 4199 Griecorum
881 4146 1136 4200 doctrinis
1165 4148 1474 4216 cumprimis
1502 4157 1791 4213 versatum,
1834 4150 1887 4203 in
1929 4149 2292 4208 admonitione
2333 4153 2398 4207 ad
2441 4155 2684 4224 proxime
2713 4155 2999 4211 indicatam
3030 4158 3353 4212 catechesim
3380 4163 3550 4215 sancti

278 4239 484 4313 Cyrilli,
520 4257 664 4294 num.
695 4241 746 4306 5,
783 4253 901 4311 pag.
936 4242 1143 4304 eadem,
1169 4242 1244 4296 sic
1273 4241 1473 4296 habere
1497 4260 1510 4296 :
1544 4240 1694 4306 Quod
1715 4242 2087 4312 apud'Latinos
2113 4247 2521 4316 conﬁrmationis
2542 4251 2747 4303 nomine
2767 4250 3088 4322 designatur,
3111 4251 3204 4304 hoc
3226 4251 3392 4307 Graeci
3413 4255 3549 4307 chri-

280 4343 415 4394 sma,
446 4336 522 4387 vel
547 4338 722 4410 μύρον,
751 4342 1082 4404 unguentum,
1116 4334 1376 4404 appellare
1396 4343 1777 4388 consueverunt.
1806 4334 1947 4389 Nam
1976 4337 2012 4389 ii
2040 4339 2095 4390 in
2122 4337 2215 4390 hoc
2245 4347 2567 4392 sacramento
2595 4340 2882 4392 unctionem
2914 4354 3113 4411 semper
3135 4343 3206 4394 uti
3238 4344 3547 4414 praecipuam

275 4427 388 4496 ejus
431 4433 629 4494 partem
675 4424 1218 4498 spectaverellorum
1247 4426 1440 4480 similia
1466 4433 1864 4496 persequuntur
1916 4427 2092 4480 sancti}
2114 4427 2339 4481 Basilius
2366 4425 2729 4491 Caesariensis,
2763 4427 2992 4499 Cyrillus
3020 4430 3428 4496 Alexandrinus,
3459 4433 3545 4486 alit

275 4535 508 4589 quorum
549 4521 666 4574 loca
696 4519 999 4574 describere
1042 4527 1097 4573 et
1145 4519 1366 4572 nimium
1415 4518 1632 4586 longum
1650 4521 1822 4583 esset,
1845 4526 1900 4572 et
1924 4519 2214 4574 lectoribus
2236 4519 2566 4587 aliquantum
2598 4517 2842 4574 fortassis
2862 4517 3077 4574 afferret
3099 4523 3362 4576 satietatis
3384 4530 3544 4590 atque

276 4610 491 4664 fastidii.
520 4608 623 4676 Qui
652 4609 802 4680 plura
832 4610 996 4675 volet,
1030 4611 1074 4663 is
1095 4609 1340 4664 consulat
1368 4609 1638 4677 egregiam
1666 4608 1884 4679 Josephi
1911 4609 2190 4677 Augustini
2211 4606 2327 4662 Orsi
2353 4608 2411 4663 S.
2445 4608 2508 4661 Β.
2535 4608 2598 4662 E.
2649 4609 2797 4663 card.
2833 4607 2902 4661 de
2945 4607 3236 4685 Chrismate
3263 4611 3544 4678 conﬁrma-v

276 4710 411 4761 torio
433 4707 882 4771 dissertationem,
909 4719 1030 4776 pag.
1057 4704 1162 4760 155
1181 4720 1330 4775 seqq.
1365 4704 1493 4760 edit.
1522 4703 1736 4759 Mediol.
1761 4719 1847 4757 an.
1884 4702 2039 4756 1755.
2065 4703 2196 4756 Illud
2216 4703 2343 4756 uiibi
2361 4702 2528 4770 paulo
2547 4699 2851 4766 diligentius
2877 4699 3274 4766 disquirendum
3313 4701 3540 4769 videtur,

273 4801 403 4869 quid
452 4797 540 4863 sit,
583 4800 724 4867 quod
767 4800 1088 4868 praecipuam
1131 4798 1450 4852 sacramenti
1479 4804 1688 4866 partem
1715 4795 2136 4850 confirmationis
2168 4793 2428 4846 Maximus
2450 4793 2503 4846 in
2534 4791 2785 4846 unctione
2807 4792 2997 4862 capitis
3017 4793 3330 4858 constituat,
3357 4791 3543 4849 Patres

231 4877 249 4901 ³
271 4906 404 4944 vero
428 4891 674 4960 permulti
696 4891 748 4944 in
774 4890 1024 4949 unctione
1039 4888 1547 4955 consignationeque
1571 4885 1796 4939 frontis?
1817 4884 2157 4938 Innocentius
2177 4882 2218 4946 I,
2234 4883 2390 4952 epist.
2414 4880 2503 4942 25,
2520 4896 2640 4951 quae
2657 4889 2741 4936 est
2761 4881 2829 4936 ad
2850 4881 3161 4938 Decentium
3184 4883 3538 4953 Eugubinuin,

274 4997 424 5035 num.
459 4979 510 5044 6,
543 4989 672 5034 tom.
706 4979 723 5032 I
754 4979 1043 5050 Epistolar.
1077 4979 1366 5031 Romanor.
1393 4974 1610 5047 pontif.,
1643 4987 1762 5044 pag.
1790 4972 1895 5026 858
1923 4973 2050 5028 edit.
2084 4971 2250 5028 Paris.
2284 4988 2372 5026 an.
2415 4971 2545 5026 1721
2577 4990 2590 5026 :
2642 4971 2956 5043 Presbyteri,
3006 4974 3194 5043 inquit,
3247 4977 3350 5032 sive
3393 4986 3540 5032 extra

271 5073 586 5142 episcopum,
635 5073 738 5124 sive
786 5078 1039 5140 praesente
1093 5070 1353 5139 episcopo,
1398 5079 1511 5120 cum
1560 5065 1846 5137 baptizant,
1872 5065 2148 5118 chrismate
2177 5063 2461 5135 baptizatos
2488 5081 2678 5136 ungere
2705 5065 2838 5128 licet,
2869 5063 3005 5135 quod
3031 5064 3096 5120 ab
3121 5067 3360 5135 episcopo
3389 5069 3540 5137 fuerit

237 5165 242 5168 ⁷
269 5172 668 5224 consecratum;
700 5178 800 5214 non
828 5171 998 5214 tamen
1024 5174 1271 5213 rnou'rsu
1302 5174 1364 5212 ea:
1411 5157 1587 5210 eodem
1620 5155 1731 5210 loco
1775 5159 2000 5228 signare,
2031 5156 2165 5227 quod
2190 5156 2315 5210 solis
2339 5153 2547 5209 debetur
2575 5156 2850 5225 episcOpis,
2890 5171 3006 5214 cum
3045 5156 3257 5218 tradunt
3286 5155 3539 5227 Spiritum

273 5254 610 5324 paracletum.
645 5249 839 5305 Confer
868 5251 1267 5326 annotationem
1296 5231 1594 5302 COustantii
1637 5246 1703 5301 ad
1755 5246 1999 5302 eumdem
2039 5247 2210 5301 sancti
2250 5245 2545 5301 Innocentii
2574 5233 2770 5300 locum.
2800 5243 2990 5300 Verum
3010 5245 3536 5317 Maximolquoniam

273 5357 379 5396 non
408 5325 784 5397 tractationem
807 5341 1042 5410 aliquam
1071 5342 1138 5394 de
1160 5325 1584 5395 conﬁrmationis
1605 5338 1862 5409 mysterio
1893 5338 2249 5406 theologicam
2276 5338 2529 5402 scribere.
2561 5337 2656 5393 sed
2684 5338 2997 5400 concionem
3049 5338 3116 5392 ad
3144 5339 3397 5409 populum
3441 5341 3537 5394 ha.-

267 5434 398 5488 bere
444 5431 771 5501 instituerat)
826 5445 932 5484 non
961 5439 1072 5484 tam
1117 5431 1340 5495 minute,
1367 5445 1539 5500 neque
1566 5439 1694 5495 tam,
1719 5438 1778 5484 ut
1800 5429 1969 5495 aiunt,
1996 5429 2062 5484 ad
2091 5429 2270 5484 vivum
2299 5443 2385 5483 res
2407 5425 2749 5484 concidendte
2796 5427 3205 5497 resecandazque
3231 5438 3356 5486 sunt
3378 5430 3533 5495 visae;

235 5550 239 5554 -
265 5522 365 5579 sed
387 5524 516 5578 satis
539 5522 636 5577 fuit
666 5521 841 5591 (quod
855 5519 1124 5574 interdum
1147 5521 1236 5574 alii
1257 5521 1416 5574 etiam
1442 5519 1628 5575 Patres
1650 5520 1912 5590 fecerunt)
1943 5521 2155 5592 capitis,
2179 5519 2330 5589 cujus
2352 5528 2498 5575 certe
2525 5535 2652 5590 pars
2673 5527 2757 5577 est
2777 5518 2942 5586 frons,
2967 5521 3295 5583 meminisse.

342 5613 505 5670 XXV.
548 5613 736 5669 (itl'erri
759 5606 1078 5668 sacrificium
1109 5613 1352 5680 corporis
1374 5619 1429 5667 et
1449 5613 1720 5681 sanguinis
1743 5611 1939 5670 Christi
1960 5612 2014 5666 in
2037 5610 2288 5668 Ecclesiaa
2319 5610 2596 5674 altaribus,
2619 5607 2994 5677 Christumque
3016 5611 3188 5678 ipsum
3209 5608 3384 5677 reipsa
3404 5621 3535 5677 prc-

263 5713 476 5763 sentem
508 5707 559 5758 in
589 5704 936 5759 Eucharistiw
979 5709 1314 5757 sacramento
1339 5717 1476 5766 esse,
1523 5703 1715 5771 dogma
1743 5711 1824 5757 est
1865 5702 2224 5764 orthodoxum
2251 5717 2285 5774 φ
2307 5700 2538 5756 Maximo
2566 5708 2832 5764 assertum,
2862 5714 2924 5756 ac
2950 5699 3313 5769 praedicatum.
3349 5695 3528 5766 Serui.
3585 5717 3592 5723 '

261 5794 364 5864 ~78,
391 5809 516 5865 pag.
559 5794 662 5848 599
706 5811 820 5862 seq.
851 5812 865 5848 :
900 5794 1037 5860 Quid
1063 5793 1396 5857 reverentius,
1429 5794 1619 5859 inquit,
1642 5793 1765 5857 quid
1789 5793 2142 5848 honorabilius
2185 5793 2289 5846 dici
2313 5799 2501 5860 potest,
2531 5806 2684 5862 quam
2709 5791 3018 5861 (martyres)
3047 5785 3139 5857 sttit
3183 5785 3278 5852 illa
3303 5803 3401 5857 ora
3441 5806 3530 5860 rp
