4050 6356
503 190 578 252 κ
1425 133 1438 152 ⁸
1972 189 2102 247 PRA

2284 189 2356 248 [0.
3775 194 3883 252 96

505 311 782 382 quiescere,
828 307 882 362 in
911 323 1014 382 qua
1059 306 1172 363 Deo
1209 307 1525 378 sacriﬁcium
1545 305 1852 374 celebratur,
1893 310 1949 363 in
1977 327 2078 378 qua
2100 309 2398 380 offeruntur
2421 309 2630 380 hostiae,
2656 311 2710 365 in
2733 326 2836 384 qua
2857 309 3116 366 Domsnus
3144 317 3224 365 est
3247 308 3610 366 sacerdos.....
3638 308 3878 384 Super

505 419 656 456 aiam
682 399 916 456 Christus
941 399 1308 469 imponitur....
1333 414 1489 470 super
1509 400 1676 455 altare
1717 398 1928 454 Dontini
1949 417 2138 472 corpus
2171 391 2482 471 οΙῙενιιιὶ-..η
2519 397 2600 456 Ibi
2629 419 2722 474 pro
2749 401 3104 473 peccatoribus
3127 400 3318 456 Christi
3337 401 3554 473 sanguis
3574 401 3871 472 επὶηᾶ-

508 505 608 552 tur.
642 492 1007 550 Convenienter
1026 493 1301 564 igitur...‘..
1323 492 1395 548 ibi
1415 494 1730 565 martyribus
1750 494 2022 566 sepultura
2053 495 2258 550 decreta
2287 503 2386 562 est,
2408 494 2498 549 ubi
2526 490 2671 550 mors
2701 492 2916 550 Domini
2934 492 3162 566 quotidie
3181 493 3484 560 celebratur,
3515 494 3658 548 sicut
3707 495 3868 567 ipsa

505 588 619 640 ait:
646 587 1048 654 Quotiescunque
1077 583 1187 638 hac
1215 584 1462 656 feceritis,
1483 593 1702 640 mortem
1729 601 1898 640 meam
1927 585 2328 651 annuntiabitis,
2367 585 2529 642 donec
2553 587 2874 641 ueniam.....
2904 583 3030 640 Non
3063 587 3320 641 immerito
3347 585 3504 642 ueluti
3540 589 3866 645 consortio

505 677 724 752 quodam
765 674 872 730 illic
915 675 1102 730 occisis
1143 687 1220 730 est
1251 675 1475 730 tumulus
1530 677 1867 742 constitutus,
1903 675 1922 750 [
1937 673 2110 747 xcvn]
2152 667 2239 732 ubi
2295 677 2565 732 occisionis
2614 676 2888 732 dominicae
2920 677 3150 731 membra
3189 686 3517 749 ponuntur...
3560 675 3860 750 Legimus

503 773 770 842 plerosque
805 767 1065 840 jus-torum
1105 768 1372 823 Abraham
1414 767 1610 824 sinibus
1663 770 1973 842 refoveri",
2030 785 2179 825 nemo
2220 778 2390 826 tamen
2442 769 2626 826 melius
2690 777 2878 842 prater
2923 781 3176 842 martyres
3227 772 3414 826 meruit
3463 773 3850 844 requiescere,

501 859 587 917 ubi
632 871 682 916 et
725 860 896 916 hostia
945 857 1180 914 Christus
1231 870 1308 916 est
1359 869 1410 915 et
1458 860 1734 928 sacerdos;
1779 862 2012 929 scilicet,
2063 872 2121 916 ut
2173 871 2222 917 et
2269 862 2690 934 propitiationem
2747 861 2813 918 de
2863 861 3124 918 oblatione
3169 864 3351 920 hostiae
3399 875 3848 938 consequantur,

500 963 550 1009 et
593 953 992 1008 benedictionem
1029 955 1535 1026 perfunctionemque
1579 954 1862 1010 sacerdotis
1902 955 2186 1027 excipiant.
2225 953 2360 1011 Hinc
2409 955 2569 1026 plane
2615 957 2804 1026 liquet,
2837 957 3230 1030 1"sacriﬁcari
3276 961 3344 1014 in-
3369 961 3476 1014 aris
3520 957 3846 1029 Ecclesié,

419 1073 431 1078 -
501 1045 562 1101 2'
596 1047 774 1116 o/ferri
808 1049 1034 1114 hostias;
1073 1047 1132 1102 '5‘
1173 1047 1272 1104 bas
1320 1062 1439 1104 esse
1485 1046 1745 1104 Christum
1794 1051 1887 1119 qui
1943 1063 2108 1120 super
2152 1063 2300 1104 aram
2345 1051 2647 1122 imponitur,
2696 1050 2956 1122 cujusque
3002 1068 3188 1124 corpus
3233 1061 3386 1124 super
3431 1054 3603 1108 altare
3649 1054 3848 1124 offer-

504 1152 618 1208 tur;
671 1142 728 1196 4'
756 1159 856 1215 pro
884 1143 1263 1214 peccatoribus
1311 1143 1460 1199 fundi
1494 1144 1692 1200 ibidem
1735 1144 2048 1214 sanguinem
2089 1143 2310 1212 Christi,
2359 1146 2754 1216 occisionisque
2781 1144 3066 1200 dominica
3106 1143 3346 1200 membra
3375 1145 3524 1216 poni,
3568 1155 3844 1202 mortem

501 1233 806 1289 annuuliari
861 1232 1166 1289 Servatoris
1214 1233 1417 1300 nostri;
1468 1231 1525 1288 5⁸
1569 1233 1843 1290 Christum
1907 1237 2081 1308 ipsum
2139 1236 2476 1293 sacerdotem
2527 1251 2678 1306 esse;
2727 1236 2785 1290 6°
2823 1235 3148 1292 sacriﬁcium
3203 1251 3321 1293 esse
3363 1237 3836 1308 propitiationis,

500 1335 603 1383 etc.
645 1326 784 1382 Sunt
833 1327 947 1382 haec
990 1327 1149 1397 plane
1187 1335 1549 1384 consentanea
1589 1327 1848 1384 doctrina:
1892 1326 2129 1399 Patrum.
2159 1328 2360 1386 Confer
2406 1335 2653 1385 sanctum
2703 1327 2999 1393 Thomam,
3047 1335 3190 1400 part.
3222 1343 3297 1394 ιιι,
3331 1336 3518 1399 qutcst.
3563 1329 3659 1394 82,
3703 1339 3830 1385 art.

502 1419 552 1486 1,
593 1434 702 1488 quo
741 1419 863 1474 loco
911 1416 1210 1487 Augustini,
1259 1419 1548 1486 Ambrosii,
1593 1427 1720 1486 etc.,
1765 1421 2070 1483 testimonia
2111 1421 2318 1492 profert
2355 1420 2546 1476 eadem
2584 1419 3036 1476 conﬁrmantium.
3087 1419 3224 1476 Vide
3261 1429 3523 1492 praeterea
3569 1437 3700 1493 qiue
3751 1439 3835 1479 ex

497 1509 708 1566 Justino
754 1518 1011 1583 martyre,
1062 1509 1282 1576 lrenzeo,
1333 1512 1648 1582 ueterisque
1693 1509 1944 1568 Patribus
1992 1511 2223 1569 afferunt
2265 1513 2514 1569 monachi
2558 1512 2888 1570 Benedictini
2933 1493 3367 1583 congregationis
3394 1511 3580 1570 Sancti
3613 1515 3829 1582 Mauri,

500 1598 750 1662 Maranns
780 1600 984 1673 praefat.
1036 1601 1089 1657 in
1117 1601 1312 1659 Justiti.
1343 1619 1590 1676 operum,
1632 1620 1786 1676 capp.
1823 1605 1888 1659 10
1917 1616 1972 1661 et
2010 1605 2097 1672 15,
2141 1614 2197 1662 et
2224 1606 2546 1663 Massnetius
2575 1607 2627 1665 in
2669 1607 2856 1663 Irenzei
2882 1606 3061 1666 libros
3097 1608 3308 1664 dissert.
3341 1607 3395 1674 '5,
3427 1620 3530 1664 art.
3565 1609 3621 1674 7,
3659 1626 3820 1666 num.

597 1706 773 1762 seqq.,
808 1700 868 1746 ut
893 1699 1122 1748 cmteros
1159 1695 1588 1764 praetermittam,
1630 1711 1858 1768 quorum
1897 1699 2201 1770 catalogum
2251 1708 2434 1756 texere
2484 1717 2661 1772 neque
2703 1710 2877 1769 vacat,
2928 1717 3102 1772 neque
3148 1717 3278 1756 vero
3333 1709 3417 1758 est
3456 1717 3612 1774 opus.
3652 1703 3822 1772 Quod

499 1791 680 1838 autem
732 1783 894 1838 habet
947 1782 1210 1839 Maximus
1259 1785 1328 1840 de
1377 1787 1780 1858 propitiatione,
1824 1797 1880 1843 et
1931 1789 2310 1846 benedictione
2366 1791 2682 1856 sacerdotis,
2733 1805 2893 1861 quam
2934 1791 3205 1862 excipiant
3239 1800 3526 1863 martyres,
3571 1809 3686 1848 non
3743 1810 3816 1850 eo

498 1874 750 1946 pertinet,
774 1873 929 1944 quasi
957 1875 1156 1932 sanctis
1184 1877 1528 1949 martyribus,
1562 1886 1656 1932 aut
1698 1887 2042 1950 peccatorum
2080 1881 2392 1953 quidquam,
2425 1891 2519 1938 aut
2556 1894 2742 1939 reatus
2770 1884 2912 1951 insit,
2942 1883 3086 1954 quod
3115 1883 3369 1939 luendum
3417 1885 3814 1956 propinatione

497 1967 986 2039 benediction‘eque
1032 1970 1128 2036 sit;
1155 1971 1249 2026 sed
1279 1987 1388 2042 quo
1417 1971 1470 2027 id
1510 1973 1828 2044 impetretur
1855 1975 1999 2044 quod
2029 1979 2322 2047 postulant.
2353 1978 2474 2035 Non
2513 1980 2655 2035 enim
2685 1982 2730 2036 is
2763 1979 2861 2037 fuit
2900 1980 3163 2037 Maximus
3189 1983 3282 2052 qui
3312 1981 3484 2052 culpa:
3511 1979 3804 2052 quidquam

501 2071 594 2118 aut
619 2071 801 2118 reatus
830 2065 1008 2136 inesse
1042 2064 1110 2120 iis
1141 2066 1513 2134 arbitraretur,
1543 2081 1682 2137 quos
1710 2068 1900 2124 ibidem
1925 2073 2182 2142 praedicat
2217 2089 2328 2128 esse
2367 2073 2560 2146 justas,
2591 2085 2820 2138 sanctos,
2852 2079 3212 2150 prcecipuoque
3247 2077 3358 2131 loco
3386 2085 3603 2149 prapter
3625 2076 3796 2148 ﬁdem,

495 2170 594 2227 pro
613 2171 717 2226 qua
745 2165 1068 2228 pugnarunt,
1101 2157 1387 2214 habendos.
1421 2157 1688 2216 Postulari
1717 2169 1900 2219 autem
1929 2165 2005 2218 ait
2033 2179 2063 2218 a
2094 2167 2421 2237 martyribus
2446 2167 2726 2222 vindictam
2765 2168 3040 2239 sanguinis
3069 2167 3161 2233 ibi,
3193 2167 3283 2222 ubi
3311 2183 3407 2238 pro
3447 2166 3786 2238 peccatoribus

497 2248 694 2305 Christi
721 2253 937 2323 sanguis
968 2253 1271 2322 effunditur.
1305 2247 1551 2310 Vindicta
1575 2263 1756 2310 autem
1800 2256 1888 2311 illa
1933 2257 2208 2326 sanguinis
2251 2274 2356 2314 non
2384 2259 2528 2313 aliud
2565 2259 2764 2315 indicat
2801 2274 2963 2330 quam
2993 2259 3330 2314 eversionem
3369 2258 3522 2326 regni
3572 2255 3791 2328 peccati,

492 2358 652 2412 quam
681 2343 876 2398 divinae
901 2343 1122 2414 justitize
1149 2345 1660 2414 manil‘estationein,
1693 2363 1854 2418 quam
1883 2359 1941 2406 ut
1965 2352 2230 2422 propitius
2266 2352 2338 2407 sit
2365 2353 2739 2423 peccatoribus
2761 2353 2925 2419 Deus,
2953 2353 3139 2422 eisque
3165 2351 3490 2406 benedicens
3517 2349 3719 2406 efﬁciat
3747 2358 3804 2404 nt

497 2437 832 2506 resipiscam,
865 2451 1024 2506 quam
1055 2440 1452 2497 restitutionem
1482 2449 1538 2498 et
1566 2444 2012 2512 gloriﬁcationem
2041 2461 2329 2517 corporum
2359 2457 2691 2515 sanctorum,
2723 2463 2885 2518 quam
2915 2447 3147 2516 denique
3174 2441 3472 2501 secundum
3508 2445 3803 2499 adventum

492 2533 714 2591 Christi.
745 2536 928 2592 Altare
955 2553 1118 2608 porro
1147 2553 1243 2594 seu
1269 2554 1419 2595 aram
1443 2538 1709 2596 Maximus
1735 2556 1979 2597 mensam
2005 2539 2332 2598 dominicam
2354 2552 2516 2600 vocat
2537 2551 2693 2598 tract.
2727 2539 2760 2596 5
2780 2550 2969 2598 contra
2996 2539 3225 2604 Judaeos,
3250 2554 3372 2610 pag.
3402 2537 3516 2601 745,
3542 2538 3590 2590 in
3615 2553 3806 2608 eaque

493 2633 742 2698 paratum
774 2629 851 2684 ait
875 2630 1076 2685 caeleste
1105 2632 1406 2699 convivium,
1438 2648 1644 2705 nosque
1673 2649 1796 2689 cum
1825 2632 1991 2690 David
2018 2641 2240 2690 cantare
2269 2634 2512 2705 proinde,
2543 2635 2749 2700 scribit,
2781 2651 2940 2705 posse
2966 2653 2978 2687 :
3005 2632 3260 2688 Dominus
3281 2632 3442 2703 pascit
3461 2645 3556 2693 me,
3582 2637 3632 2682 et
3667 2628 3806 2682 nihil

503 2721 627 2775 mihi
656 2720 838 2790 deerit,
863 2724 918 2778 in
945 2724 1056 2779 loco
1081 2742 1290 2797 pascuae
1326 2727 1398 2781 ibi
1428 2727 1518 2782 'me
1553 2726 1840 2782 collocarit.
1869 2725 1948 2782 De
1976 2727 2187 2783 ratione
2215 2737 2394 2785 autem
2422 2745 2528 2800 qua
2559 2739 2806 2784 tenemur
2851 2728 2997 2784 reﬁci
3039 2726 3394 2794 Eucharistia,
3425 2725 3595 2794 deque
3640 2738 3801 2794 pinna

493 2827 611 2882 qua:
642 2815 804 2870 instat
829 2817 1041 2885 indigne
1069 2833 1188 2874 eam
1219 2823 1575 2885 sumentibus,
1605 2822 1720 2878 lucc
1756 2821 1896 2876 idem
1935 2821 2096 2878 docet
2140 2823 2406 2892 Maximus
2449 2825 2671 2882 homilia
2701 2825 2790 2889 45,
2824 2839 2945 2896 pag.
2983 2822 3105 2889 158,
3138 2821 3308 2877 cibum
3337 2822 3483 2876 hunc
3500 2833 3622 2874 esse
3651 2817 3795 2870 melle

425 2897 431 2909 ’
494 2913 794 2982 dulciorem,
823 2935 971 2988 quem
991 2919 1078 2990 qui
1101 2917 1253 2972 edere
1277 2927 1326 2972 et
1348 2919 1664 2974 manducare
1691 2917 1992 2991 neglexerit,
2023 2921 2181 2975 vitam
2219 2923 2275 2975 in
2322 2925 2594 2993 semetipso
2633 2921 2821 2976 habere
2861 2937 2964 2976 non
2985 2921 3200 2993 poterit,
3232 2921 3363 2972 sicut
3403 2917 3514 2988 ipse
3549 2912 3793 2967 Dominus

497 3010 572 3063 ait
595 3025 611 3062 :
636 3007 757 3064 Nisi
785 3013 900 3083 quis
927 3013 1314 3068 manducauerit
1354 3030 1521 3068 meam
1561 3030 1790 3078 carnem,
1820 3023 1882 3088 _et
1924 3013 2104 3069 biberit
2142 2997 2309 3069 meum
2347 3017 2672 3088 sanguinem,
2719 3031 2824 3069 non
2863 3011 3068 3067 habebit
3105 3011 3264 3065 vitam
3291 3010 3344 3063 in
3379 3002 3786 3078 semetipso;sed

495 3102 662 3170 potius
685 3103 798 3172 ipse
819 3101 960 3157 cibus
983 3105 1037 3157 in
1058 3103 1315 3174 judicium
1357 3114 1696 3170 convertetur,
1736 3085 1866 3160 sicut
1901 3105 2179 3178 Apostolus
2219 3105 2390 3161 dicit:
2424 3085 2527 3172 Qui
2573 3106 2856 3163 manducat
2899 3115 2947 3159 et
2995 3103 3117 3160 bibit
3157 3101 3389 3173 indigne,
3421 3099 3682 3171 judicium
3705 3095 3790 3151 sibi

495 3193 797 3248 manducet.
828 3191 980 3259 Quod
1003 3195 1127 3268 ﬁliis
1158 3194 1328 3250 Israel
1355 3194 1614 3252 subtiliter
1641 3197 2000 3268 prophetatum
2029 3206 2104 3252 est
2131 3199 2186 3252 in
2221 3196 2568 3253 Testamento.
2603 3197 2654 3252 Μ
2664 3215 2800 3272 anna
2835 3198 2972 3258 enim
3000 3195 3106 3249 illis
3134 3202 3314 3247 contra
3343 3191 3516 3246 dicina
3546 3197 3794 3259 prtecepIa

495 3287 851 3352 tractantibus,
877 3304 1075 3343 vermes
1102 3288 1272 3358 effecti
1295 3287 1522 3354 sunt,-id
1549 3298 1646 3357 est,
1674 3291 2013 3346 contumacia:
2049 3291 2241 3346 ultores
2269 3302 2319 3346 et
2337 3291 2562 3364 judices.
2597 3289 2725 3355 Quae
2766 3288 3046 3343 similitudo
3089 3285 3347 3340 Christum
3373 3281 3581 3357 [και-ιιι]
3608 3275 3796 3336 ἱιιόἱειίε

494 3379 796 3452 Dominum,
817 3403 968 3458 quem
993 3388 1082 3459 qui
1105 3405 1316 3444 suavem
1345 3388 1513 3442 cibum
1535 3397 1585 3441 et
1615 3386 1814 3442 dulcem
1843 3396 2018 3460 potum
2049 3387 2262 3441 haurire
2290 3387 2589 3459 neglexerit,
2615 3385 2845 3457 judicem
2866 3383 3111 3456 patietur,
3143 3382 3274 3434 sicut
3303 3380 3413 3450 ipse
3437 3378 3528 3430 ait.

561 3475 748 3534 XXVI.
781 3478 895 3535 Etsi
924 3497 1032 3536 non
1061 3497 1129 3538 ex
1157 3481 1404 3538 instituto
1433 3481 1565 3552 (non
1603 3480 1747 3535 enim
1777 3480 2032 3545 occurrit,
2069 3486 2128 3534 ut
2153 3479 2277 3534 data
2309 3493 2472 3552 opera
2513 3493 2577 3532 ea
2622 3477 2690 3532 de
2726 3492 2787 3532 re
2815 3475 3042 3546 ageret),
3071 3483 3127 3528 at
3159 3473 3288 3528 satis
3329 3481 3509 3525 tamen
3537 3467 3795 3524 Maximus

490 3568 729 3623 ostendit
755 3585 875 3638 quia
891 3587 990 3628 sua
1012 3580 1157 3627 esset
1183 3573 1252 3630 de
1271 3580 1618 3644 peccatorum
1655 3569 1997 3626 confessione
2043 3569 2330 3625 sententia.
2379 3567 2553 3637 Atque
2598 3566 2688 3620 ille
2733 3566 2951 3636 quidem
2979 3563 3201 3619 humilia
3234 3557 3356 3628 115,
3388 3571 3510 3632 pag.
3543 3555 3670 3625 “582,
3701 3571 3792 3612 ne-

491 3661 799 3716 cessitatem
841 3659 1200 3721 confessicinis
1245 3661 1486 3721 indicans
1520 3683 1533 3719 :
1569 3664 1754 3718 Omnis
1803 3660 2152 3727 Christianus,
2195 3659 2387 3730 inquit,
2429 3659 2516 3731 qui
2560 3657 2665 3712 vult
2711 3674 2806 3712 sua
2845 3665 3056 3728 peccata
3100 3653 3286 3717 celare,
3339 3653 3422 3706 hic
3448 3648 3791 3719 .spiritualiter

496 3751 658 3822 culpis
679 3761 776 3807 est.
803 3753 954 3808 Sicut
975 3757 1112 3809 enim
1135 3757 1298 3827 culpis
1327 3764 1536 3827 propter
1555 3757 1766 3830 fraudes
1794 3772 1918 3810 suas
1947 3753 2176 3810 latibulis
2205 3754 2524 3816 demoratur,
2547 3752 2622 3806 ita
2642 3760 2690 3805 et
2712 3760 2953 3820 peccator
2982 3758 3156 3803 tacens
3179 3757 3388 3820 propter
3407 3744 3784 3806 conscientiam,

493 3858 703 3900 suorum
724 3854 1050 3916 peccatorum
1069 3848 1230 3920 foveis
1254 3847 1524 3903 delitescit.
1559 3847 1628 3902 Et
1655 3849 1787 3902 sicut
1827 3847 1920 3902 illa
1959 3865 2063 3903 non
2091 3849 2249 3902 audet
2286 3847 2423 3902 inter
2449 3845 2646 3900 medias
2667 3844 2932 3899 hominum
2963 3842 3137 3898 turbas
3165 3859 3366 3898 morum
3391 3857 3605 3896 suorum
3625 3846 3783 3894 osten-

497 3945 609 3992 tare
636 3939 926 4011 fallaciam,
956 3942 1031 4006 ita_
1057 3951 1107 3995 et
1143 3940 1227 3995 hic
1249 3939 1502 3995 erubescit
1527 3943 1580 3994 in
1605 3941 1774 3996 media
1803 3943 2018 3996 ecclesia
2045 3940 2446 3997 conversationis
2477 3955 2586 3994 suae
2614 3941 2894 4012 nequitiam
2920 3939 3175 4007 conﬁteri.
3199 3935 3318 3992 Jam
3338 3935 3406 3990 de
3427 3933 3790 4006 resipiscentia

497 4028 672 4098 deque
699 4045 797 4101 spe
825 4031 1168 4102 indulgentim
1189 4031 1582 4104 consequendze
1609 4033 1878 4088 disserens
1898 4047 2146 4088 sermone
2175 4032 2262 4100 59,
2289 4046 2413 4103 pag.
2439 4030 2534 4085 50l
2569 4047 2684 4102 seq.
2722 4051 2734 4086 :
2759 4034 2967 4096 Annon,
2999 4018 3188 4100 inquit,
3221 4031 3502 4085 ltetandum
3531 4031 3678 4085 nobis
3697 4039 3790 4093 est,

497 4117 676 4194 quibus
707 4119 822 4179 tiovi
851 4126 1082 4195 mysterii
1107 4135 1436 4182 sacramento
1461 4134 1672 4196 peccata
1701 4125 1973 4188 tolluntur,
2005 4124 2184 4180 cadum
2207 4125 2379 4190 datur,
2413 4125 2648 4180 redditur
2673 4126 2950 4198 paradisus
2966 4125 3054 4180 ?...
3090 4125 3278 4179 Omnia
3307 4124 3528 4179 latronis
3558 4131 3795 4178 anteacta

495 4218 694 4273 scelera
719 4221 874 4274 unius
895 4221 1134 4274 meritum
1158 4219 1502 4291 confessionis
1526 4219 1766 4284 absolvit,
1792 4229 1842 4272 et
1867 4217 2114 4291 quidquid
2139 4217 2295 4291 longa
2325 4227 2478 4274 nitate
2505 4218 2810 4291 deliquerat,
2845 4218 3146 4273 brevissimo
3175 4233 3409 4272 sermone
3441 4215 3647 4270 delevit.
3681 4211 3792 4268 Nec

496 4311 756 4368 latrocinii
785 4330 899 4367 eum
927 4314 1007 4367 sui
1036 4313 1177 4386 apud
1209 4313 1370 4366 Deum
1411 4315 1624 4383 sanguis
1671 4313 1956 4376 damnavit,
1997 4311 2116 4384 quia
2159 4311 2350 4366 Christi
2399 4313 2705 4384 sanguinem
2751 4327 2965 4382 regnum
3003 4309 3220 4364 credidit
3265 4325 3396 4373 esse,
3428 4324 3534 4362 non
3567 4323 3789 4379 poenam.

497 4399 651 4468 Quod
679 4407 896 4479 factum,
927 4406 1208 4474 carissimi,
1259 4406 1499 4462 universo
1537 4407 1803 4462 hominum
1831 4406 2002 4477 generi
2041 4407 2344 4478 profecisse,
2376 4423 2480 4461 non
2511 4405 2722 4460 dubium
2748 4415 2842 4460 est.
2877 4401 3022 4460 Nam
3049 4405 3162 4476 quis
3196 4403 3259 4456 de
3289 4401 3385 4455 Dei
3413 4403 3606 4474 gratia,
3641 4400 3795 4455 abso-

495 4499 604 4554 luto
624 4498 850 4564 latrone,
884 4498 1140 4585 desperet,
1167 4498 1214 4554 si
1237 4507 1406 4555 tamen
1435 4499 1812 4571 supplicantem
1843 4503 2020 4570 preces
2047 4497 2267 4553 latronis
2297 4498 2574 4552 credulitas
2604 4497 2977 4568 subsequatur?
3007 4493 3273 4549 Habemus
3300 4502 3350 4547 et
3377 4493 3522 4548 aliud
3550 4493 3798 4564 magni/i-

495 4611 611 4650 cum
657 4596 934 4652 dominica:
973 4597 1184 4667 pietatis
1229 4595 1539 4667 exemplum,
1581 4612 1680 4668 quo
1727 4609 1930 4649 omnem
1977 4593 2262 4664 mortiferas
2305 4591 2680 4662 desperationis
2707 4590 3040 4664 formidinem
3079 4589 3408 4660 deponentes,
3440 4587 3504 4642 de
3543 4585 3798 4656 ineffabili

502 4686 862 4758 Redemptoris
888 4693 1053 4745 nostri
1081 4690 1408 4762 indulgentia
1435 4689 1778 4760 conﬁdamus.
1805 4684 1932 4740 Cum
1959 4686 2096 4739 enim
2123 4684 2495 4739 condemnatus
2515 4683 2579 4736 ab
2608 4684 2784 4753 impiis
2805 4682 3048 4753 penderet
3074 4678 3306 4735 Christus
3336 4681 3388 4734 in
3420 4695 3590 4744 cruce,
3624 4679 3799 4749 furor—

497 4793 594 4848 que
621 4777 873 4832 Judaicus
895 4779 1134 4834 illuderet
1158 4779 1439 4850 Cruciﬁxo,
1471 4781 1870 4850 omnipotentem
1905 4777 2115 4832 Patrem
2153 4774 2564 4847 interfectoribus
2607 4776 2714 4830 suis
2757 4775 2866 4844 ipse
2910 4775 3043 4828 inter
3082 4773 3292 4827 uulnera
3329 4771 3446 4843 pius
3481 4769 3801 4840 suffragator

497 4866 703 4934 orabat,
733 4870 911 4924 dicens
941 4887 957 4924 :
994 4869 1170 4935 Pater,
1203 4871 1405 4925 dimitte
1425 4873 1529 4925 illis
1553 4889 1570 4926 :
1598 4864 1832 4926 nesciunt
1877 4871 1998 4943 quid
2028 4870 2246 4940 faciunt,
2291 4877 2395 4924 etc.
2429 4867 2504 4925 De
2531 4867 2932 4938 pmuitentibus,
2973 4864 3042 4920 de
3083 4865 3276 4920 horum
3315 4861 3591 4931 gradibus.
3623 4861 3800 4930 deque

497 4959 622 5015 data
653 4960 784 5031 ipsis
812 4969 1158 5032 peccatorum
1201 4963 1523 5017 remissione
1563 4977 1592 5016 a
1629 4962 2017 5024 sacerdotibus,
2050 4961 2245 5030 quibus
2280 4961 2348 5017 de
2387 4961 2547 5016 rebus
2573 4961 2662 5016 alii
2697 4958 2882 5013 Patres
2909 4958 3199 5020 disserunt,
3233 4955 3496 5011 Maximus
3526 4972 3635 5010 non
3666 4955 3794 5018 agit,

498 5053 644 5126 quod
673 5064 862 5110 sancto
891 5055 1116 5111 antistiti
1145 5055 1420 5135 orationes
1449 5055 1515 5110 ad
1541 5057 1800 5127 populum
1829 5054 2047 5109 habenti
2079 5053 2145 5110 de
2167 5054 2356 5110 iisdem
2379 5053 2689 5124 disputandi
2717 5052 3094 5122 opportunitas
3134 5065 3241 5105 non
3271 5049 3575 5110 obtulisset,
3603 5061 3793 5118 quein-

499 5146 789 5202 admodum
813 5163 880 5203 ne
905 5147 972 5203 de
997 5157 1238 5204 extrema
1267 5149 1520 5204 unctione
1548 5148 1784 5219 quidem.
2675 5163 2682 5174 ·

570 5238 782 5295 XXVII.
815 5239 1132 5298 Sacerdotio
1159 5241 1612 5312 quemadmodum
1643 5241 1921 5298 habendus
1947 5241 2018 5294 sit
2054 5243 2246 5303 honos,
2279 5242 2512 5296 ostendit
2541 5242 2806 5296 Maximus
2833 5241 3023 5296 homil.
3053 5237 3144 5306 85,
3180 5252 3302 5309 pag.
3331 5235 3458 5300 285,
3487 5253 3596 5307 quo
3625 5237 3744 5292 loco
3776 5253 3792 5289 :

501 5331 561 5388 Si
588 5333 881 5405 diligenter,
913 5333 1104 5402 inquit,
1136 5333 1357 5388 audistis
1383 5333 1729 5405 evangelicum
1759 5331 2047 5393 lectionem,
2073 5330 2358 5404 intelligere
2384 5333 2620 5402 potestis,
2649 5347 2764 5403 qua:
2781 5333 3034 5388 ministris
3057 5349 3118 5386 ac
3142 5329 3494 5386 sacerdotibus
3527 5327 3623 5382 Dei
3651 5343 3796 5384 rere-

498 5426 666 5481 rentia
693 5424 958 5479 debeatur.
1005 5423 1134 5479 Nam
1173 5425 1274 5480 hos
1307 5423 1538 5496 Spiritus
1576 5423 1746 5478 sancti
1785 5421 2220 5477 remuneratione
2267 5423 2466 5478 ditatus
2503 5437 2644 5486 esse,
2687 5437 2751 5480 ac
2795 5421 2988 5492 pignus
3014 5421 3247 5492 Spiritus
3287 5419 3558 5490 accepisse
3586 5417 3787 5480 scribit,

499 5514 839 5583 ordinatione
867 5515 1081 5593 quidem
1111 5523 1259 5571 certe
1291 5531 1461 5569 Luam
1485 5528 1590 5584 qua
1619 5515 1720 5569 alia
1763 5515 1992 5578 ratione,
2037 5530 2104 5569 ne
2132 5503 2394 5585 suspicari
2419 5513 2636 5583 quidem
2687 5529 2926 5584 possum.
2967 5512 3101 5568 Eam
3127 5513 3211 5568 “ob
3240 5527 3460 5568 causam
3509 5511 3666 5566 altari
3695 5523 3790 5563 eos

500 5605 720 5676 servire,
745 5607 1145 5674 animadvertit,
1168 5608 1276 5664 hoc
1302 5616 1386 5663 est
1413 5615 1702 5677 potestate,
1733 5622 1896 5677 quam
1915 5615 2040 5662 sunt
2067 5607 2364 5671 consecuti,
2391 5622 2506 5662 rem
2533 5606 2767 5663 divinam
2799 5605 2994 5674 Facere,
3015 5621 3192 5678 exque
3213 5607 3370 5662 altari
3391 5605 3620 5676 proinde
3645 5605 3790 5676 ipsus

498 5695 682 5756 vivere
707 5709 980 5771 oportere.
1011 5700 1203 5758 Cibum
1224 5701 1489 5770 praeterea
1514 5699 1663 5754 verbi
1691 5699 1786 5755 Dei
1813 5715 1842 5754 a
1872 5699 2242 5755 sacerdotibus
2269 5715 2388 5756 esse
2420 5699 2620 5770 populo
2649 5699 3030 5768 corrigendum
3053 5699 3235 5759 docet.
3267 5697 3328 5754 ld
3354 5713 3550 5755 munus
3577 5697 3793 5776 episeo-

3973 3683 3975 3830 Ψ

3973 3873 3975 3962 ψ
