4050 6356
195 317 270 379 tn
1633 311 2020 374 purum.
3413 315 3500 390 93

191 432 279 504 pis
303 433 615 507 cumprimis
641 441 972 508 competere,
1003 434 1198 505 quibus
1223 448 1330 488 non
1355 431 1720 489 docendorum
1761 437 1934 490 solum
1964 435 2306 506 populorum,
2337 435 2432 490 sed
2463 447 2626 493 etiam
2654 437 2890 496 sontium
2927 439 3341 510 punlendorum,
3363 456 3500 516 pro-

189 529 657 602 hibendorumque
683 529 1068 586 communione
1107 543 1402 593 sacrorum,
1453 525 1624 603 [seu]
1667 526 1757 597 jus
1803 527 1998 594 inesse,
2041 526 2343 584 conﬁrmat.
2385 529 2460 585 Ac
2487 529 2556 585 de
2584 532 2819 610 pignore
2835 532 3050 603 quidem
3075 531 3328 604 Spiritus.
3360 542 3493 599 εις..

187 621 338 692 quod
364 623 679 681 sacerdotes
705 623 1036 693 acceperint,
1069 620 1244 690 deque
1273 620 1645 677 sacerdotibus
1675 616 1862 674 iisdem
1892 619 2048 675 altari
2075 619 2492 676 inservientibus
2523 621 2635 678 hzec
2673 621 2763 677 ille
2795 623 2954 692 tradit
2995 624 3182 679 homil.
3216 622 3336 686 ιη,
3371 637 3493 696 pag.

155 703 301 790 3388
328 731 448 787 seq.
475 714 742 773 πευστιιὲηο
761 724 811 771 et
831 714 944 771 Deo
972 713 1277 781 militamus,
1311 714 1442 768 sicut
1468 714 1544 768 ait
1573 712 1847 780 Apostolus
1877 729 1895 767 :
1926 711 2095 768 Nemo
2137 713 2369 768 militans
2410 711 2520 769 Deo
2557 715 2788 786 implicat
2813 733 2869 770 se
2895 717 3115 790 negotiis
3143 715 3498 774 secutoribus.

201 807 479 875 Videntur,
506 811 734 883 inquam,
759 825 865 864 non
892 809 1121 864 militare
1140 807 1370 862 remissis
1394 823 1456 860 ac
1484 805 1762 878 ﬂuentibus
1793 805 2003 870 tunicis,
2035 805 2128 859 sed
2163 803 2408 860 habemus
2437 805 2636 861 militia:
2663 817 2858 862 nostra:
2896 808 3178 880 cingulum,
3209 826 3310 882 quo
3338 811 3500 866 casti-

161 897 374 958 'monia
395 903 665 959 interiora
693 903 1143 975 constringuntur,
1175 900 1241 954 de
1268 917 1368 972 quo
1399 898 1604 970 cingulo
1633 897 1890 954 Dominus
1924 898 1998 952 ait
2032 898 2102 952 ad
2144 901 2408 970 apostolos
2437 915 2596 954 suos:
2623 898 2742 954 Sint
2769 898 2926 954 lumbi
2963 903 3116 956 uestri
3141 905 3428 973 pracincti,
3452 911 3504 959 et

200 996 436 1052 lucerna:
461 995 705 1052 ardentes
739 995 796 1051 in
830 994 1068 1049 manibus
1103 995 1306 1050 vestris.
1341 991 1538 1048 Milites
1565 993 1724 1066 igitur
1751 991 1942 1058 Christi
1964 1009 2160 1078 sumus,
2191 1001 2242 1046 et
2269 993 2580 1065 stipendium
2608 993 2673 1047 ab
2712 994 2826 1064 ipso
2851 995 3144 1069 donumque
3171 998 3500 1067 percipimus,

197 1085 335 1140 sicut
363 1085 492 1140 dicit
520 1084 700 1141 beatus
727 1085 1006 1153 Apostolus
1034 1101 1051 1140 :
1085 1083 1186 1150 Qui
1213 1084 1355 1140 dedit
1380 1083 1528 1140 nobis
1557 1084 1743 1156 pignus
1773 1085 2023 1156 Spiritus,
2063 1084 2156 1139 hoc
2194 1094 2288 1150 est,
2318 1085 2406 1164 qui
2453 1083 2683 1158 Spiritus
2729 1088 2901 1141 sancti
2948 1105 3044 1144 nos
3085 1093 3502 1146 remuneratione

197 1174 448 1233 ditavit...
473 1176 773 1234 Cotltolicus
801 1179 1018 1234 clericus
1040 1179 1138 1232 hac
1163 1177 1420 1233 sententia
1447 1179 1718 1232 retinetur.
1753 1175 1974 1233 Si-enim
2001 1195 2104 1232 non
2134 1186 2401 1233 contentus
2427 1179 2698 1250 stipendiis
2728 1181 2905 1251 fuerit,
2937 1197 3050 1254 qua!
3077 1181 3142 1237 de
3170 1183 3345 1249 altari,
3388 1182 3500 1240 Do-

196 1269 338 1326 mino
352 1269 590 1344 jubente,
621 1272 983 1344 consequitur;
1004 1271 1096 1326 sed
1123 1279 1327 1325 exercet
1351 1271 1709 1334 mercimonio,
1741 1269 2132 1326 intercessiones
2153 1269 2340 1332 uendit,
2367 1269 2636 1324 viduarum
2663 1287 2878 1326 munera
2917 1272 3134 1329 libenter
3155 1276 3500 1346 amplectitur,

200 1363 283 1421 hic
306 1365 606 1439 negotiator
626 1366 792 1436 magis
807 1372 972 1434 potest
991 1362 1152 1418 videri
1171 1378 1327 1434 quam
1351 1362 1589 1417 clericus.
1613 1359 1732 1416 Jam
1755 1376 1887 1418 vero
1915 1361 2102 1416 homil.
2130 1359 2216 1427 I2,
2248 1373 2370 1432 pag.
2401 1359 2496 1415 571
2523 1375 2662 1430 seq.,
2687 1359 2754 1417 de
2777 1361 2934 1419 Verbi
2958 1364 3123 1419 divini
3154 1364 3500 1435 praedicandi,

201 1460 374 1534 deque
396 1461 792 1534 puniendorum
831 1461 1064 1518 sontium
1086 1459 1210 1530 jure
1243 1457 1312 1515 ad
1349 1460 1663 1516 sacerdotes
1690 1468 1990 1531 spectante,
2023 1476 2160 1532 quos
2199 1459 2390 1531 apibus
2429 1468 2729 1532 comparat,
2761 1459 3032 1517 disserens
3064 1479 3076 1516 :
3110 1459 3267 1528 Bene,
3308 1461 3500 1532 inquit,

203 1551 338 1620 dixi,
367 1557 608 1611 examine
632 1555 986 1621 sacerdotum;
1007 1555 1127 1627 quia
1157 1555 1292 1609 sicut
1311 1572 1432 1626 apes
1453 1555 1518 1608 de
1541 1553 1839 1610 divinarum
1860 1554 2252 1628 Scripturarum
2282 1554 2513 1624 ﬂosculis
2543 1556 2721 1611 suavia
2746 1555 2900 1612 mella
2929 1557 3232 1628 conﬁciunt,
3263 1566 3313 1610 et
3349 1555 3502 1629 quid-

203 1646 329 1718 quid
357 1647 428 1702 ad
454 1647 759 1703 medicinam
777 1648 998 1720 pertinet
1022 1650 1336 1714 animarum,
1360 1650 1468 1704 oris
1497 1649 1579 1703 sui
1599 1657 1712 1704 arte
1738 1655 2072 1720 componunt.
2106 1646 2262 1702 Recte
2283 1656 2656 1718 comparantur
2683 1648 2865 1719 apibus
2888 1649 3204 1716 sacerdotes,
3227 1649 3348 1724 quia
3370 1651 3501 1704 sicut

201 1756 324 1813 apes
351 1741 640 1795 castitatem
659 1741 892 1812 corporis
919 1743 1228 1813 praeferunt,
1261 1739 1431 1795 cibum
1457 1741 1574 1796 vitte
1596 1741 1815 1796 cwlestis
1844 1739 2102 1804 exhibent,
2127 1739 2358 1793 aculeum
2389 1738 2521 1810 legis
2541 1747 2801 1794 exercent.
2839 1739 2969 1795 Puri
2998 1741 3133 1795 enim
3163 1739 3235 1794 ad
3255 1739 3494 1812 sancti/i-

198 1832 468 1899 cationem,
491 1850 673 1888 suaves
702 1834 773 1888 ad
799 1835 1154 1906 refectionem,
1180 1834 1344 1890 severi
1373 1833 1444 1889 ad
1469 1833 1734 1888 ultionem.
1773 1833 1963 1906 Apibus
1997 1831 2152 1904 plane
2189 1839 2308 1885 sunt
2335 1831 2698 1900 comparandi,
2731 1833 2818 1904 qui
2856 1831 2993 1887 celat
3022 1831 3249 1888 alvcario
3277 1832 3498 1904 quodam

196 1925 368 1997 gratia
407 1927 590 1980 matris
637 1923 890 1982 Ecclesia.-
931 1926 1284 1990 continentur,
1324 1925 1379 1980 in
1407 1943 1508 1997 qua
1547 1925 1865 1980 diversorum
1894 1924 2194 1977 meritorum
2217 1921 2430 1976 cellulas
2463 1920 2785 1977 dulcissimis
2812 1920 3270 1993 praedicationibus
3299 1940 3500 1993 compo~

195 2024 391 2080 nentes,
415 2015 482 2070 de
499 2032 605 2071 uno
628 2014 925 2074 Saluatoris
947 2017 1188 2072 examine
1207 2014 1623 2072 Christianorum
1643 2017 1888 2071 examina
1917 2015 2078 2069 multa
2098 2013 2456 2084 producunt...
2496 2010 2816 2070 Praedicatio
2837 2015 3123 2070 sacerdotis
3149 2017 3199 2069 in
3224 2014 3370 2087 plebe
3397 2015 3500 2071 δαίς

195 2105 376 2162 condis
402 2117 481 2162 est
514 2111 788 2176 correctio,
829 2120 880 2165 et
923 2111 1235 2164 contestatio
1270 2108 1592 2180 judicandis.
1631 2105 1993 2162 Contestamur
2026 2107 2162 2162 enim
2197 2103 2301 2158 illis
2327 2113 2448 2159 ante
2463 2103 2742 2172 judicium,
2771 2107 2910 2177 quod
2935 2107 3052 2162 illos
3084 2117 3291 2161 maneat
3313 2109 3366 2160 in
3393 2107 3501 2178 ipso

189 2201 416 2274 judicio,
450 2212 559 2260 etc.
594 2203 1059 2272 Quemadmodum
1091 2213 1270 2259 autem
1301 2205 1584 2275 episcopus
1613 2203 1828 2269 docere,
1859 2203 2087 2266 hortari,
2121 2215 2364 2266 munere,
2396 2210 2720 2270 redarguere
2749 2202 2931 2266 etiam,
2964 2202 3008 2256 si
3038 2217 3174 2272 opus
3213 2201 3300 2264 sit,
3333 2216 3501 2272 popu~

193 2294 308 2349 Iun
332 2292 552 2358 debeat,
576 2295 803 2365 intelligi
825 2312 895 2352 ex
924 2313 1089 2351 serta.
1121 2294 1343 2350 Maximi
1374 2295 1476 2348 105
1505 2296 1665 2364 plane
1693 2303 1892 2365 potest.
1925 2295 2016 2350 Sic
2044 2310 2174 2349 vero
2203 2293 2292 2348 ille
2331 2293 2481 2357 ibid.,
2519 2307 2642 2364 pag.
2675 2292 2799 2360 659,
2827 2294 3015 2348 scribit
3046 2311 3057 2345 :
3085 2292 3370 2356 Interdum,
3392 2295 3502 2366 [ra-

197 2390 326 2450 tres,
359 2402 474 2440 cum
495 2386 861 2455 praedicamus,
893 2387 1150 2459 plerisque
1175 2403 1345 2440 sermo
1367 2396 1540 2440 noster
1562 2387 1759 2440 videtur
1783 2389 2037 2458 asperior,
2066 2399 2116 2443 et
2139 2407 2200 2444 ea
2227 2407 2343 2462 mue
2377 2388 2658 2446 secundum
2698 2386 2930 2460 regulam
2957 2388 3336 2458 prosequimur,
3370 2389 3445 2440 ita
3470 2403 3502 2440 a

196 2478 470 2536 nonnullis
499 2482 847 2551 accipiuntur,
879 2481 1030 2561 quasi
1051 2489 1246 2536 nostrae
1266 2482 1554 2535 severitatis
1583 2483 1888 2538 austeritate
1915 2493 2241 2554 promantur.
2285 2485 2479 2540 Dicunt
2506 2485 2642 2540 enim
2668 2501 2685 2538 :
2711 2480 2880 2550 Quam
2909 2483 3038 2537 dure
3067 2493 3117 2537 et
3155 2499 3334 2537 amare
3365 2499 3504 2554 prat-

193 2571 389 2630 dicavit
415 2579 707 2650 episcOpus,
736 2581 1038 2651 ignorantes
1064 2578 1202 2648 quod
1237 2577 1524 2632 sacerdotis
1547 2579 1827 2633 necessitas
1857 2580 2029 2651 major
2053 2589 2131 2634 est
2153 2598 2307 2652 quam
2330 2581 2586 2637 uoluntas.
2621 2577 2940 2644 Necessitas,
2974 2579 3202 2650 inquam,
3234 2578 3406 2648 major
3428 2586 3504 2632 est

192 2665 426 2732 dicendi,
457 2685 562 2724 non
589 2669 727 2742 quod
752 2686 920 2724 rerum
946 2668 1289 2740 prosequendi
1309 2667 1440 2722 desit
1471 2667 1642 2722 volunt
1679 2686 1723 2732 s,
1755 2667 1848 2722 sed
1866 2671 1988 2740 quia
2013 2671 2216 2725 tacendi
2247 2671 2509 2726 silentium
2535 2671 2714 2724 statuti
2751 2686 2904 2740 paena
2935 2667 3229 2740 depellitur.
3263 2664 3506 2723 Necessi-

194 2769 352 2817 tatem
375 2763 624 2834 patimur,
655 2762 780 2818 dum
810 2765 1065 2824 timemus,
1099 2778 1160 2816 ac
1187 2778 1279 2832 per
1307 2761 1404 2816 hoc
1431 2761 1664 2832 cogimur
1684 2761 1800 2831 plus
1828 2778 1981 2832 posse
2007 2779 2162 2834 quam
2191 2762 2344 2829 uelle;
2385 2771 2435 2818 et
2468 2760 2740 2817 metuenda
2769 2762 2889 2817 aliis
2924 2762 3223 2834 ingerimus,
3257 2759 3377 2816 dum
3404 2761 3506 2833 ipsi

191 2851 351 2907 saluti
371 2855 604 2924 propria
625 2855 985 2926 formidamus.
1017 2851 1145 2908 Htec
1167 2865 1336 2908 autem
1363 2863 1440 2908 est
1468 2853 1696 2908 conditio
1739 2854 2094 2925 prtedicantis,
2128 2864 2180 2909 ut
2211 2871 2314 2910 non
2353 2855 2565 2910 alterius
2603 2863 2816 2926 peccata
2865 2863 3046 2917 taceat,
3079 2855 3125 2908 si
3161 2870 3256 2910 sua
3285 2853 3390 2909 vult
3418 2852 3506 2910 de-

193 2943 396 3001 clinare
422 2955 664 3019 peccato;
693 2957 742 3002 et
771 2945 848 3023 [ε]
877 2947 1153 3002 emendare
1181 2946 1508 3020 objurganda
1535 2949 1774 3020 fratrem,
1804 2958 1862 3002 ut
1888 2949 1942 3002 in
1972 2965 2026 3003 se
2054 2949 2216 3019 possit
2245 2965 2348 3003 non
2377 2947 2594 3017 perdere
2620 2946 2961 3003 sacerdotem.
2989 2945 3240 3001 Craterum
3262 2947 3307 3000 si
3330 2945 3504 3000 rolne-

193 3041 264 3095 rit
289 3040 645 3108 dissimulare,
686 3043 857 3109 silere,
890 3042 1092 3107 celare;
1121 3054 1170 3098 et
1197 3044 1345 3098 illum
1377 3044 1594 3099 tacendo
1624 3061 1728 3099 non
1756 3045 1988 3115 corrigit,
2011 3055 2068 3118 ,ει
2096 3063 2151 3100 se
2177 3063 2282 3102 non
2308 3046 2644 3118 pradicando
2683 3049 2978 3104 contemnit.
3019 3046 3210 3104 Melius
3239 3058 3315 3102 est
3341 3049 3503 3120 igitur

191 3132 519 3204 increpando
540 3133 816 3188 emendare
841 3143 1106 3214 peccatum
1131 3152 1285 3208 quam
1313 3135 1513 3191 silendo
1542 3137 1804 3207 peccantis
1833 3137 2022 3190 delicta
2051 3139 2325 3210 suscipere.
2362 3137 2426 3194 In
2468 3140 2564 3194 hoc
2595 3141 2734 3194 enim
2773 3141 2926 3210 positi
2955 3158 3148 3206 sumus,
3179 3152 3235 3194 ut
3261 3143 3307 3195 si
3337 3140 3505 3195 delin-

191 3222 466 3294 quentibus
489 3239 593 3278 non
619 3239 794 3278 eorum
821 3223 1019 3279 scelera
1048 3223 1354 3286 dixerimus,
1385 3225 1634 3280 scelerum
1655 3228 1884 3296 ipsarum
1905 3229 2062 3284 etiam
2090 3247 2185 3285 nos
2214 3239 2388 3285 reatus
2418 3231 2660 3286 inuoluat.
2695 3229 2840 3284 Nam
2868 3233 2943 3285 sic
2971 3233 3144 3302 utique
3168 3232 3294 3286 dicit
3323 3231 3507 3287 Domi-

191 3329 290 3368 nus
311 3329 408 3384 per
435 3312 740 3384 prophetam
770 3329 788 3366 :
820 3311 889 3367 Et
917 3321 992 3380 tu,
1023 3315 1103 3386 ﬁli
1126 3315 1368 3381 hominis,
1396 3317 1774 3389 speculatorem
1801 3319 1920 3374 dedi
1963 3331 2012 3375 te
2043 3321 2221 3376 domui
2251 3320 2442 3386 Israel,
2481 3331 2531 3376 et
2570 3322 2749 3376 audies
2779 3339 2842 3376 ex
2873 3339 2962 3376 ore
2987 3340 3098 3376 meo
3137 3322 3362 3385 verbum,
3395 3340 3507 3378 cum

192 3402 362 3458 dicam
393 3405 654 3475 peccaturi
676 3421 694 3458 :
725 3401 898 3458 Morte
925 3407 1182 3472 morieris,
1205 3415 1256 3460 et
1283 3423 1387 3462 non
1415 3407 1660 3481 loqueris,
1691 3421 1747 3463 ut
1769 3420 1947 3465 caveat
1975 3410 2165 3482 impius
2191 3411 2255 3466 de.
2282 3413 2362 3468 via
2385 3429 2503 3478 sua,
2532 3413 2644 3482 ipse
2669 3413 2874 3484 iniquus
2902 3413 2957 3466 in
2984 3413 3256 3482 iniquitate
3274 3427 3368 3468 sua
3396 3431 3508 3468 mo-

191 3495 390 3560 rietur;
432 3496 740 3567 sanguinem
773 3506 944 3551 autem
975 3497 1086 3568 ejus
1119 3498 1183 3553 de
1207 3516 1365 3553 manu
1390 3508 1480 3554 tua
1508 3503 1786 3575 requiram.
1818 3501 2045 3559 Evidens
2072 3505 2230 3575 plane
2264 3515 2315 3560 et
2349 3505 2632 3577 manifesta
2665 3507 2942 3570 sententia,
2973 3523 3088 3580 qua:
3115 3507 3508 3576 speculatorem,

191 3606 285 3643 cur
309 3590 550 3656 tacuerit,
590 3592 844 3661 sanguine
882 3589 1067 3662 polluit
1093 3593 1391 3658 criminosi;
1423 3611 1516 3648 nec
1545 3604 1790 3650 contenta
1835 3603 1933 3660 est,
1965 3597 2102 3668 quod
2148 3597 2378 3666 iniquum
2417 3597 2635 3652 damnat
2663 3599 2932 3670 iniquitas,
2964 3599 3064 3653 nisi
3091 3609 3142 3653 et
3181 3598 3326 3654 illum
3365 3616 3508 3655 reum

191 3691 414 3749 statuat,
445 3683 530 3754 qui
550 3682 784 3736 eamdem
807 3683 1131 3754 iniquitatem
1170 3686 1336 3738 noluit
1366 3685 1652 3756 increpare.
1696 3685 1877 3739 Videte
1905 3703 2025 3756 ergo
2053 3695 2302 3758 quantum
2341 3687 2534 3742 malum
2561 3689 2630 3744 sit
2659 3688 3019 3762 delinquentis.
3054 3687 3370 3764 Delinquens
3398 3693 3508 3763 ipse

191 3784 394 3847 peccat.
419 3784 470 3829 et
497 3771 739 3829 sacerdos
768 3776 1020 3846 arguitur.
1057 3775 1180 3846 Ipse
1205 3792 1261 3829 se
1288 3776 1488 3830 delictis
1517 3778 1623 3830 suis
1655 3777 1886 3848 jugulat,
1930 3787 1978 3830 et
2019 3779 2082 3833 de
2117 3796 2274 3834 manu
2319 3782 2546 3852 episcopi
2573 3783 2786 3856 sanguis
2824 3785 3130 3856 exquiritur.
3162 3783 3499 3857 Loquendum

191 3880 272 3926 est
300 3871 467 3941 igitur
493 3879 542 3924 et
571 3869 922 3935 clamandum,
955 3888 1019 3925 ne
1046 3871 1310 3925 silentium
1339 3879 1572 3924 nostrum
1599 3871 1651 3924 in
1681 3871 1765 3925 die
1785 3869 1973 3942 judicii
2000 3872 2136 3928 idem
2162 3884 2403 3946 peccator
2429 3885 2666 3940 excuset;
2697 3884 2748 3930 et
2766 3876 2854 3950 qui
2878 3874 3174 3933 dissimulat
3192 3896 3305 3934 esse
3331 3880 3503 3950 parti-

91 3956 101 3962 ’
193 3979 318 4034 ceps
350 3963 671 4027 sanctitatis,
699 3965 820 4016 tunc
846 3964 1042 4017 socium
1069 3963 1372 4017 criminetur
1411 3965 1671 4020 erroris...
1717 3961 2026 4036 Speculator
2063 3967 2236 4039 utique
2269 3966 2478 4032 dicitur,
2515 3970 2602 4042 qni
2634 3969 2788 4025 relati
2814 3973 2870 4026 in
2908 3972 3132 4044 quadam
3161 3971 3366 4027 sublimi
3387 3989 3510 4030 arce

197 4053 494 4109 consistens
521 4050 782 4121 adjacenti
811 4052 1002 4123 populo
1024 4053 1292 4123 prospicit,
1323 4069 1390 4107 ne
1421 4052 1534 4126 quis
1561 4053 1616 4108 in
1644 4070 1760 4108 eum
1800 4053 1968 4111 subito
2015 4055 2174 4111 hostis
2213 4054 2454 4128 obrepat;
2485 4057 2578 4112 sed
2605 4058 2668 4114 de
2705 4060 2797 4116 illo
2836 4061 3055 4117 sollicite
3093 4079 3271 4116 curam
3295 4061 3507 4129 habens,

193 4143 343 4215 plebs
362 4144 512 4216 pacis
533 4141 806 4198 dulcedine
822 4143 1082 4212 potiatur;
1107 4144 1192 4214 qui
1221 4145 1266 4200 si
1291 4143 1490 4216 aliquid
1509 4144 1712 4199 adversi
1738 4155 1948 4217 repente
1977 4148 2317 4219 conspexerit,
2349 4163 2472 4204 mox
2499 4148 2711 4215 indicet,
2743 4161 3040 4207 constanter
3067 4155 3356 4216 annuntiat,
3383 4161 3510 4209 utet

193 4238 321 4292 civis
348 4234 424 4290 ad
441 4233 725 4290 cauendum
744 4233 1027 4305 periculum
1055 4235 1124 4289 sit
1143 4244 1378 4318 paratus,
1407 4245 1458 4290 et
1477 4235 1642 4291 hostis
1671 4237 1841 4309 fugiat
1862 4237 2230 4309 deprehensus.
2262 4236 2516 4294 Caeterum
2536 4241 2602 4306 si,
2627 4253 2841 4313 urgente
2871 4241 3188 4309 adversario,
3217 4243 3510 4312 speculator

194 4332 624 4398 dissimulaverit,
657 4333 892 4397 tacuerit,
921 4317 1236 4402 neglexerit;
1261 4341 1380 4388 tunc
1403 4333 1484 4405 fit,
1507 4343 1564 4387 ut
1582 4334 1883 4405 inopinatus
1906 4317 2290 4406 prteoccupetur
2327 4335 2566 4407 populus,
2597 4346 2646 4391 et
2675 4337 2912 4392 inimicus
2933 4337 3295 4407 superveniens
3319 4334 3508 4390 debac-

198 4431 399 4494 chetur,
424 4437 580 4502 atque
607 4427 725 4483 ideo
755 4428 924 4482 omnis
947 4427 1102 4498 culpa
1121 4429 1170 4482 ei
1198 4427 1494 4493 ascribitur,
1526 4429 1612 4502 qui
1641 4429 1780 4502 loqui
1809 4429 1994 4496 noluit,
2026 4439 2084 4483 ut
2120 4429 2345 4484 salvaret
2371 4428 2656 4501 plurimos;
2683 4428 2774 4484 sed
2804 4438 2974 4482 tacere
3006 4427 3209 4488 maluit,
3233 4436 3288 4480 ut
3315 4428 3509 4496 periret

198 4525 307 4596 ipse
334 4539 456 4578 cum
479 4519 735 4594 pluribus.
774 4520 887 4578 Hos
925 4539 1050 4594 ergo
1077 4523 1424 4594 speculatores
1453 4540 1486 4578 a
1515 4521 1740 4579 Domino
1771 4526 2095 4590 constitutos,
2121 4541 2249 4598 quos
2286 4540 2398 4578 esse
2426 4524 2664 4589 dicimus,
2695 4524 2796 4577 nisi
2841 4522 3162 4576 beatissimos
3190 4522 3504 4585 sacerdotes,

197 4621 286 4693 qui
315 4619 454 4675 velut
479 4618 537 4672 in
565 4617 771 4674 sublimi
799 4617 1026 4691 quadam
1063 4634 1184 4673 arce
1211 4620 1482 4690 sapientia:
1525 4620 1768 4676 collocati
1804 4618 1875 4674 ad
1912 4620 2180 4674 tuitionem
2219 4617 2547 4690 populorum,
2581 4616 2990 4686 super-venientia
3035 4613 3175 4665 mala
3197 4614 3393 4668 eminus
3423 4615 3508 4668 in-

201 4723 430 4780 tuentur,
459 4722 510 4766 et
530 4711 702 4766 adhuc
726 4709 878 4783 longe
903 4711 1061 4784 positi
1083 4711 1500 4782 contemplantur
1525 4713 1700 4783 futura
1731 4711 2008 4782 supplicia,
2037 4727 2142 4764 non
2164 4709 2300 4764 oculi
2322 4706 2555 4762 carnalis
2577 4707 2804 4790 intuitu,
2831 4705 2922 4758 sed
2945 4703 3234 4774 prudentia:
3254 4705 3507 4776 spiritalis

202 4816 432 4879 aspectu.
459 4802 530 4859 Et
549 4803 670 4859 ideo
702 4814 870 4859 tacere
889 4821 992 4860 non
1017 4813 1250 4876 possunt,
1291 4803 1382 4858 sed
1409 4805 1636 4859 clamare
1657 4811 1930 4875 coguntur,
1957 4819 2022 4855 ne
2049 4818 2140 4871 per
2162 4799 2423 4854 silentium
2453 4813 2657 4870 gregem
2685 4793 2878 4851 Christi
2913 4793 3148 4851 diabolus
3179 4797 3270 4852 hos
3295 4797 3337 4852 is
3357 4800 3507 4854 inra-

203 4896 310 4954 dat.
353 4895 640 4954 Consulito
668 4903 928 4965 praeterea
957 4909 1262 4951 sermonem
1293 4893 1414 4960 104,
1447 4908 1569 4965 pag.
1620 4891 1720 4946 661
1754 4907 1906 4962 seqq.
1938 4890 2014 4945 De
2045 4888 2168 4960 jure
2207 4905 2318 4960 quo
2355 4889 2676 4946 criminosos
2714 4889 3000 4961 episcopus
3029 4889 3194 4960 possit
3224 4891 3510 4961 prohibere

204 4989 528 5060 privareque
556 4987 936 5043 communione
965 4995 1259 5050 sacrorum,
1292 4985 1498 5058 paucis,
1529 4985 1625 5041 sed
1671 4984 1804 5039 satis
1843 4983 2111 5053 esplicate
2151 4983 2261 5053 agit
2300 4981 2562 5040 Maximus
2597 4983 2815 5053 humilia
2845 4983 2933 5048 i7,
2983 4997 3105 5054 pag.
3145 4982 3272 5051 146;
3325 4987 3510 5044 δυ’ὶὺίι

208 5085 347 5140 enim
371 5103 384 5138 :
412 5081 737 5140 Criminosos
763 5082 991 5154 episcopi
1011 5068 1269 5154 sententia
1297 5079 1483 5152 projici
1505 5078 1568 5133 de
1595 5077 1859 5134 consortio
1884 5074 2205 5132 Christiano.
2239 5075 2320 5131 Ad
2348 5091 2625 5132 sacrorum
2654 5076 2796 5132 enim
2826 5077 3115 5145 antistites,
3147 5077 3341 5147 quibus
3369 5095 3508 5137 onus

209 5183 291 5231 est
318 5175 634 5246 impositum
663 5152 925 5229 tractandi
953 5152 1248 5239 Evangelii,
1279 5171 1534 5242 pertinet.
1563 5167 1742 5223 sordes
1771 5175 2040 5238 amputare
2067 5165 2408 5238 papulorum;
2438 5166 2866 5238 quemadmodum
2905 5167 2974 5221 ad
3001 5168 3198 5240 ferrum
3223 5176 3508 5241 gestantem

151 5331 155 5336 ,
211 5270 494 5339 agricolam
515 5273 718 5338 spectat
743 5274 1006 5320 sarmenta
1029 5265 1278 5337 deputare
1310 5266 1603 5328 uinearum;
1635 5260 1856 5318 homilia
1885 5259 1972 5325 57,
2004 5273 2126 5332 pag.
2157 5260 2282 5315 111.

280 5359 372 5434 [et]
403 5355 642 5414 XXVIII.
669 5354 747 5410 De
779 5355 978 5424 nuptiis
1003 5355 1081 5409 sic
1110 5353 1273 5409 habet
1301 5353 1520 5408 humilia
1549 5352 1640 5420 25,
1683 5365 1806 5424 pag.
1835 5349 1902 5405 67
1935 5369 1947 5406 :
1989 5350 2150 5406 Vadit
2177 5351 2248 5406 ad
2273 5355 2482 5426 nuptias
2509 5351 2606 5408 Dei
2638 5351 2686 5408 F
2688 5353 2808 5410 ilius
2826 5394 2842 5419 ,
2871 5364 2929 5410 ut
2965 5372 3092 5428 quas
3135 5356 3327 5413 dudum
3361 5370 3506 5430 pote-

213 5457 344 5505 state
367 5448 658 5510 constituit,
690 5455 811 5500 tunc
839 5446 1132 5517 prtesentiaz
1163 5460 1272 5499 sum
1305 5443 1656 5500 benedictione
1687 5445 1999 5515 sanctificet.
2030 5444 2098 5500 Et
2128 5445 2316 5500 homil.
2353 5446 2442 5513 I7,
2472 5461 2596 5517 pag.
2625 5446 2691 5502 50
2723 5466 2736 5502 :
2770 5445 2883 5502 Nec
2911 5449 3102 5513 minus,
3134 5449 3324 5517 inquit.
3351 5451 3506 5501 etiam

216 5544 356 5599 nobis
385 5539 755 5598 exsultandum
782 5548 879 5606 est,
911 5555 972 5594 eo
1002 5537 1138 5612 quod
1166 5539 1222 5592 in
1250 5539 1346 5592 hac
1375 5541 1730 5595 sacratissima
1761 5541 1864 5594 aiei
1899 5541 2052 5612 hujus
2084 5524 2445 5613 (Epiphaniae)
2472 5543 2786 5608 celebritate,
2820 5546 2954 5599 sicut
2982 5555 3202 5617 paterno
3233 5539 3510 5597 traditione

216 5633 536 5697 tnstruimur,
566 5632 678 5701 ipse
709 5629 944 5684 Christus
979 5626 1232 5683 Dominus
1260 5638 1435 5683 noster
1475 5630 1544 5683 ad
1571 5638 1806 5684 terrenas
1827 5631 2076 5685 invitatus
2099 5635 2311 5704 nuptias
2340 5634 2648 5702 advenerat,
2679 5653 2780 5692 non
2809 5646 2866 5689 ut
2904 5635 2996 5690 illa
3027 5636 3366 5704 delectaretur
3384 5648 3514 5689 con-

217 5727 363 5793 uiuio,
403 5725 498 5782 sed
535 5733 594 5778 ut
627 5724 922 5794 nuptiarum
959 5739 1014 5779 se
1027 5734 1152 5779 'esse
1182 5721 1560 5778 demonstraret
1585 5732 1864 5791 auctorem,
1900 5709 2208 5798 easdemque
2235 5742 2606 5784 ssacrtrtcsss
2637 5729 2827 5782 divina.
2843 5727 3004 5797 ipsius
3043 5725 3382 5778 innotesceret
3407 5726 3514 5782 uir-

219 5823 322 5888 tus,
350 5825 454 5876 etc.
