4050 6356
551 241 632 302 se
1191 294 1198 300 .
2016 240 2418 322 rursm.
3781 243 3918 310 suo

618 352 812 413 XXIX.
843 356 1134 420 Ecclesiam
1167 373 1200 416 e
1217 358 1424 416 Christi
1451 357 1760 417 Servatoris
1787 357 1961 414 latere
1997 356 2330 428 salutarique
2358 355 2582 414 vulnere
2608 370 2879 426 manasse,
2907 353 3132 416 Patrum
3161 357 3239 429 (a)
3269 363 3593 418 actamrum
3633 357 3910 419 dicendi

501 496 510 504 .
549 451 814 508 rationem
846 452 1102 519 imitatus,
1129 453 1315 511 scribit
1343 453 1608 510 Maximus
1633 453 1820 508 homil.
1857 449 1944 518 55,
1974 466 2098 524 pag.
2132 450 2255 520 172,
2289 459 2345 507 et
2372 467 2535 508 serm.
2567 451 2655 519 51,
2686 465 2807 524 pag.
2841 451 2965 519 486,
2997 451 3090 508 ubi
3123 470 3135 506 :
3167 449 3232 505 In
3267 449 3398 522 ipsa,
3431 450 3629 520 inquit,
3677 452 3906 510 armasti

553 529 810 600 nascentis
835 548 1066 612 exordio,
1101 537 1214 606 cum
1249 559 1418 607 mater
1443 551 1536 607 illa
1570 553 1800 607 omnium
1825 551 2100 606 viventium
2126 549 2244 605 Eua
2271 549 2336 606 de
2363 550 2668 607 dormientis
2693 549 2822 606 Adi:
2848 560 2992 607 costa
3022 550 3275 624 producta
3302 558 3410 616 est;
3441 560 3610 606 mater
3642 553 3902 608 univer-

548 620 725 690 sarum
752 636 1065 708 credentium
1091 639 1328 698 Ecclesia
1353 659 1418 699 ac
1438 644 1598 699 latere
1617 642 1812 700 Christi
1830 646 1886 700 in
1906 662 2058 700 cruce
2083 646 2352 700 morientis
2373 645 2759 702 demonstratur
2777 647 3063 701 uascitura.
3092 644 3224 714 Quae
3248 645 3468 714 quidem
3489 654 3896 720 eqspectas,

548 716 610 803 ut
629 729 891 800 sanguine
919 739 975 786 et
1001 749 1143 804 aqua
1173 750 1206 790 e
1230 735 1398 792 latere
1427 736 1628 793 Christi
1656 737 2002 794 manantibus
2029 747 2273 794 sanctam
2305 737 2598 796 Ecclesiam
2624 737 2788 795 fuisse
2814 735 3167 808 signiﬁcatam
3190 716 3644 793 commonstreht.
3688 735 3902 810 Atque

547 817 653 876 huc
680 819 1033 880 revolvuntur
1067 841 1189 897 qua:
1216 827 1377 884 docet
1402 837 1618 886 sanctus
1647 829 1978 898 Augustinus
2001 846 2255 889 sermone
2283 830 2336 896 5,
2367 833 2501 888 alias
2530 831 2582 898 1,
2611 847 2678 888 ex
2717 831 3128 895 Sirmondianis,
3161 846 3310 886 num.
3344 830 3413 898 5,
3446 839 3578 886 ιοω.
3615 830 3665 885 ν
3711 846 3890 909 oper.

545 909 674 965 edit.
709 912 972 986 Antuerp.
1005 933 1095 972 an.
1128 917 1284 975 1700.
1316 919 1471 988 Nam,
1501 922 1626 996 quid
1651 922 1906 995 profluxit
1939 921 2002 976 de
2029 921 2210 989 latere,
2245 923 2436 994 inquit,
2470 924 2572 980 nisi
2604 932 2988 980 sacramentum
3014 921 3152 991 quod
3178 922 3435 992 accipiunt
3466 920 3710 992 fideles?
3751 920 3894 994 Spi-

544 996 697 1066 i'itus,
729 1007 940 1074 sanguis
961 1011 1012 1060 e‘t
1035 1024 1288 1080 aqua.....
1320 1009 1402 1066 De
1438 1013 1552 1086 ipsa
1579 1015 1835 1085 sanguine
1857 1022 1908 1068 et
1932 1029 2070 1086 aqua
2095 1010 2424 1088 signiﬁcatur
2447 1023 2576 1070 nata
2607 1013 2862 1070 Ecclesia.
2895 1013 2964 1068 Et
2989 1013 3196 1087 quando
3216 1014 3373 1068 exivit
3393 1014 3608 1091 sangtis
3637 1021 3702 1068 et
3734 1031 3890 1090 σφι

545 1087 608 1144 de
635 1089 832 1148 latere?
858 1092 988 1151 Cum
1003 1099 1120 1170 jam
1149 1100 1399 1156 dormiret
1420 1099 1658 1158 Christus
1681 1101 1736 1158 iis
1759 1120 1926 1158 cruce.
1961 1101 2100 1169 Quia
2125 1103 2295 1168 Adam
2315 1105 2370 1159 in
2398 1104 2649 1176 paradiso
2677 1119 2912 1160 mnuum
2940 1105 3158 1176 accepit,
3186 1113 3238 1157 et
3253 1103 3330 1158 sic
3348 1102 3438 1158 illo
3460 1087 3524 1157 de
3542 1102 3732 1157 latere
3764 1087 3888 1158 Era

543 1193 796 1260 producta
817 1202 910 1246 est.
942 1191 1053 1248 Cur
1076 1210 1240 1265 porro
1262 1197 1522 1265 sanguine
1541 1208 1597 1254 et
1623 1213 1763 1270 aqua
1785 1198 2119 1268 signiﬁcetur
2144 1197 2404 1264 Ecclesia,
2437 1213 2508 1254 ex
2531 1199 2598 1254 iis
2622 1197 2962 1269 perspicitur,
2993 1211 3114 1267 quae
3138 1195 3374 1252 Joannes
3400 1195 3884 1276 Chrysostomus,

544 1281 665 1337 loco
697 1285 944 1353 proxime
965 1287 1220 1353 indicato,
1251 1289 1646 1347 animadvertit.
1679 1289 1855 1364 Atque
1882 1292 1930 1348 is
1961 1311 1974 1345 ε
2007 1291 2091 1347 Ea:
2113 1291 2227 1358 illa,
2257 1292 2451 1363 inquit,
2481 1308 2638 1364 aqua,
2668 1301 2719 1346 et
2736 1292 2991 1364 sanguine
3017 1299 3126 1346 tota
3154 1297 3361 1364 constat
3387 1286 3656 1344 Ecclesia.
3696 1284 3884 1346 Testis

535 1382 618 1426 est
655 1375 766 1444 ipse
787 1376 961 1432 dicens
993 1395 1011 1432 :
1050 1377 1176 1435 Nisi
1204 1382 1293 1451 qui
1334 1391 1546 1438 renatus
1573 1385 1732 1455 fuerit
1759 1401 1826 1440 ea:
1853 1402 1989 1457 aqua
2017 1393 2068 1439 et
2093 1385 2300 1454 spiritu,
2332 1401 2436 1439 non
2468 1393 2638 1454 potest
2665 1384 2882 1439 introire
2907 1385 2962 1438 in
2990 1399 3205 1456 regnum
3233 1382 3594 1438 ctelorum.....
3615 1461 3622 1468 ο
3640 1379 3732 1436 Et
3771 1400 3878 1438 ισ-

542 1459 738 1519 tlcimur
764 1468 973 1540 quidem
1002 1489 1096 1543 per
1123 1489 1312 1546 aquam
1341 1473 1686 1545 baptismatis,
1713 1479 1904 1532 alimur
1932 1487 2105 1532 autem
2143 1494 2235 1550 per
2268 1479 2596 1550 sanguinem.
2633 1475 2787 1534 Vides
2807 1478 3060 1551 quomoda
3089 1479 3252 1533 simus
3275 1495 3341 1534 ea:
3381 1495 3536 1533 carne
3556 1461 3682 1550 ejus
3721 1490 3784 1533 et
3812 1496 3878 1534 es

547 1555 750 1612 ossibus
783 1557 914 1630 ejus,
945 1555 1069 1616 dum
1098 1579 1166 1618 ea:
1191 1567 1447 1638 sanguine
1469 1568 1562 1623 illo
1591 1579 1641 1622 et
1669 1577 1935 1641 aquatum
1963 1569 2248 1634 nascimur,
2277 1576 2383 1621 tum
2419 1567 2644 1622 alimur?
2671 1565 2744 1639 (b)
2775 1566 2843 1621 Et
2863 1565 3290 1640 quemadmodum
3332 1568 3533 1622 Atlanta
3559 1567 3874 1622 domsiente

547 1649 734 1705 mulier
751 1662 829 1707 est
858 1655 1090 1722 condita,
1133 1659 1208 1712 sic
1248 1653 1457 1713 Christo
1483 1669 1690 1714 mortua
1729 1660 1870 1731 facta
1898 1668 1974 1714 est
2002 1657 2240 1712 Ecclesia
2276 1674 2342 1712 ea:
2373 1657 2486 1731 ejus
2516 1656 2696 1712 latere.
2730 1649 2950 1712 Scilicet
2975 1657 3069 1727 qui
3099 1655 3393 1712 Ecclesiam
3416 1658 3774 1712 constituunt
3802 1673 3868 1713 ex

545 1758 686 1814 aqua
715 1747 889 1802 renati
911 1757 1057 1813 sunt.
1091 1751 1416 1822 alunturque
1444 1753 1706 1821 sanguine
1726 1751 2050 1808 Servatoris.
2078 1751 2197 1818 Quo
2217 1749 2435 1820 quidem
2457 1749 2706 1806 recidunt
2732 1765 2852 1820 quae
2879 1749 3144 1805 Maximus
3164 1749 3386 1805 homilia
3415 1747 3502 1816 55,
3532 1752 3870 1822 complexus

545 1846 627 1892 est
657 1853 778 1908 pag.
814 1839 1238 1913 174.‘Pra:terea
1270 1841 1569 1901 Ecclesium
1598 1845 1751 1899 navis
1777 1845 1948 1899 instar
1975 1858 2124 1908 esse,
2156 1839 2308 1912 cujus
2338 1839 2505 1922 figura
2533 1839 2697 1896 fuerit
2733 1856 2856 1896 arca
2889 1837 3106 1908 Noemi,
3139 1835 3428 1911 Scripturis
3469 1841 3862 1914 majommque

547 1927 822 1984 traditioni
851 1927 1114 1987 Maximus
1144 1933 1418 2000 insistens,
1446 1935 1610 1991 docet
1635 1948 1760 2006 pag.
1795 1933 1922 2000 487,
1954 1941 2010 1988 et
2049 1933 2146 1988 hor

2262 1951 2270 1986 ι
2301 1929 2388 2000 55,
2419 1945 2543 2002 pag.
2593 1927 2728 1996 174,
2760 1939 2816 1984 et
2841 1944 3092 1985 sermone
3121 1927 3208 1993 94,
3241 1943 3364 1999 pag.
3399 1925 3526 1995 641,
3553 1929 3650 1986 ubi
3675 1949 3692 1984 :
3730 1929 3861 1996 Quae

542 2019 709 2086 navis,
743 2021 932 2092 inquit,
965 2023 1020 2076 in
1051 2023 1212 2078 altum
1254 2025 1436 2080 swculi
1475 2025 1630 2098 hujus
1670 2026 1745 2079 ita
1786 2033 1966 2090 natat,
1997 2033 2056 2078 ut
2094 2032 2338 2095 pereunte
2365 2021 2580 2087 munda,
2611 2038 2788 2076 omnes
2825 2037 2951 2094 quas
2991 2021 3208 2092 suscipit
3247 2029 3414 2075 servet
3438 2019 3659 2078 illazsos.
3693 2023 3850 2096 Cujus

543 2107 768 2182 ﬁguram
781 2111 898 2182 jam
920 2113 974 2166 in
1007 2110 1120 2188 [cn]
1158 2104 1330 2170 Veteri
1359 2114 1588 2171 videmus
1613 2115 1963 2184 Testamenta.
1984 2116 2132 2171 Sicut
2161 2116 2298 2169 enim
2320 2111 2440 2169 Nae
2467 2132 2612 2179 arca,
2645 2115 2994 2186 naufragante
3020 2111 3234 2180 munda,
3251 2125 3484 2181 cunctos,
3517 2133 3649 2189 quos
3678 2135 3844 2173 susce-

542 2211 713 2270 perat,
742 2202 1024 2258 incolumes
1065 2205 1378 2272 resert'avit;
1415 2205 1490 2259 ita
1522 2215 1573 2261 et
1613 2203 1761 2260 Petri
1785 2203 2027 2260 Ecclesia
2044 2246 2058 2271 ,
2095 2204 2458 2276 conﬂagrante
2484 2203 2694 2269 satcula,
2727 2219 2911 2258 omnes
2938 2219 3066 2274 quas
3095 2201 3427 2275 amplectitur
3456 2209 3832 2276 reprcesentebit

539 2293 756 2361 illaesos,
800 2305 850 2348 et
880 2297 1031 2360 sicut,
1075 2305 1198 2350 tunc
1228 2305 1498 2353 transacto
1528 2295 1740 2363 diluvio,
1777 2295 1850 2352 ad
1883 2314 2062 2352 arcam
2091 2293 2210 2352 Nae
2241 2295 2478 2351 columba
2501 2296 2708 2368 signum
2736 2297 2882 2366 pacis
2907 2294 3118 2360 detulit;
3153 2296 3227 2350 ita
3255 2304 3307 2351 et
3335 2297 3599 2352 transacto
3622 2301 3834 2372 judicio,

541 2375 612 2441 ad
640 2384 932 2442 Ecclesium
963 2385 1107 2442 Petri
1137 2385 1373 2443 Christus
1402 2389 1546 2460 pacis
1572 2389 1819 2462 gaudium
1849 2389 2033 2462 defert.
2066 2389 2244 2460 Atque
2273 2388 2672 2458 Scripturarum
2701 2385 2918 2456 quidem
2945 2387 3268 2444 auctoritate
3296 2389 3508 2446 ostendi
3535 2403 3736 2463 potest,
3769 2411 3844 2456 ar.

540 2493 659 2535 cam
699 2475 890 2535 Noemi
931 2479 1094 2536 fuisse
1122 2479 1378 2538 Ecclesiae
1405 2482 1706 2554 symbolum
1741 2498 1835 2538 seu
1879 2481 2123 2552 figuram.
2160 2481 2291 2538 Vide
2324 2480 2620 2553 EpiStolam
2662 2482 2898 2552 priorem
2927 2483 3099 2538 sancti
3129 2479 3295 2549 Petri,
3327 2499 3449 2555 cap.
3481 2502 3572 2552 tu,
3600 2503 3744 2542 vers.
3778 2485 3846 2542 ει)

539 2587 655 2642 seq.
683 2569 902 2627 Patrum
931 2582 1133 2641 autem,
1165 2577 1259 2646 qui
1288 2576 1430 2630 idem
1463 2578 1638 2646 ipsum
1669 2575 2058 2640 confirmarint,
2092 2576 2484 2631 vetustissimus
2529 2575 2773 2630 Justinus
2801 2583 3004 2648 martyr
3031 2575 3148 2631 fuit.
3197 2574 3396 2633 Confer
3423 2580 3532 2644 ejus
3554 2575 3845 2652 Dialoguns

540 2682 658 2720 cum
689 2665 962 2740 Tryphone
990 2684 1135 2723 num.
1165 2663 1254 2736 88,
1285 2684 1409 2740 pag.
1439 2667 1546 2722 212
1573 2669 1702 2726 edit.
1728 2668 1918 2726 Venet.
1949 2685 2037 2724 an.
2072 2667 2229 2724 1747.
2264 2665 2417 2724 Hunc
2438 2679 2521 2724 est
2548 2678 2766 2724 secutus
2794 2663 3172 2735 Tertullianus,
3203 2670 3297 2739 qui
3327 2667 3422 2728 lib.
3451 2672 3509 2726 ds
3536 2665 3839 2741 Baptismo.

542 2774 662 2830 cap.
695 2757 746 2828 8,
790 2775 912 2832 pag.
945 2759 1051 2814 227
1079 2761 1208 2817 edit.
1243 2761 1463 2818 Veneta:
1490 2778 1580 2818 an.
1615 2759 1774 2826 1744,
1810 2759 2274 2827 Quemadmodum,
2310 2763 2511 2832 inquit,
2544 2771 2659 2834 post
2698 2779 2862 2835 aquas
2901 2761 3101 2829 diluvii,
3130 2761 3312 2836 quibus
3346 2765 3590 2840 iniquitas
3618 2769 3838 2841 antiqua

536 2863 762 2924 purgata
803 2850 902 2916 est,
945 2863 1063 2924 post
1103 2853 1416 2925 baptismum
1445 2854 1522 2926 (ut
1551 2854 1625 2908 ita
1656 2853 1902 2926 dixerim)
1933 2855 2134 2921 mundi,
2163 2872 2342 2926 pacem
2381 2855 2600 2910 cwlestis
2628 2853 2722 2910 ira:
2743 2871 2912 2928 praeco
2935 2855 3173 2910 columba
3204 2857 3358 2913 terris
3386 2861 3718 2916 annuntiurit
3749 2861 3835 2918 de-

536 2944 699 2998 missa
727 2960 793 2998 ea:
822 2963 968 3012 arca,
1001 2951 1050 3001 et
1091 2963 1206 3000 cum
1234 2946 1350 3001 olea
1379 2963 1586 3002 reuersa
1615 2963 1632 3002 :
1662 2946 1802 3018 quod
1828 2949 2032 3020 signum
2061 2949 2220 3003 etiam
2249 2948 2389 3020 apud
2416 2950 2654 3004 nationes
2683 2951 2830 3021 pacis
2859 2951 3230 3021 praetenditur;
3273 2953 3455 3010 eadem
3497 2953 3830 3028 dispositione

537 3037 790 3108 spiritalis
819 3039 1053 3117 effectus,
1088 3049 1262 3105 teme,
1294 3039 1350 3096 id
1374 3053 1451 3099 est
1479 3045 1626 3098 carni
1648 3054 1864 3110 nostris,
1895 3045 2176 3118 emergenti
2205 3045 2267 3100 de
2296 3046 2522 3112 lavacra,
2554 3049 2672 3117 post
2702 3055 2869 3100 vetera
2898 3045 3110 3114 delicta,
3143 3047 3378 3104 columba
3406 3051 3578 3105 sancti
3611 3049 3820 3124 Spiritus

535 3127 763 3197 advolat,
791 3147 972 3203 pacem
991 3112 1096 3188 Dei
1115 3133 1364 3204 a/ferens,
1394 3138 1584 3192 emissa
1611 3138 1676 3194 de
1705 3137 1864 3204 caelis,
1897 3139 1984 3193 ubi
2011 3138 2270 3196 Eccaesu
2294 3158 2392 3197 εει·
2420 3158 2558 3198 ARCA
2587 3159 2865 3199 l-‘lGUItA'l‘A.
2896 3143 3254 3203 Consentium
3283 3152 3502 3202 sanctus
3529 3143 3823 3222 Cyprianus

535 3217 630 3275 lib.
667 3220 732 3276 de
764 3220 974 3279 Unilate
1011 3223 1285 3293 Ecclesiae,
1319 3241 1440 3300 pag.
1472 3227 1576 3296 109
1604 3227 1734 3285 edit.
1763 3223 1939 3288 Oxon.
1977 3248 2065 3287 an.
2093 3225 2250 3302 1682,
2276 3235 2365 3290 ubi
2405 3254 2417 3289 :
2453 3235 2513 3290 Si
2543 3239 2728 3307 patuit,
2762 3236 2950 3307 inquit,
3000 3237 3218 3295 evadere
3243 3242 3540 3316 quisquam,
3685 3253 3828 3298 extra

534 3329 714 3369 arcam
747 3313 868 3393 lVae
893 3318 1026 3391 fuit;
1059 3327 1110 3374 et
1129 3319 1220 3393 qui
1247 3329 1396 3375 extra
1424 3317 1722 3378 Ecclesium
1749 3325 1883 3396 foris
1911 3325 2088 3397 fuerit,
2119 3325 2323 3382 evadat.
2352 3323 2532 3383 Monet
2560 3327 2837 3395 Dominus,
2869 3341 2918 3384 et
2947 3331 3072 3386 dicit
3097 3351 3115 3388 :
3149 3331 3250 3398 Qui
3277 3313 3384 3392 non
3411 3347 3493 3392 est

532 3425 710 3464 versus
740 3427 820 3466 me
848 3419 946 3478 est,
979 3419 1030 3467 et
1055 3413 1145 3488 qui
1173 3430 1278 3470 non
1309 3429 1506 3470 mecum
1535 3411 1752 3489 colligit,
1785 3420 2100 3489 spargit.....
2137 3419 2238 3485 Qui
2265 3422 2388 3476 alibi
2419 3432 2604 3492 prater
2647 3421 2937 3478 Ecclesium
2966 3424 3182 3508 colligit,
3215 3430 3434 3501 spargit,
3464 3444 3574 3487 etc.
3605 3431 3828 3488 Sanctus

534 3500 766 3574 Cyrillus
795 3503 1353 3578 Hierosolymitanus,
1405 3509 1678 3564 catechesi
1727 3502 1815 3578 17,
1847 3526 1994 3566 num.
2030 3509 2115 3578 10,
2147 3527 2269 3584 pag.
2299 3511 2404 3566 269
2433 3513 2560 3570 edit.
2594 3511 2764 3570 Paris.
2799 3532 2888 3572 an.
2921 3503 3092 3587 1720;
3123 3500 3706 3593 sanctusAmbrosius,
3735 3526 3825 3584 lib.

532 3593 596 3647 de
625 3592 744 3650 Noe
771 3605 820 3650 et
847 3598 1004 3665 Arcu,
1035 3613 1157 3670 cap.
1193 3598 1280 3664 15,
1312 3616 1463 3657 num.
1494 3598 1582 3668 25,
1608 3615 1732 3672 pag.
1761 3601 1885 3670 276,
1916 3612 1972 3658 et
1997 3617 2116 3675 cap.
2152 3603 2239 3672 15,
2262 3622 2413 3661 num.
2445 3603 2531 3674 52,
2575 3622 2697 3678 pag.
2729 3607 2851 3674 290,
2885 3619 3016 3666 tom.
3046 3595 3076 3667 ll
3107 3611 3235 3668 edit.
3268 3613 3488 3672 Veneta:
3515 3633 3606 3674 an.
3651 3618 3822 3688 1758;

530 3693 751 3740 sanctus
781 3685 1157 3760 Hieronymus,
1190 3691 1350 3761 epist.
1379 3691 1446 3747 ad
1472 3691 1780 3759 Damasum,
1812 3708 1934 3765 quae
1962 3703 2041 3752 est
2072 3695 2212 3751 inter
2240 3695 2590 3754 Damasianas
2619 3697 2716 3766 10,
2748 3715 2895 3754 num.
2927 3699 2982 3768 2,
3014 3715 3133 3771 pag.
3167 3701 3270 3757 546
3299 3704 3429 3762 edit.
3462 3705 3638 3765 Paris.
3685 3685 3822 3765 Cous

530 3775 717 3833 stantii
743 3791 834 3832 an.
865 3777 1021 3846 172i,
1059 3795 1168 3850 quo
1196 3783 1318 3837 loco
1349 3781 1416 3838 de
1443 3779 1684 3840 Ecclesia
1713 3784 1890 3856 Petri,
1922 3803 2017 3844 seu
2046 3788 2112 3844 de
2137 3789 2383 3846 Romana
2413 3792 2542 3848 sede
2571 3808 2738 3863 agens
2772 3814 2784 3849 :
2819 3794 3138 3871 Quicunque,
3165 3798 3356 3870 inquit,
3383 3813 3536 3857 eastra
3574 3804 3710 3859 hanc
3732 3804 3817 3859 ds-

529 3885 671 3927 mum
700 3887 892 3944 agnum
921 3872 1222 3938 comederit,
1254 3877 1510 3946 profanus
1532 3886 1627 3931 est.
1663 3875 1724 3934 Si
1749 3881 1864 3952 quis
1892 3881 1950 3934 in
1979 3897 2104 3935 arca
2136 3877 2254 3938 Nae
2276 3899 2380 3940 non
2402 3886 2576 3956 fuerit,
2601 3887 2784 3958 peribit
2806 3899 3060 3961 regnante
3087 3891 3300 3947 diluvia.
3334 3893 3568 3951 Sanctus
3592 3894 3815 3952 Joannes

529 3953 968 4032 Chrysostomus,
1017 3963 1203 4018 homil.
1236 3965 1293 4019 in
1333 3976 1487 4022 terra:
1534 3977 1729 4024 motum
1768 3978 1817 4024 et
1847 3967 2144 4038 Lazarum,
2173 3989 2322 4029 num.
2359 3953 2417 4043 7,
2451 3985 2580 4031 tom.
2601 3953 2643 4032 il
2663 4019 2678 4045 ,
2709 3994 2832 4052 pag.
2864 3953 2972 4037 783
2999 3984 3129 4038 edit.
3173 3981 3342 4041 Paris.
3374 4001 3462 4041 an.
3497 3987 3658 4056 1718,
3688 3989 3774 4046 ubi
3801 4006 3814 4041 :

527 4049 793 4156 Μυκεήέ
813 4057 1042 4128 fuerunt,
1076 4055 1268 4126 inquit,
1298 4075 1414 4131 qua:
1441 4071 1743 4129 narrantur,
1774 4071 1824 4118 ct
1853 4081 2025 4119 rerum
2051 4067 2347 4136 futurarum
2372 4070 2564 4142 ﬁgura,
2593 4049 2857 4144 qua—tunc
2895 4076 3109 4146 ﬁebant.
3142 4075 3410 4142 Nimirum
3435 4097 3563 4138 arca
3593 4049 3690 4156 fuit
3715 4081 3818 4138 Ec-

528 4147 705 4216 clesia,
737 4133 856 4204 Nae
876 4147 1136 4220 Christus,
1161 4151 1397 4206 columba
1427 4149 1659 4224 Spiritus
1691 4170 1922 4225 sanctus,
1953 4133 2084 4215 alere
2113 4161 2295 4232 folium
2325 4133 2435 4217 Dei
2453 4133 2762 4238 benignitas,
2794 4133 2908 4223 etc:
2931 4167 3160 4226 Sanctus
3188 4133 3821 4241 Augustinum—libjrde

529 4237 815 4313 Baptisma,
849 4258 968 4314 cap.
1013 4251 1277 4310 extremo,
1310 4261 1459 4301 num.
1494 4241 1580 4314 59,
1613 4262 1738 4319 pag.
1788 4249 1912 4318 108,
1945 4259 2074 4307 tom.
2106 4250 2187 4338 1X7
2207 4269 2467 4324 aperum,
2499 4264 2554 4313 et
2597 4258 2690 4314 lib.
2732 4275 2802 4315 xv
2829 4259 2896 4316 de
2935 4260 3046 4318 Cir.
3074 4261 3175 4317 Dei
3197 4304 3212 4330 ,
3245 4237 3364 4337 cap.
3409 4237 3663 4338 26,’pag.
3697 4269 3820 4336 510,

525 4341 658 4391 tom.
693 4333 782 4391 Vl]
811 4337 936 4393 edit.
968 4339 1268 4412 Antuerpiaz
1295 4358 1386 4396 an.
1416 4339 1570 4408 1700,
1603 4343 1682 4398 sic
1707 4343 1871 4400 habet
1900 4363 1912 4398 :
1949 4343 2100 4412 Quod
2141 4337 2262 4402 Noe
2293 4349 2488 4404 homini
2504 4350 2770 4424 justa.....
2811 4354 3034 4426 imperat
3063 4354 3227 4424 Deus,
3266 4333 3331 4410 ut
3355 4333 3740 4432 arcamvfaciat,
3764 4333 3818 4415 iis

522 4446 621 4502 qua
643 4446 759 4486 cum
781 4434 910 4500 suis,
937 4435 993 4488 id
1027 4445 1106 4490 est
1133 4452 1312 4501 uxore,
1337 4435 1464 4508 ﬁliis
1491 4448 1540 4493 et
1560 4440 1795 4508 nuribus,
1825 4452 1875 4496 et
1903 4459 2018 4496 cum
2051 4444 2386 4511 animalibus,
2413 4463 2528 4519 qua:
2554 4448 2624 4501 ad
2645 4449 2792 4504 illum
2819 4467 2885 4505 ea:
2905 4449 3005 4506 Dei
3024 4463 3284 4525 pracepto
3306 4455 3362 4510 in
3389 4473 3564 4511 arcam
3588 4460 3818 4532 ingressa

521 4535 663 4592 sunt,
695 4524 1044 4584 liberarentur
1067 4546 1100 4584 a
1139 4529 1320 4586 diluvii
1350 4533 1608 4601 vastitate,
1650 4535 1834 4607 procul
1874 4534 2030 4591 dubio
2058 4538 2230 4611 ﬁgura
2263 4549 2341 4595 est
2367 4545 2748 4614 peregrinantis
2771 4547 2826 4600 in
2855 4547 2952 4604 hoc
2996 4524 3436 4606 saeculacioitatis
3463 4551 3586 4620 Dei,
3623 4524 3716 4609 liae
3743 4565 3818 4610 est

522 4611 809 4703 Ecclesiae,
861 4635 976 4689 qua:
1030 4620 1092 4691 ﬁt
1145 4621 1293 4676 salva
1329 4639 1423 4703 per
1479 4623 1713 4696 lignum,
1764 4626 1819 4680 in
1877 4623 2048 4701 [cm]
2099 4645 2198 4701 qua
2239 4611 2772 4702 pependit'mediatar
2826 4635 2925 4692 Dei
2977 4648 3028 4692 et
3073 4639 3337 4696 hominum
3382 4643 3534 4699 homo
3574 4611 3817 4700 Christus

521 4700 693 4758 Jesus.
759 4705 895 4764 Hinc
949 4708 1238 4767 Christiani
1293 4700 1508 4770 veteres
1558 4714 1613 4769 id
1662 4713 1842 4786 figurae
1885 4700 2053 4784 genus
2104 4700 2252 4790 pingi
2304 4700 2545 4794 sculpive
2592 4736 2867 4784 curarunt.
2911 4727 3025 4796 Qua
3074 4729 3141 4786 de
3187 4747 3246 4787 re
3301 4735 3511 4790 consuli
3563 4745 3816 4808 poterunt

525 4791 898 4869 Ciampinius,
965 4799 1261 4858 Bonarrota
1287 4844 1302 4870 ,
1366 4803 1610 4861 Malfeius
1633 4846 1648 4874 ,
1702 4803 1980 4865 Boldettus
2003 4850 2019 4876 ,
2069 4807 2162 4866 alii
2215 4791 2445 4884 quorum
2501 4818 2746 4872 meminit
2791 4791 3120 4876 Mamachius
3165 4829 3298 4876 tom.
3347 4822 3406 4890 l,
3456 4791 3580 4894 pag:
3614 4791 3706 4880 '78

521 4887 648 4954 264,
696 4896 752 4944 et
799 4898 930 4947 tom.
971 4891 1040 4946 Ill
1060 4893 1435 4966 Antiquitatum
1479 4896 1912 4969 Christianorum,
1955 4901 2050 4957 lib.
2104 4920 2181 4974 Ill,
2239 4914 2379 4976 part.
2428 4923 2476 4976 ι,
2530 4923 2650 4980 cap.
2704 4909 2758 4978 1,
2804 4910 2832 4984 ς
2890 4912 2940 4981 5,
2991 4927 3139 4968 num.
3189 4911 3240 4981 5,
3293 4887 3417 4987 pag.
3456 4887 3557 4971 51'
3581 4934 3696 4989 seq.
3739 4919 3814 4973 De

519 4983 648 5040 navi
667 4999 788 5054 quae
817 4984 1113 5042 Ecclesium
1142 4987 1272 5044 item
1301 4991 1596 5062 exhibeat,
1626 5009 1852 5066 quaeque
1882 4995 2109 5068 proinde
2141 5001 2312 5074 pingi,
2344 5001 2541 5072 incidi,
2574 4983 2868 5076 insculpive
2899 5007 3181 5077 lapidibus,
3214 4983 3344 5074 etei,
3371 4983 3606 5077 soleret,
3629 4983 3811 5066 (muter

520 5073 856 5134 Clementem
911 5078 1370 5149 Alexandrinum,
1419 5083 1513 5139 lib.
1575 5101 1631 5140 ω
1671 5085 1994 5167 Pacdagagi,
2054 5073 2174 5164 cap.
2235 5093 2336 5161 11,
2403 5111 2505 5167 pag
2550 5095 2656 5152 245
2723 5073 2854 5153 edit.
2911 5073 3078 5154 Paris.
3135 5114 3224 5154 an.
3260 5073 3416 5167 1641,
3473 5108 3528 5156 et
3569 5073 3810 5158 sanctum

435 5158 443 5169 ‘
519 5165 862 5224 Ambrosium
934 5172 990 5226 in
1063 5169 1186 5228 Luc.
1246 5173 1336 5229 lib.
1397 5191 1490 5242 ιν,
1545 5183 1696 5232 num.
1746 5166 1810 5234 70
2017 5225 2032 5250 ,
2092 5158 2213 5256 pag.
2286 5158 2434 5256 818-,
2472 5158 2640 5246 ⁷ιοιῐι.
2723 5189 2787 5245 ll.
2871 5192 3003 5248 Vide
3056 5201 3316 5264 praeterea
3377 5158 3562 5250 vetera
3617 5211 3806 5252 monu-

515 5268 698 5316 menta
743 5276 864 5332 quae
911 5263 1142 5321 attulere
1195 5264 1554 5340 Hieronymus
1606 5269 1912 5329 Alexander
1961 5273 2182 5347 Iunior,
2233 5278 2434 5349 aliique
2478 5295 2615 5350 quos
2686 5290 2936 5337 recenset
2989 5263 3322 5338 Mamachius
3388 5282 3484 5340 lib.
3545 5283 3800 5350 indicato,

585 5433 663 5522 (a)
699 5433 1094 5522 lli‘desanctum
1121 5435 1384 5522 Joannem
1414 5418 2100 5522 Chrxsostomum_,_homil.
2209 5466 2356 5522 num.
2389 5451 2476 5519 10,
2507 5467 2634 5522 pag.
2677 5453 2928 5522 Λιβύη.
2962 5453 3132 5512 Paris.
3163 5473 3290 5513 ann.
3323 5456 3483 5517 1720.
3516 5469 3572 5516 et
3595 5461 3801 5518 catech.

585 5469 663 5506 ψ,
709 5469 831 5490 ..υσ
854 5469 1094 5520 sumun-
1121 5469 1384 5494 συαιιιιῦιιι
1414 5469 1522 5496 υιιιε
1561 5469 1879 5510 sustuunum,
1911 5469 2100 5502 nomn.
2209 5469 2356 5507 num.
2389 5469 2476 5519 w,
2546 5469 2634 5522 ag.
2677 5469 2766 5522 44,
2799 5469 2928 5510 emt.
2962 5469 3132 5512 rarts.
3163 5473 3290 5513 ann.
3323 5469 3483 5517 1720.
3516 5469 3572 5544 et
3595 5469 3800 5546 catech.

833 5505 1076 5600 im:
1092 5509 1491 5600 $011359]?qu
1527 5469 1657 5600 ξιξ,
1690 5523 1821 5600 tofm
1851 5515 1918 5572 lli
1947 5531 2099 5600 oper.
2209 5521 2294 5600 15,
2330 5537 2478 5600 num.
2505 5469 2594 5600 g1,
2627 5539 2750 5594 pag.
2781 5516 2907 5588 195,
2941 5534 3004 5600 et
3023 5529 3680 5600 sanctumiAmbrosmm,
3713 5531 3800 5587 lib.

675 5575 852 5672 Faiis;
1055 5577 1212 5646 1721,
1244 5589 1300 5637 et
1326 5575 1572 5639 sanctum
1599 5575 1955 5655 Augustinum
1981 5575 2102 5646 loco
2205 5575 2475 5647 xinLue.

512 5646 1183 5749 ωιςξεξξξεςῑξιειιίιεςὼω
1211 5718 1466 5749 Μημ
2043 5727 2077 5749 .,
2203 5646 3109 5749 ests99.2.1487F3‘E9ﬁ5b335
3133 5646 3334 5749 ῖῖἒῑῖξάὲ
3356 5646 3804 5749 ἒῖἱωῗοίῦέ

584 5709 659 5786 ιι)
677 5714 911 5776 Consule
939 5727 1185 5779 sanctum
1211 5718 1468 5793 Cyrillum
1493 5721 1785 5792 Hierosol.,
1807 5729 2020 5786 catech.
2042 5727 2096 5792 5.
2205 5709 3332 5805 i553»?
