4050 6356
155 310 276 371 tot
1630 311 1754 369 PM

1875 312 2016 406 (1’10.
3370 320 3474 378 101

158 421 320 480 milii.
353 423 440 491 52,
471 437 591 495 pag.
617 421 706 478 98.
744 420 863 478 Jam
910 420 1176 478 Maximus
1215 422 1436 478 bomilia
1491 421 1579 490 50,
1627 438 1748 495 pag.
1805 425 1932 493 154,
1980 427 2276 497 explicans,
2310 431 2662 498 quamobrem
2692 433 2815 488 navi
2857 433 3086 489 similem
3113 431 3257 488 dicat
3284 432 3473 490 Eccle-

154 519 305 574 ἡκ
328 532 344 572 :
375 516 508 573 Cum
525 533 560 572 a
581 517 778 582 natis,
809 515 1008 585 inquit,
1035 516 1294 572 scinditur
1311 534 1480 584 mare,
1508 521 1658 590 prius
1681 521 1750 574 ab
1774 523 1908 593 ipsis
1941 523 2168 594 (nautis)
2187 523 2344 578 arbor
2369 525 2604 597 erigitur,
2633 530 2796 583 velum
2825 531 3154 594 distenditur,
3185 538 3241 582 ut
3263 571 3277 593 ,
3321 533 3474 584 cruce

150 612 381 670 Domini
409 615 571 686 facta,
594 628 843 685 aquarum
864 612 1063 681 ﬂuenta
1093 621 1420 682 rumpantur,
1449 621 1498 666 et
1525 613 1621 667 hoc
1651 615 1912 669 dominico
1933 618 2102 671 securi
2127 617 2274 686 signo
2300 627 2507 689 portum
2533 621 2719 677 salutis
2755 633 2952 693 petunt,
2985 626 3266 695 periculum
3287 626 3472 680 mortis

151 704 618 780 audistfﬂg'ura
632 710 770 763 enim
797 701 1113 762 sacramenti
1139 706 1378 778 quadam
1400 716 1480 760 est
1497 707 1666 761 velum
1695 702 2002 780 suspensum
2029 711 2084 763 in
2105 708 2323 776 arbore,
2347 713 2498 782 quasi
2537 709 2769 768 Christus
2812 716 2881 767 sit
2918 716 3178 783 exaltatus
3203 716 3257 768 in
3285 730 3468 781 crure;

152 799 460 872 milia!
483 799 799 872 conﬁdentia
825 799 1156 871 demgeterio
1180 799 1440 864 uitiante,
1472 799 1704 854 homines
1754 810 2020 855 ventorum
2048 803 2300 872 procellas
2342 805 2607 876 negligant
2631 847 2645 869 ,
2671 808 3104 877 peregrinationis
3142 816 3260 862 vota
3302 809 3469 862 susci-

154 895 338 964 piunt.
380 891 532 950 Sicut
555 903 728 949 urbem
752 891 998 947 Ecclesia
1019 892 1136 946 sine
1159 901 1307 945 cnice
1334 900 1476 945 stare
1504 908 1607 946 non
1629 901 1824 962 potest,
1857 894 1932 945 ita
1959 903 2012 946 et
2037 894 2149 948 sine
2171 892 2355 949 arbore
2382 897 2527 949 navis
2555 896 2766 966 inﬁrma
2795 907 2892 952 est.
2937 899 3132 954 Statim
3170 901 3308 954 enim
3346 900 3468 953 dia-

155 983 612 1060 bolus'inquietet,
641 995 691 1040 et
728 986 876 1040 illam
905 992 1088 1040 ventus
1107 982 1297 1038 allidit.
1341 983 1406 1034 At
1447 981 1536 1036 ubi
1571 984 1781 1054 signant
1827 985 2000 1039 crucis
2026 987 2260 1057 erigitur,
2294 988 2474 1042 statim
2497 995 2566 1057 ,οὐ
2607 987 2801 1045 diaboli
2827 991 3078 1062 iniquitas
3106 991 3388 1062 repellitur.
3421 1001 3472 1047 et

156 1071 439 1134 uentorum
455 1079 684 1151 procella
703 1079 929 1150 sopitur.

203 1171 320 1228 τις
335 1172 420 1228 'de
440 1172 704 1245 symbolis
746 1185 890 1227 arcae
925 1169 1184 1242 navisque
1230 1168 1512 1224 hactenus.
1569 1166 1722 1224 Nunc
1769 1169 1837 1224 de
1886 1169 2054 1224 vinea:
2110 1169 2364 1240 lunaeque
2393 1172 2800 1242 comparatione
2845 1186 2967 1227 cum
3019 1171 3278 1239 Eoclesi,
3310 1187 3374 1227 ac
3403 1170 3474 1226 de

157 1261 423 1320 Ecclesia
451 1265 620 1335 ipsius
646 1264 1034 1336 propagatione
1063 1262 1591 1333 smpiiﬂeationeque
1638 1263 1710 1317 ob
1758 1262 2196 1332 praedicationem
2229 1264 2387 1320 Verbi
2419 1265 2512 1320 Dei
2538 1309 2552 1330 ,
2604 1267 2892 1336 lusumque
2919 1282 2949 1319 a
2982 1267 3308 1338 martyribus
3336 1281 3468 1321 san-

158 1355 406 1426 guinem,
438 1369 560 1428 quae
587 1366 715 1413 sunt
742 1372 772 1412 a
803 1356 1038 1412 Maximo
1067 1355 1280 1423 tradita,
1313 1357 1595 1426 explicabo
1643 1357 1813 1411 brevi.
1868 1356 2012 1426 Ergo
2060 1358 2326 1415 Maximus
2373 1361 2593 1416 homilia
2641 1361 2728 1419 50.
2783 1374 2905 1430 pag.
2938 1358 3066 1426 4⁵18,
3099 1358 3236 1425 Noe,
3271 1360 3463 1429 inquit,

158 1446 250 1506 vir
280 1445 509 1523 agricola
537 1463 654 1504 cum
674 1450 955 1521 plantasset
993 1450 1224 1503 vineam.
1247 1487 1259 1501 .
1282 1487 1294 1500 .
1313 1488 1326 1500 .
1378 1446 1638 1502 Christum
1668 1449 1998 1519 signiﬁcavit,
2031 1452 2118 1521 qui
2150 1452 2348 1505 vineam
2379 1452 2500 1522 fecit
2531 1450 2840 1505 Ecclesium.
2873 1450 3081 1516 Quotus
3111 1457 3291 1504 autem
3319 1450 3472 1517 quis-

163 1551 288 1611 que
309 1549 409 1606 est,
443 1542 534 1611 qui
565 1552 671 1597 non
721 1557 752 1595 a
801 1537 1045 1595 Panibus
1089 1540 1252 1595 modo
1272 1580 1287 1605 ,
1326 1555 1512 1594 verum
1560 1541 1726 1594 etiam
1756 1555 1788 1592 a
1815 1539 2032 1595 Christo
2064 1542 2182 1611 ipso
2211 1543 2500 1597 Servatore
2529 1543 2581 1597 in
2614 1541 2922 1611 Evangelia,
2973 1540 3266 1598 Ecclesium
3298 1542 3470 1596 vinem

165 1628 342 1690 fuisse
369 1643 749 1706 comparatam,
783 1635 1028 1703 ignoret?
1049 1633 1168 1689 Jam
1200 1650 1328 1690 vero
1358 1635 1577 1689 homilis
1609 1635 1731 1699 101,
1761 1648 1882 1704 pag.
1914 1636 2038 1699 558,
2068 1635 2258 1708 Fulget
2283 1636 2532 1700 Ecclesia,
2560 1640 2750 1708 inquit,
2786 1655 2888 1692 non
2918 1654 3029 1703 suo,
3057 1637 3149 1691 sed
3177 1636 3472 1692 Saluatoris

165 1718 384 1794 lairsine,
415 1735 470 1782 'et
494 1729 666 1782 radiat
690 1744 793 1782 non
823 1729 1038 1797 proprio
1067 1728 1254 1793 nitore,
1285 1727 1378 1782 sed
1407 1726 1607 1791 Patris,
1634 1729 1766 1780 sicut
1794 1728 2072 1798 Apostolus
2101 1731 2196 1793 ait,
2227 1730 2405 1784 dicens
2431 1746 2447 1782 :
2491 1728 2617 1783 Vivo
2665 1737 2834 1782 autem
2888 1728 2994 1791 iam
3039 1743 3142 1782 non
3185 1744 3309 1799 ego;
3349 1729 3474 1782 sivit

158 1817 290 1875 vei‘o
309 1822 470 1874 inme
494 1819 728 1874 Christus
751 1835 770 1884 ;
793 1829 842 1872 et
863 1821 1054 1873 iterum
1077 1836 1093 1873 :
1128 1818 1198 1874 Ut
1226 1821 1294 1873 sit
1317 1821 1690 1891 primogenitae
1718 1821 1776 1874 in
1801 1821 1975 1874 multis
1998 1819 2263 1892 fratribus.
2311 1820 2466 1876 Recte
2491 1825 2646 1892 plane
2684 1821 2822 1875 luna
2850 1829 3184 1891 comparatur
3209 1818 3466 1886 Ecclesia,

156 1915 411 1983 quoniam
434 1923 483 1968 et
502 1915 617 1983 ipsa
646 1929 742 1968 nos
771 1912 966 1967 lavacri
989 1929 1106 1967 rore
1126 1913 1410 1984 perfundit,
1443 1922 1490 1967 et
1521 1923 1715 1968 terram
1739 1917 1971 1984 corporis
2001 1917 2165 1968 nostri
2193 1915 2519 1985 baptismatis
2547 1933 2664 1969 rore
2692 1916 2932 1985 eiviﬁcat.
2987 1913 3141 1969 Recte
3167 1915 3306 1969 lunai
3330 1930 3474 1970 com-

155 2013 383 2078 paratur
411 2006 665 2074 Ecclesia,
683 2009 804 2080 quia
829 2017 880 2062 et
911 2007 1027 2078 ipsa
1048 2016 1376 2078 augmentum
1404 2009 1644 2080 acquirit,
1669 2009 1961 2079 patiturque
1987 2010 2258 2081 defectum.
2298 2009 2552 2065 Minuitur
2570 2013 2706 2064 enim
2729 2025 2885 2078 saepe,
2912 2011 3206 2081 frequenter
3232 2016 3468 2080 augetur.

155 2100 422 2156 Minuitur
463 2103 920 2173 persecutionibus,
965 2101 1423 2172 prcedicatipnibus
1465 2102 1765 2172 ampliatur.
1811 2102 2073 2157 Decrescit
2113 2119 2228 2157 cum
2276 2105 2528 2158 minuitur
2573 2105 2727 2174 ﬁliis,
2771 2105 2957 2158 crescit
2999 2119 3112 2156 cum
3154 2100 3474 2172 martyribus

152 2198 476 2259 caronatur;
505 2205 554 2248 ct
577 2195 754 2248 eadem
783 2209 945 2246 causa
975 2208 1092 2261 qua!
1133 2191 1308 2246 tribuit
1336 2194 1414 2246 illi
1455 2195 1732 2264 defectum,
1753 2194 1870 2259 ipsa
1900 2202 2116 2263 prastat
2143 2204 2473 2265 augmentum
2502 2210 2519 2248 :
2547 2197 2840 2267 freqrmnter
2864 2197 3001 2249 enim
3029 2211 3158 2266 quos
3185 2193 3324 2247 dolet
3351 2208 3472 2263 per-

151 2293 445 2350 secutores,
477 2287 618 2356 ipsos
647 2287 832 2356 recipit
859 2288 1198 2356 confessores.
1233 2269 1374 2347 'Q‘me
1395 2299 1520 2337 sane
1551 2281 1770 2337 Patrum
1801 2281 1929 2352 [Civ]
1971 2286 2202 2337 omnium
2242 2299 2348 2339 una
2379 2300 2477 2338 eoa:
2507 2286 2622 2355 fuit.
2664 2283 2904 2340 Justinus
2932 2293 3138 2354 martyr
3167 2284 3221 2338 in
3248 2282 3475 2353 Dialogs

151 2396 277 2432 cum
315 2378 590 2449 Tryphone
615 2419 628 2441 ,
663 2395 808 2432 num.
845 2378 966 2442 110,
1000 2392 1120 2446 pag.
1152 2376 1259 2428 2H
1290 2376 1421 2430 edit.
1455 2391 1679 2444 operum
1709 2375 1927 2427 Venet-.1:
1970 2392 2057 2428 an.
2107 2376 2264 2428 1747.
2311 2375 2446 2430 Dum
2491 2377 2686 2446 gladio,
2735 2377 2933 2447 inquit,
2982 2379 3318 2447 percutimur,
3353 2377 3480 2429 dum

153 2470 543 2542 ci-uciﬁgintur,
575 2471 697 2525 dum
729 2473 856 2542 feris
885 2470 1161 2532 tradimur,
1203 2469 1512 2531 elvinculis,
1545 2476 1594 2520 et
1635 2469 1763 2537 igni,
1793 2477 1842 2521 et
1882 2466 2119 2521 omnibus
2143 2468 2268 2521 aliis
2295 2465 2586 2536 tormentis,
2616 2484 2650 2521 a
2675 2469 3024 2540 confessions,
3055 2477 3116 2520 ut
3139 2469 3474 2539 manifestum

151 2571 256 2625 est,
284 2578 392 2616 non
417 2562 750 2616 discedimus.
793 2561 902 2616 Sed
926 2569 1120 2632 quanto
1147 2561 1316 2632 magis
1340 2560 1466 2614 talia
1493 2558 1637 2613 nobis
1662 2561 1985 2632 inﬁguntur,
2012 2577 2071 2615 eo
2096 2560 2273 2633 plures
2294 2560 2388 2615 alii
2415 2577 2509 2632 per
2528 2577 2716 2616 nomen
2739 2561 2864 2616 Iesu
2885 2560 3079 2618 Christi
3110 2563 3288 2632 ﬁdeles
3315 2563 3472 2632 ﬁunt.

158 2653 621 2722 Quemadmodum
651 2655 785 2718 vitis,
817 2654 863 2707 si
890 2655 1005 2725 quis
1033 2660 1211 2723 partes
1250 2653 1370 2705 illas
1399 2661 1664 2721 amputet,
1698 2667 1813 2722 qua:
1841 2653 2066 2722 frucmm
2097 2654 2292 2722 ferunt,
2333 2654 2411 2706 ita
2437 2652 2668 2723 proﬁcit,
2698 2661 2755 2706 ut
2781 2647 2917 2707 alios
2943 2653 3187 2723 florentes
3213 2663 3264 2707 et
3291 2651 3478 2724 fructi-

155 2750 302 2820 feras
346 2745 590 2816 palmites
638 2758 818 2796 rursus
860 2744 1112 2813 proferat.
1158 2739 1300 2794 Idem
1345 2740 1494 2796 nobis
1521 2757 1722 2812 quoque
1739 2743 1924 2796 evenit.
1986 2740 2303 2797 Consonant
2330 2743 2417 2798 his
2443 2757 2565 2813 quae
2593 2743 2779 2799 scribit
2808 2743 3170 2800 Tertullisnus
3198 2747 3251 2800 in
3279 2745 3371 2800 lib.
3405 2744 3478 2798 ad

159 2839 474 2910 Scapulam,
506 2851 624 2906 cap.
652 2835 705 2902 4,
728 2849 852 2906 pag.
890 2835 988 2888 7‘3:
1024 2833 1150 2888 Non
1178 2835 1404 2905 deﬁciet,
1438 2836 1629 2903 inquit,
1659 2836 1690 2886 h
1712 2852 1767 2887 re
1787 2843 1949 2904 secta,
1983 2851 2140 2907 quam
2163 2845 2284 2891 tunc
2311 2838 2480 2909 magis
2501 2837 2757 2909 ludiﬁcari
2783 2840 2925 2894 scias
2951 2855 3068 2894 cum
3096 2839 3228 2895 caedi
3250 2840 3468 2896 videtur.

159 2930 234 2983 Et
259 2931 590 3002 Apologetici
613 2943 732 3000 cap.
766 2929 974 2992 ultimo,
1008 2943 1128 2999 pag.
1159 2928 1263 2982 4ος
1297 2928 1482 2982 Plures
1522 2927 1786 2999 efﬁcimur,
1831 2931 2032 3000 quoties
2059 2932 2303 2985 metitur
2331 2949 2364 2985 a
2390 2931 2550 2987 vobis.
2589 2931 2777 2994 Semen
2805 2943 2884 2986 est
2901 2935 3115 3006 sanguis
3145 2931 3476 2988 Christiano-

158 3041 298 3078 rum.
355 3023 566 3078 Horam
587 3031 714 3076 sunt
741 3022 940 3076 similia
959 3035 1079 3090 quae
1110 3021 1397 3092 complexi
1427 3029 1550 3075 sunt
1593 3030 1816 3075 sanctus
1864 3021 2098 3092 Cyrillus
2129 3021 2650 3095 Hierosolymarius
2667 3025 2887 3081 touch.
2922 3025 3009 3089 18,
3038 3040 3184 3079 uuln.
3227 3023 3316 3088 Ἥ,
3351 3038 3472 3094 pag.

158 3114 282 3184 298,
317 3124 543 3172 sanans
560 3113 858 3184 Gregorius
882 3113 1248 3168 Nazianzenus
1273 3123 1412 3168 orat.
1436 3113 1524 3178 25,
1561 3127 1682 3182 pagi
1710 3111 1834 3176 4M,
1861 3123 1990 3168 tom.
2015 3113 2187 3170 ledit.
2219 3115 2411 3172 Colon.
2443 3132 2534 3171 an.
2559 3114 2715 3183 1690,
2747 3133 2855 3187 quo
2883 3117 3023 3181 loco,
3061 3116 3476 3180 Persecution“.

161 3212 360 3282 inlinit,
390 3209 728 3263 illustriorem
754 3210 923 3278 ipsam
951 3206 1284 3279 (Ecclesium)
1317 3206 1816 3277 splendidior-eatque
1843 3221 1940 3276 per
1962 3208 2220 3278 supplicia
2249 3208 2553 3265 reddebant.
2611 3209 2680 3264 Et
2702 3210 2941 3266 carmine
2972 3207 3033 3263 11
3060 3209 3127 3264 ad
3155 3207 3481 3280 Episcopos,

162 3314 293 3362 tam.
320 3304 396 3372 ιι,
413 3316 544 3374 pag.
574 3304 666 3369 ες,
696 3302 794 3357 ubi
807 3301 886 3357 sic
916 3301 1080 3357 habet
1105 3319 1116 3353 :

798 3417 1018 3480 Namque
1043 3418 1189 3466 etiam
1213 3417 1404 3466 hostilis
1425 3415 1576 3479 furor,
1617 3422 1768 3479 alque
1794 3417 2020 3464 Immanis
2047 3428 2258 3478 quasque

793 3479 1040 3543 §ttpplici8
1063 3482 1352 3530 addiderant
1372 3482 1547 3529 animis
1570 3494 1690 3528 nova
1718 3483 1893 3543 robora
1915 3481 2112 3543 nostris,

796 3540 1169 3606 Iormeuusque
1196 3543 1318 3592 lldes
1337 3545 1570 3606 gravibus
1592 3554 1736 3602 mage
1762 3541 1878 3590 fulta
1900 3541 2115 3603 vigebat.

163 3665 401 3724 Sanetus
431 3668 752 3724 Ambrosius
765 3668 924 3738 epist.
964 3668 1050 3733 7‘2,
1075 3683 1221 3724 num.
1258 3667 1348 3734 1-4,
1372 3682 1498 3738 pag.
1528 3667 1688 3729 “75,
1717 3674 1852 3720 tom.
1877 3665 1942 3719 lll
1968 3681 2121 3733 oper.
2148 3663 2276 3718 editi
2303 3659 2526 3719 Vene'tze
2554 3679 2646 3718 an.
2682 3662 2816 3716 1Ἶ51
2840 3705 2854 3729 ,
2897 3662 3006 3718 Per
3027 3672 3284 3735 martyres
3305 3680 3480 3719 cumu-

165 3763 351 3829 latam,
386 3763 461 3818 ait
483 3779 622 3828 esse,
657 3777 764 3818 non
795 3757 1049 3817 minulam
1078 3763 1401 3832 religionem.
1435 3762 1666 3815 Sanctus
1706 3758 1944 3813 Joannes
1988 3757 2434 3827 Chrysostomus,
2484 3758 2574 3811 lib.
2609 3756 2867 3812 adversus
2902 3757 3118 3812 Iudaeos
3144 3766 3199 3812 et
3225 3757 3474 3825 gentiles,

168 3855 323 3923 Quod
344 3858 582 3912 Christus
611 3859 680 3912 sit
698 3855 858 3921 Deus,
890 3872 1037 3910 num.
1067 3854 1154 3919 12,
1179 3869 1300 3924 pag.
1333 3853 1461 3917 258,
1496 3860 1627 3905 tom.
1659 3851 1698 3904 1.
1733 3849 1962 3904 Sanctus
1975 3851 2302 3917 Augustinus
2332 3851 2384 3904 in
2407 3851 2538 3919 psal.
2566 3867 2652 3911 XL,
2677 3866 2825 3904 ntlln.
2860 3850 2909 3916 1,
2943 3867 3064 3921 pag.
3093 3850 3218 3910 258.
3254 3862 3382 3908 tom.
3409 3850 3473 3904 ιν

166 3947 302 4002 edit.
338 3946 604 4016 Antuerp.
639 3961 724 3999 an.
753 3944 890 3998 1700
909 3961 1019 4014 quo
1048 3944 1167 3999 loco
1193 3962 1205 3997 :
1240 3943 1636 3996 Persecutiones
1658 3938 1896 3994 diabolus
1927 3943 1981 3995 in
2013 3939 2299 3994 Ecclesium
2320 3943 2592 3996 concitavit
2621 3943 2691 3995 ad
2705 3943 3020 4012 perdendum
3052 3960 3235 3998 nomen
3266 3942 3478 4008 Christi,

168 4039 370 4108 inquit,
389 4077 404 4092 .
425 4077 438 4090 .
463 4079 475 4093 .
497 4078 510 4092 .
557 4037 626 4092 Ut
647 4045 934 4092 moreretur
960 4039 1145 4090 iterum
1175 4035 1412 4089 Christus
1435 4049 1539 4087 non
1569 4034 1624 4086 in
1652 4034 1841 4103 capite,
1873 4035 1964 4086 sed
1991 4034 2042 4086 in
2073 4047 2286 4100 corpore
2317 4049 2429 4094 suo,
2456 4034 2608 4086 occisi
2639 4045 2758 4087 sunt
2785 4043 2832 4087 et
2861 4045 3134 4105 martyres.
3184 4034 3266 4086 Ad
3295 4030 3476 4086 multi—
3551 4086 3564 4100 ,

166 4131 477 4202 plicandam
518 4129 806 4184 Ecclesium
852 4129 1011 4183 valuit
1052 4135 1259 4181 sanctus
1305 4127 1518 4196 sanguis
1561 4124 1752 4193 effusus
1792 4138 1809 4177 :
1848 4125 2182 4178 seminationi
2231 4127 2448 4178 accessit
2504 4136 2554 4178 et
2589 4142 2732 4179 mors
2772 4137 3078 4196 martyrum.
3133 4125 3374 4179 Pretiosa
3421 4125 3488 4178 in-

169 4237 455 4297 conspectu
479 4224 696 4280 Domini
721 4240 859 4278 mors
883 4210 1143 4295 justorum
1183 4221 1312 4292 ejus.
1375 4220 1710 4291 Hultiplicati
1737 4228 1858 4294 sunt
1884 4221 2052 4290 magis
2082 4219 2345 4291 magisque
2374 4219 2679 4284 Christiani,
2712 4232 2761 4273 et
2792 4237 2894 4273 non
2932 4231 3008 4274 est
3048 4220 3314 4291 impletum
3341 4219 3477 4290 quod

170 4320 419 4374 dixerunt
449 4316 674 4370 inimici.
699 4356 711 4369 .
735 4355 748 4367 .
772 4355 784 4368 .
820 4313 1016 4369 Sedeat
1045 4314 1263 4384 pagani,
1293 4320 1342 4364 et
1363 4318 1664 4380 comimtant
1691 4308 1790 4362 sibi
1812 4325 2001 4373 annos,
2028 4309 2246 4362 audiunt
2273 4311 2530 4380 fanaticos
2559 4327 2679 4364 suos
2725 4310 2984 4373 dicentes,
3019 4311 3300 4381 aliquando
3327 4308 3480 4363 Chri-

171 4414 329 4467 stiani
361 4427 467 4466 non
493 4419 673 4464 erunt.
693 4451 706 4463 .
730 4449 743 4463 .
764 4449 776 4462 .
811 4397 990 4462 Adhuc
1020 4409 1197 4461 dicunt
1222 4424 1236 4460 :
1271 4404 1495 4470 Quando
1524 4405 1772 4459 morietur
1790 4412 1838 4456 et
1867 4403 2056 4474 peribit
2082 4420 2265 4458 nomen
2290 4404 2422 4474 ejus.
2451 4403 2538 4457 Bis
2567 4405 2706 4467 uicti,
2738 4408 2814 4458 ruet
2836 4407 2988 4459 tertio
3017 4407 3201 4476 sopite.
3237 4403 3479 4458 Mortuus

171 4515 246 4560 c'st
273 4505 536 4570 Christus,
566 4520 668 4557 non
698 4502 852 4574 periit
881 4517 1066 4555 nomen
1093 4500 1203 4569 ejus
1227 4515 1244 4552 :
1276 4491 1466 4553 mortui
1494 4508 1612 4552 sunt
1650 4507 1935 4568 martgres,
1968 4497 2314 4566 multiplicata
2342 4506 2420 4549 est
2447 4498 2614 4566 magis
2644 4496 2902 4550 Ecclesia.
2955 4495 3152 4550 Crescit
3181 4513 3271 4565 per
3299 4512 3475 4549 omnes

173 4610 344 4671 gentes
369 4616 559 4654 nomen
597 4595 811 4670 Christi,
844 4598 929 4669 qui
971 4598 1032 4650 de
1061 4605 1224 4649 morte
1262 4609 1357 4648 sua
1386 4605 1436 4648 et
1476 4595 1854 4649 resurrectione
1896 4595 2173 4666 praedixit;
2223 4595 2309 4664 qui
2357 4592 2420 4645 de
2466 4593 2714 4646 mortibus
2763 4602 3052 4660 martyrum
3089 4605 3298 4643 suorum
3340 4598 3388 4639 et
3418 4586 3486 4641 de

173 4707 361 4746 corona
383 4691 653 4763 prledixit.
696 4688 763 4744 Et
792 4703 1042 4744 somnone
1076 4687 1106 4741 1“
1136 4689 1188 4742 in
1222 4687 1356 4758 psal.
1391 4704 1535 4752 min,
1571 4704 1716 4741 num.
1753 4687 1818 4753 5,
1867 4701 1987 4756 pag.
2024 4685 2165 4738 «"8:
2227 4685 2437 4752 Effusas
2476 4692 2552 4736 est
2603 4699 2827 4754 magnus
2871 4691 2920 4734 et
2966 4681 3157 4735 multus
3195 4689 3486 4750 martyrum

175 4788 382 4858 sanguis
408 4829 420 4850 ,
473 4801 577 4859 quo
605 4782 796 4854 effuso,
833 4794 1076 4855 tanquam
1097 4782 1351 4836 seminata
1381 4795 1523 4852 seges
1563 4779 1813 4833 Ecclesia:
1841 4779 2254 4848 fertilius'totum
2285 4774 2561 4837 mundum,
2593 4775 2723 4827 sicut
2766 4787 2898 4827 nunc
2925 4772 3292 4843 conspicimus,
3325 4786 3488 4824 occa--

173 4879 324 4943 pavit.
378 4877 447 4934 Et
477 4892 737 4934 sermone
769 4873 844 4930 ΒΞ
867 4877 918 4929 in
952 4875 1083 4946 psal.
1120 4891 1299 4940 cxvm,
1335 4890 1480 4928 num.
1518 4873 1569 4938 6,
1605 4885 1725 4942 pag.
1763 4870 1924 4924 1ι21.
1983 4867 2108 4932 Quis
2147 4883 2250 4921 non
2282 4868 2448 4920 videat
2469 4877 2717 4921 auantum
2749 4868 3010 4938 adjuvarit
3038 4867 3331 4922 Ecclesiam
3355 4883 3483 4920 san-

176 4972 283 5039 quis
314 4971 421 5044 [cv]
445 4971 742 5027 Ecclesiae?
771 4968 980 5036 Quanta
1007 4986 1073 5024 ex
1110 4968 1204 5022 illa
1232 4977 1456 5023 semente
1484 4983 1630 5037 seges
1660 4973 1762 5018 toto
1811 4963 1933 5016 orbe
1973 4961 2295 5038 surrexerit?
2325 4958 2393 5011 Et
2425 4959 2515 5013 lib.
2549 4976 2658 5015 χιιι
2689 4960 2752 5013 de
2779 4959 2929 5014 Civil.
2961 4959 3081 5023 Dei,
3115 4975 3235 5030 cap.
3270 4958 3322 5024 6,
3355 4972 3478 5029 pag.

180 5060 292 5128 499,
327 5072 458 5120 tom.
494 5064 593 5120 VII
622 5083 632 5118 :
668 5057 942 5118 A'C'hristo
966 5061 1077 5118 Deo
1104 5078 1209 5116 non
1229 5061 1395 5116 solum
1418 5057 1653 5119 colendo,
1679 5055 1853 5110 verum
1877 5055 2032 5108 etiam
2054 5052 2348 5124 conﬁtendo
2376 5061 2573 5107 tantam
2604 5069 2694 5124 per
2721 5052 2895 5108 orbem
2917 5062 3176 5107 terrarum
3193 5062 3484 5122 ntartgrum

181 5158 559 5216 multitudinem
588 5157 752 5213 metus
770 5159 1024 5214 ‘revocare
1054 5171 1156 5212 non
1188 5157 1371 5228 potuit,
1405 5171 1507 5208 non
1537 5154 1661 5207 levis
1691 5151 1997 5221 offensionis
2021 5151 2316 5204 animorum
2337 5191 2351 5215 ,
2392 5149 2486 5203 sed
2523 5150 2890 5202 immensarum
2919 5150 3281 5220 variarumque
3308 5165 3484 5216 paena-

183 5265 308 5316 rum,
340 5263 385 5310 et
413 5255 582 5325 ipsius
605 5254 805 5315 mortis,
837 5269 952 5322 qute
989 5253 1102 5323 plus
1133 5252 1334 5307 ca‘teris
1363 5249 1692 5322 formidatur.
1746 5245 1928 5318 Neque
1973 5255 2094 5299 tunc
2144 5245 2322 5298 civitas
2351 5240 2542 5320 Christi
2567 5287 2580 5311 ,
2614 5245 2842 5322 quamvis
2871 5243 3040 5296 adhuc
3062 5245 3484 5315 peregrinaretur

111 5339 135 5428 ε
186 5340 236 5395 in
266 5348 429 5412 terris,
480 5358 530 5401 et
573 5343 786 5400 haberet
834 5355 1003 5399 tamen
1051 5358 1361 5415 magnorum
1406 5340 1619 5411 agmina
1666 5337 2011 5409 papillarum,
2056 5336 2300 5411 adversps
2330 5330 2515 5402 impios
2556 5346 2908 5407 persecutores
2936 5352 3054 5390 suos
3081 5353 3177 5408 pro
3210 5335 3482 5404 temporali

187 5434 343 5491 salute
370 5442 650 5514 pugnauit;
700 5437 792 5494 sed
818 5439 988 5510 potius
1034 5448 1090 5492 ut
1137 5436 1389 5491 obtineret
1419 5446 1685 5498 ceter-nam,
1733 5451 1834 5488 non
1876 5441 2196 5504 repugnavit.
2245 5431 2594 5504 Ligabantur,
2625 5431 3042 5494 includebantur,
3075 5431 3409 5487 ccedebantur
3437 5435 3486 5482 ct

188 5530 674 5602 Multiplicabantur.
717 5530 948 5589 Sanctus
996 5530 1108 5587 Leo
1157 5530 1380 5599 Magnus
1427 5544 1676 5584 sermone
1725 5528 1812 5593 83,
1860 5530 1949 5598 qui
1983 5537 2066 5582 est
2105 5526 2169 5580 de
2223 5523 2407 5581 Natali
2437 5528 2792 5597 apostolorum
2821 5527 2968 5580 Petri
2991 5537 3038 5581 et
3060 5526 3240 5592 Pauli,
3273 5540 3394 5592 cap.
3427 5522 3482 5587 6,

189 5631 306 5695 ιηε.
337 5622 460 5693 9.37,
492 5635 625 5684 tom.
658 5624 680 5681 Ι
711 5639 936 5697 operum
967 5621 1094 5680 edit.
1129 5621 1314 5676 Romae
1344 5635 1431 5674 an.
1471 5618 1640 5674 1753:
1676 5615 1800 5674 Non
1821 5619 2088 5683 minuitur,
2118 5617 2306 5686 inquit,
2331 5613 2773 5689 persecutionibus
2804 5614 3058 5683 Ecclesia,
3097 5615 3189 5670 sed
3227 5620 3445 5683 augetur
3468 5624 3484 5640 ο

193 5715 243 5791 tt
261 5693 454 5783 semper
482 5693 937 5791 Dominicusuger
960 5703 1135 5790 segete
1155 5715 1334 5780 ditiori
1364 5718 1593 5779 vestitur,
1625 5714 1746 5768 dum
1776 5697 1962 5784 genua,
1997 5729 2112 5783 qua:
2151 5712 2361 5783 singula
2388 5711 2600 5779 cad-unt,
2631 5709 2980 5781 multiplicata
3009 5712 3313 5764 nascuntur.
3370 5702 3484 5763 H08

80 5868 86 5875 I
179 5789 373 5864 Patres
401 5817 746 5871 consectatus
773 5789 1039 5869 uinum
1064 5807 1507 5880 pergltscribere
1534 5819 1786 5864 sermone
1815 5798 2063 5872 tim-pag.
2099 5802 2205 5856 5S8
2231 5819 2244 5854 :
2296 5801 2534 5859 Veaatur
2567 5800 2810 5868 Ecclesia
2851 5797 3092 5856 manibus
3126 5803 3486 5872 cruentarum.
