4050 6356
223 410 326 468 105
1631 408 1822 465 ΡΒΛΕΕ

1879 405 2012 466 .TlO.
3380 424 3478 480 l06

215 540 332 578 cum
358 520 707 593 apostolorum
732 521 970 577 doctrina
997 523 1238 593 suscepit.
1270 521 1572 593 Sgnaqoga,
1602 523 1832 594 inquam,
1861 521 2164 595 relinquitur
2182 521 2251 575 ad
2271 531 2466 590 terras,
2497 541 2646 598 quasi
2676 533 2888 586 terrenis
2928 533 3181 587 inhaerens
3209 539 3477 604 operanti-

214 616 342 680 bus;
365 613 599 668 Ecclesia
625 622 794 669 autem
813 614 868 668 in
887 613 1214 669 altitudinem
1239 622 1498 679 evocatur,
1521 621 1764 686 tanquam
1783 615 2022 670 calorum
2049 617 2309 688 profunda
2335 629 2662 674 sacramenta
2681 623 2983 691 discutiens,
3011 629 3067 680 in
3099 627 3244 681 illam
3283 630 3477 685 scilicet

214 706 540 762 altitudinem
560 706 624 763 de
640 723 740 780 qua
767 707 1041 780 Apostolus
1061 709 1137 762 ait
1155 724 1174 762 :
1199 707 1245 761 0
1270 706 1490 762 altitudo
1511 706 1808 762 divitiarum
1834 709 2102 779 sapientiae
2129 719 2180 764 et
2205 713 2434 768 scientiae
2461 711 2577 768 Dei.
2610 712 2895 784 Propterea
2915 717 3102 773 dicitur
3128 717 3286 774 Petro
3317 737 3334 773 :
3362 719 3479 774 Duc

214 799 272 852 in
300 798 476 863 altum,
505 798 602 855 hoc
626 809 703 854 est
728 801 784 853 in
812 799 1127 871 profundum
1153 798 1562 867 disputationum
1593 796 1669 869 (α)
1697 801 2044 870 generationis
2071 801 2276 858 divinae.
2305 801 2441 866 Quid
2459 805 2596 857 enim
2617 813 2720 858 tam
2745 807 3058 876 profundum
3076 826 3229 881 quam
3247 811 3381 882 quod
3401 813 3478 865 ait

217 887 402 944 Petrus
427 890 497 944 ad
522 888 802 946 Dominum
824 906 842 944 :
874 888 950 942 Tu
970 905 1025 944 es
1053 886 1284 943 Christus
1312 886 1482 942 Filius
1499 885 1609 968 _Dei
1629 888 1764 941 vivi?
1787 888 1924 956 Quid
1945 897 2050 943 tum
2071 899 2326 945 terrenum
2345 909 2497 963 quam
2517 892 2653 964 quod
2673 892 2736 946 de
2755 891 2977 949 Domino
3006 896 3245 952 dixerunt
3263 897 3434 953 Judaei
3457 916 3476 953 :

217 981 410 1039 Nonne
435 985 517 1038 hic
543 994 619 1040 est
646 985 789 1055 ﬁlius
813 982 1011 1053 Ioseph
1039 982 1174 1055 fabri
1189 983 1301 1036 2....
1335 980 1485 1043 Unde
1513 979 1588 1034 ait
1617 978 1860 1036 Salvator
1886 981 2045 1037 Petro
2075 1000 2092 1036 :
2126 983 2259 1051 Quia
2281 1001 2385 1038 non
2411 1001 2532 1039 caro
2560 993 2608 1038 et
2631 987 2841 1056 sanguis
2867 985 2954 1040 tibi
2981 988 3073 1041 hoc
3101 989 3359 1053 revelavit,
3387 989 3479 1043 sed

219 1075 378 1130 Pater
402 1093 564 1142 meus,
591 1077 679 1150 qui
705 1077 762 1130 in
791 1075 930 1130 caelis
951 1083 1047 1130 est.
1075 1073 1353 1131 Pharisceis
1377 1082 1548 1128 autem
1573 1073 1700 1127 dicit
1725 1090 1745 1128 :
1775 1071 2043 1138 Quomodo
2071 1078 2282 1147 potestis
2324 1077 2459 1132 bona
2499 1077 2674 1147 loqui,
2705 1094 2820 1130 cum
2861 1081 2973 1133 sitis
3014 1097 3235 1152 nequam
3254 1083 3280 1135 Ρ
3327 1081 3482 1136 "anc

218 1170 376 1239 igitur
403 1185 572 1226 SOLAI
594 1169 876 1226 Ecccssm
899 1183 1074 1224 navent
1101 1168 1331 1223 ascendit
1350 1166 1624 1233 Dominus,
1656 1183 1707 1223 In
1735 1182 1838 1231 oua
1866 1167 2081 1225 Penus
2107 1185 2365 1225 IAGIS'I'EII
2398 1185 2496 1224 εει·
2540 1185 2900 1225 consrrrurus
2929 1189 2941 1222 :
2974 1187 3199 1227 urceum
3229 1173 3434 1229 Doumo
3468 1192 3482 1226 :

220 1257 387 1331 Super
413 1260 546 1314 hunc
569 1271 768 1332 petram
789 1259 1056 1330 aediﬁcabo
1081 1258 1372 1314 Ecclesium
1399 1275 1584 1313 meam.
1619 1257 1748 1323 Qua
1775 1261 1920 1314 navis
1947 1262 2001 1314 in
2027 1262 2189 1315 altum
2217 1263 2394 1317 seculi
2414 1262 2568 1332 hujus
2596 1263 2670 1315 ita
2698 1269 2865 1325 natat,
2896 1271 2970 1328 ut,
3002 1274 3244 1332 pereunte
3263 1267 3478 1331 mundo,

219 1367 396 1406 omnes
418 1369 545 1423 quos
573 1353 785 1424 suscipit
803 1360 960 1407 servet
987 1351 1197 1407 illmos.
1219 1349 1380 1423 Cujus
1407 1351 1630 1422 ﬁguram
1643 1352 1759 1423 jam
1778 1354 1832 1407 in
1866 1352 2035 1408 Veteri
2059 1354 2284 1410 videmus
2317 1354 2658 1409 Testamento.
2684 1355 2832 1410 Sicut
2852 1357 2990 1410 enim
3012 1355 3068 1409 Ν
3069 1374 3130 1411 oe
3156 1375 3280 1412 arca
3300 1401 3315 1426 ,
3350 1379 3485 1415 nuu-

224 1443 460 1516 fragante
485 1443 676 1499 mundo
694 1481 710 1508 ,
741 1453 948 1499 cunctos
973 1459 1096 1516 quos
1119 1453 1411 1514 susceperat
1436 1444 1717 1500 incolumes
1742 1448 2044 1512 reservavit;
2073 1447 2148 1501 ita
2171 1463 2239 1502 nr
2263 1445 2433 1502 Parui
2458 1445 2736 1513 Eccczsu,
2769 1450 3119 1521 conﬂagrante
3139 1453 3327 1508 stacqu
3343 1496 3358 1519 ,
3390 1472 3489 1510 ou-

227 1548 322 1587 ucs
349 1548 482 1596 quos
508 1549 895 1601 supcscrnun,
927 1549 1376 1590 IBPBESENTABI'I‘
1405 1551 1752 1593 11.1.3808”...
1787 1536 1895 1593 Sed
1921 1539 2163 1610 quoniam
2192 1539 2324 1592 hanc
2352 1540 2580 1593 eamdem
2606 1542 2894 1594 naviculam
2920 1539 3064 1596 Petri
3087 1581 3102 1605 ,
3135 1544 3200 1597 de
3226 1562 3325 1615 qua
3351 1563 3489 1601 nunc

227 1621 479 1678 Dominus
506 1623 718 1679 scelestis
735 1624 986 1680 doctrina
1011 1641 1123 1680 sua
1146 1635 1474 1682 sacramenta
1499 1627 1772 1699 depromit,
1803 1628 2014 1700 legimus
2035 1631 2089 1684 in
2115 1628 2385 1696 Hatthaeo,
2414 1630 2700 1686 dormiente
2735 1633 2791 1685 in
2813 1633 2992 1687 eadem
3032 1633 3276 1700 Domino,
3325 1640 3505 1693 ventis‘

224 1714 596 1786 insurgentibus
621 1712 989 1784 perturbatam,
1017 1717 1094 1770 ita
1121 1727 1177 1771 ut
1203 1719 1374 1772 cuncti
1395 1720 1619 1790 apostoli
1644 1721 1826 1774 mortis
1852 1721 2135 1790 periculum
2164 1722 2542 1792 formidarent;
2572 1723 2832 1778 videamus
2879 1741 2993 1796 qua:
3020 1742 3176 1780 causa
3208 1727 3373 1801 [cvm]
3412 1737 3492 1785 est

220 1807 360 1876 quod
378 1823 480 1860 una
499 1806 772 1878 eademque
793 1809 1035 1864 navicula
1055 1811 1138 1864 hic
1159 1813 1214 1866 in
1237 1812 1609 1885 tranquillitate
1628 1812 1915 1866 doctrinam
1935 1814 2136 1884 populis
2158 1814 2354 1880 tribuit,
2377 1815 2447 1868 ibi
2470 1816 2526 1869 in
2549 1825 2845 1886 tempestate
2863 1818 3128 1889 discipulis
3150 1830 3338 1876 metum
3357 1837 3491 1878 mor-

218 1899 283 1952 tis
301 1897 498 1965 indicit,
522 1901 810 1970 prwsertim
835 1917 953 1956 cum
971 1901 1043 1956 ibi
1062 1904 1219 1957 etiam
1245 1920 1360 1958 cum
1386 1906 1588 1960 ceteris
1616 1905 1865 1975 apostolis
1892 1905 2074 1964 Simon
2094 1906 2281 1963 Petrus
2300 1918 2452 1963 esset.
2473 1907 2603 1965 Hac
2622 1919 2698 1964 est
2718 1920 2887 1965 autem
2915 1929 3075 1967 causa
3100 1915 3354 1984 periculi:
3375 1926 3490 1971 erat

215 1989 285 2043 ibi
316 1989 499 2046 Simon
531 1988 718 2046 Petrus
739 2009 758 2057 ;
787 1991 878 2047 sed
895 2000 1008 2048 erat
1031 1995 1228 2064 pariter
1253 2005 1304 2048 et
1330 1996 1564 2066 proditor
1588 1995 1775 2050 ludas.
1803 1992 2044 2060 Quamvis
2067 2000 2203 2052 enim
2222 1999 2363 2053 illius
2385 2000 2517 2069 ﬁdes
2539 2001 2784 2071 fundaret
2807 2004 3116 2069 naviculam,
3137 2005 3292 2075 hujus
3314 2015 3487 2062 tamen

213 2098 327 2136 eam
345 2082 564 2154 perﬁdia
583 2081 944 2139 conturbabat.
979 2081 1352 2158 Tranquillitas
1379 2095 1472 2152 est,
1511 2086 1586 2158 (b)
1615 2086 1700 2141 ubi
1731 2085 1945 2142 Purnus
1973 2103 2133 2142 sows
2156 2103 2417 2154 nmen;
2461 2099 2730 2160 tempestas
2759 2089 2842 2144 ubi
2868 2090 3036 2146 ludas
3069 2093 3487 2166 adjungitur.....

212 2173 555 2230 Metuentibus
582 2176 744 2246 igitur
772 2174 1057 2245 discipulis,
1081 2179 1330 2230 unxiante
1355 2175 1532 2242 Petro,
1561 2177 1848 2232 dormiebat
1873 2175 2146 2232 Dominus.
2174 2177 2367 2233 Mirum
2395 2181 2528 2250 forte
2563 2180 2797 2234 videatur
2821 2183 2957 2254 quod
2974 2224 2989 2248 ,
3030 2185 3279 2238 anxiunte
3303 2185 3486 2251 Petro,

212 2266 502 2343 dormiebat
531 2265 803 2322 Dominus.
831 2268 1131 2323 Dormiebat
1158 2268 1335 2334 Petro,
1369 2285 1432 2322 ne
1451 2271 1686 2339 vigilaret
1712 2267 1981 2324 Iudae”...
2005 2269 2067 2323 Si
2086 2272 2236 2323 unius
2256 2269 2409 2323 Judm
2430 2279 2638 2339 peccato
2659 2274 2828 2325 cuncti
2856 2274 3213 2342 periclitantur
3245 2277 3490 2346 apostoli,

215 2358 311 2412 hoc
338 2358 570 2428 exemplo
598 2375 867 2413 caveamus
897 2358 1168 2428 perﬁdum,
1202 2375 1469 2411 caveamus
1490 2359 1824 2428 proditorem,
1847 2375 1909 2411 ne
1930 2376 2018 2428 per
2036 2376 2194 2412 unum
2222 2361 2430 2429 plurimi
2460 2361 2782 2428 ﬁuctuemus.
2816 2360 2952 2424 Quin
2999 2365 3156 2416 etiam
3196 2365 3492 2434 hujusmodi

216 2446 523 2518 abjiciamus
553 2445 616 2499 de
635 2447 892 2510 navicula,
925 2454 980 2498 ut
1007 2462 1112 2499 non
1142 2444 1446 2508 obdormiat,
1469 2446 1559 2499 sed
1580 2446 1750 2517 vigilet
1770 2448 1826 2500 in
1846 2446 1989 2500 nobis
2018 2446 2290 2512 Dominus,
2323 2458 2474 2521 atque
2495 2466 2554 2504 eo
2577 2451 2817 2520 vigilante
2844 2453 2988 2505 nulla
3009 2469 3101 2506 nos
3121 2456 3372 2523 spiritalis
3397 2472 3493 2509 ηε-

213 2542 394 2612 quitia:
409 2541 637 2611 procella
666 2541 939 2596 concutiat.
973 2539 1072 2594 Ubi
1101 2541 1235 2594 enim
1263 2539 1395 2610 ﬁdes
1421 2541 1626 2612 integra
1645 2548 1740 2604 est,
1764 2539 1834 2593 ibi
1864 2538 2110 2594 Salvator
2133 2540 2301 2604 docet,
2332 2541 2510 2613 vigilat
2530 2552 2580 2596 et
2603 2542 2860 2608 exsultat;
2889 2542 2962 2597 ibi
2988 2545 3218 2617 requies,
3253 2546 3321 2601 ibi
3344 2557 3492 2603 tran—

211 2633 464 2704 quillitas,
489 2631 558 2686 ibi
579 2637 878 2685 cunctorum
902 2639 979 2685 est
997 2631 1275 2684 medicina.
1311 2628 1410 2684 Ubi
1431 2638 1602 2684 autem
1616 2630 1749 2701 .ﬁdei
1774 2636 1853 2684 est
1875 2631 2111 2686 admixta
2136 2627 2379 2704 perﬁdia,
2421 2631 2490 2687 ibi
2516 2630 2817 2689 Christus...
2860 2635 3138 2701 dormit,...
3183 2639 3254 2691 ibi
3304 2649 3489 2706 metus,

212 2726 284 2780 ibi
306 2733 606 2797 tempestas,
636 2729 741 2778 etc.
760 2721 845 2793 De
869 2720 1110 2778 Ecclesia
1130 2721 1394 2776 catholica
1423 2721 1507 2790 agi
1535 2737 1567 2776 a
1595 2719 1850 2788 Maximo,
1881 2721 2011 2777 nihil
2038 2721 2186 2777 dubii
2206 2732 2307 2777 est.
2338 2720 2467 2778 Nam
2497 2723 2612 2780 haec
2643 2724 2710 2778 ab
2736 2724 2826 2779 illo
2855 2723 3148 2795 Synagogze
3178 2731 3488 2798 opponitur,

213 2827 375 2889 atque
404 2818 520 2874 sola
545 2831 666 2872 esse
693 2813 908 2880 dicitur,
935 2828 1095 2883 quam
1122 2812 1363 2868 ascendit
1387 2812 1652 2869 Christus.
1681 2811 1801 2869 1am
1821 2829 1970 2880 vero,
1994 2813 2133 2868 hanc
2153 2813 2326 2884 ipsam
2355 2821 2409 2868 et
2429 2815 2619 2877 navim,
2644 2821 2700 2868 et
2720 2812 3006 2868 Ecclesium
3029 2814 3177 2870 Petri
3197 2832 3226 2870 a
3253 2817 3487 2874 Maximo

214 2911 476 2988 appellari
500 2919 610 2966 tam
636 2916 718 2964 est
737 2923 804 2964 ex
825 2907 938 2976 ejus
957 2907 1134 2963 verbis
1161 2907 1522 2977 perspicuum,
1545 2915 1605 2962 ut
1626 2906 1719 2977 qui
1746 2905 1974 2970 dubitet,
1999 2922 2107 2962 non
2134 2906 2365 2974 videam,
2398 2923 2493 2988 cur
2521 2923 2628 2963 non
2653 2907 2792 2962 idem
2815 2949 2830 2974 ,
2879 2909 3016 2963 sitne
3055 2909 3133 2963 sol
3154 2948 3168 2972 ,
3213 2927 3280 2965 an
3310 2913 3490 2968 nullus

211 2983 300 3074 sit,
329 3005 577 3062 dubitare
598 3003 785 3075 possit.
818 3000 1175 3069 Quamobrem
1204 3001 1422 3054 autem?
1451 2998 1670 3056 Scilicet
1697 2999 1825 3068 quia
1846 2999 1900 3053 in
1923 3014 1985 3053 ea
2013 2998 2201 3054 Petrus
2230 2983 2475 3072 magister
2500 3009 2577 3054 est
2604 3001 2931 3054 constitutus.
2968 2998 3118 3055 Unde
3150 3017 3276 3057 vero
3299 3003 3351 3056 id
3373 3020 3488 3059 ma-

210 3102 493 3171 gisterium
521 3097 757 3154 ostendit
779 3095 962 3152 Petri?
989 3094 1250 3150 Nimirum
1279 3110 1347 3149 ex
1367 3109 1433 3149 eo
1455 3094 1600 3164 quod
1617 3092 1864 3149 Christus
1884 3093 2079 3149 dikerit
2103 3113 2114 3147 :
2138 3091 2306 3165 Super
2327 3094 2460 3147 hanc
2480 3104 2678 3166 petram
2699 3093 2966 3165 aediﬁcabo
2988 3093 3275 3151 Ecclesium
3297 3105 3484 3154 meum.

211 3187 400 3245 Navim
431 3203 597 3258 porro
625 3201 722 3241 seu
744 3183 1043 3240 Ecclesiam
1074 3181 1250 3248 Petri,
1266 3197 1361 3237 seu
1388 3184 1444 3237 in
1464 3199 1563 3254 qua
1588 3184 1838 3254 magister
1859 3193 1936 3237 est
1963 3184 2266 3237 constitutus
2309 3182 2516 3248 Petrus,
2549 3185 2636 3238 cui
2662 3182 2862 3239 dictum
2905 3185 3130 3254 proinde
3158 3197 3239 3242 est
3269 3207 3282 3241 :
3317 3188 3487 3258 Super

213 3283 347 3338 hanc
375 3291 579 3354 petram
605 3279 872 3350 (ediﬁcubo
900 3277 1190 3332 Ecclesium
1209 3295 1396 3343 meam,
1419 3277 1566 3332 velut
1591 3289 1769 3334 arcam
1797 3276 1930 3343 Noe,
1955 3279 2143 3334 illaesos
2173 3287 2387 3334 servare
2413 3291 2589 3334 omnes
2629 3296 2752 3351 quos
2800 3278 3152 3350 complectitur
3170 3325 3183 3348 ,
3226 3282 3489 3338 Maximus

215 3375 402 3442 domet;
434 3374 720 3445 perireque
748 3380 1033 3442 propterea
1063 3371 1182 3426 illos
1208 3370 1301 3439 qui
1329 3375 1480 3424 extra
1507 3369 1678 3439 ipsam
1706 3371 1840 3436 sint,
1868 3371 2035 3425 veluti
2063 3371 2218 3439 aquis
2245 3370 2532 3441 absor'ptos
2575 3371 2779 3426 diluVii.
2824 3371 2983 3425 Addit
3017 3382 3236 3427 sanctus
3275 3378 3487 3444 episco-

216 3485 333 3542 pus,
367 3466 796 3541 tranquillitatem
818 3480 937 3522 esse
963 3466 1048 3520 ubi
1076 3464 1213 3520 solus
1236 3462 1423 3517 Petrus
1452 3464 1678 3534 navigat,
1712 3469 2085 3533 tempestatem
2110 3462 2299 3518 contra
2329 3462 2418 3517 ubi
2447 3461 2806 3531 adjunguntur
2817 3462 3070 3517 homines
3089 3460 3238 3518 Jndw
3264 3465 3485 3520 similes.

217 3562 353 3630 Quid
380 3566 560 3617 autem
587 3559 692 3616 hoc
715 3568 815 3624 est,
845 3573 1010 3629 quam
1031 3556 1476 3627 tranquillitatem
1521 3570 1641 3610 esse
1683 3542 1775 3610 ubi
1800 3557 1927 3621 sint,
1977 3556 2070 3624 qui
2115 3570 2237 3611 cum
2282 3552 2445 3610 Petro
2474 3553 2541 3608 de
2570 3553 2816 3609 doctrina
2865 3554 3173 3624 pietateque
3219 3558 3484 3623 sentiant;
3554 3627 3556 3629 ν

217 3663 594 3728 tempestatem
622 3663 829 3719 contra,
851 3653 898 3708 si
926 3652 1019 3723 qui
1045 3658 1277 3718 exstant,
1299 3650 1394 3720 qui
1421 3666 1452 3703 a
1487 3645 1645 3704 Petro
1673 3647 2007 3704 dissideant?
2034 3646 2168 3702 Nam
2195 3647 2239 3702 Si
2269 3647 2421 3715 quies
2441 3652 2540 3710 est,
2574 3644 2666 3699 ubi
2695 3643 2884 3700 Petrus
2903 3654 2985 3700 est
3015 3645 3192 3714 solus;
3234 3649 3324 3717 qui
3366 3664 3490 3703 esse

219 3757 510 3821 tempestas
536 3749 736 3819 poterit
760 3747 850 3801 ubi
880 3747 1117 3802 omnium
1136 3747 1206 3801 sit
1226 3758 1434 3799 summa
1462 3757 1585 3796 cum
1608 3741 1769 3795 Petto
1797 3740 2127 3795 consensio?
2155 3737 2397 3808 Cumque
2425 3743 2578 3808 petra
2601 3740 2762 3809 supia
2788 3753 2946 3808 quam
2968 3739 3227 3796 aediﬁcata
3248 3737 3488 3798 Ecclesia

217 3842 306 3908 sit,
337 3840 670 3896 fundamenti
698 3839 818 3894 loco
847 3838 1141 3910 habeatur;
1179 3836 1307 3890 hinc
1341 3833 1608 3887 Maximus
1649 3829 2048 3885 fundamentum
2081 3827 2332 3885 Ecclesiae
2374 3828 2608 3899 appellat
2654 3827 2869 3884 Petrum
2918 3831 2972 3886 in
3015 3831 3262 3901 capitulis
3305 3831 3483 3888 Evan-

218 3935 483 4006 geliomm
506 3975 521 3999 ,
558 3946 684 4003 pag.
727 3931 830 3984 778
860 3950 872 3984 :
908 3931 1100 3985 Pastor
1121 3971 1136 3995 ,
1177 3929 1352 3998 inquit
1373 3965 1388 3990 ,
1431 3925 1678 3979 Ecctesid:
1706 3925 1822 3995 fuit,
1862 3925 2071 3992 insuper
2107 3931 2157 3978 et
2191 3931 2368 3993 pastor
2405 3923 2594 3994 gregis.
2655 3920 2822 3977 Pasce
2860 3925 3032 3986 enim,
3074 3924 3152 3978 illi
3181 3927 3254 3978 ait
3289 3923 3440 3980 Iesus
3464 3966 3480 3990 ,

221 4043 337 4081 oves
357 4042 517 4079 meas.
543 4023 857 4096 Discipulus,
898 4031 948 4076 et
969 4019 1247 4076 Ecctnsw
1271 4032 1683 4082 ruunaunu'ruu,
1706 4024 1757 4069 et
1782 4014 2072 4086 apostolus,
2104 4023 2153 4069 et
2173 4023 2388 4086 martyr,
2421 4015 2587 4084 capite
2612 4013 2848 4070 deorsum
2872 4013 3050 4069 Romae
3077 4025 3151 4070 est
3179 4018 3481 4088 cruciﬁxus.

223 4117 302 4174 Ac
327 4127 527 4190 petram
551 4113 784 4186 quidem,
807 4115 960 4184 cujus
978 4112 1222 4168 Christus
1240 4111 1457 4167 Petrum
1498 4109 1775 4178 alloquens
1813 4106 2076 4171 meminit,
2119 4100 2337 4161 Petrum
2375 4107 2548 4176 ipsum
2579 4119 2736 4170 esse,
2777 4104 2916 4160 idem
2950 4110 3176 4160 testatur
3218 4104 3480 4160 Maximus

220 4209 352 4288 [αι]
376 4209 596 4266 homilia
617 4207 706 4274 54,
731 4222 853 4278 pag.
882 4204 985 4260 169
1010 4224 1024 4260 :
1054 4205 1317 4277 Tanquam
1354 4205 1516 4259 bonus
1556 4211 1754 4274 pastor,
1782 4200 1974 4270 inquit,
2004 4211 2252 4253 rusunuu
2273 4211 2484 4253 cucccu
2514 4197 2740 4265 accepit,
2766 4205 2822 4248 ut
2858 4197 2945 4265 qui
2973 4195 3070 4249 sibi
3097 4205 3216 4250 ante
3245 4198 3485 4265 inﬁrmus
3548 4215 3552 4218 ·

219 4301 406 4371 fuerat,
437 4300 584 4370 ﬁeret
608 4313 829 4355 oumsus
847 4308 1264 4361 ‘rmuueu'ruu;
1293 4303 1344 4349 et
1366 4294 1453 4365 qui
1480 4293 1590 4364 ipse
1615 4288 2036 4361 interrogationis
2060 4288 2341 4343 tentatione
2378 4294 2663 4350 nutaverut,
2689 4298 2940 4368 caunos
2965 4301 3102 4339 non
3131 4300 3477 4341 summurn

218 4410 518 4457 PUNDARET.
549 4393 780 4466 Denique
828 4409 921 4465 pro
965 4392 1226 4447 soliditate
1253 4390 1534 4444 devotionis
1564 4386 1932 4442 Ecccesunuu
1973 4399 2147 4439 partu
2174 4382 2380 4445 dicitur,
2411 4381 2542 4434 sicut
2567 4381 2642 4432 ait
2669 4375 2962 4432 Dominus:
3007 4377 3081 4430 Tu
3109 4395 3161 4432 es
3194 4377 3400 4446 Petrus,
3431 4390 3486 4433 et

218 4503 369 4561 super
396 4488 531 4542 hunc
548 4483 1032 4559 petram'cediﬁcabo
1055 4480 1342 4537 Ecclesium
1367 4496 1554 4536 meum.
1592 4477 1753 4534 Petra
1773 4478 1910 4532 enim
1923 4475 2129 4541 dicitur,
2159 4491 2219 4529 eo
2247 4472 2587 4546 quodprimus
2615 4472 2670 4524 in
2691 4469 2981 4524 nationibus
3001 4470 3125 4539 ﬁdei
3139 4471 3478 4542 fundamenta

220 4581 463 4652 posuerit,
494 4594 566 4635 er
589 4593 833 4642 raucum
865 4590 1038 4633 sucu
1061 4590 1310 4631 ιιιιιοιιιιε
1342 4587 1533 4630 rorws
1562 4586 1746 4628 orntus
1787 4585 2083 4627 cnmsrum
2124 4581 2404 4624 couraceu
2433 4579 2714 4628 uocemus
2749 4579 3065 4618 courmen.
3098 4562 3288 4616 Pastor
3317 4565 3478 4632 igitur

221 4670 398 4725 ovium
418 4666 618 4724 Christi
639 4664 851 4732 Petrus,
876 4665 1123 4735 idemque
1144 4664 1525 4735 ﬁrmamentum
1552 4661 1806 4727 omnibus,
1830 4675 1894 4716 ac
1920 4668 2066 4731 petra
2094 4657 2445 4712 Ecclesiarum
2473 4658 2660 4726 factus,
2679 4661 2815 4708 teste
2838 4653 3085 4716 Maximo,
3115 4663 3322 4708 caeteros
3350 4655 3477 4725 ﬁdei

219 4757 494 4814 stabilitate
520 4758 774 4832 fundavit,
791 4763 851 4810 ut
869 4757 961 4824 qui
983 4761 1038 4810 et
1065 4761 1209 4825 petra
1233 4754 1302 4809 sit
1315 4753 1654 4817 constitutus,
1679 4760 1736 4806 et
1757 4760 2001 4823 tanquam
2020 4765 2202 4803 saxum
2222 4745 2480 4801 immobile
2500 4738 2654 4832 totius
2679 4742 2955 4798 Christiani
2984 4744 3151 4815 aperis
3180 4763 3477 4821 compagem

221 4850 500 4923 molemque
517 4831 801 4904 contineat.
828 4845 886 4900 id
909 4860 1038 4901 vero
1061 4843 1251 4900 Petrus
1272 4850 1594 4900 consecutus
1611 4841 1899 4897 devotione
1939 4846 2042 4902 est,
2065 4837 2208 4905 quod
2230 4836 2427 4890 virtute
2472 4841 2554 4889 est
2579 4831 2840 4890 Christus.
2868 4833 3014 4889 Sicut
3060 4838 3134 4889 ait
3160 4837 3433 4909 Apostolus
3455 4858 3476 4897 :

225 4939 466 4996 Bibebant
491 4947 669 5002 autem
697 4938 762 4993 de
787 4935 1044 5009 spirituuli
1073 4939 1408 5008 consequente
1428 4950 1515 4989 eos
1533 4940 1721 5004 petra:
1749 4940 1898 5002 petra
1925 4937 2094 4983 autem
2133 4937 2245 4982 erat
2271 4924 2519 4982 Christus.
2553 4926 2709 4981 Recte
2736 4929 3048 4982 consortium
3068 4937 3287 4983 meretur
3307 4934 3473 4986 nomi-

221 5030 318 5097 nis,
339 5031 424 5102 qui
449 5039 786 5098 consonum
810 5040 1059 5083 usurus
1075 5040 1144 5080 ενι·
1164 5040 1366 5091 ornats,
1389 5030 1492 5079 etc.
1517 5019 1794 5076 Pastorem
1816 5028 1995 5074 autem
2017 5019 2196 5074 ovium
2217 5017 2415 5074 dictum
2454 5033 2573 5074 esse
2594 5016 2831 5084 Petrum,
2856 5025 3139 5090 propterea
3161 5019 3304 5090 quod
3327 5037 3478 5077 suos

225 5140 488 5183 mannos
511 5138 832 5190 accursu-1',
859 5120 1120 5176 Maximus
1141 5120 1255 5190 ipse
1277 5118 1436 5174 docet
1455 5114 1675 5172 homilia
1697 5111 1786 5182 55,
1808 5127 1930 5185 pag.
1957 5111 2078 5167 168.
2102 5111 2221 5168 Jam
2241 5118 2449 5184 petram
2471 5109 2686 5168 Petrum
2711 5113 2870 5168 fuisse
2889 5113 3236 5168 constitutum
3260 5115 3329 5169 ob
3351 5131 3482 5171 con-

229 5217 510 5275 fessionem
531 5215 827 5274 divinitatis
845 5213 1062 5280 Christi,
1093 5213 1273 5269 claves
1293 5209 1444 5279 regni
1465 5207 1724 5265 oculorum
1751 5205 2042 5275 accepisse,
2082 5211 2543 5275 eonseeutumque
2567 5203 2840 5275 iudicandi
2869 5212 3214 5274 potestatem,
3237 5203 3475 5273 Maximi,

229 5319 287 5366 ut
309 5319 624 5367 (maerorum
645 5306 805 5362 etiam
827 5303 1066 5370 Patrum,
1090 5311 1343 5360 constans
1363 5300 1607 5357 doctrina
1629 5305 1730 5354 est.
1754 5298 1927 5369 Atque
1948 5299 1992 5353 is
2015 5297 2232 5353 homilia
2256 5293 2324 5353 68
2339 5339 2355 5365 ,
2380 5312 2504 5369 pag.
2529 5297 2597 5350 17
2618 5312 2793 5367 seqq:
2823 5296 2891 5352 Ut
2913 5299 3246 5370 confessionis
3264 5297 3479 5371 (Petri),

229 5400 413 5473 inquit,
441 5408 638 5476 quanta
667 5406 798 5453 esset
827 5396 1124 5467 magnitudo
1153 5394 1395 5451 Salvator
1419 5390 1758 5460 ostenderet;
1806 5389 1882 5445 ait
1908 5390 1958 5446 ei
1987 5407 2000 5444 :
2027 5388 2217 5444 Beatus
2259 5406 2338 5459 es,
2368 5388 2550 5446 Simon
2582 5386 2874 5453 Bar—Jon'a,
2897 5390 3015 5459 quia
3049 5379 3169 5444 caro
3197 5397 3246 5442 et
3271 5390 3484 5464 sanguis

230 5510 330 5548 non
353 5495 592 5551 revelavit
621 5490 733 5556 tibi,
751 5489 842 5544 sed
869 5488 1030 5546 Pater
1053 5504 1193 5543 meus
1220 5487 1308 5559 qui
1332 5489 1388 5542 in
1411 5486 1548 5543 catis
1573 5494 1650 5542 est
1677 5501 1696 5540 :
1725 5495 1776 5541 et
1813 5483 1906 5539 tibi
1936 5484 2068 5539 dabo
2089 5485 2256 5540 claves
2297 5485 2444 5555 regni
2473 5483 2803 5538 calorum...
2838 5480 2955 5536 Hoc
2992 5481 3071 5537 illi
3103 5483 3360 5553 confessio
3389 5481 3483 5533 de-

232 5586 322 5653 dit,
349 5596 404 5642 ut
423 5597 544 5642 ante
565 5587 728 5642 claves
757 5583 902 5656 regni
925 5582 1167 5638 caelorum
1189 5584 1465 5656 acciperet,
1491 5598 1643 5656 quam
1667 5581 1782 5636 caeli
1792 5580 1988 5652 januas
2007 5579 2309 5634 introiret...
2339 5576 2509 5633 Clavis
2536 5578 2647 5633 caeli
2673 5578 2851 5648 lingua
2874 5585 2950 5630 est
2973 5575 3140 5642 Petri,
3170 5577 3291 5647 quia
3314 5574 3490 5644 singu-

303 5721 377 5793 (a)
413 5721 548 5793 Vide
565 5727 823 5793 praeterea
843 5732 1004 5793 serm.
1028 5714 1115 5793 95,
1137 5729 1258 5793 pag.
1284 5714 1406 5771 644.
1422 5714 1620 5793 Confer
1639 5715 1799 5770 etiam
1977 5712 2384 5793 (b)_adeundus_
2405 5720 2626 5790 sanctus
2660 5711 2992 5791 Ambrosius,
3030 5709 3184 5777 ibid.,
3213 5723 3362 5768 mnu.
3395 5710 3486 5781 70,

233 5784 469 5847 salictum
494 5784 849 5854 Ambrosium,
874 5788 966 5843 lib.
991 5804 1044 5842 Iv
1070 5789 1124 5841 in
1139 5784 1367 5857 Lucam,
1390 5801 1536 5843 num.
1563 5785 1651 5851 71,
1672 5798 1796 5856 pag.
1907 5784 2041 5857 pag.
2056 5784 2162 5842 848

237 5860 356 5929 848,
385 5869 516 5918 tom.
549 5860 593 5914 ll
617 5859 747 5914 edit.
776 5858 995 5914 Venetae
1024 5875 1114 5914 an.
1148 5855 1306 5913 1748.

399 5963 403 5967 ·
508 5955 778 6038 Parant.
833 5949 1014 6016 LVII.
1971 5959 1980 5980 ‘

1971 5959 1980 5980 ι
2302 5957 2320 5963 --
3053 5944 3086 6006 δ
