4050 6356
549 369 654 427 ιυτ
1992 335 2375 408 ΡΚᾹΞῈΑΤΙΟ.
3778 339 3882 400 ΠΒ

549 483 718 538 lorum
747 483 928 537 merita
956 476 1222 544 censendo,
1253 469 1530 548 Apostolus
1559 468 1832 540 unicuique
1859 479 2066 538 regnum
2096 467 2334 521 caelorum
2364 473 2453 517 aut
2489 461 2700 528 claudit,
2733 465 2823 516 aut
2869 457 3054 534 aperit.
3088 453 3210 515 Non
3253 465 3330 514 est
3369 473 3490 529 ergo
3533 455 3734 540 claris
3779 453 3879 510 ista

550 578 788 632 mortalis
815 575 1026 645 artiﬁcis
1045 580 1224 645 aptata
1253 547 1432 636 manu,
1463 567 1553 623 sed
1580 579 1721 621 nam
1744 577 1777 617 Α
1799 561 2034 616 Cumsro
2058 573 2327 614 eoresrss
2353 573 2450 614 ssr
2472 573 2858 614 IUDICANDI.....
2887 555 2988 611 Hic
3017 564 3092 611 est
3121 547 3306 610 Petrus
3344 555 3424 608 cui
3451 552 3727 607 Christus
3763 549 3876 606 Do-

551 671 722 724 minus
741 643 1146 723 communionem
1167 665 1243 719 sui
1275 663 1498 718 nominis
1527 661 1739 714 libenter
1768 654 2001 710 indulsit.
2026 651 2094 706 Ut
2119 651 2275 717 enim,
2299 653 2431 706 sicut
2449 653 2712 722 apostolus
2739 650 2938 706 Paulus
2968 648 3188 718 edocuit,
3213 653 3384 704 beru
3405 643 3522 702 eral
3541 645 3871 710 CHRISTUS,

549 767 623 820 ita
643 778 732 834 per
757 759 1013 814 Christum
1035 757 1251 813 Pnruus
1273 769 1475 811 racrus
1499 768 1593 807 ssr
1620 765 1811 815 PETRA,
1837 746 2035 800 dicente
2063 746 2108 798 ei
2129 743 2355 800 Domino
2387 743 2496 813 (a):
2529 742 2604 798 Tu
2626 762 2678 799 es
2703 741 2906 809 Petrus,
2929 751 2978 799 et
2998 753 3150 815 super
3180 743 3312 796 hanc
3333 743 3536 814 petram
3563 724 3872 814 aediﬁcabo

549 829 837 908 Ecclesium
866 866 1050 906 meam.
1086 846 1247 913 Nunt,
1273 848 1402 902 sicut
1452 847 1507 900 in
1545 843 1764 906 deserto,
1798 835 2055 893 dominico
2085 837 2280 891 sitienti
2303 836 2505 912 populo
2536 849 2666 907 aqua
2697 831 2851 906 ﬂuxit
2877 853 2904 889 e
2933 842 3110 907 petra;
3133 835 3205 888 ita
3241 834 3476 887 universo
3504 829 3735 887 mundo
3761 832 3870 885 ari-

549 942 711 997 ditate
733 942 942 1007 lassata,
972 939 1034 995 de
1061 956 1149 994 ore
1174 937 1320 992 Petri
1361 939 1478 1009 fons
1507 933 1790 1004 salutifera:
1817 928 2158 1002 confessionis
2187 929 2412 982 emersit.
2448 925 2551 981 Hic
2590 936 2666 983 est
2686 927 2893 991 Petrus,
2938 929 3017 981 cui
3040 913 3272 981 Christus
3303 931 3627 980 ascensurus
3654 921 3741 977 ad
3764 919 3868 979 Pa-

551 1044 701 1102 trem,
733 1033 1018 1105 pascendas
1051 1032 1276 1087 oviculas
1323 1046 1442 1084 suas
1488 1043 1748 1101 agnosque
1776 1023 2116 1090 commendat,
2163 1033 2361 1095 tttquos
2390 1021 2476 1077 ille
2502 1024 2704 1094 pietatis
2750 1023 3080 1077 miseratione
3106 1019 3393 1088 redimeret,
3426 1017 3508 1075 hic
3548 1021 3724 1076 rint-:1
3757 1039 3864 1076 su

550 1143 788 1183 vm'rure
811 1137 1104 1182 summer.
1138 1121 1209 1178 Et
1237 1132 1369 1178 recte
1393 1133 1518 1177 sane
1556 1123 1603 1176 ei
1639 1119 1828 1174 arbiter
1877 1120 2192 1174 occultorum
2215 1115 2312 1171 Dei
2342 1113 2513 1172 Filius
2551 1133 2847 1174 mscesms
2887 1134 3018 1174 oves
3060 1133 3398 1180 ruesmsous
3445 1131 3756 1178 conmstr,
3790 1115 3866 1167 cui

553 1226 790 1286 ﬂaverat,
819 1219 874 1272 in
901 1215 1174 1272 nutriendo
1199 1229 1349 1288 grege
1379 1214 1654 1279 dominico,
1680 1229 1770 1266 nec
1789 1211 2013 1266 studium
2039 1210 2231 1278 deesse,
2268 1225 2360 1263 nec
2380 1209 2554 1280 ﬁdem.
2583 1207 2651 1263 Et
2673 1199 2858 1264 homil.
2891 1208 2975 1275 70,
3002 1223 3122 1280 pag.
3155 1203 3258 1260 224
3293 1226 3304 1259 :
3334 1203 3552 1272 Petrum
3577 1201 3657 1258 de
3687 1206 3862 1276 pisca-

552 1323 665 1370 tore
693 1315 954 1368 doctorem
971 1311 1182 1383 factum,
1216 1309 1476 1363 Maximus
1499 1307 1591 1371 ait,
1619 1308 1761 1378 cujus
1791 1303 1935 1359 Petri
1967 1301 2242 1357 credulitas
2285 1299 2536 1356 doctrina:
2558 1301 2626 1356 sil
2661 1300 3073 1374 fundamentum.
3107 1289 3358 1369 Adjungit
3393 1299 3515 1354 inde
3540 1314 3684 1370 pag.

555 1405 673 1480 [cx]
706 1405 900 1470 Quanti
928 1403 1088 1476 igitur
1116 1403 1284 1456 meriti
1306 1402 1442 1473 apud
1475 1400 1642 1454 Deum
1686 1403 1833 1454 suum
1855 1399 2041 1453 Petrus
2071 1405 2201 1464 erat,
2226 1407 2280 1450 ut
2309 1399 2355 1451 ei
2376 1403 2489 1467 poSt
2529 1395 2782 1451 navicqu
2810 1414 2980 1468 parrie
3020 1397 3286 1468 remigium
3329 1412 3518 1450 TOTIL‘S
3555 1394 3855 1451 Eccusu:

552 1505 929 1554 Guaeumcuu
960 1511 1343 1551 TRADERENTUR
1359 1495 1447 1549 ?...
1482 1491 1618 1558 Quid
1635 1492 1697 1545 de
1717 1492 1875 1546 Petro
1903 1492 2140 1562 referam,
2167 1491 2310 1561 cujus
2335 1497 2482 1544 tanta
2510 1497 2584 1543 est
2614 1495 2645 1542 a
2674 1489 2784 1544 Deo
2814 1492 3098 1562 approbata
3122 1489 3356 1562 justitia,
3391 1497 3647 1561 tantqque
3686 1491 3738 1544 ei
3773 1505 3854 1542 ro-

553 1607 756 1646 'I'ESTAS
783 1593 1085 1644 arrmnuri
1113 1601 1410 1653 JUDICANDI,
1442 1601 1509 1640 ur
1542 1603 1591 1641 ιη
1622 1601 1869 1639 manare
1900 1597 2022 1638 ειυς
2051 1599 2366 1638 roseusrua
2397 1581 2656 1638 (ῖοιειὲδτε
2700 1583 2973 1638 tumexuu‘l
3002 1575 3286 1652 Perspicite
3331 1601 3450 1654 ergo
3490 1592 3540 1635 et
3589 1581 3856 1636 wstimate

552 1691 744 1752 quanto
768 1665 912 1735 nobis
948 1681 1014 1734 sit
1035 1677 1221 1733 Petrus
1245 1678 1510 1750 apostolus
1530 1678 1722 1731 honore
1752 1676 2074 1740 reverendus,
2105 1692 2260 1731 curs
2283 1675 2618 1730 sensurum
2658 1691 2707 1730 1N
2740 1692 2928 1732 TEBBIS
2967 1693 3245 1732 mourn
3295 1693 3616 1732 summam
3667 1692 3852 1731 ωηιξη

554 1789 792 1838 moerus
840 1788 939 1827 NON
980 1785 1263 1826 murmur.
1297 1769 1366 1822 Et
1395 1769 1509 1823 ideo
1541 1769 1810 1840 diligenter
1831 1769 2095 1835 intendite,
2121 1786 2232 1839 qua:
2255 1771 2318 1822 sit
2346 1768 2455 1839 ejus
2484 1768 2664 1839 glorice
2692 1768 3010 1840 magnitudo,
3043 1771 3122 1823 cui
3157 1785 3261 1824 nunt
3291 1786 3491 1825 curvas
3533 1787 3702 1825 unum
3735 1785 3850 1827 con-

550 1881 861 1921 mrruuruu
883 1865 1081 1930 aeterni,
1114 1864 1293 1918 caelum
1315 1862 1389 1918 illi
1407 1863 1643 1916 claudere
1661 1870 1708 1916 et
1738 1863 1939 1933 aperire
1961 1862 2266 1933 permisisum
2295 1869 2388 1914 est.
2414 1860 2552 1925 Quin
2577 1861 2738 1916 etiam
2783 1855 2968 1914 homil.
3027 1859 3111 1928 7'2,
3167 1875 3286 1930 pag.
3326 1845 3450 1926 231,
3495 1859 3564 1915 de
3591 1843 3767 1916 Petro
3790 1879 3844 1916 ac

476 2006 486 2016 ,
551 1954 720 2010 Paulo
743 1955 1008 2010 disserens
1035 1972 1048 2007 :
1074 1954 1256 2019 Ambo,
1285 1953 1476 2022 inquit,
1503 1954 1663 2007 claves
1695 1971 1724 2006 a
1755 1954 1976 2008 Domino
2006 1960 2370 2024 perceperunt,
2397 1971 2650 2009 serenus-1
2675 1967 2792 2009 ISTE
2818 1949 3081 2025 (Paulus),
3109 1949 3194 2006 ille
3222 1951 3455 2024 (Petrus)
3486 1969 3837 2010 POTENTLIZ...

554 2047 702 2118 Ergo
727 2046 859 2101 beati
882 2047 1072 2103 Petrus
1118 2057 1168 2102 et
1209 2045 1406 2102 Paulus
1433 2049 1656 2102 eminent
1682 2050 1814 2100 inter
1843 2049 2106 2101 universos
2148 2047 2452 2116 apostolos,
2483 2051 2531 2100 et
2578 2043 2826 2118 peculiari
2857 2045 3079 2116 quadam
3127 2045 3466 2115 praerogativa
3517 2045 3833 2114 prati-ellum.

553 2140 752 2197 Confer
775 2149 1035 2212 przeterea
1058 2141 1244 2196 hemil.
1271 2141 1394 2211 107,
1421 2155 1543 2212 pag.
1572 2139 1690 2207 551,
1719 2157 1826 2210 quo
1860 2141 1979 2196 loco
2008 2160 2019 2193 :
2050 2137 2324 2212 Implebat,
2351 2139 2538 2209 inquit,
2565 2139 2808 2194 bonitatis
2836 2147 2882 2190 et
2912 2133 3201 2206 disciplina:
3230 2151 3354 2206 opus
3387 2133 3721 2189 beatissimus
3739 2135 3826 2189 Pe-

554 2245 682 2301 trus,
707 2251 822 2289 cum
862 2243 911 2289 et
941 2243 1183 2308 tanquam
1211 2253 1324 2289 vere
1353 2234 1512 2290 bonus
1542 2235 1768 2289 medicus
1800 2234 1998 2289 oblatos
2037 2234 2135 2288 sibi
2164 2245 2363 2287 curaret
2405 2234 2658 2304 inﬁrmos,
2696 2240 2744 2286 et
2778 2248 2846 2286 υτ
2876 2245 3176 2285 DISCIPLINE
3208 2244 3479 2284 C(ELISTIS
3519 2245 3818 2284 resonat

550 2337 709 2385 tusn
750 2343 974 2383 summer
1005 2343 1231 2383 ULTIONE
1263 2345 1554 2392 asserens,
1586 2329 1848 2381 Ananiam
1898 2328 2103 2382 scilicet
2125 2335 2178 2381 et
2219 2325 2517 2398 Sapltyrttm
2549 2344 2565 2379 :
2597 2336 2652 2380 et
2675 2336 2834 2380 serm.
2865 2324 2952 2390 57,
2985 2337 3108 2394 pag.
3137 2321 3260 2388 498,
3291 2322 3380 2376 ubi
3410 2319 3632 2377 Petrum
3655 2323 3833 2394 μητρί·

550 2437 706 2492 puum
735 2429 894 2476 vocat
924 2421 1293 2492 apostolorum.
1329 2420 1394 2475 Et
1417 2437 1576 2475 serm.
1607 2419 1692 2485 66,
1719 2434 1838 2490 pag.
1876 2418 1975 2472 567
2000 2435 2137 2488 scq.,
2165 2436 2272 2489 quo
2321 2420 2440 2474 loco
2483 2419 2640 2472 Petro
2667 2419 2890 2490 quidem,
2918 2417 3117 2486 inquit,
3153 2417 3298 2486 regni
3330 2416 3412 2469 sui
3439 2416 3635 2482 claves,
3669 2417 3839 2471 Paulo

551 2515 689 2568 verbi
718 2517 1028 2582 sapientiam
1059 2513 1216 2568 dedit.
1252 2512 1363 2568 Nec
1392 2509 1692 2568 incredibile
1723 2514 1834 2577 hoc,
1869 2513 2115 2584 quoniam
2144 2513 2230 2584 qui
2271 2529 2457 2584 aquam
2505 2510 2747 2582 produxit
2780 2528 2807 2564 e
2835 2523 2998 2581 petra,
3042 2508 3342 2564 ECCLESIAI
3367 2525 3620 2564 FUNDAYIT
3649 2525 3702 2562 IN
3732 2509 3841 2564 Pr:-

555 2618 774 2658 τηου...
800 2603 1064 2658 Doctrina:
1094 2605 1263 2676 gratia
1295 2601 1493 2660 coelum
1523 2603 1721 2657 Paulus
1754 2603 2070 2675 ingreditur;
2103 2603 2449 2674 simplicitatis
2473 2603 2652 2656 merito
2668 2603 2933 2671 aperiendi
2955 2602 3064 2656 εαξιὶ
3091 2600 3279 2656 Petrus
3302 2605 3483 2672 accipit
3506 2610 3835 2671 potestatem.

555 2699 797 2770 Denique
820 2718 1069 2758 sermone
1092 2699 1178 2768 69,
1205 2717 1328 2772 pag.
1355 2700 1458 2754 577
1481 2716 1619 2771 seq.,
1645 2701 1714 2756 de
1755 2699 1916 2756 Petro
1946 2718 2155 2756 rursum
2187 2687 2359 2771 deque
2386 2700 2552 2757 Paulo
2593 2715 2757 2769 agens
2799 2702 3060 2758 Maximus
3086 2721 3097 2755 :
3129 2700 3370 2755 Diximus
3402 2702 3715 2772 frequenter,
3759 2701 3837 2753 in-

551 2794 690 2864 quit,
714 2794 882 2865 ipsum
902 2794 1117 2850 Petrum
1145 2813 1356 2850 rerum
1386 2813 1418 2848 a
1439 2784 1666 2850 Domino
1697 2807 2070 2867 nuncupatum,
2097 2799 2228 2850 sicut
2258 2799 2331 2850 ait
2352 2799 2500 2868 ipse:
2535 2796 2610 2850 Tu
2630 2814 2682 2852 es
2712 2798 2918 2864 Petrus,
2950 2805 3054 2852 etc.
3088 2794 3148 2850 Si
3177 2813 3296 2866 ergo
3319 2793 3506 2849 Petrus
3537 2810 3710 2848 PETRA
3740 2810 3833 2849 [ετ

552 2897 714 2946 sum
739 2903 880 2956 QUAM
901 2904 1233 2946 uiricsruu
1259 2886 1537 2954 Eecnssu,
1564 2897 1699 2942 recte
1726 2889 1867 2959 prius
1896 2889 2050 2960 pedes
2075 2898 2226 2944 sanat
2257 2889 2498 2961 (claudi),
2529 2900 2584 2944 ut
2612 2892 2743 2944 sicut
2763 2907 2812 2946 IN
2836 2890 3096 2946 Eccuasu
3127 2906 3266 2950 rium
3291 2905 3694 2967 runntunmeu
3722 2904 3830 2953 cos,

554 2995 732 3050 mer,
756 2984 830 3036 ita
857 2992 906 3038 et
934 2987 987 3038 in
1018 2985 1222 3039 homine
1252 2979 1592 3040 membrorum
1622 2979 1962 3058 fundamenta
1993 2983 2332 3056 conﬁrmet...
2365 2982 2565 3042 Paulus
2595 3002 2627 3041 a
2654 2983 2877 3043 Domina
2906 3002 2992 3042 vas
3031 2987 3290 3042 electionis
3319 2992 3394 3040 est
3423 2988 3818 3038 nontinatus.....

557 3077 768 3145 Optima
790 3079 1137 3148 apostolorum
1166 3081 1380 3133 nomina
1403 3097 1594 3146 parm,
1627 3089 1674 3133 et
1704 3082 1966 3135 vasculum
1982 3084 2272 3136 necessaria
2292 3083 2467 3138 domui
2488 3084 2804 3150 Saluatoris.
2826 3084 3022 3140 Domus
3049 3085 3184 3138 enim
3228 3093 3494 3155 petrarum
3534 3081 3825 3154 fortitudine

556 3167 884 3233 construitur,
918 3169 1141 3223 utilitate
1166 3173 1302 3224 vasis
1333 3181 1568 3228 ornatur.
1596 3171 1780 3228 Perna
1803 3175 1873 3228 ad
1903 3191 2252 3242 ΡιιωιτΑτΕκ,
2285 3193 2348 3230 ne
2371 3176 2627 3243 labantur,
2657 3186 2907 3232 sustentat
2935 3179 3182 3250 populos;
3214 3195 3303 3232 vos
3341 3176 3410 3229 ad
3438 3176 3746 3240 custodiam,
3773 3191 3830 3228 ne

556 3265 833 3324 tententur,
867 3260 1031 3330 operit
1061 3256 1405 3314 Christianos.
1437 3261 1513 3316 De
1536 3271 1803 3332 potestate
1823 3263 2098 3332 judicandi
2121 3267 2313 3320 collata
2337 3266 2592 3322 divinitus
2635 3265 2818 3334 Petro,
2844 3267 2910 3322 de
2955 3267 3209 3334 clavibus,
3235 3267 3301 3321 de
3345 3265 3466 3335 jure
3510 3264 3712 3336 ligandi
3733 3263 3830 3319 soi.

551 3348 837 3418 vendique,
864 3349 930 3404 de
954 3351 1257 3422 principatu
1286 3352 1433 3407 Petri
1458 3354 1718 3424 ejusdem,
1744 3356 1918 3425 deque
1971 3355 2132 3412 Petro
2156 3359 2274 3429 ipso
2317 3368 2493 3431 petra,
2517 3361 2767 3417 columna
2809 3370 2864 3416 et
2906 3360 3251 3416 fundamento
3293 3359 3570 3426 doctrinae,
3598 3376 3693 3414 seu
3718 3357 3832 3413 ﬁdei

549 3442 806 3504 Ecclesia:
827 3448 973 3517 quod
993 3449 1176 3506 scribit
1199 3449 1481 3518 Maximus,
1507 3451 1571 3507 iis
1614 3460 1696 3507 est
1739 3453 1898 3522 plane
1924 3455 2202 3510 cohcerens
2243 3464 2298 3509 et
2320 3466 2772 3523 consentaneum,
2799 3471 2918 3526 quae
2953 3457 3095 3511 dicta
3128 3455 3276 3511 fuere
3309 3456 3363 3510 in
3396 3454 3670 3525 Ephesina
3692 3471 3832 3511 aecu-

551 3543 763 3598 menica
786 3543 1010 3614 synodo,
1040 3541 1256 3599 Patrum
1287 3545 1501 3600 nemine
1545 3555 1898 3616 repugnante,
1933 3548 2131 3602 action.
2161 3547 2211 3613 5,
2240 3557 2368 3602 tom.
2397 3547 2730 3604 lConcilior.
2765 3548 2893 3603 edit.
2939 3547 3107 3604 Paris.
3153 3564 3240 3602 an.
3288 3545 3450 3614 1714,
3477 3557 3601 3617 pag.
3654 3546 3824 3600 H78:

554 3631 709 3689 Nulli
732 3633 937 3686 dubium
969 3643 1065 3698 est,
1115 3638 1218 3690 into
1247 3637 1450 3692 saeculis
1473 3637 1704 3692 omnibus
1728 3647 1904 3692 notum
1925 3649 2018 3704 est,
2045 3640 2179 3712 quod
2199 3650 2408 3696 sanctus
2439 3642 2858 3712 beatissimusque
2882 3641 3068 3695 Petrus
3116 3640 3465 3712 apostolorum
3492 3642 3753 3711 princeps,
3781 3648 3827 3692 et

555 3731 728 3795 caput,
755 3724 974 3794 ﬁdeique
1001 3728 1260 3794 columna,
1292 3738 1339 3780 et
1367 3725 1618 3785 Ecclesia:
1645 3729 1914 3785 catholica:
1943 3731 2338 3804 fundamentum
2366 3750 2399 3787 a
2428 3732 2652 3788 Domino
2697 3741 2874 3787 nostra
2901 3731 3028 3786 Iesu
3076 3731 3279 3786 Christo
3315 3731 3576 3785 salvatore
3622 3729 3821 3784 humani

556 3817 757 3889 generis
786 3833 848 3871 ac
876 3817 1194 3888 redemptore
1224 3821 1386 3873 claves
1409 3825 1552 3894 regni
1577 3825 1792 3894 accepit,
1826 3823 1955 3898 [cru]
1979 3826 2304 3897 solvendique
2325 3843 2386 3880 ac
2409 3827 2607 3899 ligandi
2647 3835 2876 3898 potestas
2914 3825 3012 3896 ipsi
3042 3824 3167 3877 data
3194 3832 3290 3888 est,
3329 3824 3414 3895 qui
3441 3823 3510 3875 ad
3562 3822 3656 3874 hoc
3683 3835 3817 3895 usque

560 3918 759 3980 tempus
788 3918 836 3964 et
863 3925 1060 3981 semper
1081 3911 1136 3963 in
1159 3911 1266 3964 suis
1291 3914 1662 3969 successoribus
1685 3917 1822 3976 vivit,
1856 3921 1936 3970 καὶ
1965 3916 2177 3982 δικάζει,
2209 3933 2278 3971 ετ
2307 3933 2522 3972 sumen
2548 3935 2634 3972 seu
2659 3919 2746 3989 jus
2776 3915 2920 3970 dicit.
2947 3914 3014 3970 Et
3036 3915 3233 3971 action.
3261 3913 3314 3979 2,
3352 3927 3474 3984 pag.
3503 3911 3637 3965 H7l
3673 3931 3683 3963 :
3711 3908 3822 3963 Non

560 4005 774 4075 ignorat
803 4013 971 4058 vestra
1000 4003 1257 4059 beatitudo
1277 4007 1432 4060 totius
1451 4006 1594 4077 ﬁdei,
1619 4008 1696 4062 vel
1719 4009 1872 4063 etiam
1895 4009 2248 4082 apostolorum
2288 4017 2442 4081 caput
2478 4026 2588 4064 esse
2617 4010 2820 4064 beatum
2841 4009 3129 4080 apostolum
3175 4005 3407 4062 Petrum.
3430 4005 3632 4060 Eadem
3658 4013 3824 4060 autem

555 4094 796 4151 omnium
825 4093 1064 4162 Patrum,
1087 4095 1198 4166 jam
1221 4111 1390 4168 usque
1413 4097 1478 4152 ab
1508 4099 1662 4154 initio
1685 4099 1784 4154 fuit
1806 4116 1873 4156 ex
1899 4100 2192 4170 Evangelio
2214 4100 2373 4155 ducta
2403 4100 2666 4168 doctrina,
2709 4102 2854 4157 velut
2875 4109 3149 4156 ostensum
3177 4115 3207 4154 a
3234 4099 3432 4154 nostris
3461 4098 3824 4168 scriptoribus,

555 4187 1090 4257 demonstratumque
1112 4194 1221 4242 tam
1248 4204 1375 4245 vere
1395 4191 1786 4262 perspicueque
1828 4201 1930 4260 est,
1964 4202 2022 4248 ut
2052 4193 2121 4246 ad
2163 4190 2305 4247 idem
2351 4208 2563 4248 rursum
2603 4194 3080 4249 demonstrandum
3123 4208 3231 4248 non
3260 4193 3328 4247 sit
3356 4191 3604 4248 oratione
3653 4201 3830 4246 nostra

554 4296 707 4350 opus.
732 4277 942 4335 Interea
965 4281 1170 4336 consuli
1193 4279 1521 4337 Mamaebius
1550 4284 1752 4353 poterit
1777 4293 1907 4340 tom.
1941 4285 2008 4354 V,
2035 4293 2173 4356 part.
2201 4284 2228 4338 1
2260 4284 2639 4357 Antiquitatum
2670 4286 3106 4354 Christianarum,
3139 4299 3262 4357 pag.
3311 4284 3380 4338 92
3408 4300 3586 4354 seqq.,
3621 4293 3676 4339 et
3705 4298 3826 4356 pag.

555 4371 654 4426 151
685 4389 864 4444 seqq.,
897 4381 952 4430 et
974 4388 1095 4445 pag.
1120 4373 1225 4428 286
1249 4391 1426 4447 seqq.,
1455 4384 1509 4432 et
1537 4391 1658 4448 pag.
1692 4375 1797 4431 405
1823 4393 1976 4449 seqq.
2011 4377 2215 4432 Rursus
2237 4379 2380 4448 quod
2405 4379 2469 4435 de
2493 4378 2674 4448 Petro,
2701 4380 2789 4436 cui
2831 4375 3030 4436 tradita
3077 4379 3227 4435 fuere
3256 4379 3422 4434 totius
3450 4368 3707 4432 Ecclesia:
3732 4392 3828 4446 gu-

551 4463 863 4534 bernacula,
889 4467 1088 4538 quique
1112 4468 1368 4537 potentia:
1390 4467 1583 4523 elavim
1606 4471 1836 4540 accepit,
1863 4485 1984 4524 cum
2009 4469 2206 4526 Paulus
2227 4472 2496 4542 acceperit
2525 4472 2716 4527 elavim
2760 4472 3030 4539 scientiis;
3061 4471 3225 4544 quod,
3273 4473 3514 4544 inquam,
3557 4470 3628 4525 de
3671 4468 3829 4525 Petro

548 4556 609 4612 in
631 4557 768 4612 hanc
787 4558 1109 4613 sententiam
1123 4557 1384 4615 Maximus
1415 4560 1608 4616 litteris
1638 4560 1926 4626 commisit,
1949 4559 2204 4615 doctrinae
2229 4561 2493 4631 majorum
2515 4562 2740 4620 miriﬁce
2768 4563 3030 4632 congruit,
3057 4564 3148 4633 qui
3171 4579 3277 4618 non
3306 4563 3479 4619 solum
3499 4561 3616 4617 haec
3643 4560 3831 4617 eadem

549 4648 831 4718 scripsere,
855 4665 1043 4704 verum
1063 4651 1227 4705 etiam
1255 4651 1617 4708 monumentis
1649 4651 1804 4706 mrcis
1849 4660 2248 4721 expresserunt.
2274 4650 2464 4706 Exstat
2498 4652 2552 4707 in
2579 4667 2768 4710 musco
2791 4654 3094 4710 archiducis
3125 4656 3305 4724 magni
3338 4654 3488 4710 ducis
3515 4653 3830 4709 Florentino

551 4737 772 4806 insignis
792 4744 1164 4798 cmmeterialis
1191 4759 1330 4800 terea
1353 4747 1591 4812 lucerna,
1623 4760 1743 4815 qua:
1765 4761 1873 4816 prce
1907 4761 1965 4801 se
1991 4747 2142 4806 navis
2170 4744 2274 4802 fert
2316 4746 2559 4814 ﬁguram,
2582 4761 2646 4802 ac
2675 4744 2894 4802 Petrum
2922 4746 2988 4800 ad
3011 4747 3231 4817 puppim
3260 4744 3538 4800 sedentem
3563 4755 3617 4800 et
3639 4745 3830 4814 guber-

551 4825 801 4881 naculum
825 4830 1227 4897 moderantem;
1253 4832 1479 4889 Paulum
1522 4849 1653 4888 vero
1683 4835 1748 4888 ad
1781 4851 1996 4904 proram
2043 4845 2276 4892 stantem
2305 4824 2798 4908 prmdicantemque
2841 4837 3078 4892 exhibet.
3124 4835 3200 4891 De
3227 4851 3330 4905 qua
3355 4835 3570 4904 quidem
3615 4835 3830 4890 lucema

551 4925 677 4988 post
699 4919 847 4986 alios,
882 4935 1018 4989 quos
1040 4924 1300 4990 nominat,
1332 4927 1440 4994 egit
1481 4925 1811 4982 Mamacbius
1842 4929 1984 4984 idem
2019 4939 2151 4985 tom.
2177 4930 2246 4986 Ill
2274 4932 2652 5004 Antiquitatum
2681 4927 3119 4992 Christianarum,
3145 4942 3268 4999 pag.
3302 4925 3369 4980 99
3392 4941 3531 4998 seq.,
3557 4934 3610 4982 et
3634 4934 3745 4982 tom
3765 4923 3830 4992 ν,

552 5023 673 5082 pag.
701 5009 798 5064 291
834 5027 986 5083 seqq.
1020 5013 1263 5086 Longum
1283 5026 1365 5072 est
1387 5019 1490 5074 iter
1509 5019 1577 5074 ad
1608 5017 1794 5076 Patres
1814 5038 2024 5090 omnes,
2059 5040 2289 5093 quorum
2311 5027 2505 5081 seriem
2535 5024 2755 5082 exhibet
2788 5021 3120 5077 Mamacbius
3149 5029 3280 5077 tom.
3317 5018 3378 5087 γ,
3404 5031 3523 5089 pag.
3551 5015 3657 5071 410
3679 5028 3828 5085 seqq.

551 5101 866 5192 Perpaucos'
881 5121 1068 5163 eorum
1091 5113 1547 5179 commemorabo,
1581 5128 1810 5182 quorum
1840 5112 1949 5168 tam
1993 5114 2089 5170 fuit
2118 5116 2221 5172 hac
2239 5117 2309 5173 de
2336 5133 2396 5174 re
2417 5119 2527 5174 late
2556 5124 2854 5190 propagata
2877 5121 3238 5184 constansque
3259 5112 3544 5178 sententia,
3580 5118 3638 5186 ut
3669 5125 3699 5165 ν
3727 5123 3828 5164 saa-

552 5193 674 5250 culo
716 5193 1062 5253 Bonifacius]
1085 5199 1138 5253 id
1179 5199 1475 5268 alﬁrmarit,
1506 5202 1652 5272 quod
1675 5215 1793 5259 esse
1841 5205 2086 5260 omnibus
2117 5207 2402 5276 probatum
2422 5209 2613 5275 sciret,
2636 5227 2650 5264 :
2676 5207 2745 5264 In
2780 5206 2940 5263 Petro
2969 5215 3207 5261 constare
3232 5201 3540 5258 universalis
3581 5198 3825 5276 Ecclesia

549 5286 780 5357 regimen
812 5293 864 5342 et
900 5305 1167 5358 summam,
1200 5293 1356 5364 epist.
1390 5293 1477 5364 M,
1505 5309 1628 5365 pag.
1654 5293 1811 5372 1037,
1844 5305 1973 5358 tom.
1998 5297 2020 5352 l
2046 5297 2335 5367 Epistolar.
2382 5300 2750 5357 Romanorum
2791 5296 3135 5369 pontiﬁcum,
3181 5294 3310 5350 edit.
3346 5290 3668 5368 Coustantii.
3699 5287 3828 5344 Pru-

548 5375 764 5431 dentius
807 5384 986 5435 autem
1029 5380 1084 5457 ip
1123 5377 1262 5439 libro
1311 5389 1428 5459 ῐιιρὶ
1473 5388 1743 5460 Στεφάνων,
1789 5389 1989 5460 hymno
2032 5387 2084 5453 2,
2115 5405 2147 5458 q

2232 5397 2313 5458 est
2342 5389 2409 5446 de
2449 5399 2638 5448 sancto
2666 5391 2957 5450 Laurentio
2985 5404 3129 5445 vers.
3163 5384 3264 5442 460
3284 5398 3459 5457 seqq.,
3490 5381 3557 5441 de
3586 5375 3748 5438 Petro
3768 5393 3831 5438 ac

550 5463 742 5539 Paulo,
769 5470 956 5531 scribit
988 5491 1001 5526 :
2049 5508 2052 5510 -
2185 5548 2193 5557 .
2252 5507 2254 5510 -

1540 5589 1632 5660 Hic
1649 5605 1826 5660 nempe
1842 5596 1937 5656 jam
1960 5601 2168 5660 regnant
2186 5593 2282 5644 duo

1549 5655 1886 5719 Apostolorum
1916 5655 2185 5719 principes;

1550 5715 1687 5765 Alter
1710 5715 2171 5781 vocatur—gentium,

622 5833 706 5902 to)
741 5832 872 5892 Vide
896 5843 948 5893 et
970 5837 1152 5896 homil.
1187 5839 1304 5908 115,
1337 5851 1458 5910 pag.
1490 5841 1612 5906 575,
1643 5853 1692 5897 ct
1718 5860 1874 5899 εει-ιιι.
1905 5845 1992 5914 27,
2021 5861 2138 5915 pag.
2168 5844 2288 5911 467,
2324 5853 2375 5903 et
2406 5859 2561 5906 serui.
2597 5847 2684 5915 57,
2712 5859 2830 5916 pag.
2872 5845 2971 5900 197
2996 5862 3109 5918 seq.
