4050 6356
624 416 716 472 ill
2055 405 2233 462 PM]

2327 405 2437 462 l‘lO.
3257 435 3268 449 ο
3826 403 3863 462 ί
3878 407 3901 464 i
3918 407 3948 456 2

535 498 541 576 ί
619 529 940 600 praedicent,
992 523 1125 579 adeo
1160 530 1220 577 ut
1256 522 1420 581 statui
1445 529 1676 592 nequeat
1704 529 1821 576 uter
1849 520 2001 575 alteri
2029 522 2099 575 sit
2125 518 2546 590 praeponendus,
2575 533 2685 574 non
2722 518 2789 574 de
2815 518 3074 588 dignitate
3113 529 3168 575 et
3194 527 3496 591 potestate,
3520 535 3629 590 qua
3663 530 3950 595 uterque

624 619 836 675 Petrum
865 615 1057 671 fatetur
1082 613 1245 670 fuisse
1274 611 1443 669 Paulo
1470 613 1770 684 potiorem;
1803 611 1896 668 sed
1923 611 1991 666 de
2022 612 2162 666 mira
2187 611 2452 666 electione
2473 652 2490 677 ,
2518 610 2586 665 de
2613 611 2842 674 virtute,
2891 611 2960 666 de
2986 612 3180 668 merito
3197 653 3212 678 ,
3243 611 3311 666 de
3337 613 3579 685 martyrii
3607 614 3823 683 gloria
3856 624 3948 672 est

621 708 1037 780 intelligendum.
1097 706 1156 762 Id
1203 721 1330 762 vero
1374 722 1442 762 ex
1488 707 1628 762 serie
1673 707 1788 777 ipsa
1835 707 2118 761 verborum
2167 706 2444 776 utriusque
2491 707 2663 764 sancti
2691 708 2929 777 episcopi
2955 707 3116 777 plane
3144 708 3331 778 liquet.
3365 709 3443 765 Ac
3465 709 3649 764 meriti
3680 711 3942 781 quidem

618 812 862 873 utemue,
892 802 1121 869 virtutis,
1152 802 1395 874 martyrii
1417 802 1686 869 meminit;
1717 801 1991 870 dignitatis
2018 816 2148 857 vero
2175 800 2395 870 majoris
2420 816 2484 856 ac
2510 802 2793 871 potestatis
2815 800 2941 880 dum
2967 801 3227 867 meminit,
3251 801 3325 856 ita
3349 801 3594 857 meminit
3621 803 3935 871 proiecto,

617 901 678 949 ut
704 891 866 950 Petro
893 909 1010 950 eam
1039 893 1363 959 attribuerit,
1394 891 1562 948 Paulo
1592 908 1698 948 non
1729 893 1876 948 item.
1928 892 2005 948 De
2033 889 2193 948 Petro
2233 893 2440 948 scilicet
2472 894 2717 962 quaedam
2745 891 3005 948 Maximus
3027 895 3271 964 scripsit,
3301 909 3420 964 qum
3450 894 3656 950 indicat
3684 896 3754 949 iu
3794 894 3939 951 Pau-

620 985 733 1041 lum
780 984 1001 1056 perinde
1045 1002 1155 1040 non
1200 985 1431 1040 cadere:
1481 983 1587 1038 Hic
1614 992 1691 1039 est
1719 983 1936 1048 Petrus,
1979 983 2185 1052 inquit,
2213 985 2297 1037 cui
2319 981 2552 1037 Christus
2592 981 2843 1038 Dominus
2879 986 3288 1039 communionem
3316 986 3395 1038 sui
3424 985 3650 1038 nominis
3687 983 3938 1039 libenter

619 1075 852 1132 indth.
908 1075 977 1131 Ut
999 1077 1136 1130 enim
1155 1115 1167 1128 .
1187 1114 1202 1129 .
1225 1116 1237 1129 .
1258 1115 1270 1129 .
1320 1082 1468 1146 petra
1503 1084 1615 1130 erat
1653 1073 1888 1130 Christus
1907 1114 1924 1140 ,
1953 1076 2030 1128 ita
2055 1091 2147 1144 per
2171 1073 2433 1129 Christum
2473 1073 2657 1128 Petrus
2695 1076 2862 1146 factus
2889 1085 2966 1130 est
2993 1085 3170 1146 petra.
3193 1117 3207 1130 .
3229 1116 3244 1130 .
3266 1116 3283 1132 .
3329 1075 3432 1130 llic
3466 1085 3542 1130 est
3567 1075 3816 1141 Petrus,
3853 1079 3934 1130 cui

626 1167 856 1225 Christus
898 1183 1203 1222 ascensurus
1245 1166 1315 1219 ad
1353 1165 1567 1220 Patrem
1609 1167 1896 1238 pascendos
1942 1166 2167 1220 oviculas
2220 1182 2340 1220 suas
2398 1181 2656 1236 agnosque
2692 1167 3017 1221 commendat
3057 1165 3157 1238 (α).
3217 1165 3446 1220 Rursum
3474 1165 3540 1220 de
3566 1164 3755 1220 Petro
3789 1183 3804 1217 :
3839 1164 3930 1228 Ei,

620 1259 810 1330 inquit,
827 1257 991 1331 [cm]
1009 1265 1124 1328 post
1144 1257 1394 1312 naviculae
1415 1272 1591 1327 parvae
1615 1257 1893 1327 remigium
1917 1272 2104 1312 TOTIUS
2118 1253 2390 1312 Eccnesw
2405 1271 2782 1312 GUBERNACULA
2797 1256 3071 1310 traduntur
3092 1254 3187 1327 (b).
3201 1255 3328 1311 lude
3344 1254 3566 1310 Paulum
3586 1271 3729 1310 cum
3755 1253 3931 1310 Petro

623 1352 940 1412 conferens,
989 1350 1238 1419 quodque
1284 1365 1473 1404 eorum
1521 1349 1711 1419 cuique
1757 1348 1988 1420 speciale
2032 1363 2096 1403 ac
2128 1349 2404 1418 proprium
2456 1357 2537 1403 est
2565 1351 2710 1419 (pag.
2743 1345 2871 1418 217)
2901 1347 3208 1404 describens
3238 1346 3308 1417 (ε)
3341 1364 3354 1399 :
3387 1345 3540 1411 Quid,
3573 1347 3798 1415 inquit,
3835 1347 3929 1400 hoc

621 1442 852 1513 apostolo
882 1441 1094 1514 (Paulo)
1125 1443 1542 1514 magniﬁcentius
1563 1483 1578 1508 ,
1631 1443 1712 1496 cui
1757 1443 1812 1495 in
1841 1441 2009 1495 medio
2049 1441 2344 1496 mortalium
2385 1441 2663 1495 constituto
2685 1471 2710 1504 ,-
2733 1450 2781 1494 et
2817 1457 2976 1509 supra
3016 1440 3166 1494 caelos
3209 1440 3287 1493 ire
3313 1439 3507 1503 datum,
3548 1448 3599 1492 et
3629 1441 3714 1492 ad
3749 1449 3928 1494 terras

618 1534 789 1587 redire
818 1548 1112 1587 concessum
1134 1543 1227 1586 est.
1273 1529 1410 1594 Quid
1432 1533 1528 1587 hoc
1550 1531 1745 1587 beatius
1774 1533 1906 1598 viro,
1935 1531 2023 1603 qui
2042 1531 2177 1585 inter
2196 1542 2390 1586 secreta
2419 1531 2652 1602 paradisi
2679 1532 2906 1587 ediscere
2923 1533 3126 1598 meruit,
3157 1531 3293 1604 quod
3319 1547 3412 1585 nec
3455 1531 3632 1602 lingua
3679 1531 3924 1586 hominis

621 1627 758 1697 loqui
782 1627 978 1693 possit,
1011 1641 1102 1678 nec
1129 1627 1394 1696 quisquam
1423 1635 1700 1679 mereretur
1742 1625 1962 1678 audire?
1980 1665 1994 1680 .
2014 1667 2026 1679 .
2047 1665 2060 1678 .
2083 1665 2097 1678 .
2142 1623 2279 1689 Quid
2326 1629 2482 1680 etiam
2522 1626 2584 1680 de
2625 1625 2786 1682 Petro
2835 1629 3083 1697 referam,
3134 1627 3244 1679 cui.
3267 1665 3281 1678 .
3299 1664 3312 1678 .
3335 1665 3350 1678 .
3390 1634 3537 1678 tanta
3563 1634 3821 1695 potestas
3851 1636 3922 1680 est

623 1717 869 1772 attributa
891 1720 1186 1789 judicandi,
1207 1730 1263 1774 ut
1285 1705 1348 1774 in
1369 1719 1583 1775 arbitrio
1608 1723 1720 1793 ejus
1749 1727 2022 1790 poneretur
2050 1721 2249 1776 caeleste
2268 1721 2523 1791 judicium
2540 1721 2590 1774 7.
2613 1760 2627 1775 .
2647 1760 2662 1775 .
2684 1761 2698 1776 .
2731 1719 3018 1790 Diligenter
3037 1718 3310 1782 intendite,
3343 1733 3457 1789 qua
3485 1717 3554 1770 sit
3577 1717 3696 1787 ejus
3723 1720 3915 1790 gloria

621 1808 922 1878 magnitudo
945 1849 960 1874 ,
1003 1810 1084 1863 cui
1123 1809 1246 1862 dum
1286 1809 1453 1864 claves
1497 1811 1643 1881 regni
1685 1812 2070 1865 committuntur
2099 1813 2297 1876 interni,
2326 1811 2504 1866 caelum
2533 1813 2609 1865 illi
2638 1811 2878 1866 claudere
2917 1821 2966 1865 et
3005 1812 3207 1881 aperire
3231 1809 3536 1879 permissum
3563 1819 3662 1862 est.
3703 1809 3824 1865 Sed
3851 1826 3916 1864 ne

619 1897 840 1966 longum
867 1896 1060 1954 faciam
1085 1938 1099 1965 ,
1152 1901 1281 1954 satis
1328 1901 1431 1956 erit
1476 1901 1603 1955 illud
1627 1917 2050 1958 commemorare
2077 1904 2222 1972 quod
2250 1903 2390 1959 idem
2418 1904 2680 1960 Maximus
2703 1903 2863 1959 docet
2889 1904 3106 1959 homilia
3139 1902 3224 1969 72,
3255 1917 3378 1973 pag.
3410 1901 3516 1956 250
3544 1917 3662 1971 seq.
3695 1921 3709 1955 :
3749 1903 3911 1956 Petro

621 1992 754 2045 sicut
773 1989 903 2053 bona
931 1992 1273 2064 dispensatori
1302 1993 1494 2048 clavem
1519 1997 1664 2067 regni
1688 1997 1902 2051 caelestis
1923 1998 2065 2052 dedit
2091 1998 2168 2068 (ά)
2196 2015 2208 2050 :
2238 1997 2404 2051 Paulo
2435 2007 2676 2069 tanquam
2696 1997 2881 2052 idoneo
2914 1997 3110 2050 doctori
3151 1996 3500 2067 magisterium
3540 1994 3906 2049 ecclesiastica

620 2085 956 2141 institutionis
977 2086 1228 2157 injunxit,
1255 2087 1450 2142 scilicet
1474 2096 1531 2140 ut
1549 2105 1673 2159 quos
1698 2090 1797 2142 iste
1823 2089 2069 2143 erudierit
2099 2090 2166 2142 ad
2184 2089 2419 2153 salutem,
2452 2089 2538 2144 ille
2559 2090 2810 2160 suscipiat
2835 2089 2903 2142 ad
2923 2090 3173 2157 quietem;
3197 2097 3252 2140 ut
3273 2103 3486 2157 quorum
3519 2087 3684 2141 corda
3706 2086 3902 2140 Paulus

621 2178 866 2248 patefecit
883 2177 1121 2232 doctrina
1140 2177 1423 2244 verborum,
1453 2194 1627 2232 eorum
1651 2178 1922 2232 animabus
1949 2177 2137 2232 Petrus
2161 2180 2358 2249 aperiat
2382 2195 2538 2250 regna
2571 2177 2827 2232 caelorum.
2860 2173 3080 2232 Cuvsu
3108 2191 3234 2230 ENII
3262 2190 3618 2238 oconsuuooo
3649 2193 3681 2228 a
3701 2174 3897 2228 Christe

619 2266 850 2320 scientia
874 2276 925 2320 et
949 2266 1148 2321 Paulus
1171 2269 1400 2337 accepit.
1421 2307 1434 2320 .
1453 2306 1466 2319 .
1485 2306 1498 2319 .
1537 2266 1609 2337 (e)
1633 2265 1796 2321 Ambo
1837 2266 2001 2322 claves
2029 2285 2062 2320 a
2088 2267 2312 2322 Domino
2351 2274 2703 2338 perceperunt,
2733 2266 2964 2321 scientiae
2987 2268 3100 2333 iste,
3132 2265 3220 2319 ille
3248 2281 3527 2321 Pomaria»:
3560 2267 3666 2337 (f);
3697 2267 3882 2320 divitias

617 2360 1025 2414 immortalitatis
1045 2360 1133 2414 ille
1175 2361 1460 2433 dispergit,
1509 2362 1739 2415 scientia:
1770 2361 2034 2416 thesauros
2073 2364 2169 2416 iste
2215 2362 2454 2434 largitur.
2515 2361 2714 2418 Confer
2739 2376 2858 2430 quze
2885 2376 3048 2430 supra
3074 2360 3142 2416 de
3169 2359 3328 2415 Petro
3359 2361 3730 2430 apostolorum
3759 2375 3886 2431 pra:-

621 2454 782 2522 cipuo
803 2453 934 2518 dixi,
987 2461 1210 2508 auctore
1250 2469 1378 2508 usus
1419 2453 1670 2507 Maximo.
1713 2451 1789 2507 De
1818 2452 2000 2508 Leone
2024 2493 2040 2519 ,
2087 2455 2166 2508 sic
2212 2454 2430 2509 habeto.
2476 2452 2526 2509 ls
2554 2468 2804 2509 sermone
2841 2452 2894 2517 2,
2929 2468 3050 2524 pag.
3083 2453 3133 2506 6.
3163 2451 3362 2516 Manet,
3388 2452 3578 2522 inquit,
3617 2454 3888 2523 dispositio

618 2548 866 2612 veritatis,
897 2555 945 2599 et
973 2546 1148 2600 beatus
1176 2544 1363 2600 Petrus
1391 2548 1445 2600 in
1473 2555 1684 2616 accepta
1714 2546 2017 2617 fortitudine
2043 2555 2203 2617 petra
2223 2564 2570 2618 perseverans,
2600 2559 2834 2618 suscepta
2847 2545 3094 2602 Ecclesia:
3117 2547 3467 2620 gubernacula
3495 2564 3592 2601 non
3620 2549 3899 2618 relinquit.

624 2640 716 2695 Sic
741 2641 876 2693 enim
900 2654 1015 2693 tum
1043 2655 1282 2694 CETERIS
1309 2647 1385 2692 est
1407 2640 1699 2704 ordinatus,
1728 2647 1782 2692 ut
1807 2641 1926 2694 dum
1948 2651 2093 2711 petra
2118 2642 2328 2707 dicitur,
2357 2643 2480 2697 dum
2508 2643 2897 2714 fundamentum
2923 2645 3303 2714 pronuntiatur,
3336 2643 3460 2698 dum
3485 2642 3618 2712 regni
3637 2641 3900 2696 calorum

620 2731 819 2804 janitor
843 2731 1188 2794 constituitur,
1211 2730 1535 2800 ligandorum
1562 2731 2019 2803 solvendorumque
2046 2731 2255 2798 arbiter,
2306 2750 2552 2787 mansura
2571 2734 2729 2786 etiam
2756 2735 2811 2787 in
2838 2733 2978 2787 ctelis
2999 2733 3316 2803 judiciorum
3346 2747 3547 2788 suorum
3584 2729 3896 2799 definitione

623 2823 925 2892 prta/icitur,
953 2828 1010 2874 ut
1037 2821 1200 2893 qualis
1225 2821 1326 2891 ipsi
1355 2837 1470 2874 cum
1509 2820 1712 2876 Christo
1741 2831 1873 2876 esset
1912 2826 2152 2889 societas,
2182 2841 2274 2894 per
2299 2825 2414 2896 ipsa
2448 2825 2849 2896 appellationum
2874 2826 2984 2897 ejus
3022 2827 3266 2897 mysteria
3295 2840 3637 2880 nosceremus.
3679 2821 3748 2876 Et
3775 2838 3888 2876 ser-

621 2930 784 2971 mone
824 2916 876 2981 5,
908 2931 1027 2986 cap.
1058 2914 1111 2981 2,
1143 2928 1264 2985 pag.
1297 2913 1331 2967 8
1358 2929 1471 2982 seq.
1500 2933 1513 2968 :
1542 2914 1620 2969 De
1650 2924 1752 2969 toto
1783 2917 1971 2970 mundo
2018 2933 2150 2971 unus
2197 2916 2381 2972 Petrus
2428 2918 2654 2990 eligitur,
2696 2919 2781 2989 qui
2823 2926 2872 2972 et
2916 2920 3266 2972 universarum
3289 2917 3513 2989 gentium
3533 2917 3808 2978 vocationi,
3838 2923 3884 2966 et

623 3024 846 3065 oumsus
866 3023 1149 3064 nom-ous
1176 3022 1556 3074 PREPONATUR,
1588 3017 1642 3061 ut
1663 3009 1889 3080 quamvis
1913 3009 1966 3061 in
1997 3009 2185 3079 populo
2214 3006 2312 3062 Dei
2333 3009 2479 3063 multi
2507 3009 2801 3064 sacerdotes
2828 3010 2934 3063 sint
2961 3010 3208 3078 multique
3234 3018 3485 3078 pastores,
3531 3021 3706 3062 ouans
3727 3017 3884 3059 tamen

623 3102 830 3172 praprie
859 3108 1000 3171 regat
1030 3101 1217 3154 Petrus
1241 3138 1255 3164 ,
1301 3116 1425 3170 quos
1463 3101 1818 3170 principaliter
1842 3102 1973 3173 regit
1999 3109 2048 3156 et
2076 3099 2330 3157 Christus.
2376 3101 2627 3176 Magnum
2667 3110 2716 3158 et
2744 3101 2996 3170 mirabile,
3028 3101 3370 3166 dilectissimi,
3400 3101 3520 3153 huic
3558 3102 3669 3157 viro
3697 3114 3884 3162 censor,

626 3199 753 3252 tium
778 3198 1019 3267 potentiae
1044 3213 1153 3251 suae
1178 3194 1351 3251 tribuit
1379 3197 1553 3251 divina
1601 3197 1866 3268 dignatio,
1895 3206 1944 3251 et
1983 3199 2028 3252 si
2067 3198 2189 3269 quid
2219 3215 2332 3252 cum
2363 3198 2512 3273 [cxv]
2542 3218 2601 3255 eo
2631 3217 2898 3256 commune
2928 3207 3168 3256 cauimus
3204 3196 3361 3254 voluit
3399 3211 3528 3254 ESSE
3555 3207 3882 3259 sumamus,

625 3302 908 3356 nunquam,
933 3288 1032 3340 nisi
1057 3303 1149 3357 per
1176 3287 1342 3357 ipsum
1377 3285 1519 3339 dedit
1545 3287 1788 3357 quidquid
1811 3287 1928 3340 aliis
1959 3305 2063 3341 non
2083 3291 2307 3359 negavit.
2329 3331 2341 3343 .
2361 3331 2373 3343 .
2393 3331 2406 3343 .
2454 3289 2678 3362 Propter
2700 3292 2796 3346 hoc
2831 3291 3022 3368 dicitur
3048 3290 3338 3346 beatissimo
3366 3288 3526 3344 Petro
3549 3305 3571 3345 :
3616 3288 3731 3344 Tibi
3762 3287 3883 3341 dabo

624 3379 807 3445 claves,
833 3389 930 3432 etc.
985 3376 1243 3434 Transivit
1273 3376 1476 3448 quidem
1498 3379 1654 3431 etiam
1682 3379 1737 3430 in
1759 3378 1890 3433 alios
1921 3382 2181 3449 apostolos
2207 3380 2296 3450 jus
2321 3383 2588 3451 potestatis
2610 3383 2778 3446 istius,
2808 3390 2857 3437 et
2878 3382 2946 3435 ad
2969 3399 3140 3437 omnes
3162 3383 3410 3438 Ecclesiae
3428 3384 3688 3454 principes
3707 3380 3883 3436 decreti

625 3468 776 3538 hujus
795 3467 1088 3523 constitutio
1117 3469 1453 3522 commeauit:
1483 3468 1574 3521 sed
1601 3485 1704 3522 non
1730 3471 1925 3540 frustra
1952 3472 2041 3524 uni
2071 3473 2470 3538 commendatur,
2499 3473 2636 3544 quod
2675 3476 2910 3530 omnibus
2949 3477 3233 3530 intimatur.
3279 3475 3437 3531 Petro
3469 3477 3610 3530 enim
3647 3475 3764 3531 ideo
3800 3474 3883 3527 hoc

623 3559 957 3629 singulariter
992 3558 1234 3622 creditur,
1285 3559 1405 3628 quia
1443 3559 1641 3611 cunctis
1683 3557 1946 3620 Ecclesite.
1975 3559 2254 3615 rectoribus
2282 3561 2427 3617 Petri
2458 3566 2626 3636 forma
2652 3581 3014 3621 anrom'wn.
3057 3565 3236 3621 Manet
3257 3583 3382 3640 ergo
3402 3566 3552 3622 Petri

627 3648 910 3733 ubicunque
936 3666 1002 3702 ex
1027 3665 1191 3705 IPSIUS
1218 3653 1379 3721 fertur
1406 3652 1642 3723 (equitate
1663 3651 1935 3722 judicium.
1990 3650 2101 3707 Nec
2145 3655 2306 3709 nimia
2333 3666 2410 3710 est
2437 3657 2515 3711 vel
2543 3659 2810 3722 severitas,
2853 3659 2932 3714 vel
2958 3661 3220 3726 remissio,
3270 3658 3357 3714 ubi
3384 3659 3519 3714 nihil
3535 3662 3634 3715 erit
3658 3661 3880 3733 ligatum,

630 3737 759 3791 nihil
788 3738 1026 3803 solutum,
1076 3742 1176 3794 nisi
1222 3742 1356 3811 quod
1402 3741 1596 3810 beatus.
1625 3742 1812 3798 Petrus
1857 3754 1946 3798 aut
1988 3746 2214 3813 soli-erit,
2268 3757 2358 3802 aut
2406 3747 2659 3820 ligaverit.
2709 3747 2847 3804 Sunt
2886 3751 2979 3820 qui
3007 3750 3182 3822 (secus
3209 3757 3371 3819 atque
3397 3749 3664 3806 Maximus
3687 3760 3884 3806 veteres

630 3830 915 3901 plerosque
943 3839 1176 3895 secutus,
1209 3834 1428 3924 putarit)
1460 3835 1650 3890 eodem
1679 3852 1820 3892 anno
1849 3838 2058 3893 functos
2087 3838 2248 3894 fuisse
2287 3837 2503 3896 Petrum
2532 3842 2860 3912 Paulumque
2889 3842 3146 3914 martyrio
3175 3842 3494 3898 inﬂcientur.
3536 3841 3730 3898 Verum
3757 3838 3883 3895 nihil

628 3937 750 3977 esse
775 3921 951 3986 video,
980 3937 1076 3977 cur
1104 3924 1168 3977 iis
1195 3921 1528 3993 adjungenda
1575 3928 1646 3980 sit
1689 3931 2001 3984 auctoritas.
2042 3929 2148 3984 Sed
2190 3931 2293 3987 hac
2331 3933 2397 3988 de
2425 3951 2485 3990 re
2511 3935 2716 3990 consuli
2742 3943 2998 4007 poterunt
3022 3933 3216 4004 Pagius
3244 3935 3312 3990 ad
3339 3950 3427 3990 an.
3458 3932 3549 4000 67,
3581 3950 3719 3991 nam.
3751 3934 3802 3998 5,
3826 3939 3886 3988 et

632 4016 1002 4074 Tillemontius
1029 4017 1350 4073 Monument.
1375 4018 1556 4074 histor.
1591 4018 1790 4074 Eccles.
1833 4021 1936 4076 Vit.
1967 4025 2134 4076 sancti
2161 4021 2340 4090 Petri,
2371 4036 2482 4082 not.
2515 4027 2601 4082 40.
2658 4029 2776 4085 Non
2813 4029 2954 4084 enim
2991 4037 3074 4084 est
3100 4044 3250 4099 opus,
3283 4036 3342 4083 ut
3369 4028 3551 4099 plures
3579 4042 3884 4086 memorem.

633 4109 710 4165 De
754 4109 842 4166 die
888 4123 953 4166 ac
999 4110 1119 4166 loco
1161 4111 1402 4184 martyrii
1453 4111 1761 4167 eorumdem
1811 4113 2207 4184 apostolorum.
2259 4116 2444 4172 confer
2480 4133 2598 4188 quae
2627 4118 2771 4176 idem
2794 4117 3171 4175 animadvertit
3199 4117 3572 4174 Tillemontius
3598 4118 3748 4182 ibid.,
3777 4122 3886 4172 not.

632 4200 704 4258 4⁸5
731 4209 788 4259 et
813 4201 901 4258 44.

704 4297 858 4364 Quod
880 4296 1120 4368 adiungit
1145 4298 1406 4354 Maximus
1452 4299 1637 4355 bomil.
1692 4297 1776 4365 72,
1827 4314 1947 4371 pag.
1996 4297 2120 4368 252,
2164 4299 2438 4358 Simonem
2478 4302 2689 4373 Magum
2716 4303 2997 4375 praestigiis
3022 4304 3076 4358 in
3104 4317 3230 4359 aera
3258 4303 3545 4366 sublatum,
3579 4303 3724 4358 beati
3753 4297 3890 4354 Petri

633 4390 880 4461 precibus
907 4387 1171 4460 dejectum
1199 4397 1485 4460 actumque
1533 4389 1862 4461 prtecipitem
1903 4390 2099 4459 fuisse,
2143 4393 2212 4448 ob
2255 4409 2485 4465 eamque
2523 4410 2638 4450 rem
2678 4395 2912 4450 steviisse
2955 4394 3009 4448 in
3051 4402 3268 4451 sanctos
3306 4393 3582 4464 apostolos
3610 4391 3890 4451 Neronem.

634 4481 887 4539 traditum
915 4483 982 4539 ab
1023 4483 1141 4540 aliis
1179 4485 1343 4541 etiam
1379 4486 1650 4542 veteribus
1687 4486 1960 4562 memoriae
1996 4495 2104 4555 est,
2149 4503 2377 4545 auorum
2418 4489 2789 4545 Tillemontius
2824 4490 2880 4544 in
2929 4487 3049 4542 Vita
3081 4490 3249 4543 sancti
3276 4487 3421 4541 Petri
3449 4485 3677 4542 articulo
3705 4491 3893 4555 quarto

632 4585 793 4648 atque
822 4577 1094 4635 tricesimo
1121 4579 1386 4635 meminit.
3115 4566 3127 4574 ’

703 4669 983 4728 Postremo
1011 4671 1078 4728 de
1105 4672 1246 4730 lacte
1283 4681 1338 4729 et
1375 4673 1634 4744 sanguine
1674 4689 1705 4730 e
1746 4689 1918 4730 reciso
1959 4676 2131 4731 sancti
2159 4672 2312 4730 Pauli
2338 4676 2515 4746 capite
2542 4674 2897 4746 manantibus,
2930 4673 3073 4743 quod
3100 4674 3355 4744 scriptum
3385 4689 3416 4726 a
3441 4670 3674 4726 Maximo
3702 4677 3802 4730 est,
3833 4666 3894 4720 ab

635 4759 1010 4816 historicorum
1036 4770 1307 4831 veterum,
1345 4765 1538 4834 quibus
1573 4763 1704 4820 ﬁdes
1733 4772 1787 4819 et
1813 4765 2110 4820 auctoritas
2138 4763 2354 4835 adjungi
2383 4766 2584 4832 soleat,
2615 4766 2828 4820 nemine
2856 4763 3017 4820 fuisse
3038 4764 3192 4820 video
3221 4764 3413 4818 litteris
3442 4761 3891 4818 commendatum.

639 4851 926 4909 Adeundus
950 4855 1320 4942 Tillemontius
1348 4857 1414 4912 ad
1448 4859 1620 4912 Vitam
1645 4861 1813 4913 sancti
1843 4859 2001 4914 Pauli
2028 4869 2142 4938 not.
2175 4859 2262 4916 80.

710 4943 918 5001 XXXII.
957 4947 1017 5001 In
1044 4947 1170 5003 sede
1193 4949 1561 5016 gloriosissimi
1599 4951 1744 5007 Petri
1781 4962 2000 5010 munere
2037 4955 2260 5011 Diaconi
2290 4956 2454 5011 fuisse
2494 4963 2736 5012 sanctum
2777 4953 3122 5011 Laurentium
3150 4951 3506 5023 perfunctum,
3541 4958 3766 5006 testatur
3793 4949 3893 5003 Ma-

641 5039 814 5094 ximus
838 5039 1025 5095 liomil.
1059 5037 1145 5107 76,
1175 5051 1298 5110 pag.
1327 5036 1451 5094 257.
1508 5039 1642 5096 Nam
1680 5041 1826 5110 quod
1866 5044 1921 5098 in
1961 5045 2278 5114 quibusdam
2321 5047 2593 5103 codicibus
2621 5062 2720 5118 pro
2749 5045 2937 5101 PETRI.
2971 5060 3317 5100 PATRIARCHE
3342 5043 3552 5112 legitur,
3585 5041 3894 5097 mendosum

737 5240 790 5310 a)
829 5239 1024 5310 Homil.
1060 5238 1147 5305 68,
1180 5253 1301 5310 pag.
1324 5237 1433 5310 2|]
1458 5253 1573 5309 seq.

738 5307 788 5380 b)
829 5309 1044 5380 nomn.
1061 5311 1145 5380 70,
1178 5307 1298 5380 pag.
1333 5307 1458 5364 225.

738 5377 786 5450 c)
827 5377 955 5450 Pag.
989 5379 1112 5450 226.

620 5463 633 5536 ,'
679 5448 794 5536 ,(ιί)
833 5448 1012 5536 Serm;
1052 5449 1138 5516 θεν
1171 5464 1306 5536 1238-
1359 5448 1499 5536 .567}
1533 5450 1942 5536 Petraeum
1969 5453 2220 5536 τεθηέρρέί

641 5519 841 5586 claves,
872 5520 1043 5577 Paulo
1080 5519 1215 5576 verbi
1257 5523 1562 5592 sapientiam
1591 5519 1751 5576 dedit:
1793 5522 1904 5577 Nec
1926 5519 2221 5592 incredibile

2327 5261 2464 5310 mus,
2495 5261 2618 5302 cum
2645 5245 2714 5300 de
2741 5245 2877 5300 clavi
2907 5258 3069 5315 agens
3093 5262 3105 5296 :
3138 5242 3308 5315 Clavis
3337 5240 3561 5315 dicenda
3581 5250 3677 5304 est,
3709 5238 3900 5306 inquit,

2325 5333 2425 5388 qua
2448 5357 2479 5388 ,ί
2509 5315 2579 5369 ad
2604 5316 2761 5386 fidem
2784 5357 2799 5379 ,
2849 5310 3172 5388 peccatorum
3212 5314 3343 5366 dura
3380 5310 3555 5388 corda
3589 5318 3901 5388 reserantur,

2325 5379 2570 5464 mentium
2595 5379 2802 5464 secreta
2840 5379 3156 5464 panduntur,
3219 5391 3269 5464 et
3306 5379 3555 5464 quidquid
3594 5380 3902 5464 intrinsecus

2330 5456 2562 5538 clausum
2582 5449 2910 5538 tenetur,_'in
2933 5455 3112 5538 palam
3147 5449 3452 5538 rationabili
3487 5449 3903 5538 manifestatione

2326 5523 2642 5593 producitur.
2685 5524 2884 5589 Clavis,
2927 5523 3162 5597 inquam,
3202 5539 3316 5596 qua:
3347 5531 3398 5576 et
3428 5523 3806 5577 consortium:
3839 5534 3903 5571 an

714 5240 734 5519 ἓ

645 5597 756 5658 hoc,
789 5593 1042 5662 quoniam
1087 5593 1196 5664 qui_
1222 5608 1414 5662 aquam
1456 5593 1709 5664 produxit
1744 5609 1774 5648 e
1813 5602 1984 5664 petra,
2015 5591 2221 5664 Eccu-

644 5681 764 5735 suu
792 5661 1054 5720 runnsvn
1085 5661 1136 5719 is
1166 5661 1378 5735 Pereo.
1399 5704 1412 5716 .
1536 5661 2005 5735 Doctrina—gratia
2037 5663 2226 5718 coelum

647 5734 843 5808 Paulus
865 5736 1170 5808 ingreditur,
1201 5734 1548 5803 simplicitatis
1588 5735 1770 5789 merito
1803 5734 2069 5804 aperiendi
2108 5735 2221 5790 caeli

647 5802 1049 5877 Petrus‘accipit
1069 5802 1393 5877 potestatem.

719 5872 792 5950 (e)
826 5872 1224 5934 SacraHIet1tum
1253 5877 1576 5946 pmnitenliac
1603 5877 1797 5933 ibidem
1831 5876 2026 5931 indicat
2057 5875 2222 5930 Maxi—
2241 5950 2266 5955 Α

2327 5609 2711 5649 οοδεεδειοηει
2750 5611 2970 5652 ρεςωιτι
2997 5596 3205 5666 aperit,
3235 5603 3284 5648 et
3315 5607 3545 5648 αιυτωι
3571 5607 3639 5644 sn
3670 5604 3902 5644 Διςτιειωι-

2330 5680 2508 5719 ΤΔΤΕΙΙ
2537 5680 2778 5720 IYSTERH
2805 5681 3092 5722 SALUTARIS
3116 5679 3380 5724 INCLUDIT.

2400 5736 2486 5817 (tl.
2514 5733 2708 5817 “emil-
2737 5734 2835 5801 ἰον
2864 5749 2986 5817 με·
3017 5735 3157 5788 224³
3199 5727 3902 5817 ’ἔαρϋφάυνῑξξξιεὲξβέξε

2329 5799 2695 5875 plenitudinem
2728 5799 2836 5860 esse
2847 5799 2998 5872 ,-ai't,
3041 5816 3090 5860 et
3127 5799 3482 5860 credulitatem
3508 5799 3656 5853 Petri
3675 5813 3788 5854 esse
3809 5811 3902 5854 »θ’

2330 5892 2535 5931 (ΖΤΜΝιΕ
2568 5891 2975 5937 FUNDAMENTUM.
