4050 6356
240 345 362 401 “5
1696 334 2076 396 PREFATIO.
3421 340 3528 399 114

227 467 351 521 est,
386 465 555 511 utres
585 455 700 526 ipsa
725 454 941 509 clamat.
994 452 1175 519 Quid?
1218 441 1270 505 si
1311 450 1525 505 bomilia
1574 449 1658 513 75,
1707 466 1827 521 pag.
1878 451 2001 514 9.159,
2051 452 2228 506 dicat:
2273 452 2402 506 Cum
2449 455 2753 508 venerabilis
2805 456 2985 510 Simus
3016 472 3353 514 Aposrouca
3375 473 3524 516 sums

224 560 572 602 sscnnnono
594 542 979 600 resecuerunt
1025 539 1104 596 Ac
1140 538 1349 596 Sixtum
1385 539 1633 595 eumdem
1670 541 1830 611 paulo
1868 553 2018 611 post,
2069 544 2404 598 sacerdotem
2433 543 2645 600 Domini
2682 562 2946 602 summum
2977 549 3244 620 appellat:
3274 549 3516 621 Xystum,

227 637 442 708 inquit,
476 645 596 692 ante
623 651 798 691 omnes
830 648 1088 689 sumntum
1119 631 1332 688 Domini
1360 631 1677 686 sacerdotem
1716 635 1862 704 furor
1897 635 2102 705 gentilis
2131 635 2450 706 aggreditur,
2494 644 2549 689 ut
2584 638 2932 693 ecclesiastica
2959 639 3187 694 membra
3217 649 3323 695 tam
3349 642 3522 698 valido

231 741 489 786 truncato
517 731 702 801 capite,
733 730 888 784 veluti
915 727 1200 782 munimine
1230 723 1456 795 prasidii
1489 725 1704 779 caelestis
1741 734 1932 791 amoto,
1981 737 2220 781 cruentus
2257 712 2552 797 persecutor
2585 729 2866 784 invaderet.
2901 729 3179 786 Summum
3206 743 3385 788 autem
3413 733 3522 787 Do-

227 825 383 879 mini
431 823 764 879 sacerdotem
814 823 1150 894 ἀντονομασίᾳ
1196 833 1319 872 eum
1367 816 1577 881 dicere,
1627 817 1718 886 qui
1748 815 1893 871 Petri
1939 818 2122 872 sedem
2171 817 2468 873 Romanam
2511 821 2864 889 apostolicam
2901 823 3335 892 teneat,quique
3363 833 3526 894 caput

230 917 741 974 ecclesiasticorum
787 914 1152 970 membrorum
1200 911 1448 965 universe
1493 911 1594 976 sit;
1626 909 1754 981 quid
1785 916 1867 964 est
1889 950 1904 975 ,
1937 912 2038 964 nisi
2061 911 2370 981 episcopum
2400 910 2703 967 Romanum
2729 922 2891 983 caput
2917 914 3073 970 lateri
3099 915 3338 970 omnium
3365 914 3525 970 Chri-

231 1008 572 1074 stianorum,
603 1007 698 1076 qui
726 1020 851 1061 cum
879 1004 947 1059 ad
974 1003 1180 1059 clavum
1207 1000 1360 1055 navis
1387 1014 1484 1054 seu
1512 999 1566 1055 in
1591 999 1737 1055 Petri
1771 1001 2022 1056 cathedra
2052 1002 2261 1061 sedeat.
2293 1011 2405 1057 tum
2433 1005 2613 1058 navim
2643 1002 2814 1070 Petri,
2848 1005 2951 1060 hoc
2979 1015 3061 1061 est
3087 1005 3170 1076 (ut
3195 1007 3358 1062 statui
3387 1007 3553 1063 vidi-‘

227 1115 369 1154 mus
396 1116 428 1155 a
455 1098 713 1170 Maximo)
744 1097 1040 1154 Ecclesiam
1067 1095 1383 1150 catholicam
1409 1094 1752 1150 moderetur?
1783 1093 1952 1158 Quam
1979 1097 2214 1165 quidem,
2246 1100 2435 1164 navim,
2461 1107 2518 1152 ut
2544 1098 2684 1153 idem
2713 1108 2796 1153 est
2821 1107 3009 1154 auctor
3035 1099 3315 1166 Maximus,
3343 1099 3560 1170 Eccle-j

225 1191 342 1244 site
370 1189 532 1245 solam
562 1146 801 1244 ascehdit
829 1188 1099 1252 Dominus,
1133 1184 1295 1258 [cxvt]
1325 1186 1378 1238 in
1409 1203 1509 1257 qua
1531 1185 1724 1241 Petrus
1741 1146 2087 1258 magister‘est
2109 1146 2436 1252 constitutus:
2470 1189 2667 1243 dicente
2689 1189 2912 1244 Domino
2935 1207 2953 1244 :
2979 1189 3146 1258 Super
3164 1146 3564 1263 handpetrant!

230 1280 521 1352 adiﬁcabo
543 1279 834 1336 Ecclesium
859 1297 1039 1335 meam.
1089 1275 1217 1342 Qua
1236 1280 1381 1334 navis
1402 1279 1457 1334 in
1485 1278 1648 1333 altum
1674 1279 1825 1351 hujus
1844 1282 2019 1336 seculi
2041 1282 2116 1335 ita
2136 1290 2312 1348 natat,
2339 1292 2425 1349 ut,
2455 1292 2695 1353 pereunte
2717 1283 2928 1347 mundo,
2954 1299 3128 1336 omnes
3157 1300 3283 1352 quos
3311 1288 3529 1357 suscipit

227 1386 412 1431 servet
434 1375 647 1430 illaesos.
700 1373 768 1428 In
796 1391 895 1444 qua
920 1375 1035 1427 naui
1063 1373 1413 1445 tranquillitas
1453 1381 1549 1437 est,
1591 1370 1678 1426 ubi
1722 1374 1860 1428 solus
1900 1373 2087 1428 Petrus
2127 1377 2335 1446 navigat
2364 1376 2463 1447 (α),
2502 1385 2606 1430 etc.
2661 1374 2755 1429 Cui
2786 1386 2920 1428 certe
2945 1374 3103 1429 Petro
3125 1376 3318 1429 tradita
3346 1385 3464 1430 sunt
3491 1394 3526 1430 a

232 1464 457 1521 Christo
503 1467 654 1520 totius
702 1463 946 1520 Ecclesia
986 1463 1331 1535 gubernacula
1369 1460 1466 1533 (b),
1513 1469 1618 1517 etc.
1661 1463 1836 1534 Atque
1895 1463 1946 1519 id
1990 1464 2304 1533 dignitatis,
2335 1466 2779 1534 auctoritatisque
2826 1466 2879 1519 in
2911 1463 3160 1536 pontiﬁce
3201 1465 3442 1521 Romano
3469 1475 3526 1522 et

237 1545 504 1626 agnosse,
536 1567 590 1612 et
616 1556 913 1613 confessum
935 1542 1105 1612 fuisse
1126 1555 1417 1610 Maximum
1437 1595 1451 1620 ,
1485 1570 1554 1610 ex
1580 1556 1715 1612 actis
1743 1556 1959 1612 concilii
1989 1556 2220 1612 Romani
2249 1558 2352 1612 sub
2379 1555 2564 1612 Hilaro
2593 1571 2732 1627 papa
2756 1571 2897 1610 anno
2923 1554 3028 1609 465
3050 1555 3308 1610 celebrati
3337 1556 3525 1624 liquet.

235 1649 391 1705 Nam
418 1666 539 1706 cum
568 1650 716 1705 lecta:
741 1648 965 1704 fuissent
990 1649 1208 1714 litterae,
1234 1649 1448 1706 Ascanii
1476 1650 1714 1720 episcopi
1745 1649 2182 1714 Tarraconensis,
2217 1648 2654 1717 reliquorumque
2682 1647 2976 1702 antistitum
3007 1645 3120 1714 ejus
3148 1647 3433 1715 provinciae
3461 1647 3530 1703 ad

226 1737 488 1794 Hilarum
525 1741 696 1810 ipsum
725 1737 1037 1810 pontiﬁcem
1063 1740 1118 1794 in
1148 1739 1289 1794 hanc
1313 1741 1637 1794 sententiam
1665 1740 1913 1809 scriptae:
1961 1738 2183 1793 Etiamsi
2222 1737 2366 1792 nulla
2405 1745 2633 1792 exstaret
2669 1736 2948 1790 necessitas
2977 1736 3340 1789 ecclesiastica:
3376 1737 3530 1791 disci-

221 1833 422 1905 plina,
453 1833 793 1902 expetendum
814 1850 993 1888 resera
1013 1831 1159 1886 nobis
1186 1835 1354 1904 fuerat
1373 1832 1506 1886 illud
1527 1833 1852 1904 privilegium
1877 1832 2014 1886 sedis
2035 1839 2247 1896 vestra,
2275 1845 2372 1902 quo
2395 1830 2643 1899 susceptis
2671 1830 2819 1900 regni
2847 1828 3104 1894 clavibus,
3143 1838 3258 1898 post
3296 1845 3528 1884 resurre-

221 1929 468 1983 ctionem
489 1927 798 1993 Saluatoris,
831 1945 923 1998 per
951 1936 1114 1983 totum
1133 1924 1306 1982 orbem
1337 1925 1620 1981 beatissimi
1650 1925 1796 1979 Petri
1825 1926 2110 1996 singularis
2138 1922 2444 1993 pradicatio
2463 1923 2820 1976 universon
2842 1922 3211 1977 illuminationi
3233 1924 3526 1993 prospexit;

220 2017 393 2089 cujus
421 2019 600 2072 vicarii
649 2033 993 2074 PILNCIPATUB
1042 2033 1189 2072 SICUT
1242 2032 1469 2081 EIINE'I‘,
1519 2031 1608 2070 ITA
1645 2030 1964 2070 unusunus
1990 2028 2088 2068 ns'r
2118 2029 2185 2068 sn
2211 2026 2454 2078 sunmus,
2487 2027 2557 2066 ετ
2587 2025 2858 2077 AIANDUS;
2889 2012 3106 2082 proinde
3144 2028 3238 2066 nos
3269 2010 3430 2065 Deum
3473 2013 3528 2066 in

219 2109 386 2165 vobis
421 2113 622 2182 penitus
665 2111 977 2176 adorantes,
1009 2111 1090 2164 cui
1133 2112 1244 2166 sine
1285 2110 1490 2182 querela
1528 2110 1756 2174 servitis,
1786 2125 1852 2162 sn
1881 2124 2040 2163 FIDBI
2068 2121 2403 2162 accusamus
2439 2119 2762 2161 APOSTOLICO
2808 2120 2909 2160 one
2940 2119 3244 2166 uunsnu,
3277 2119 3397 2156 INDE
3428 2118 3529 2155 ne-

220 2217 439 2257 SPONSA
464 2219 820 2268 QUERENTES,
854 2219 990 2258 UNDE
1020 2219 1160 2258 NIHIL
1193 2217 1432 2263 EBROBE,
1465 2216 1606 2255 NIHIL
1635 2215 1818 2254 Ριυεει]

1928 2215 2068 2262 ιοΝε,
2103 2213 2200 2252 SBD
2229 2212 2558 2252 PONTIFICALI
2589 2211 2807 2250 ΤΔΝἹὊΙ
2839 2209 3258 2250 ιιειιιιειητιομε
3288 2207 3527 2246 PRECIPI-

225 2310 379 2349 TUR.
420 2295 548 2349 Cum
577 2296 688 2349 haec
707 2297 781 2348 ita
810 2313 864 2349 se
885 2282 1123 2358 habeant,
1154 2303 1231 2349 est
1258 2304 1425 2347 tamen
1452 2295 1588 2346 inter
1610 2309 1702 2345 nos
1727 2291 1889 2360 falsus
1913 2293 2094 2361 frater,
2134 2291 2280 2360 cujus
2305 2288 2785 2357 praesumptionem,
2831 2288 2961 2339 sicut
2998 2287 3187 2338 diutius
3221 2294 3385 2337 tacere
3424 2299 3528 2336 non

225 2386 417 2451 licuit,
447 2388 522 2440 ita
544 2396 593 2440 et
619 2388 756 2456 loqui
786 2389 947 2458 futuri
966 2387 1155 2458 judicii
1177 2387 1455 2440 necessitas
1484 2385 1780 2454 imperavit.
1805 2421 1817 2434 .
1840 2422 1853 2435 .
1871 2422 1887 2437 .
1929 2381 2158 2435 Proinde
2185 2383 2307 2453 quia
2333 2382 2413 2434 his
2441 2378 2924 2451 prwsumptionibus
2942 2419 2957 2443 ,
2979 2395 3092 2450 qua:
3118 2378 3367 2430 unitatem
3393 2375 3524 2429 divi;

223 2477 407 2530 dunt.
426 2518 438 2532 .
461 2517 473 2530 .
492 2518 504 2531 .
534 2478 774 2532 velociter
798 2476 940 2532 debet
960 2479 1178 2541 occurri,
1203 2493 1492 2550 qume
1513 2492 1684 2531 sensu
1713 2490 1958 2530 vcs'rtuu
1975 2513 1990 2538 ,
2023 2483 2080 2528 ut
2114 2490 2235 2538 omn
2273 2491 2340 2529 ne
2371 2490 2471 2529 uc
2511 2489 2684 2528 psum
2709 2488 3012 2527 onssnvsns
3040 2488 3266 2538 vsm'rts,
3294 2485 3527 2527 APOSTO-

226 2582 384 2622 LICIS
410 2585 700 2625 AFPATIBUS
728 2585 1081 2633 LVSTRUAIUB,
1115 2578 1395 2641 quatenus.
1419 2608 1498 2624 ...
1551 2583 1749 2624 VESTRA
1790 2582 2160 2623 AUCTORITATB
2204 2582 2444 2632 SUBNIXI,
2483 2582 2622 2630 QUOD
2655 2581 2932 2622 OPORTEAT
2971 2583 3109 2622 PII-Il“
3155 2581 3525 2633 INTELLIGBII,

223 2659 364 2714 Deo
386 2675 710 2725 ADJUVAN'I'E,
744 2676 1006 2719 POSSIIUS.
1047 2660 1171 2716 Erit
1209 2663 1442 2733 profecto
1480 2669 1644 2716 vester
1692 2660 1978 2731 triumphus
2000 2701 2014 2726 ,
2057 2662 2103 2714 si
2153 2675 2527 2716 ANS'I'OLA'I'UB
2568 2675 2755 2714 vns'rm
2797 2668 3150 2724 rauroamus,
3180 2675 3316 2723 quon
3341 2674 3525 2716 SANCTI

225 2746 420 2802 PETRI
467 2765 751 2806 ςΑτΒευιιΑ
803 2766 1052 2817 OBTINET,
1104 2766 1401 2806 CATHOLICA
1450 2765 1645 2805 AUDIAT
1692 2749 1982 2815 ΕοοιαιΑ,
2105 2766 2346 2805 Νονειιλ
2375 2766 2704 2807 ZIZANIOBUI'
2722 2765 2911 2806 SEIINA
2940 2767 3166 2808 PUEBINT
3197 2769 3520 2808 EXTIBPATA.

223 2837 383 2894 Cum
413 2839 516 2905 hac,
549 2841 784 2912 inquam,
811 2841 1004 2896 litterae
1027 2841 1168 2914 (qua:
1193 2848 1451 2910 quantum
1463 2839 1703 2911 pontiﬁci
1725 2839 1971 2896 Romano
1999 2840 2276 2910 dignitatis
2304 2840 2748 2909 auctoritatisque
2778 2842 2921 2907 insit,
2951 2841 3344 2913 demonstrant)
3376 2843 3525 2898 lecta!

227 2929 480 2985 fuissent
508 2931 617 3002 (c);
647 2947 878 3001 cumque
905 2934 1146 3004 episcopi
1175 2934 1267 3002 qui
1295 2933 1518 2988 aderant
1547 2948 1736 2988 omnes
1765 2932 1833 2987 ad
1861 2949 2024 2988 unum
2064 2934 2387 2988 clamassent
2424 2951 2436 2986 :
2467 2947 2752 2990 cantuum
2782 2949 3102 2990 nos-roum
3132 2951 3374 2990 ILLIBA'I‘A
3405 2953 3527 2991 ssn-

224 3039 460 3091 ve'ws;
488 3033 602 3078 tum
630 3023 894 3082 Maximus
922 3026 1205 3096 episcopus
1233 3024 1485 3082 Ecclesia:
1514 3023 1816 3080 Taurinatis
1842 3025 1973 3080 dixit
2003 3044 2014 3078 :
2044 3024 2108 3079 In
2131 3025 2478 3079 custodiendis
2500 3024 2733 3080 omnibus
2757 3041 2870 3096 qua:
2889 3025 2958 3077 ad
2977 3043 3154 3080 sacras
3180 3027 3529 3080 ordinationes

224 3117 507 3189 pertith
528 3117 834 3188 disciplinis,
858 3117 1039 3172 melius
1067 3119 1333 3190 sententia:
1355 3134 1482 3172 mea:
1497 3118 1817 3189 professione
1855 3117 2119 3183 denuntio,
2170 3117 2300 3172 nihil
2329 3135 2362 3170 ει
2401 3134 2481 3171 me
2509 3134 2734 3190 unquam
2759 3135 2935 3172 eorum
2972 3135 3086 3190 qua:
3116 3117 3373 3189 prohibita
3410 3129 3530 3173 sunt

224 3222 368 3261 esse
389 3206 699 3277 faciendum.
738 3205 818 3260 De
842 3207 1051 3278 reliquis
1077 3202 1279 3272 censeo,
1301 3215 1358 3259 ut
1384 3208 1612 3278 quisquis
1636 3206 1763 3260 talia
1787 3208 1983 3278 fecerit,
2011 3217 2099 3260 aut
2133 3208 2330 3262 detecta
2363 3210 2420 3261 in
2443 3205 2695 3262 Ecclesiis
2717 3225 2951 3263 resecare
2977 3209 3218 3275 noluerit,
3239 3226 3295 3264 se
3327 3226 3532 3266 causa

226 3316 446 3358 (ΞΔυὸλῦ
475 3315 527 3353 IN
554 3314 891 3355 APOS'I'OLICE
921 3315 1069 3354 SEDIS
1096 3314 1296 3354 ιῦῡιειο
1325 3315 1696 3364 κευωτυιιωι,
1728 3316 1779 3354 ω
1813 3315 1916 3363 QUO
1944 3316 2050 3354 ILLI
2091 3316 2320 3356 NECESSE
2352 3314 2476 3354 ERIT
2507 3315 2693 3355 BUBIRE
2722 3317 3076 3356 SENTENTIAII.
3117 3301 3360 3370 Cumque
3388 3302 3531 3357 idem

230 3393 493 3465 episcopi
525 3391 940 3457 Ebredunensis,
973 3393 1390 3462 Aquavivensis,
1416 3392 1724 3457 Atellanus,
1757 3391 2004 3462 Salpinas
2047 3393 2493 3458 conﬁrmassent;
2524 3393 2758 3461 indeque
2787 3395 3010 3448 antistes
3037 3389 3348 3450 Sabinensis
3372 3395 3532 3452 Tibe-

231 3487 361 3545 rius
388 3486 744 3555 sumpsisset:
782 3484 1040 3556 Proﬁteor
1085 3502 1166 3538 me
1204 3493 1400 3538 statuta
1443 3485 1577 3538 sedis
1630 3485 1928 3555 apostolica:
1965 3487 2021 3538 in
2067 3483 2327 3551 omnibus.
2352 3484 2638 3548 custodire;
2685 3491 2799 3537 tum
2830 3484 2896 3538 ab
2929 3499 3195 3541 uutvnnsrs
3244 3502 3529 3556 EPISCOPIS,

234 3578 496 3649 adeoque
525 3575 710 3649 [cxvn]
743 3594 772 3632 a
805 3577 1036 3633 Maximo
1065 3579 1227 3633 etiam
1257 3578 1460 3632 dictum
1489 3586 1569 3632 est
1597 3596 1609 3630 :
1643 3575 1938 3632 Sententias
1962 3579 2183 3647 fratrum
2212 3592 2386 3629 omnes
2407 3578 2684 3647 sequimur.
2705 3614 2718 3628 .
2737 3614 2750 3627 .
2771 3615 2784 3628 .
2816 3574 3045 3642 Exaudi,
3077 3576 3296 3633 Christe.
3340 3577 3531 3637 Hilaro

233 3672 357 3724 vita
375 3709 390 3724 .
409 3711 423 3724 .
444 3709 460 3724 .
483 3710 496 3724 .
540 3667 668 3734 Qua:
694 3671 830 3724 male
851 3670 1078 3724 admissa
1105 3679 1243 3734 sunt,
1271 3686 1362 3739 per
1391 3679 1439 3722 te
1465 3671 1808 3738 corrigantur.
1842 3666 1979 3732 Quin
2011 3667 2172 3720 etiam
2203 3680 2324 3718 cum
2347 3665 2513 3719 altera
2536 3663 2763 3734 epistola
2784 3664 3095 3720 eorumdem
3116 3665 3532 3726 Tarraconensis

233 3763 546 3835 provinciae
575 3764 953 3833 episcoporum
981 3763 1204 3816 recitata
1236 3761 1450 3825 fuisset,
1489 3775 1594 3828 qua
1625 3760 1910 3826 petebatur
1945 3773 1975 3810 a
2014 3756 2351 3821 beatissimo,
2393 3764 2449 3810 et
2484 3755 2775 3827 apostolica
2807 3758 3105 3812 reverentia
3136 3758 3190 3812 in
3218 3755 3430 3815 Christo
3459 3764 3530 3819 ab

233 3855 386 3924 ipsis
412 3853 680 3923 episcopis
709 3853 934 3908 colendo
971 3848 1131 3905 Patre
1167 3848 1372 3910 Hilaro,
1423 3855 1483 3902 ut
1525 3855 1782 3901 statutum
1814 3847 2003 3918 synodi
2034 3845 2451 3902 Tarraconensis
2481 3861 2575 3902 sua
2604 3847 2923 3902 auctoritate
2954 3846 3031 3919 (d)
3057 3849 3316 3905 roborare
3343 3849 3530 3919 digna-

237 3954 436 4009 retur,
471 3945 539 3999 ab
567 3947 831 4000 universis
855 3945 1138 4015 episcopis,
1172 3941 1500 4013 proindeque
1529 3940 1691 3995 etiam
1719 3955 1749 3993 a
1777 3938 2009 3993 Maximo
2033 3938 2384 3994 acclamatum
2407 3946 2487 3994 est
2513 3957 2524 3991 :
2557 3937 2786 4004 Exaudi,
2819 3939 3035 3995 Christe.
3079 3941 3269 3997 Hilaro
3290 3946 3422 3998 vita.
3442 3984 3453 3998 .
3475 3985 3489 4000 .
3509 3986 3525 4002 .

238 4051 346 4108 per
376 4032 657 4088 Dominum
697 4033 912 4088 Petrum
951 4049 1225 4106 rogamus,
1269 4041 1325 4084 ut
1358 4033 1410 4084 in
1444 4039 1742 4101 perpetuum
1779 4037 2059 4084 serventur.
2083 4069 2097 4082 .
2121 4069 2134 4082 .
2155 4068 2170 4082 .
2203 4029 2333 4085 Htec
2354 4041 2410 4083 ut
2427 4040 2688 4085 serventur
2707 4049 2966 4104 rogamus.
3009 4031 3290 4090 Postremo
3319 4051 3440 4091 cum
3473 4039 3527 4093 in

239 4127 465 4200 synodo
489 4125 702 4183 Hilarus
727 4126 968 4197 pontifex
997 4125 1218 4180 dixisset
1247 4124 1377 4180 nulli
1404 4123 1484 4178 fas
1506 4138 1624 4178 esse
1655 4123 1768 4178 sine
1796 4130 1968 4178 status
1997 4122 2078 4178 sui
2109 4122 2350 4191 periculo
2378 4121 2462 4176 vel
2488 4122 2695 4177 divinas
2723 4124 3152 4191 constitutiones,
3194 4125 3279 4181 vel
3307 4135 3527 4196 aposto-

235 4203 368 4276 licae
397 4219 540 4274 sedis
576 4219 790 4275 decreta
833 4227 1127 4282 temerare;
1158 4217 1283 4287 quia
1313 4231 1440 4282 nos,
1486 4231 1573 4278 our
1603 4229 1858 4270 rortssnu
1886 4228 2206 4270 sscenno'ns
2244 4212 2675 4269 administramus
2704 4214 2900 4278 olﬁcia,
2934 4216 3120 4270 talium
3147 4219 3528 4285 transgressio-

239 4325 377 4366 num
411 4313 567 4384 culpa
598 4313 879 4382 respiciet,
919 4312 965 4366 si
994 4311 1048 4364 in
1078 4311 1254 4366 causis
1297 4308 1394 4364 Dei
1431 4308 1642 4364 desides
1671 4309 1926 4364 fuerimus
1967 4308 2202 4372 inventi,
2225 4348 2267 4362 ..
2290 4347 2303 4361 .
2322 4348 2335 4362 .
2370 4307 2438 4361 ab
2459 4308 2724 4363 universis
2751 4309 3018 4380 episcopis
3038 4351 3053 4377 ,
3087 4326 3152 4366 ac
3177 4319 3464 4381 propterea
3495 4327 3524 4367 a

238 4404 487 4462 Maximo
517 4420 761 4474 quoque,
797 4404 1147 4459 acclamatum
1197 4409 1304 4456 est.
1331 4442 1343 4454 .
1363 4441 1376 4455 .
1398 4442 1411 4455 .
1457 4400 1588 4456 Haec
1619 4416 1876 4456 DOCBIUS.
1928 4399 2057 4455 Hsc
2090 4416 2334 4456 rauenna
2363 4415 2516 4456 sum.
2569 4400 2698 4457 Hac
2729 4418 2999 4458 saevum
3029 4419 3181 4458 sum.
3234 4404 3524 4460 Docrnuu;

243 4514 473 4555 ves'ras:
502 4514 728 4554 θιΑτιΑε
759 4515 968 4566 Λοιιωδ,
999 4508 1104 4556 etc.
1147 4499 1225 4554 Ex
1255 4501 1338 4555 his
1362 4497 1491 4585 satis
1520 4500 1800 4570 perspicue
1819 4499 2046 4568 quisque
2074 4505 2395 4566 cognoscet,
2425 4513 2588 4568 quam
2615 4499 2924 4567 magniﬁce,
2958 4515 3226 4568 quamque
3257 4499 3322 4553 ad
3351 4502 3527 4569 majo-

243 4611 388 4663 rum,
423 4595 930 4667 Scripturarumquc
970 4599 1274 4654 doctrinam
1318 4607 1442 4668 apte
1471 4598 1981 4667 accommodateque
2014 4597 2276 4652 Maximus
2316 4597 2383 4652 de
2412 4598 2719 4666 praestantia
2745 4596 3050 4664 dignitatis,
3084 4593 3528 4660 auctoritatisque

243 4684 484 4740 Romani
513 4684 779 4755 pontiﬁcis
808 4688 1053 4742 senserit.
1097 4687 1174 4744 Ac
1197 4687 1263 4743 de
1290 4687 1529 4744 Ecclesia
1560 4689 1792 4758 quidem,
1824 4687 1998 4757 deque
2025 4688 2278 4744 Ecclesiae
2305 4689 2482 4758 capite
2510 4687 2692 4752 Petro,
2723 4687 2896 4757 deque
2927 4685 3070 4741 Petri
3098 4685 3521 4750 successoribus,

241 4777 338 4848 qui
368 4777 629 4833 Ecclesiae
656 4778 820 4847 ipsius
847 4778 1205 4847 gubernacula
1233 4788 1438 4846 tenent,
1468 4780 1744 4835 hactenus.

325 4869 570 4924 XXXIII.
612 4869 689 4925 De
717 4873 1069 4927 conventibus
1106 4872 1270 4927 modo
1310 4871 1736 4927 Christianorum
1766 4871 1822 4925 in
1848 4871 2050 4926 aedibus
2092 4871 2277 4936 sacris,
2310 4872 2484 4940 deqne
2525 4871 2896 4926 communibus
2942 4871 3210 4942 precibus,
3262 4873 3522 4930 breviter.

245 4961 476 5036 Templa
518 4963 782 5019 Maximus
829 4963 1080 5019 Ecclesia:
1107 4965 1431 5036 receptacula
1460 4972 1634 5019 vocat.
1666 4963 1896 5019 Homilia
1924 4962 2014 5028 94,
2063 4977 2182 5032 qua:
2206 4971 2290 5018 est
2316 4963 2380 5025 de
2426 4961 2774 5035 Reparatione
2819 4963 3047 5019 basilica:
3086 4965 3516 5032 Mediolanensis,
3602 5015 3606 5019 .

248 5068 371 5122 pag.
403 5053 511 5108 516
543 5072 557 5107 :
581 5051 692 5108 Nec
710 5054 977 5109 ecclesiam
1001 5071 1170 5121 suam,
1202 5055 1392 5126 inquit,
1423 5071 1537 5127 quae
1551 5070 1664 5108 vere
1683 5063 1759 5108 est
1785 5052 2044 5120 Ecclesia,
2071 5056 2303 5109 consumi
2323 5053 2464 5108 Deus
2485 5055 2643 5126 jussit
2661 5056 2918 5119 incendio,
2945 5056 3036 5111 sed
3061 5074 3153 5126 pro
3192 5064 3377 5111 nostra
3406 5070 3531 5118 cor.

251 5147 483 5214 reptione
509 5156 888 5198 “aerucam
907 5141 1184 5198 Eccnssm
1213 5145 1445 5215 permisit
1468 5145 1635 5198 exuri.
1670 5141 1737 5196 In
1767 5142 1970 5214 populis
1989 5159 2209 5216 namque
2232 5146 2504 5211 civitatem,
2545 5155 2595 5199 et
2614 5161 2666 5199 IN
2688 5162 2852 5200 PLEBE
2879 5146 3200 5212 ECCLESIAI,
3231 5145 3402 5200 nullus
3431 5161 3524 5200 sa-

253 5233 398 5303 piens
444 5249 506 5287 ac
533 5231 708 5302 ﬁdelis
753 5232 978 5302 ignorat.
1011 5231 1238 5304 PrOpter
1265 5235 1420 5305 quod,
1453 5235 1730 5300 carissimi,
1760 5250 1864 5288 non
1895 5235 2055 5306 tigna,
2103 5244 2152 5290 et
2198 5236 2390 5300 trabes,
2418 5236 2511 5290 sed
2537 5252 2624 5291 uos
2663 5235 2772 5293 Deo
2800 5249 2976 5293 nostro
3005 5240 3168 5293 vivam
3191 5238 3521 5310 prmsentatis

256 5326 635 5386 Ecclesium...
658 5325 782 5384 Non
814 5346 934 5400 ergo
959 5347 1095 5384 nunc
1120 5330 1336 5385 ecclesia
1364 5340 1606 5401 reparata
1632 5339 1727 5396 est,
1750 5348 1885 5403 qute,
1907 5331 2017 5388 Deo
2044 5343 2361 5407 protegente,
2391 5350 2494 5389 non
2521 5335 2708 5406 periit;
2755 5333 2846 5388 sed
2883 5335 3102 5404 parietes
3147 5340 3198 5386 et
3225 5340 3359 5386 tecta
3386 5331 3520 5397 hac,
3559 5355 3566 5364 ·

349 5505 405 5577 ᾳ)
650 5502 737 5577 94)
767 5519 892 5577 ρεεο
924 5503 1167 5577 δίιρηεθίι·
1943 5507 2431 5566 Tarraconensibus
2457 5513 2541 5562 est
2570 5524 2582 5559 :
2616 5503 2932 5576 Suppliciter
2960 5522 3231 5577 precamur
3258 5500 3524 5577 apostola-

351 5569 403 5646 θ)
444 5573 640 5646 βοωίὲ·
676 5569 916 5646 ’ων-1³58·
949 5573 1088 5646 225;
1130 5569 1151 5573 —
1428 5644 1442 5646 ,
1942 5585 2049 5632 tum
2068 5587 2307 5646 uestrum,
2335 5589 2391 5633 ut
2415 5569 2936 5632 humilitati's'nostra:
2960 5569 3250 5636 decretum,
3280 5569 3417 5640 quod
3434 5569 3526 5639 ju-

349 5521 382 5558 α
443 5505 618 5561 Serm-
650 5505 737 5570 94,
767 5519 892 5577 pag.
924 5505 1027 5559 640
1054 5518 1167 5573 seq.
1943 5507 2431 5566 Tarraconensibus
2457 5513 2541 5562 est
2570 5524 2582 5559 :
2616 5505 2932 5576 Suppliciter
2960 5522 3231 5577 precamur
3258 5505 3524 5572 apostola-

351 5573 381 5625 b
444 5573 640 5632 Homil.
676 5575 762 5640 70,
793 5591 916 5646 pag.
949 5573 1075 5629 225.
1942 5585 2049 5632 tum
2068 5587 2307 5646 uestrum,
2335 5589 2391 5633 ut
2415 5576 2726 5632 humilitatis
2747 5585 2936 5631 nostra:
2975 5575 3250 5636 decretum,
3280 5569 3417 5640 quod
3434 5569 3524 5639 ju-

325 5505 421 5776 ic}.
440 5645 572 5776 at;
603 5645 759 5770 ﬁgam.
799 5653 930 5702 tom.
970 5644 1014 5701 Il
1049 5643 1338 5700 Concilior.
1381 5644 1508 5701 edit.
1541 5647 1709 5706 Paris.
1740 5663 1831 5707 an.
1939 5650 2266 5776 κτῗιηοὸὶε
2293 5649 2495 5704 videtur
2523 5649 2740 5720 factum,
2774 5663 2974 5702 vesrns
3004 5653 3375 5701 mercatura
3406 5653 3524 5695 rm-

263 5711 421 5783 1714,
448 5711 572 5841 pag.
603 5714 726 5770 802.

333 5785 411 5852 (ά)
474 5785 604 5852 bid.,
645 5799 768 5857 pag.
818 5786 942 5854 801,
974 5786 1213 5846 additum
1257 5788 1326 5846 ab
1352 5787 1620 5860 episcopis
1645 5786 1834 5848 iisdem
