4050 6356
491 319 599 378 ua
1894 266 2090 368 ranas

2407 273 2409 276 Ι
3316 317 3322 323 ·
3715 301 3878 361 fit)

492 449 774 513 congregat
800 441 1040 506 servulos,
1071 439 1300 509 disponit
1318 438 1468 502 retia,
1497 450 1652 490 canes
1681 433 1936 505 producit,
1970 429 2136 484 saltus
2161 425 2417 502 silvasque
2433 422 2746 500 parantur,-
2765 426 3015 494 semtlos,
3041 425 3280 498 inquam,
3297 434 3472 477 secum
3511 419 3866 494 peni-alsit,

492 532 718 603 fortasse
742 533 905 602 magis
932 545 1000 584 an
1028 543 1322 586 εοαιεεωι
1347 541 1542 583 nume
1571 538 1885 588 curmures,
1913 528 2019 577 etc.

450 654 479 690 -,
566 623 648 677 Ad
674 635 955 692 vesperam
980 619 1232 689 denique,
1256 634 1353 675 seu
1372 618 1679 674 declinante
1707 616 1843 682 sole,
1857 613 2170 684 jejunantes
2191 612 2370 670 cibum
2391 628 2605 670 sumere
2625 626 2914 670 consuesse
2930 653 2946 679 ,
2991 610 3308 681 intelligitur
3349 623 3418 666 ex
3447 609 3659 666 eodem
3693 610 3863 683 ipso

466 712 758 782 "sermone,
788 727 912 784 pag.
945 710 1050 775 458
1077 727 1215 783 seq.,
1246 725 1354 780 quo
1380 710 1501 766 loco
1529 709 1811 774 Maximus,
1843 722 1940 763 eos
1966 705 2289 777 redarguere
2304 720 2531 778 pergens
2551 707 2645 778 qui
2672 714 2782 761 tam
2811 704 3096 760 immodice
3122 711 3318 759 venatu
3345 703 3804 763 delectarentur
3835 726 3856 762 :

491 807 759 874 Quamvis,
790 805 981 877 inquit,
1010 805 1095 876 qui
1123 801 1377 875 ejusmodi
1405 819 1479 869 es,
1513 803 1695 873 frater,
1727 814 1964 855 vesanae
1993 797 2063 852 ad
2089 797 2299 853 domum
2338 797 2520 853 redeas
2537 839 2552 865 ,
2582 798 2812 869 quamvis
2841 812 3173 852 accusare
3199 811 3299 851 ιλιι
3327 811 3458 852 sons
3487 813 3848 865 IANDUCES,

486 906 635 972 potes
662 897 821 953 videri
865 897 1067 952 tardius
1111 897 1388 967 refecisse,
1439 911 1543 950 non
1574 903 1746 949 tamen
1774 891 1998 948 Domino
2019 891 2321 964 jejunasse;
2352 908 2446 948 nec
2474 893 2612 947 enim
2650 899 2793 963 potes
2834 889 2999 946 videri
3026 887 3337 961 voluptatem
3377 898 3518 944 tuam
3544 906 3850 948 mercem:

487 991 678 1066 fecisse
702 988 914 1044 Domini
938 988 1269 1042 voluntatem.

561 1079 772 1136 XXXV.
804 1079 1187 1143 Tertullianus,
1220 1075 1452 1131 librode
1478 1075 1683 1130 Corona
1707 1075 1887 1130 militis
1905 1118 1920 1146 ,
1949 1091 2070 1147 cap.
2103 1076 2157 1146 3,
2185 1089 2309 1148 pag.
2335 1075 2448 1131 102
2485 1076 2614 1133 edit.
2645 1093 2796 1149 oper.
2824 1076 3044 1134 Veneta:
3069 1094 3158 1134 an.
3191 1076 3351 1144 1714,
3382 1075 3483 1132 Die
3505 1077 3840 1145 dominico,

487 1174 685 1244 inquit,
709 1171 970 1244 jejunium
997 1170 1148 1240 nefas
1171 1165 1620 1241 [cxxu].ducimus
1648 1165 1724 1221 vel
1751 1167 1815 1220 de
1841 1167 2096 1238 geniculis
2122 1166 2364 1223 adorare.
2391 1166 2592 1223 Eadem
2617 1152 2944 1226 immunitate
2963 1187 2996 1224 a
3015 1171 3098 1226 die
3117 1169 3340 1226 Pascha
3359 1170 3414 1223 in
3443 1168 3836 1228 Pentecoste:

487 1282 650 1336 usque
678 1262 981 1336 gaudemus.
1013 1259 1129 1315 Hoc
1156 1259 1295 1314 idem
1325 1267 1590 1314 memorat
1616 1258 1845 1318 Basilius
1883 1259 2106 1330 Magnus
2135 1262 2190 1317 in
2219 1277 2286 1318 eo
2313 1262 2451 1318 libro
2480 1279 2643 1335 quem
2671 1264 2942 1336 inscripsit
2980 1264 3045 1319 de
3086 1263 3289 1336 Spiritu
3315 1273 3519 1331 sancto,
3546 1279 3681 1335 cap.
3717 1264 3832 1331 27,

489 1373 641 1414 num.
672 1353 761 1421 66,
793 1362 923 1409 tom.
965 1351 1032 1407 lll
1071 1366 1221 1422 oper.
1255 1350 1382 1405 edit.
1418 1348 1585 1405 Paris.
1620 1366 1710 1405 an.
1743 1349 1899 1418 1750,
1933 1351 2094 1423 idque
2121 1351 2281 1408 docet
2308 1353 2618 1410 traditione
2646 1354 2713 1409 ad
2746 1370 2846 1413 nos
2879 1371 3046 1426 usque
3071 1368 3414 1426 permanasse
3432 1353 3548 1424 jam
3568 1354 3713 1411 inde
3743 1356 3830 1413 ab

489 1449 867 1522 apostolorum
895 1445 1248 1516 temporibus.
1282 1442 1348 1497 In
1370 1443 1466 1498 hoc
1493 1443 1578 1498 die
1605 1439 1835 1518 (scilicet
1856 1443 2150 1515 dominico)
2181 1445 2373 1514 inquit,
2400 1443 2640 1501 Ecclesia
2667 1463 2789 1503 suos
2809 1446 3050 1501 alumnos
3071 1445 3220 1500 docet
3245 1460 3424 1514 preces
3449 1460 3575 1498 suas
3607 1449 3824 1504 stando

490 1543 775 1608 absoluere,
804 1549 861 1595 ut
908 1540 1120 1595 assidua
1165 1539 1560 1594 commonitione
1603 1540 1722 1593 vita:
1765 1539 1908 1593 illius
1948 1554 2212 1604 nunquam
2257 1539 2519 1606 desiturte,
2570 1556 2674 1594 non
2722 1539 3042 1612 negligamus
3091 1554 3159 1591 aa
3203 1553 3318 1591 eam
3361 1536 3821 1612 demigrationeu

491 1650 688 1710 parare
713 1633 972 1710 uiaticum.
1007 1629 1144 1695 Quin
1185 1639 1234 1684 et
1274 1637 1436 1683 totum
1459 1629 1591 1683 illud
1618 1630 1994 1702 quinquaginta
2023 1630 2223 1684 dierum
2256 1640 2452 1701 tempus
2481 1631 2767 1687 admonitio
2805 1611 2882 1686 est
2907 1629 3319 1694 resurrectionis,
3546 1629 3604 1683 in
3634 1631 3818 1687 altero

493 1708 686 1783 alecula
714 1708 1090 1797 exspectamus.
1125 1719 1268 1776 Nam
1294 1738 1428 1775 unus
1457 1721 1544 1777 ille
1572 1730 1622 1777 et
1645 1724 1845 1793 primus
1871 1723 1984 1778 dies
2011 1725 2200 1794 septies
2247 1710 2619 1797 multiplicatus
2647 1733 2839 1798 septem
2865 1740 3032 1780 sacrae
3068 1722 3400 1778 Pentecostes
3439 1721 3817 1779 hebdomadas

494 1821 714 1878 absoluit
738 1861 752 1875 .
781 1861 795 1875 .
823 1861 837 1874 .
865 1860 879 1875 .
905 1859 919 1873 .
949 1859 959 1873 .
993 1835 1091 1891 quo
1115 1818 1171 1873 in
1199 1818 1284 1871 die
1321 1818 1556 1887 corporis
1579 1826 1748 1874 erecto
1791 1817 1970 1872 habitu
2011 1820 2223 1889 precari
2263 1822 2435 1891 potius
2475 1836 2571 1875 nos
2611 1817 2864 1874 Ecclesia:
2903 1821 3036 1873 ritus
3082 1818 3395 1883 docuerunt,
3426 1818 3682 1872 nimirum
3715 1836 3811 1889 per

493 1916 780 1972 evidentem
805 1912 1272 1977 commonitionem,
1304 1913 1452 1982 quasi
1481 1912 1854 1983 transferentes
1881 1921 2105 1968 mentem
2129 1923 2363 1973 nostram
2391 1933 2424 1969 a
2448 1912 2787 1986 prementibus
2822 1915 2890 1968 ad
2912 1915 3106 1986 futura,
3137 1920 3241 1968 etc.
3267 1910 3472 1966 Eodem
3505 1911 3804 1966 revolvun-

492 2013 584 2062 tur
610 2021 730 2076 quze
756 2005 943 2061 scribit
967 2002 1327 2074 Hieronymus
1354 1999 1568 2072 Dialog.
1615 2001 1863 2056 adversus
1893 2001 2278 2076 Luciferianos,
2307 2021 2431 2078 pag.
2479 2005 2568 2072 96,
2599 2013 2732 2061 tom.
2763 2003 2808 2058 II
2837 2019 2988 2075 Oper.
3021 2004 3151 2059 edit.
3196 2002 3341 2074 Lips.
3376 2018 3460 2057 an.
3496 2001 3655 2058 1684.
3693 2000 3799 2056 Sed

495 2097 688 2154 Patres
725 2111 945 2159 omnes,
977 2092 1413 2166 synodorumque
1440 2095 1543 2149 hac
1571 2092 1639 2148 de
1662 2106 1724 2146 re
1764 2099 1883 2148 acta
1912 2109 2340 2154 commemorare
2392 2113 2502 2153 non
2556 2105 2732 2152 vacat.
2775 2094 2892 2152 Hoc
2930 2096 3138 2161 dicam,
3181 2093 3404 2164 hujusce
3443 2093 3582 2148 ritus
3607 2097 3796 2163 quinto

492 2190 629 2247 item
656 2187 853 2244 saeculo
881 2185 1111 2256 vigentis
1138 2182 1330 2240 fecisse
1355 2181 1648 2238 Maximum
1670 2186 1999 2241 mentionem
2028 2187 2246 2243 homilia
2277 2187 2367 2254 61,
2396 2204 2520 2260 pag.
2545 2186 2641 2241 191
2675 2203 2814 2262 seq.,
2845 2188 2936 2243 ubi
2962 2206 2974 2241 :
3001 2186 3150 2242 Scire
3177 2186 3347 2252 debet,
3377 2186 3576 2255 inquit,
3601 2183 3782 2239 sancti-

494 2287 580 2336 tas
609 2286 797 2344 uestra,
829 2279 1040 2350 fratres,
1073 2276 1209 2329 hanc
1237 2291 1444 2329 sacram
1473 2275 1804 2331 Pentecostes
1847 2277 1985 2333 diem
2021 2297 2124 2350 qua
2169 2282 2371 2335 ratione
2416 2299 2672 2348 curemus,
2713 2282 2791 2336 vel
2819 2298 2910 2336 cur
2948 2279 3570 2352 istomquuinquaginta
3597 2277 3795 2331 dierum

493 2387 708 2428 numero
737 2371 804 2424 sit
831 2366 978 2424 nobis
998 2368 1163 2439 jugis,
1191 2374 1240 2420 et
1267 2367 1568 2420 continuata
1599 2369 1869 2439 festivitas,
1887 2369 2028 2424 itaut
2045 2372 2184 2426 omni
2205 2380 2432 2443 tempore
2454 2389 2615 2446 neque
2636 2373 2704 2425 ad
2719 2371 3091 2427 observandum
3104 2370 3394 2427 indicamus
3408 2368 3802 2441 jejuniameque

494 2464 568 2518 ad
587 2461 913 2518 exorandum
941 2459 1107 2515 Deum
1125 2456 1338 2531 genibus
1357 2457 1701 2525 succidamus,
1733 2459 1825 2514 sed
1850 2462 1982 2514 sicut
2009 2462 2269 2516 dominica
2302 2463 2525 2517 solemus
2553 2465 2722 2534 facere
2762 2464 2919 2517 erecti
2949 2462 3025 2532 (a)
3057 2469 3108 2516 et
3145 2462 3321 2534 feriati
3375 2461 3807 2515 resurrectionem

499 2552 818 2607 dominicam
843 2552 1172 2607 celebremus.
1207 2593 1220 2606 .
1258 2593 1271 2606 .
1305 2551 1601 2618 Dominica,
1623 2554 1770 2625 cujus
1793 2553 1942 2608 nobis
1969 2555 2088 2610 ideo
2139 2555 2444 2609 venerabilis
2472 2565 2549 2609 est
2577 2564 2728 2627 atque
2757 2555 3000 2612 solemnis
3025 2554 3204 2624 (dies),
3228 2555 3349 2626 quia
3367 2555 3419 2607 in
3436 2569 3492 2605 ea
3520 2550 3807 2617 Saluator,

500 2643 655 2700 veluti
685 2643 765 2699 sol
789 2645 978 2709 oriens,
1011 2643 1261 2698 discussis
1287 2645 1574 2716 inferorum
1604 2645 1845 2709 tenebris,
1890 2645 2001 2699 luce
2031 2647 2423 2700 resurrectionis
2451 2646 2690 2710 emicuit;
2722 2661 2784 2699 ac
2810 2652 3080 2716 propterea
3121 2645 3237 2715 ipsa
3265 2645 3378 2698 dies
3413 2641 3473 2696 ab
3502 2641 3807 2695 hominibus

477 2734 680 2791 ’διεσαιὶ
709 2734 818 2788 dies
838 2733 962 2789 solis
990 2734 1196 2799 dicitur,
1226 2735 1362 2806 quod
1386 2743 1531 2790 ortus
1559 2751 1675 2789 eam
1700 2735 1780 2789 sol
1813 2735 2034 2807 justitiw
2061 2733 2298 2789 Christus
2325 2735 2599 2790 illuminet.
2635 2734 2816 2792 Instar
2850 2753 2972 2807 ergo
2993 2736 3270 2791 dominica:
3305 2743 3411 2790 tota
3431 2734 3805 2807 quinquaginta

501 2827 702 2900 dierum
729 2827 986 2881 curricula
1027 2812 1368 2894 celebrantur,
1399 2835 1449 2881 et
1478 2842 1658 2881 omnes
1683 2827 1770 2880 isti
1799 2827 1908 2880 dies
1937 2826 2070 2880 velut
2115 2825 2362 2880 dominici
2402 2826 2733 2898 deputantur.
2785 2825 2892 2882 Sed
2931 2827 3211 2881 immutata
3257 2825 3509 2893 deinceps
3553 2838 3618 2878 ea
3662 2823 3802 2877 ratio

499 2918 620 2986 fuit,
653 2917 862 2988 solique
891 2926 1014 2988 post
1034 2917 1240 2973 Pascha
1268 2918 1383 2972 dies
1405 2932 1500 2973 sex
1524 2915 1648 2972 festi
1672 2914 1849 2983 fuere,
1884 2923 1942 2970 ut
1970 2931 2036 2970 ex
2063 2915 2272 2987 synodo
2299 2914 2684 2972 Matisconensi
2709 2932 2797 2972 an.
2827 2915 2953 2983 585,
2983 2931 3101 2971 can.
3125 2916 3178 2982 2,
3205 2929 3326 2987 pag.
3361 2913 3464 2967 460
3486 2929 3626 2983 θαι,
3657 2920 3706 2966 et
3730 2927 3797 2966 ex

502 3006 761 3065 Trullano
789 3025 878 3065 an.
913 3009 1044 3077 706,
1075 3026 1197 3066 can.
1231 3009 1332 3075 66,
1363 3024 1485 3080 pag.
1521 3007 1658 3064 1686
1721 3017 1850 3064 tom.
1882 3007 1948 3062 ΙΙΙ
1975 3007 2265 3066 Concilior.
2295 3009 2423 3067 edit.
2458 3009 2629 3066 Paris.
2664 3025 2750 3066 au.
2786 3009 2945 3078 1711,
2979 3011 3205 3066 aliisaue
3231 3009 3601 3066 monumentis
3627 3006 3794 3063 eccle-

505 3102 739 3160 siasticis
764 3105 1048 3175 perspicue
1083 3118 1214 3158 sane
1240 3102 1428 3172 liquet.
3726 3165 3728 3167 b

580 3191 819 3248 XXXVI.
851 3193 1154 3250 Convenire
1181 3199 1442 3262 praeterea
1471 3191 1525 3245 in
1556 3191 1815 3262 templum
1839 3189 2175 3248 Christianos
2201 3191 2366 3249 fuisse
2391 3193 2598 3262 solitos,
2623 3193 2786 3250 tradit
2813 3193 3092 3261 Maximus,
3117 3193 3196 3249 uti
3223 3193 3800 3250 natalitiasanctontm

508 3284 879 3351 celebrarent,
909 3298 1100 3340 eorum
1128 3280 1427 3352 praesertim
1453 3295 1682 3351 quorum
1722 3290 1778 3338 et
1806 3283 1995 3338 civitas
2024 3282 2212 3338 eadem
2239 3283 2461 3352 fuisset,
2505 3295 2560 3341 et
2588 3286 2646 3340 in
2670 3302 2736 3342 eo
2767 3287 2969 3357 templo
2999 3287 3237 3358 reliquis:
3275 3285 3641 3341 servarentur.
3673 3283 3800 3339 Nam

511 3396 632 3439 esse
659 3381 1063 3437 venerationem
1092 3377 1402 3448 cultumque
1430 3378 1630 3434 sanctis
1663 3377 2024 3434 adhibendum
2042 3419 2056 3444 ,
2107 3392 2311 3449 eosque
2338 3393 2457 3436 esse
2487 3379 2844 3447 invocandos,
2875 3380 3065 3448 docet,
3096 3380 3188 3450 qui
3218 3379 3374 3435 nobis
3410 3378 3803 3434 interventione

507 3495 627 3546 sua,
655 3473 910 3547 singulari
939 3474 1188 3546 praesidio
1217 3488 1337 3529 esse
1363 3481 1607 3544 possunt.
1640 3472 1873 3528 Homilia
1901 3471 1990 3538 81,
2014 3487 2137 3542 pag.
2162 3470 2255 3526 261
2289 3487 2426 3543 seq.,
2451 3488 2572 3543 quze
2600 3483 2683 3530 est
2709 3475 2774 3529 de
2801 3475 2995 3528 sanctis
3041 3471 3357 3544 martyribus
3399 3469 3803 3526 Taurinensiluts

512 3574 726 3628 Octavio
743 3612 758 3636 ,
792 3572 1040 3645 Adsentio
1068 3578 1119 3626 et
1148 3568 1430 3626 Solutore:
1457 3565 1585 3627 Cum
1613 3568 1841 3622 omnium
1863 3576 2161 3622 sanctorum
2187 3575 2476 3638 martyrum
2501 3567 2824 3622 devotissime
2849 3565 3079 3620 natalem
3108 3562 3315 3638 [cum]
3344 3562 3609 3618 celebrare
3627 3561 3804 3616 debea-

508 3687 646 3736 mus,
675 3669 864 3736 inquit,
899 3677 1003 3720 tum
1030 3669 1288 3738 praecipue
1311 3682 1489 3722 eorum
1533 3664 1832 3720 solemnitas
1856 3671 1963 3718 tota
2000 3660 2146 3717 nobis
2172 3676 2547 3717 VENERATIONE
2577 3658 2810 3714 curanda
2838 3668 2932 3725 est,
2956 3660 3043 3731 qui
3078 3660 3132 3712 in
3161 3659 3353 3712 nostris
3382 3657 3663 3713 domiciliis
3683 3674 3804 3727 pro-

506 3763 682 3830 prium
708 3759 1012 3830 sanguinem
1060 3757 1418 3828 profuderunt.
1453 3755 1596 3811 Nam
1622 3757 1740 3812 licet
1784 3758 2008 3811 universi
2054 3757 2223 3810 sancti
2245 3755 2430 3827 ubique
2459 3755 2565 3808 sint
2603 3762 2653 3809 et
2681 3768 2906 3808 ouumus
2949 3766 3190 3818 PROSINT,
3232 3750 3310 3805 illi
3343 3747 3517 3805 tamen
3534 3767 3634 3806 uno
3661 3765 3807 3804 souis

512 3867 929 3916 INTERVENIUNT,
951 3852 1039 3923 qui
1068 3858 1116 3904 et
1136 3851 1389 3921 supplicia
1427 3850 1681 3920 pertulere
1709 3867 1802 3920 pro
1831 3850 1996 3904 nobis.
2031 3849 2237 3918 Martyr
2256 3852 2392 3905 enim
2417 3867 2532 3904 cum
2559 3850 2755 3920 patitur
2772 3887 2788 3912 ,
2817 3863 2921 3901 non
2951 3847 3047 3900 sibi
3079 3852 3278 3899 tantum
3299 3845 3518 3915 patitur,
3545 3843 3634 3898 sed
3656 3851 3706 3895 et
3731 3843 3809 3894 ci-

513 3946 675 4001 vibus.
710 3939 823 3996 Sibi
844 3940 981 3994 enim
1002 3939 1198 4010 patitur
1222 3937 1292 3992 ad
1312 3939 1602 4010 prazmium,
1626 3938 1818 4002 ciuibus
1841 3939 1910 3991 ad
1933 3939 2240 4008 exemplum.
2267 3938 2379 3994 Sibi
2405 3942 2605 4010 patitur
2632 3940 2701 3994 ad
2723 3941 2966 4011 requiem,
2992 3936 3183 3992 civibus
3206 3936 3274 3990 ad
3294 3937 3534 3991 salutem.
3559 3935 3809 4006 Exempla

509 4020 649 4086 -nim
677 4050 856 4088 eorum
885 4033 1158 4088 didicimus
1188 4032 1393 4088 Christo
1423 4031 1648 4099 credere,
1681 4031 1956 4086 didicimus
1987 4033 2308 4086 contumeliis
2351 4034 2511 4086 vitam
2538 4040 2787 4088 aeternam
2821 4049 3084 4104 quwrere,
3139 4039 3358 4106 mortem
3386 4029 3663 4084 didicimus
3707 4021 3828 4083 ποκ’

513 4122 756 4176 timere...
781 4120 985 4180 CUNCTI
1011 4139 1191 4179 IGITUR
1211 4140 1490 4179 uanrrnes
1517 4139 1864 4178 DEVOTISSIME
1895 4138 2223 4178 renconsum
2245 4138 2378 4178 sum
2399 4165 2414 4189 ,
2444 4123 2536 4177 sed
2557 4123 2850 4195 specialiter
2864 4124 2905 4178 ii
2929 4139 3230 4178 VENEBANDI
3257 4138 3390 4177 sum
3419 4139 3454 4177 Α
3485 4137 3654 4187 Νουιδ,
3684 4136 3809 4184 ono-

512 4231 623 4271 nuu
652 4233 930 4282 nsuouus
951 4234 1286 4274 rossmsuus.
1321 4216 1415 4271 Illi
1452 4219 1589 4271 enim
1610 4234 1704 4272 nos
1735 4232 2086 4286 OMTIONIBUS
2117 4227 2419 4282 antuvau'r,
2449 4232 2554 4272 lS'l'l
2584 4233 2747 4272 ετωι
2779 4232 3050 4272 anwvau'r
3082 4231 3443 4272 rassrous..."
3472 4214 3600 4270 Ideo
3625 4218 3813 4287 fratres

513 4320 836 4363 vnusnsuun
866 4324 962 4364 nos
986 4311 1042 4363 in
1088 4311 1184 4364 hoc
1210 4324 1444 4376 SECULO,
1477 4324 1608 4373 quos
1649 4324 1983 4365 nereusones
2011 4325 2218 4364 nassae
2267 4324 2527 4364 POSSUIUS
2553 4325 2604 4364 IN
2625 4324 2855 4376 ruruuo,
2885 4317 2990 4365 etc.
3021 4309 3090 4363 Et
3137 4309 3356 4364 homilia
3381 4308 3504 4372 118,
3531 4322 3653 4379 pag.
3685 4306 3809 4367 590,

513 4415 610 4456 eos
638 4402 923 4472 increpans
948 4403 1040 4472 qui
1061 4402 1227 4458 sacris
1250 4403 1512 4458 interesse
1537 4403 1886 4471 neglexerant
1910 4401 2045 4457 festo
2074 4401 2161 4457 die
2213 4400 2360 4457 Petri
2399 4409 2453 4456 et
2499 4400 2651 4457 Pauli
2674 4403 3048 4473 apostolorum
3082 4422 3094 4456 :
3129 4404 3316 4470 Dicite,
3367 4403 3558 4472 inquit,
3591 4403 3739 4466 mihi,
3768 4405 3815 4456 si

514 4510 621 4550 non
643 4493 921 4550 dolendum
943 4496 1099 4568 fuerit
1127 4495 1222 4550 hoc
1244 4503 1530 4566 peccatum,
1557 4496 1630 4549 sic
1651 4511 1739 4548 vos
1767 4494 1950 4548 salutis
1977 4503 2156 4550 vestra:
2175 4495 2495 4549 immemores
2517 4502 2638 4547 tunc
2663 4495 2844 4566 fuisse,
2875 4503 2932 4547 ut
2965 4494 3279 4548 beatissimis
3307 4493 3557 4563 apostolis
3586 4491 3745 4556 Petro
3765 4503 3816 4546 et

512 4584 686 4642 Paulo
712 4601 1197 4643 uouonmcexruu
1237 4588 1450 4642 minime
1471 4586 1820 4641 redderetis...
1855 4602 1945 4640 nec
1973 4586 2233 4641 volueritis
2261 4601 2436 4640 eorum
2481 4602 2731 4641 unus:
2770 4601 3025 4642 NOBISCUI
3064 4602 3460 4642 resrrvnssumu
3501 4600 3813 4641 censemus

508 4682 665 4744 atque
685 4689 791 4728 ILLI
819 4692 1062 4732 (ΚΕΗ-151⁵1
1091 4693 1379 4733 ιΝτΕιιΕδδε
1401 4693 1663 4744 οοΝνινιο,
1691 4693 1743 4731 ῙΝ
1759 4693 1879 4741 QUO,
1914 4692 2201 4732 MARTYRUI
2224 4692 2398 4731 ΤΑΝΤΔ
2427 4692 2680 4742 ιβτιτυλ,
2704 4692 3065 4732 SUBSTANTIAI!
3094 4693 3235 4732 VITE
3266 4693 3379 4731 IPSE
3410 4691 3556 4731 NOBIS
3575 4675 3817 4731 DOIINUS

507 4777 876 4822 llulsmavn.
934 4767 1102 4823 Vultis
1151 4779 1322 4824 autem
1351 4772 1482 4826 scire
1524 4773 1733 4843 quantis
1758 4770 1906 4826 bonis
1933 4772 2164 4844 fraudati
2193 4771 2436 4843 fueritis?
2479 4769 2809 4843 Interrogate
2851 4775 3043 4843 fratres
3081 4775 3169 4845 qui
3217 4783 3337 4826 tunc
3382 4790 3583 4828 mecum
3618 4774 3817 4845 pariter

436 4925 450 4938 .
505 4854 816 4924 adfuerunt,
838 4871 992 4926 quam
1019 4858 1198 4926 refecti
1223 4874 1255 4910 a
1281 4859 1541 4914 dominica
1566 4877 1744 4916 mensa
1785 4863 2134 4927 discesserint,
2165 4868 2268 4918 etc.
2301 4860 2501 4934 Igitur,
2550 4865 2738 4934 fratres
2777 4864 3170 4936 quotiescunque
3198 4875 3486 4936 martyrum
3511 4866 3816 4919 memoriam

513 4943 854 5009 celebramus,
885 4945 1251 5014 praetermissis
1296 4948 1531 5002 omnibus
1554 4952 1731 5005 saeculi
1759 4954 1976 5018 actibus,
2020 4954 2130 5006 sine
2157 4953 2335 5025 aliqua
2385 4951 2709 5006 dubitatione
2736 4967 3084 5008 CONCURRERE
3113 4971 3374 5020 neneuus,
3404 4971 3649 5010 annosus
3681 4971 3817 5011 ILLIS

513 5045 1017 5100 BONORIFICENTIAI,
1039 5036 1126 5106 qui
1151 5037 1302 5093 nobis
1331 5038 1549 5092 salutem
1588 5041 1887 5110 profusione
1910 5044 1988 5094 sui
2017 5043 2287 5112 sanguinis
2317 5050 2643 5112 pepererunt.
2678 5041 2922 5114 Quisquis
2953 5043 3178 5098 honorat
3214 5054 3491 5117 martyres,
3522 5046 3741 5100 honorat
3764 5055 3818 5100 et

515 5117 810 5211 (ihn‘stum;
841 5135 892 5180 et
917 5129 1002 5198 qui
1025 5128 1221 5198 spernit
1267 5140 1496 5198 sanctos,
1521 5133 1718 5203 spernit
1746 5142 1796 5186 et
1841 5132 2140 5189 Dominum.
2169 5134 2238 5189 Et
2274 5135 2498 5190 homilia
2523 5135 2613 5203 77,
2645 5150 2765 5205 qua
2798 5145 2882 5192 est
2927 5139 2992 5192 de
3016 5148 3197 5193 sancto
3245 5142 3542 5211 confessore
3589 5139 3816 5196 Eusebio

522 5207 858 5282 Vercellensi,
883 5231 1005 5287 pag.
1036 5216 1180 5275 215:
1214 5218 1530 5276 Sanctorum
1575 5220 1798 5276 Patrum
1848 5225 2143 5288 memorias,
2193 5225 2384 5295 inquit,
2417 5240 2708 5282 BELIGIOBIS
2727 5241 3087 5284 CONVENTIBUS
3115 5207 3481 5297 nouonau'rss,
3511 5239 3562 5284 et
3600 5231 3814 5301 propria

512 5313 694 5357 eorum
720 5305 905 5359 merita
929 5313 980 5360 et
1001 5323 1218 5364 munera
1244 5310 1301 5362 in
1321 5311 1396 5363 eis
1425 5310 1600 5365 diuina
1637 5313 1906 5378 miramur,
1934 5314 2020 5384 qui
2041 5313 2238 5368 idcirco
2259 5316 2405 5369 nobis
2435 5325 2555 5370 sunt
2585 5331 2967 5384 VENERABILES,
2995 5321 3116 5391 quia
3145 5321 3415 5390 praesentis
3443 5323 3563 5376 vita
3588 5321 3704 5376 luce
3729 5322 3822 5374 de-

511 5398 712 5463 specta,
741 5402 1128 5469 contemptoque
1146 5415 1356 5454 suorum
1380 5417 1656 5472 corporum
1680 5405 1932 5470 cruciatu,
1967 5404 2255 5458 sternentem
2281 5406 2531 5460 mundum
2570 5405 2671 5461 Dei
2696 5425 2792 5479 pro
2818 5424 2997 5464 amore
3019 5412 3276 5476 vicerunt;
3307 5413 3542 5467 sicuthic
3569 5411 3813 5469 beatissi-

511 5499 634 5544 mus
658 5485 824 5543 Pater
849 5497 1041 5557 noster,
1071 5488 1194 5546 dum
1221 5507 1317 5563 pro
1337 5495 1624 5549 assertione
1649 5493 2035 5565 indisputabilis
2066 5493 2291 5550 Deitatis
2320 5497 2506 5567 spiritu
2527 5499 2838 5570 feruentiore
2863 5517 3202 5573 consurgens,
3227 5502 3440 5559 Arionis
3458 5503 3816 5562 impietatibus

561 5681 835 5777 "_(a);V_i.d.e
861 5697 1225 5777 etiam_s_ancti
1260 5695 1539 5777 Augustini
1582 5699 1741 5777 epist.
1775 5700 1844 5756 ad
1870 5698 2090 5777 Ianuar.
2201 5701 2471 5777 gntuerp.
2498 5717 2585 5757 an.
2619 5701 3298 5777 1__700,_et_synod._l‘{i_cz_cn.
3332 5703 3383 5772 1,
3409 5721 3531 5777 can.
3554 5707 3649 5777 20,
3681 5718 3793 5767 tum

517 5751 850 5825 582311.119.
881 5751 1113 5830 esst-1.
1133 5751 1280 5824 nuru.
1303 5751 1548 5832 sese.
1578 5751 1856 5832 ἱὸὀζῖοῖιῖ.
1874 5751 2095 5828 ἰῖὲᾱῖιζ
2201 5751 3549 5844 1"caa'ca'io}'."eaaihis;'sat'm“tj"g.a§."ssi.
