4050 6356
237 415 334 471 ηε
1109 405 1120 415 ’
1707 409 2086 470 ΡΒΔΞΕΑΤΙΟ.
3029 439 3044 449 ·
3214 483 3216 486 ν
3423 425 3528 480 122

229 532 545 594 obluctatur,
575 540 624 584 et
646 526 907 582 Ecclesiae
939 523 1102 580 Det...
1130 541 1314 580 serena
1339 524 1466 598 ﬁdei
1495 527 1872 600 tranquillitate
1893 530 2116 600 pacavit,
2140 539 2187 582 et
2215 527 2313 581 sibi
2333 538 2528 583 (eterna
2556 549 2773 616 prtl’mttt
2793 534 3097 589 multimoda
3126 538 3364 606 passione
3384 556 3527 613 quae-

226 635 413 687 ,ίυίιω
459 629 586 682 γεγε
614 644 676 681 ac
696 628 878 680 merito
893 625 1094 679 cunctis
1115 623 1505 696 posteritatibus
1531 640 1879 682 veunnssnus
1903 625 2011 691 ille,
2043 626 2129 697 qui
2157 625 2476 694 firmissime
2501 637 2662 698 petra:
2687 630 3001 685 soliditatem
3035 643 3255 698 secutus,
3287 635 3526 691 inimicos

228 723 495 781 Christi...
525 721 757 793 faticatat
784 717 1053 789 patientia:
1080 715 1384 788 fortitudine
1408 716 1744 786 triumphavit
1766 717 1866 788 (a).
1901 715 2177 772 Honorem
2198 731 2364 788 porro
2390 719 2591 773 sanctis
2612 719 2853 775 habitum
2875 723 2928 775 in
2959 723 3217 778 Christum
3242 742 3522 794 recurrere,

230 827 424 876 auctor
445 823 528 871 est
554 813 820 869 Maximus
839 810 1061 867 bomilia
1091 808 1182 882 β8,
1207 809 1409 885 [cxxiv]
1434 824 1558 881 pag.
1589 810 1714 880 2i6,
1739 825 1859 880 qua:
1882 819 1965 866 est
1987 812 2049 878 de
2067 813 2262 867 sanctis
2291 814 2542 884 apostolis
2572 812 2729 869 Petro
2749 824 2800 870 et
2827 813 3014 870 Paulo.
3043 816 3132 874 Sic
3153 819 3296 874 enim
3325 820 3525 879 habet:

231 907 647 966 Gloriosissimos
667 900 982 959 Christianae
1027 901 1151 974 ﬁdei
1188 903 1449 974 principes
1490 905 1676 958 annuis
1707 903 2120 959 solemnitatibus
2150 905 2481 974 honorantes,
2505 909 2674 978 ipsum
2695 907 2976 965 Dominum
3005 928 3068 964 ac
3089 889 3254 968 Deum
3270 924 3528 986 nostrum,

229 1005 321 1081 qui
341 1003 493 1074 hujus
513 1007 693 1055 auctor
713 1005 793 1054 est
810 997 957 1069 ﬁdei,
983 994 1152 1051 debita
1179 996 1431 1067 religione
1453 1012 1776 1051 veneramur.
1810 997 2042 1068 Apostoli
2083 1016 2306 1071 namque
2335 997 2528 1054 Latino
2560 1016 2797 1055 sermone
2825 1002 3064 1056 dicuntur
3086 1007 3248 1060 missi.
3285 1004 3385 1072 Qui
3405 1024 3528 1080 ergo

230 1092 493 1150 honorant
530 1094 746 1158 missos,
767 1092 1101 1163 manifest
1128 1096 1204 1144 est
1232 1089 1493 1144 honorare
1520 1106 1609 1144 eos
1649 1092 1953 1146 mittentem.
1981 1090 2240 1156 Quoniam
2270 1094 2524 1165 dignitas,
2576 1111 2690 1167 qua:
2735 1095 2967 1166 defertur
2995 1100 3277 1167 ministris,
3310 1100 3386 1155 illi
3417 1103 3529 1157 sine

231 1187 406 1251 dubia,
442 1186 589 1257 cujus
609 1186 834 1239 ministri
854 1192 991 1249 sunt,
1013 1181 1310 1248 exhibetur,
1339 1190 1396 1235 ut
1423 1184 1498 1236 ait
1525 1183 1635 1252 ipse
1662 1182 1907 1238 Salvator
1935 1184 2005 1237 ad
2025 1184 2306 1256 discipulos
2327 1202 2450 1240 suos
2480 1204 2498 1240 :
2531 1185 2632 1251 Qui
2653 1204 2739 1242 vos
2755 1189 2920 1255 audit,
2947 1207 3028 1244 me
3057 1193 3222 1259 audit,
3247 1203 3294 1248 et
3323 1196 3409 1266 qui
3437 1212 3526 1251 vos

231 1283 449 1352 spernit,
480 1297 563 1335 me
589 1279 804 1351 spernit.
843 1276 974 1332 Vere
1002 1276 1147 1330 beata
1171 1279 1525 1347 apostolorum
1554 1278 1758 1343 merita,
1793 1278 1847 1331 in
1875 1276 2056 1349 quibus
2095 1295 2150 1332 se
2179 1277 2413 1333 Christus
2461 1288 2509 1333 et
2557 1282 2715 1351 recipi
2759 1283 3014 1352 prcedicat
3052 1295 3101 1337 et
3143 1286 3336 1340 audiri.
3380 1285 3528 1344 Beati

231 1374 567 1430 nihilominus
596 1383 646 1428 et
667 1371 767 1440 illi,
795 1387 1006 1437 ouonuu
1035 1386 1264 1427 nevono
1292 1386 1502 1425 unum
1535 1387 1821 1428 seosrous
1848 1388 2113 1428 necunmr
2153 1390 2203 1428 IN
2233 1373 2581 1429 Cums'ruu...
2611 1372 2724 1430 Nos
2755 1375 3104 1431 Ecclesiarum
3133 1381 3359 1454 omnium
3389 1399 3528 1436 reve-

235 1469 558 1523 rentissimos
582 1467 770 1522 Patres
800 1465 1011 1520 Petrum
1036 1472 1085 1518 et
1126 1463 1353 1518 Paulum
1383 1479 1617 1519 pnssmts
1644 1481 1849 1520 STUDIIS
1887 1481 2222 1522 nouonnuus.
2257 1465 2325 1520 Et
2353 1482 2602 1523 semione
2633 1467 2720 1534 78,
2752 1483 2870 1540 pag.
2907 1467 3008 1521 599
3033 1489 3044 1522 :
3083 1469 3530 1545 Quotiescunque,

239 1560 431 1629 inquit,
461 1568 755 1615 sanctorum
775 1557 1024 1629 martyria
1048 1555 1384 1619 celebramus,
1419 1557 1564 1611 toties
1595 1557 1775 1610 laudes
1805 1555 2096 1612 Saluatoris
2130 1558 2380 1624 dicimus;
2409 1568 2458 1612 et
2484 1562 2680 1631 quoties
2708 1578 2882 1615 eorum
2905 1563 3184 1616 asset-imus
3214 1565 3528 1633 passionem,

240 1658 390 1711 toties
410 1654 600 1711 Christi
625 1647 842 1726 gloriam
861 1651 1228 1724 pradicamus.
1262 1648 1388 1704 Non
1408 1651 1544 1704 enim
1565 1653 1872 1722 suspicimus
1898 1653 2034 1724 quod
2072 1655 2213 1724 passi
2238 1663 2376 1718 sunt,
2409 1654 2502 1708 sed
2529 1664 2740 1726 propter
2767 1672 2912 1728 quem
2955 1657 3096 1727 passi
3125 1665 3266 1723 sunt,
3300 1657 3530 1710 admira-

235 1766 369 1803 mur.
397 1747 567 1820 Igitur
584 1763 688 1801 non
726 1763 877 1818 poma
904 1747 961 1800 in
991 1744 1164 1809 laude,
1207 1744 1299 1800 sed
1318 1744 1448 1815 fides
1469 1747 1525 1798 in
1552 1743 1764 1799 honore.
1797 1743 2200 1817 Hagniﬁcamus
2227 1764 2348 1818 ergo
2387 1756 2667 1819 martyres,
2698 1765 2799 1803 non
2826 1750 2947 1819 quia
2969 1748 3207 1820 gravibus
3235 1747 3532 1820 subjacuers

231 1841 517 1911 suppliciis,
545 1839 634 1894 sed
653 1842 775 1912 quia
809 1840 1031 1910 justitiaz
1071 1855 1232 1893 causa
1258 1838 1437 1893 eadem
1467 1838 1817 1893 toleraverunt
1853 1839 2178 1892 supplicia...
2213 1838 2428 1894 Summo
2449 1839 2606 1910 igitur
2626 1849 2674 1894 et
2704 1841 2964 1910 prwciuuo
2989 1839 3101 1895 loco
3129 1848 3339 1910 propter
3379 1837 3534 1899 ﬁdem

228 1929 456 1986 habendi
479 1941 600 1986 sunt
621 1929 757 1985 beati
786 1938 1064 2002 martyres,
1097 1940 1203 1986 etc.

299 2024 363 2080 in
391 2024 607 2096 templis
634 2033 896 2095 praeterea
919 2025 1077 2080 condi
1099 2032 1410 2079 sanctorum
1439 2025 1714 2094 reliquias,
1738 2039 1953 2081 curasse
1974 2024 2191 2092 Patres;
2217 2026 2513 2096 iisuemque
2535 2025 2776 2096 reliquiis
2798 2025 3038 2080 habitum
3061 2025 3225 2080 fuisse
3249 2025 3538 2092 honorem,

227 2122 430 2171 testata
457 2131 546 2171 res
574 2122 674 2180 est,
706 2115 975 2184 docetque
1002 2113 1267 2171 Maximus
1313 2130 1563 2172 sermone
1594 2116 1694 2181 68,
1726 2131 1850 2187 pag.
1898 2115 2027 2184 599,
2062 2119 2151 2173 ubi
2181 2119 2280 2173 sub
2314 2119 2470 2174 altari
2499 2134 2592 2174 eas
2622 2119 2888 2189 repositas
2926 2119 3114 2174 scribit
3157 2119 3319 2175 fuisse
3353 2139 3364 2172 :
3401 2119 3540 2184 Quid

224 2209 564 2272 reverentius,
598 2207 790 2276 inquit,
820 2206 944 2275 quid
965 2204 1321 2260 honorabilius
1343 2205 1445 2260 dici
1475 2216 1660 2278 potest,
1683 2224 1839 2278 quam
1875 2206 1966 2262 sub
1992 2209 2084 2262 illa
2115 2227 2210 2262 ara
2239 2211 2572 2282 requiescere,
2605 2210 2660 2263 in
2694 2226 2794 2280 qua
2838 2208 2948 2263 Deo
2975 2210 3290 2278 sacrificium
3314 2210 3541 2265 celebra-

226 2307 338 2364 tur,
360 2302 416 2353 in
437 2311 540 2371 qua
569 2299 861 2368 offeruntur
881 2299 1081 2364 hostia,
1109 2299 1166 2350 in
1186 2314 1286 2368 qua
1310 2297 1565 2351 Dominus
1586 2306 1662 2352 est
1693 2299 2004 2352 sacerdos...
2043 2298 2197 2352 Recte
2217 2318 2338 2370 ergo
2367 2301 2458 2354 sub
2481 2318 2578 2354 ara
2594 2310 2848 2370 martyres
2871 2301 3214 2366 collocantur,
3248 2303 3368 2368 quia
3390 2319 3541 2371 super

230 2409 389 2447 aram
411 2390 646 2445 Christus
672 2393 1025 2461 imponitur...
1049 2390 1422 2444 Convenienter
1444 2392 1626 2471 igitur,
1645 2398 1694 2444 et
1714 2392 1862 2461 quasi
1882 2407 1975 2460 pro
1999 2391 2220 2461 quodam
2239 2395 2498 2447 consortio
2521 2394 2590 2447 ibi
2615 2409 2948 2447 usnnmnus
2968 2409 3276 2448 secununs
3302 2410 3541 2451 occasu

234 2502 360 2552 εετ,
396 2501 480 2541 unt
509 2499 649 2540 uons
667 2484 861 2539 Donum
882 2499 1131 2547 quorum
1158 2499 1575 2538 caesurus...
1609 2481 1736 2537 Non
1757 2484 2030 2549 immerito,
2054 2485 2286 2555 inquam,
2312 2485 2463 2539 veluti
2501 2487 2762 2540 consortio
2796 2487 3017 2557 quodam
3059 2503 3194 2542 nus
3220 2502 3416 2544 occusns
3447 2499 3542 2544 uss

231 2595 487 2636 'ruuuws
515 2593 908 2653 consnru'rus,
931 2576 1017 2630 ubi
1043 2592 1328 2632 OCCISIONIS
1358 2593 1620 2632 DOMINICE
1643 2593 1859 2633 uenena
1883 2593 2184 2645 ponamus,
2214 2585 2320 2633 ctc.
2347 2578 2610 2635 Sermone
2643 2588 2823 2635 autem
2854 2579 2942 2646 88,
2977 2594 3096 2651 pag.
3129 2577 3232 2633 6‘27
3266 2598 3278 2633 :
3305 2579 3542 2650 Honora,

229 2676 434 2747 inquit,
467 2677 523 2729 in
547 2690 706 2728 carne
725 2673 972 2744 martyris
991 2682 1239 2744 exceptas
1257 2689 1354 2743 pro
1383 2672 1574 2727 Christi
1604 2677 1815 2728 nomine
1837 2674 2124 2728 cicatrices.
2164 2672 2386 2730 Honora
2411 2693 2508 2748 pro
2534 2678 2862 2748 confessione
2894 2674 3107 2729 Domini
3140 2685 3375 2731 sacratas
3405 2677 3543 2731 cine-

237 2785 345 2824 res.
373 2765 596 2822 Honara
623 2768 678 2819 in
708 2763 966 2819 cineribus
993 2765 1193 2818 semina
1221 2765 1548 2818 wtemitatis.
1582 2763 1800 2819 Honora
1830 2779 2035 2835 corpus,
2068 2764 2206 2836 quod
2232 2765 2358 2818 mihi
2388 2764 2555 2819 Deum
2581 2782 2749 2820 meum
2778 2764 3002 2820 ostendit
3036 2765 3268 2837 diligere,
3299 2767 3437 2837 quod
3465 2784 3544 2822 me

231 2871 450 2931 propter
477 2859 645 2914 Deum
665 2858 838 2915 docuit
855 2869 1076 2912 mortem
1093 2874 1196 2913 non
1224 2861 1421 2912 timere.
1452 2858 1555 2912 Cur
1575 2868 1748 2913 autem
1769 2874 1874 2912 non
1895 2858 2141 2913 honorem
2170 2875 2356 2927 corpus
2376 2859 2527 2926 illud,
2560 2860 2698 2931 quod
2717 2871 3014 2915 reverentur
3037 2859 3386 2929 et.da:mones,
3408 2861 3542 2933 quod

231 2956 536 3028 afflixerunt
559 2956 615 3009 in
638 2954 910 3026 supplicio,
941 2953 1032 3007 sed
1051 2941 1351 3024 gloriﬁcant
1378 2955 1433 3007 in
1455 2955 1688 3024 sepulcro
1712 2953 1736 3006 ?
2465 2953 2471 2960 '

257 3054 262 3062 ‘
301 3048 585 3105 Curabant
611 3047 735 3102 inde
755 3046 927 3101 nostri
956 3053 1014 3100 ut
1041 3060 1210 3117 prope
1229 3054 1542 3102 sanctorum
1568 3045 1824 3115 reliquias
1850 3059 2072 3100 suorum
2096 3045 2359 3100 cadavera
2374 3045 2751 3116 sepelirentur.
2769 3043 2998 3103 Homilia
3015 3046 3101 3112 7i,
3127 3046 3370 3117 pag.263
3396 3063 3536 3119 scq.,

226 3143 307 3199 sic
332 3141 508 3196 habet
526 3137 790 3193 Maximus
815 3155 828 3190 :
851 3138 896 3189 A
924 3136 1211 3209 majoribus
1233 3140 1492 3208 provisum
1515 3147 1607 3202 est,
1637 3145 1694 3190 ut
1711 3145 2010 3191 sanctorum
2039 3136 2238 3191 ossibus
2261 3148 2442 3192 nostra
2485 3154 2705 3210 corpora
2738 3141 3008 3205 sociemus,
3041 3149 3096 3193 ut
3128 3141 3250 3196 dum
3278 3141 3395 3196 illas
3427 3153 3538 3196 tar-

229 3244 375 3289 tarus
396 3234 601 3298 metuit,
633 3224 728 3286 nas
748 3246 901 3302 paena
928 3245 1035 3284 non
1066 3238 1313 3300 tangat...
1345 3228 1417 3283 Et
1438 3229 1574 3295 ideo,
1599 3232 1812 3299 fratres,
1845 3245 2142 3285 veneremur
2162 3246 2247 3284 eos
2270 3231 2325 3283 in
2351 3228 2493 3300 (hoc)
2525 3230 2735 3295 scecula,
2770 3229 2955 3302 [σχειν]
2978 3247 3103 3302 quos
3134 3232 3435 3302 defensores
3455 3233 3542 3285 ha-

231 3325 350 3380 bere
364 3339 644 3397 possumus
669 3325 727 3377 in
756 3323 961 3392 futuro;
986 3328 1037 3374 et
1056 3321 1186 3374 sicut
1207 3337 1290 3376 E18
1309 3336 1516 3377 ossmus
1545 3337 1829 3377 PARENTUI
1857 3335 2176 3378 nosrnonuu
2204 3336 2482 3386 suuomun,
2511 3322 2586 3374 ita
2607 3331 2656 3375 et
2678 3323 2751 3375 eis
2780 3322 2905 3391 ﬁdei
2927 3324 3216 3376 imitatione
3227 3323 3542 3393 junguntur;

231 3419 284 3471 in
315 3416 462 3470 nulla
493 3416 632 3468 enim
653 3412 717 3468 ab
737 3416 850 3482 ipso
879 3415 1116 3485 separari
1136 3416 1439 3486 poterimus,
1467 3415 1513 3468 si
1535 3417 1790 3469 sociemur
1809 3414 1914 3469 illis
1935 3421 2043 3468 tam
2066 3414 2317 3484 religione
2336 3431 2490 3486 quam
2512 3431 2769 3471 conpone.
2794 3416 2931 3470 Hinc
2950 3431 3081 3471 vero
3100 3425 3297 3485 quotus
3316 3417 3545 3487 quisque

233 3521 342 3560 non
380 3505 668 3573 intelligat,
697 3502 883 3558 inferri
906 3503 1021 3573 jam
1051 3518 1219 3572 usque
1247 3503 1316 3558 ab
1342 3512 1502 3559 aetate
1539 3503 1760 3560 Maximi
1789 3506 1843 3559 in
1876 3507 2073 3576 templa
2102 3505 2340 3562 ﬁdelium
2368 3505 2748 3562 defunctorum
2795 3506 3057 3561 cadavera
3086 3509 3409 3563 consuesse?
3437 3507 3544 3570 Sed

231 3597 300 3652 de
345 3589 579 3654 coetibus
617 3595 1067 3662 Christianorum,
1090 3596 1157 3651 de
1195 3598 1446 3667 precibus
1473 3613 1663 3653 eorum
1702 3600 2096 3665 communibus,
2121 3598 2187 3654 de
2218 3599 2468 3669 templis,
2499 3598 2568 3654 de
2612 3597 2856 3666 reliquiis
2884 3606 3216 3663 sanctorum,
3258 3598 3327 3658 de
3354 3615 3542 3658 eorum

231 3692 604 3767 ueneratione,
633 3691 800 3756 cultu,
832 3691 1010 3760 deque
1048 3705 1199 3746 more
1223 3689 1517 3760 sepeliendi
1551 3690 1786 3745 tidelium
1816 3691 2193 3747 defunctorum
2241 3691 2506 3747 cadavera
2532 3691 2586 3746 in
2635 3681 2896 3751 ecclesiis.
2927 3690 3060 3746 satis
3099 3689 3301 3746 dictum
3329 3702 3432 3760 est,
3463 3695 3540 3751 uti

231 3784 451 3842 Maximi
476 3788 580 3842 fert
597 3785 885 3841 sententia.
1532 3855 1536 3864 ν

300 3880 411 3936 Sed
439 3880 698 3948 quoniam
725 3879 793 3934 de
822 3877 1021 3934 sanctis
1047 3876 1374 3948 martyribus
1403 3875 1826 3932 Taurincnsibus
1844 3873 2092 3944 Octavio,
2120 3875 2387 3934 Adventio
2415 3887 2472 3934 et
2498 3877 2752 3935 Solutore
2772 3877 2910 3934 facta
2932 3887 3016 3936 est
3041 3880 3204 3950 paulo
3233 3891 3361 3938 ante
3384 3898 3542 3940 men-

229 3973 332 4036 tio,
364 3985 476 4023 non
505 3969 741 4022 alienum
761 3966 975 4021 videtur
998 3981 1137 4029 esse,
1167 3965 1441 4026 brevibus,
1474 3965 1696 4034 quinam
1727 3967 1796 4034 ii,
1829 3983 1938 4038 quo
1967 3976 2216 4038 tempore
2265 3969 2408 4038 passi
2434 4010 2449 4036 ,
2502 3979 2813 4040 quantaque
2858 3970 3059 4027 fuerint
3108 3973 3160 4027 in
3207 3975 3538 4043 celebritate,

231 4073 562 4133 proponere.
594 4057 706 4114 Hos
733 4058 877 4113 cives
905 4057 1069 4113 fuisse
1097 4056 1456 4112 Taurinenses
1484 4055 1748 4112 Maximus
1772 4056 2047 4127 praedicat,
2077 4059 2231 4128 cujus
2259 4068 2407 4115 certe
2436 4062 2714 4132 permagni
2759 4061 3044 4132 pendenda
3093 4072 3177 4118 cst
3222 4068 3537 4124 auctoritas.

231 4158 413 4227 Atque
440 4156 488 4211 is
516 4155 736 4210 bomilia
764 4153 853 4219 81,
880 4167 1001 4225 pag.
1033 4152 1130 4206 261
1169 4171 1183 4206 :
1216 4151 1344 4207 Cum
1369 4154 1616 4218 omnium,
1642 4152 1833 4222 inquit,
1864 4162 2164 4209 sanctorum
2205 4164 2510 4225 martyrum,
2544 4157 2756 4227 fratres,
2800 4157 3126 4213 devotissime
3152 4161 3380 4215 natalem
3409 4163 3542 4217 cele-

228 4247 382 4302 brare
403 4245 698 4311 debeamus,
731 4253 836 4298 tum
857 4244 1116 4315 pratcipue
1141 4258 1320 4297 eorum
1346 4242 1648 4296 salemnitas
1669 4250 1778 4296 tota
1801 4244 1949 4298 nobis
1977 4246 2308 4300 veneratione
2332 4246 2567 4300 curanda
2595 4255 2691 4312 est,
2714 4249 2802 4318 qui
2829 4250 2882 4303 in
2903 4249 3100 4304 nostris
3128 4249 3404 4307 domiciliis
3425 4271 3542 4323 pro-

228 4339 398 4411 prium
425 4337 731 4408 sanguinem
754 4333 1116 4405 profuderunt.
1149 4329 1293 4386 Nam
1318 4333 1435 4387 licet
1457 4335 1695 4388 universe
1721 4337 1891 4390 sancti
1916 4334 2101 4407 ubique
2134 4338 2258 4402 sint,
2299 4347 2350 4391 et
2372 4336 2608 4393 omnibus
2647 4342 2892 4409 prosint,
2932 4343 3019 4396 illi
3040 4352 3213 4398 tamen
3251 4362 3344 4416 pro
3390 4346 3539 4401 nobis

229 4428 543 4502 (praecipue)
572 4422 936 4492 interueniunt,
960 4426 1048 4498 qui
1073 4436 1121 4479 et
1153 4425 1411 4495 supplicia
1433 4426 1687 4496 pertulere
1706 4445 1801 4498 pro
1822 4427 1986 4483 nobis.
2014 4428 2222 4500 Μαι-ιμπ-
2245 4433 2382 4486 enim
2406 4449 2520 4487 cum
2560 4435 2778 4503 patitur,
2821 4452 2925 4491 non
2955 4435 3054 4490 sibi
3093 4445 3295 4490 tantum
3321 4439 3539 4507 patitur,

229 4521 318 4576 sed
345 4531 392 4576 et
420 4531 638 4576 cmnus.
665 4516 778 4573 Sibi
807 4519 944 4571 enim
971 4518 1169 4588 patitur
1197 4515 1266 4568 ad
1295 4517 1584 4587 praemium,
1610 4533 1810 4574 omnus
1837 4518 1907 4572 ad
1935 4521 2224 4591 exemplum
2247 4561 2262 4585 ,
2308 4530 2414 4578 etc.
2439 4522 2559 4578 Jam
2589 4524 2730 4590 illos,
2762 4527 2906 4595 quod
2936 4534 3247 4581 constantes
3275 4527 3540 4581 Christia-

231 4623 403 4670 nam.
431 4627 491 4668 se
517 4611 626 4668 coli
653 4609 971 4678 religionem
999 4607 1232 4663 confessi
1261 4617 1462 4674 essent,
1497 4608 1811 4675 sanguinem
1853 4608 2054 4664 fudisse
2078 4649 2094 4676 ,
2140 4610 2285 4665 idem
2325 4613 2485 4667 nobis
2526 4623 2612 4667 est
2657 4623 2849 4668 auctor
2877 4614 3171 4678 Maximus,
3216 4615 3347 4668 ibid.
3382 4615 3537 4684 Nam,

230 4701 500 4774 Exemplo,
533 4702 730 4773 inquit,
758 4718 935 4756 eorum
964 4701 1239 4756 didicimus
1269 4699 1473 4756 Christo
1499 4701 1730 4763 credere,
1763 4702 2034 4756 didicimus
2062 4703 2386 4756 contumeliis
2415 4706 2575 4757 vitam
2598 4713 2848 4757 reternam
2876 4721 3122 4777 qttazrere,
3154 4716 3374 4762 mortem
3402 4709 3538 4764 didi-

230 4801 384 4855 cimus
412 4818 517 4857 nan
547 4801 842 4854 timere.....
877 4797 1025 4852 Beati
1046 4800 1207 4869 igitur
1235 4806 1604 4867 martyres.....
1639 4797 1932 4866 exemplum
1962 4796 2111 4848 nobis
2131 4795 2468 4864 reliquerunt,
2501 4794 2626 4850 bene
2656 4797 2868 4851 vivendo
2889 4837 2903 4863 ,
2934 4801 3371 4867 conversationis;
3404 4803 3535 4858 tole-

230 4893 387 4947 randa
417 4896 642 4965 fortiter,
666 4892 940 4963 passionis.
968 4887 1108 4943 Nam
1135 4888 1252 4944 ideo
1281 4887 1541 4942 Dominus
1570 4903 1662 4956 per
1693 4895 1852 4939 totum
1871 4884 2119 4937 mundum
2149 4883 2370 4936 diversis
2390 4885 2446 4938 in
2467 4884 2594 4940 locis
2614 4888 2725 4957 pati
2746 4898 2996 4959 martyres
3015 4890 3194 4956 valuit,
3218 4901 3274 4944 ut
3297 4901 3538 4966 tanquam

230 4980 394 5037 idonei
422 4992 596 5048 testes,
622 4997 716 5036 nos
746 4995 1019 5034 mesen"
1046 4979 1268 5051 quodam
1293 4993 1436 5033 num
1468 4990 1717 5031 EXEIPLO
1745 4990 1858 5029 sua:
1889 4988 2257 5028 consussxoms
2283 4985 2546 5046 urgerent,
2578 4985 2634 5030 ut
2661 4977 2885 5034 humana
2920 4982 3206 5054 fragilitas,
3245 5001 3360 5056 qua:
3404 5003 3539 5057 pra:-

230 5069 464 5128 dicationi
500 5074 781 5129 dominicae
826 5074 1006 5128 auditu
1054 5074 1288 5145 longiore
1334 5073 1419 5126 vix
1462 5071 1662 5136 credit,
1704 5069 1782 5124 vel
1809 5070 2057 5138 prtesenti
2085 5069 2350 5124 oculorum
2379 5073 2692 5140 testimonio,
2723 5079 2971 5147 martyrio
3002 5080 3232 5134 crederet
3252 5080 3536 5137 beatorum.

230 5159 400 5221 Cuncti
427 5167 597 5239 igitur
622 5163 884 5237 martyres
905 5165 1227 5221 devotissime
1255 5163 1558 5235 percolendi
1598 5170 1756 5225 sunt,
1801 5159 1894 5213 sed
1930 5159 2222 5230 specialiter
2263 5162 2303 5215 ii
2345 5163 2626 5218 venerandi
2661 5171 2781 5218 sunt
2807 5181 2841 5218 a
2870 5165 3017 5221 nobis
3045 5185 3261 5240 quorum
3291 5171 3536 5243 reliquias

230 5257 556 5315 possidemus.
595 5256 815 5312 Taurini
835 5273 998 5329 porro
1018 5259 1164 5330 ipsos
1193 5255 1696 5334 fuisseperfunctos
1717 5243 1994 5324 martyrio,
2028 5269 2094 5308 ex
2117 5253 2403 5325 descriptis
2443 5257 2692 5326 proxime
2716 5256 2934 5314 Maximi
2964 5261 3205 5330 ejusdem
3225 5263 3377 5319 locis
3407 5279 3534 5334 per-

231 5350 356 5412 spici
381 5349 540 5418 plane
558 5357 764 5423 potest.
789 5349 901 5405 Nisi
927 5351 1074 5405 enim
1100 5352 1175 5405 ita
1202 5333 1379 5414 esset:
1397 5350 1488 5420 qui
1510 5349 1727 5404 tandem
1756 5345 2021 5402 Maximus
2043 5346 2405 5404 Taurinenses
2425 5350 2574 5406 cives
2594 5353 2876 5422 alloquens
2899 5353 3127 5420 diceret,
3151 5371 3246 5411 eos
3266 5358 3320 5410 in
3343 5333 3536 5410 nostris

236 5438 499 5498 domiciliis
520 5444 788 5516 proprium
816 5445 1123 5513 sanguinem
1152 5443 1474 5514 profudisse,
1504 5442 1655 5497 etc.?
1685 5438 1883 5495 Verum
1914 5454 2024 5508 quo
2053 5447 2303 5509 tempore
2341 5440 2489 5509 passi
2532 5439 2749 5506 fuerint,
2802 5459 2978 5514 neque
3006 5443 3272 5500 Maximus
3311 5445 3534 5508 indicat,

235 5541 401 5598 neqm
419 5535 581 5590 statui
606 5534 835 5590 aliorum
865 5533 1175 5588 testimonio
1203 5532 1335 5587 satis
1358 5538 1510 5587 certo
1555 5530 1771 5586 videtur
1810 5543 1991 5600 posse.
2036 5527 2154 5583 Non
2183 5543 2304 5584 sum
2333 5531 2548 5586 nescius
2575 5531 2728 5604 uulgo
2752 5550 2841 5588 eos
2866 5538 3126 5591 accenseri
3153 5534 3436 5589 Thebeame
3455 5534 3531 5587 le-

222 5615 395 5722 fqionis
421 5626 746 5698 martyribus
777 5623 874 5698 (b).
917 5622 1061 5678 Nihil
1089 5629 1272 5678 autem
1299 5636 1419 5678 esse
1448 5635 1623 5676 causa:
1658 5619 1818 5676 video
1843 5659 1860 5686 ,
1899 5619 2254 5689 quamobrem
2280 5619 2349 5676 ab
2377 5619 2444 5675 iis
2493 5620 2806 5679 dissideam.
2860 5625 3061 5698 [cxxvﬂ
3111 5625 3217 5682 Sed
3258 5623 3532 5679 militiamo

305 5752 381 5824 (α)
417 5755 547 5828 Vide
565 5761 739 5828 etiam
765 5773 927 5815 serm.
950 5758 1184 5828 77,pag.
1207 5755 1328 5828 595.
1355 5771 1531 5826 seqq.,
1562 5765 1617 5828 et
1643 5770 1808 5810 serm.
1931 5751 2309 5828 __(b)‘(_]‘onfer
2338 5754 2684 5828 Ruinartium
2713 5759 2972 5816 admonit.
2998 5759 3062 5814 ad
3085 5761 3211 5828 Acta
3233 5775 3530 5816 sanctorum

345 5817 465 5894 pag.
486 5827 605 5897 599,
620 5839 676 5886 et
703 5845 864 5886 εει-πη.
896 5827 986 5894 81,
1016 5817 1154 5900 pag:
1163 5827 1284 5895 607,
1305 5836 1359 5884 et
1387 5817 1550 5894 scrin.
1576 5827 1663 5894 85,
1687 5839 1806 5896 pag.
1922 5817 2155 5900 Mani-itii
2177 5827 2522 5900 etsociorum,
2543 5828 2610 5882 ad
2631 5830 2934 5900 an.286,ii.
2954 5829 3004 5894 6,
3022 5846 3073 5900 p.
3094 5826 3198 5882 240
3215 5831 3526 5897 ;Act.ma'rt.

239 5888 506 5963 ϋιγςοξμι,
593 5888 604 5897 '
788 5969 795 5976 _
974 5888 1031 5900 "
1085 5888 1114 5899 ν
1272 5888 1282 5895 ’
1523 5888 1535 5894 ·
1651 5888 1705 5896 ’·
1759 5888 1782 5896 '
1922 5888 3528 5974 εεηοενηείιίι.νοι-οιιζαιωτδι;’Τίιιρῆιοιιιίιιίιι,(λιμός
