4050 6356
587 335 688 394 ιῃ
1785 326 1840 378 s.
1883 321 2125 379 unum
2175 319 2623 377 “emensus
3768 325 3886 382 ms

553 471 555 473 ί
588 449 675 506 ille
699 456 904 503 sanctus
926 441 1232 500 admirando
1253 440 1570 507 intuebatur,
1592 455 1707 494 cum
1733 438 1921 492 diceret
1944 454 1962 492 :
1989 435 2127 502 Quid
2146 438 2272 490 mihi
2301 443 2378 490 est
2404 437 2458 488 in
2497 439 2642 500 cato,
2662 441 2713 488 et
2731 449 2766 487 a
2786 441 2836 488 te
2859 433 2982 506 quid
3009 434 3142 489 uolui
3160 451 3314 506 super
3333 437 3563 492 terram?
3587 435 3745 493 Nam
3769 455 3888 499 ea.

588 545 730 600 lastis
747 543 925 615 glorite
949 536 1354 609 magnitudinem
1381 552 1474 589 nec
1504 532 1719 588 dicendo
1751 532 2031 621 explicare,
2055 547 2148 584 nec
2175 527 2452 602 cogitando
2480 524 2765 597 sufﬁciebat
2783 525 3228 621 comprehendere.
3273 526 3402 583 Hoc
3423 529 3581 600 igitur
3610 546 3725 585 non
3748 539 3880 587 ιω.-
3984 515 3985 590 l

591 648 697 693 tum
731 635 1028 698 esuriamus,
1058 629 1334 702 eademth
1362 629 1618 690 sitiam,
1642 616 1886 698 quoniam
1919 624 1990 678 ad
2030 623 2124 677 hoc
2151 623 2386 694 pontifex
2429 635 2677 688 summm,
2701 636 2796 690 pro
2822 616 2970 674 nobis
2996 635 3305 690 prazcursor,
3333 631 3516 676 sancta
3551 634 3881 681 sanctorum

590 725 833 790 ascendit,
855 731 1006 794 atque
1024 721 1092 774 ad
1119 721 1380 774 dexteram
1407 717 1584 772 Patris
1603 719 1683 772 sui
1707 715 1868 780 sedet,
1897 724 1954 768 ut
1981 711 2322 769 membrorum
2345 728 2555 768 suorum
2571 710 2804 782 exemplo
2829 727 2972 781 spem
2995 720 3227 767 nostram
3251 713 3604 784 conﬁrmaret,
3634 724 3691 770 et
3719 732 3881 771 scab

587 825 757 873 turam
798 833 909 873 esse
948 815 1224 889 aliquando
1251 815 1474 868 universi
1501 813 1668 886 gregis
1697 811 2059 874 humilitatem,
2089 825 2188 880 quo
2215 824 2364 862 suum
2408 805 2570 861 credit
2610 806 2930 876 prccessisse
2967 813 3290 876 pastorem...
3319 805 3633 878 Aquilarum
3661 812 3877 866 esuries

587 908 894 966 desiderium
918 918 1219 964 sanctarum
1259 908 1522 980 signiﬁcat
1559 907 1869 969 animarum,
1899 917 1995 973 quo
2023 916 2162 972 caput

2271 897 2395 968 ﬁdei
2434 895 2648 951 naribus
2691 895 2990 962 sentientes,
3021 893 3335 950 dulcissima:
3361 897 3471 966 spei
3488 897 3689 963 uolatu,
3717 915 3877 956 nu;-

588 1018 792 1060 snrrrw
813 1001 1094 1057 conditoris
1113 1001 1193 1055 sui
1221 999 1409 1054 vellent
1426 999 1688 1063 assistere,
1712 1010 2045 1058 ssusosloue
2065 1009 2162 1048 VUL

2263 1008 2269 1044 ι
2296 1006 2592 1083 ελτιετλτξ
2613 1003 2926 1046 cauom...
2954 986 3137 1043 Patris
3158 989 3239 1043 sui
3264 987 3475 1044 dextera
3499 1007 3737 1063 regnare
3757 1010 3877 1049 cre-

589 1094 788 1158 damus,
814 1100 967 1165 atque
988 1091 1057 1145 ad
1077 1108 1211 1154 eum,
1235 1092 1381 1163 quasi
1404 1091 1622 1162 geminis
1647 1090 1887 1144 virtutum
1906 1088 2025 1153 alis,
2054 1088 2273 1141 caritate
2290 1093 2340 1140 et
2358 1102 2450 1156 spe
2469 1074 2670 1155 semper
2700 1082 2990 1149 tendamus,
3013 1090 3136 1138 ut...
3167 1099 3283 1139 cum
3307 1100 3366 1139 eo
3390 1093 3440 1139 et
3457 1090 3552 1140 nos
3579 1101 3871 1144 aramu-

588 1200 833 1244 POSSIIUS
859 1199 1102 1240 naeuus
1128 1199 1308 1238 vnn.
1333 1181 1443 1238 Sed
1469 1182 1537 1238 de
1561 1182 1804 1238 doctrina
1833 1179 2047 1235 Maximi
2070 1181 2344 1241 hactenus,
2376 1177 2445 1232 de
2465 1192 2570 1246 qua
2592 1173 2726 1232 illud
2757 1191 2881 1232 vere
2909 1175 3096 1232 videor
3121 1191 3239 1232 esse
3260 1176 3516 1244 dicturus,
3542 1178 3701 1249 quod
3731 1181 3870 1236 olim

587 1275 830 1347 episcopi
854 1273 1148 1344 provincia:
1177 1271 1610 1335 Mediolanensis,
1634 1271 1740 1326 alio
1761 1278 2088 1341 spectantes,
2120 1268 2306 1323 dixere
2330 1285 2344 1321 :
2376 1265 2654 1332 Claruisse,
2682 1281 2795 1320 eam
2817 1265 2971 1338 plena
2999 1265 3124 1335 ﬁdei
3141 1265 3474 1337 simplicitate
3499 1269 3725 1339 fulgere,
3754 1289 3859 1342 pro

589 1368 860 1440 phetarum
887 1367 1042 1420 etiam
1071 1363 1456 1429 assertionibus,
1489 1363 1790 1434 euangelicis
1812 1358 2198 1416 auctoritatibus
2217 1368 2268 1413 et
2287 1357 2588 1429 apostolica:
2612 1355 2864 1412 doctrina:
2910 1355 3233 1420 testimoniis,
3261 1356 3427 1410 nitore
3452 1357 3684 1428 quodam
3728 1359 3868 1416 lueis

588 1473 652 1511 ac
674 1457 904 1510 ueritatis
930 1455 1204 1527 splendore
1223 1455 1445 1519 radiare,
1469 1453 1801 1525 omnibusque
1822 1452 2058 1506 sensibus
2088 1451 2376 1514 convenire,
2401 1465 2527 1522 quos
2545 1448 2722 1504 beatus
2741 1447 3106 1501 Ambrosius...
3128 1447 3236 1501 suis
3257 1444 3422 1513 libris,
3445 1445 3652 1517 Spiritu
3676 1461 3866 1507 sum

590 1547 866 1612 excitatus,
914 1549 1146 1602 inseruit.
1195 1546 1364 1618 Epist.
1413 1544 1484 1600 ad
1533 1554 1777 1601 sanetum
1807 1544 2042 1601 Leonem
2091 1543 2360 1614 Magnum,
2391 1550 2524 1598 tom.
2558 1541 2601 1596 [Ι
2626 1556 2851 1614 operum
2877 1539 3118 1610 ejusdem
3145 1542 3315 1597 sancti
3343 1539 3558 1608 Leonis,
3588 1558 3720 1614 pag.
3754 1546 3866 1601 280

592 1639 724 1694 edit.
756 1639 913 1696 Rom.
945 1656 1033 1694 an.
1060 1634 1217 1694 1³155.

3747 1762 3786 1772 ’-

626 1758 1914 1796 ’ξαππς-ἔκαε

1849 1760 3806 1800 W

1817 1780 2610 1978 ὖῖἶῖῐὶ

914 2074 2120 2349 SANCTI
2256 2067 3544 2342 MAXIM]
3747 2397 3758 2400 _

1121 2441 2008 2604 ,EPISCOPI
2097 2437 3255 2570 TAURINENSIS

1745 2661 2626 2738 COMMENTARIUS

657 2989 858 3066 [cxxxl]
887 2990 928 3047 l.
971 2989 1049 3045 De
1076 2993 1267 3062 patria,
1305 3005 1514 3062 genere,
1560 2999 1949 3062 parentibusque
1990 2993 2153 3042 sancti
2187 2991 2234 3050 Α
2264 3004 2452 3044 mones
2471 2989 2671 3060 aliquot
2695 2990 2974 3062 inscriptos
3002 2993 3216 3046 Maximi
3244 2993 3408 3063 ipsius
3432 2997 3646 3051 nomine
3668 3011 3827 3067 sppo.

591 3081 907 3140 laximi.—-
919 3081 1048 3149 Quae
1068 3082 1258 3152 patria,
1280 3082 1424 3152 quod
1452 3096 1635 3151 genus,
1657 3084 1749 3152 qui
1777 3091 2026 3154 parentes
2048 3098 2165 3136 san-

589 3175 661 3229 cti
689 3173 900 3230 Maximi
928 3173 1141 3240 fuerint,
1170 3175 1307 3230 clam
1336 3190 1434 3229 nos
1457 3183 1558 3241 est,
1579 3173 1829 3244 jacetque
1869 3175 2164 3229 involutum

591 3266 827 3321 tenebris
855 3267 1152 3321 vetustatis.
1183 3265 1318 3320 Sunt
1370 3266 1461 3336 qui
1487 3281 1610 3320 eum
1658 3265 1970 3330 Etruscum,
2019 3265 2165 3319 domi

591 3357 1020 3427 nobilem,patre
1047 3356 1334 3424 Quintiano
1356 3365 1554 3432 ortum,
1584 3356 1802 3412 fratrem
1830 3357 2000 3412 sancti
2022 3356 2163 3412 Leo-

583 3449 664 3503 nis
690 3447 714 3502 Ι
743 3447 1006 3518 pontiﬁcis
1032 3448 1267 3513 maximi,
1290 3449 1568 3518 sanctique
1589 3448 1835 3519 martyris
1852 3445 1984 3502 Justi
2004 3446 2166 3503 luisse

583 3539 928 3594 arbitrentur.
961 3537 1067 3594 Sed
1095 3547 1179 3594 est
1204 3540 1397 3594 horum
1419 3537 1627 3607 magnis
1654 3537 1708 3591 in
1736 3538 1930 3593 erratis
1958 3538 2160 3608 opinio.

583 3629 715 3683 Nam
750 3646 858 3686 uno
898 3631 1012 3686 haec
1050 3633 1236 3686 nititur
1265 3631 1574 3688 testimonio
1605 3632 1852 3687 monachi
1883 3631 2166 3688 Novalien-

583 3721 658 3776 sis
679 3721 776 3792 (a),
792 3723 882 3790 qui
902 3723 1096 3780 sacculo
1112 3726 1271 3781 tertio
1291 3739 1356 3782 ac
1375 3725 1605 3788 decimo,
1621 3740 1794 3796 eoque
1811 3727 1970 3781 etiam
1991 3727 2165 3782 serius

584 3810 810 3865 fortasse
831 3811 1039 3876 vixerit,
1071 3814 1268 3883 quique
1296 3815 1524 3871 anilibus
1554 3814 1744 3872 fabulis
1783 3817 2160 3887 delectaretur.

583 3899 847 3966 Caeterum
900 3917 1001 3958 nec
1029 3903 1190 3958 ullum
1238 3914 1414 3960 exstat
1465 3913 1866 3961 monumentum
1913 3909 2162 3964 monachi

584 3992 824 4062 ejusdem
849 3997 1297 4052 commentatione
1321 3997 1599 4061 vetustius,
1628 3998 1679 4051 in
1709 4012 1817 4066 quo
1863 3999 1968 4053 tale
2013 4000 2166 4068 quid-

583 4083 725 4155 piam
754 4084 985 4153 legatur;
1029 4101 1203 4156 neque
1228 4087 1274 4142 si
1302 4095 1556 4151 exstaret,
1581 4087 1831 4158 componi
1852 4104 1971 4143 cum
2000 4090 2166 4145 histo-

582 4179 660 4234 ria
689 4181 858 4235 sancti
885 4179 1023 4235 Justi
1070 4179 1404 4236 Novaliensis
1440 4178 1734 4236 Cmnobitae
1762 4191 1961 4252 posset,
2004 4198 2162 4253 quem

581 4271 846 4336 novinms,
875 4271 1028 4324 annis
1054 4271 1175 4340 plus
1212 4270 1614 4340 quadringentis
1644 4281 1766 4341 post
1793 4272 2006 4328 Maximi
2035 4284 2164 4329 teta-

2265 3083 2381 3135 sitze
2412 3081 2654 3148 legantur
2681 3091 2820 3137 nota:
2850 3099 2967 3154 quae
2994 3085 3071 3139 sic
3113 3084 3348 3139 habeant
3381 3104 3392 3138 :
3431 3084 3732 3141 Vercellium
3758 3097 3827 3143 est

2263 3175 2360 3226 iste
2383 3190 2400 3225 :
2453 3173 2788 3228 Vercellinum
2826 3191 2880 3228 se
2925 3191 3035 3229 esse
3075 3175 3318 3242 ostendit,
3363 3176 3415 3232 id
3462 3187 3608 3233 certe
3653 3179 3836 3235 nullius

2264 3278 2384 3318 esse
2412 3267 2666 3319 momenti
2687 3274 2950 3336 pugnant;
2974 3273 3094 3321 cum
3118 3275 3172 3322 et
3190 3276 3344 3322 notas
3369 3269 3628 3337 ejusmodi
3651 3286 3829 3326 recens

2265 3369 2386 3409 esse
2414 3355 2685 3425 appositas
2708 3357 3041 3426 perspicuum
3063 3357 3222 3428 plane
3247 3359 3349 3425 sit;
3380 3368 3435 3414 et
3459 3373 3752 3425 sermones,
3775 3360 3836 3419 ad

2265 3463 2402 3516 quos
2447 3457 2569 3502 sunt
2599 3450 2859 3518 ascriptae;
2892 3458 2945 3504 et
2975 3451 3024 3504 in
3073 3449 3265 3519 quibus
3289 3459 3478 3508 auctor
3516 3469 3634 3510 sese
3674 3454 3837 3510 sancti

2267 3537 2480 3593 Eusebii
2509 3540 2759 3594 antistitis
2785 3539 3137 3595 Vercellensis
3158 3541 3323 3596 lilium
3352 3541 3603 3612 appellat,
3627 3552 3734 3598 tam
3761 3543 3835 3598 di-

2265 3640 2514 3701 screpent
2543 3631 2609 3684 ab
2651 3631 2894 3685 oratione
2921 3643 2985 3686 ac
3033 3631 3172 3702 stylo
3201 3630 3435 3696 Maximi,
3465 3640 3524 3686 ut
3549 3633 3699 3701 rejici
3727 3649 3834 3688 om—

2266 3721 2653 3778 nino'debeant
2678 3722 2730 3775 in
2777 3721 2969 3776 seriem
2999 3737 3219 3792 operum
3249 3723 3567 3792 spuriorum.
3596 3721 3711 3777 iam
3747 3725 3834 3792 qui

2267 3814 2648 3869 Taurinensem
2677 3813 2982 3868 existimant
3010 3811 3170 3868 fuisse
3199 3813 3507 3886 Maximum,
3531 3830 3597 3870 eo
3623 3822 3830 3870 censent

2265 3921 2416 3961 suam
2463 3905 2769 3974 opinionem
2816 3903 2882 3957 ad
2931 3906 3207 3960 veritatem
3255 3920 3374 3961 esse
3411 3907 3827 3976 prepensiorem,

2265 4011 2372 4066 quo
2400 3995 2489 4050 ille
2528 4004 2807 4064 parentum
2849 4009 3066 4048 suorum
3095 3996 3302 4050 ossibus
3325 3996 3475 4065 jungi
3506 4013 3566 4052 se
3593 3998 3830 4067 martyri—

2262 4086 2364 4142 bus
2408 4084 2646 4152 Octavio,
2703 4086 2963 4141 Adventio
2992 4095 3045 4140 et
3082 4085 3315 4142 Solutori
3365 4088 3630 4144 aﬂirmare
3659 4089 3834 4144 videa-

2265 4189 2370 4234 tur.
2402 4178 2507 4234 Sed
2554 4188 2709 4233 erunt
2737 4187 2902 4243 certe,
2931 4179 3022 4248 qui
3050 4179 3166 4234 leve
3194 4179 3244 4234 id
3291 4195 3407 4235 esse
3431 4180 3692 4249 judicent,
3721 4197 3834 4236 cum

2266 4271 2525 4325 Maximus
2555 4270 2824 4324 auditores
2851 4285 2976 4324 suos
3001 4271 3280 4340 alloquens
3324 4270 3614 4342 dicensque
3644 4273 3739 4344 (b),
3768 4275 3835 4326 si-

581 4371 710 4429 tem,
755 4363 1010 4433 martyrio
1052 4361 1214 4417 fuisse
1258 4361 1515 4417 functum.
1542 4364 1792 4422 Fueritne
1836 4381 1996 4436 porro
2039 4384 2158 4423 sane
2189 4368 2237 4429 B
2261 4371 2346 4416 cui
2380 4363 2453 4415 858
2483 4359 2680 4415 οεδίὺιιδ
2718 4369 2985 4430 Paremth
3017 4369 3305 4415 ηοεετοηιηι
3325 4362 3614 4433 iungimur.
3655 4363 3722 4418 de
3749 4379 3838 4432 pa-

579 4460 698 4509 ctus
723 4453 833 4507 Leo
861 4451 1135 4518 Etruscus,
1166 4468 1233 4505 an
1284 4450 1574 4519 Romanus,
1603 4455 1864 4511 incertum
1893 4465 2003 4524 est;
2048 4457 2156 4513 fra-

579 4556 786 4602 tremne
811 4561 942 4602 vero
997 4546 1265 4612 habuerit,
1295 4561 1465 4602 necne
1508 4547 1818 4614 Maximum,
1865 4551 2033 4604 multo
2057 4566 2158 4606 no-

580 4639 662 4694 bis
714 4656 832 4695 esse
878 4638 1091 4696 videtur
1148 4640 1420 4696 incertius.
1454 4639 1639 4710 Itaque
1665 4651 1787 4697 sunt
1841 4641 2162 4712 fueruntque

582 4730 671 4782 alii
726 4731 1033 4786 eruditionis
1080 4731 1234 4788 laude
1289 4733 1462 4802 magni
1519 4733 1736 4802 quidem
1784 4733 1892 4799 illi,
1951 4749 2014 4788 ac
2064 4749 2161 4788 no-

582 4815 748 4879 biles,
797 4831 1023 4885 quorum
1070 4834 1194 4888 pars
1241 4820 1530 4877 Maximum
1581 4824 1828 4879 eumdem
1888 4823 2158 4891 Vercellis,

583 4919 707 4975 pars
757 4905 974 4960 Taurini
1029 4916 1244 4971 natum,
1298 4910 1461 4964 altum
1485 4951 1500 4974 ,
1557 4913 1944 4984 educatumque
1999 4915 2161 4971 fuisse

582 4997 801 5061 ferrent,
843 5011 1070 5067 quorum
1115 5001 1397 5065 sententia,
1449 5001 1549 5055 etsi
1594 5018 1700 5057 non
1747 5013 1827 5062 est
1874 5015 1980 5060 tam
2010 5023 2156 5074 vera,

580 5102 740 5157 quam
780 5089 880 5158 ipsi
908 5088 1203 5156 ducerent;
1254 5092 1421 5146 multo
1456 5100 1634 5146 tamen
1671 5103 1752 5148 est
1798 5096 2019 5150 similior
2047 5100 2158 5152 veri

582 5195 743 5250 quam
791 5180 862 5234 sit
905 5181 1270 5237 commentitia
1325 5183 1414 5238 illa
1460 5184 1753 5238 recentium
1807 5186 2154 5252 quorumdam

582 5269 920 5338 scriptorum,
960 5269 1269 5330 Volaterras
1314 5272 1366 5326 in
1414 5271 1643 5338 Etruria,
1702 5273 1886 5327 urbem
1943 5272 2154 5338 Leonis,

581 5360 902 5432 Maximique
931 5363 1160 5418 natalem
1189 5363 1350 5419 luisse
1389 5365 1662 5419 aientium.
1695 5363 2008 5434 Quanquam
2053 5383 2158 5420 non
2185 5349 2188 5353 ’

579 5453 775 5510 desunt
802 5454 893 5523 qui
942 5454 1073 5509 nihil
1117 5470 1236 5511 esse
1275 5471 1451 5511 causa:
1488 5463 1696 5526 putent,
1741 5463 1838 5511 eur
1873 5455 2160 5511 Maximum

582 5557 704 5602 ortu
730 5543 1123 5602 Vercellensem
1150 5544 1312 5604 fuisse
1337 5554 1590 5604 statuant.
1620 5547 1754 5603 Nam
1778 5546 1922 5619 quod
1951 5547 2017 5602 ad
2043 5561 2160 5603 ser-

655 5703 730 5770 (a)
758 5697 1385 5770 ConferqBollandianos,
1415 5707 1544 5754 tom.
1571 5697 1636 5764 ν,
1669 5696 1866 5754 mensis
1895 5694 2038 5754 Junii
2064 5694 2152 5752 ad.

585 5769 643 5826 ό.
671 5767 758 5834 ‘25,
789 5787 905 5841 pag.
940 5767 1006 5823 50
1031 5783 1183 5837 seqq.

2260 4451 2500 4507 rentibus
2523 4452 2668 4520 loqui
2697 4451 2927 4520 potuerit
2957 4465 3062 4504 non
3085 4467 3201 4515 suo,
3233 4451 3325 4506 sed
3352 4467 3558 4517 eorum,
3591 4454 3679 4522 qui
3701 4452 3829 4507 ade-

2262 4554 2404 4610 rant,
2433 4547 2648 4600 nomine
2688 4543 2882 4598 civium
2938 4541 3302 4598 Taurinatum.
3335 4541 3473 4610 Quin
3525 4545 3686 4598 etiam
3733 4559 3836 4597 non

2264 4638 2397 4692 adeo
2425 4652 2542 4691 esse
2570 4650 2732 4704 grave
2777 4635 2981 4700 dicent,
3006 4634 3151 4704 quod
3177 4635 3389 4713 ducitur
3415 4651 3481 4690 ex
3523 4636 3642 4704 ejus
3667 4639 3838 4690 mtatis

2264 4741 2415 4781 more
2461 4723 2862 4793 deligendorum
2909 4741 2976 4779 ex
3017 4725 3163 4780 clero
3209 4726 3393 4794 patria:
3441 4727 3835 4796 episcoporum,

2263 4817 2458 4872 Multos
2486 4817 2627 4878 enim
2675 4823 2865 4884 quarto
2893 4817 3185 4885 quintoque
3235 4817 3438 4871 seculis
3475 4824 3758 4887 coeptatos
3786 4817 3838 4870 in

2260 4911 2494 4976 clerum;
2525 4907 2808 4963 nonnullos
2833 4908 2992 4961 etiam
3041 4923 3108 4962 ne
3161 4915 3446 4978 ceOptatos
3493 4908 3724 4976 quidem,
3756 4922 3839 4960 ea-

2259 5019 2377 5058 rum
2406 5002 2617 5056 urbium
2657 5000 2938 5068 episcopos
2975 4998 3138 5055 fuisse
3184 4999 3407 5068 liquere,
3438 5013 3560 5068 qua:
3589 4999 3745 5068 longe
3773 4999 3839 5052 ab

2259 5094 2495 5162 ipsorum
2541 5090 2713 5160 patria
2759 5089 3034 5143 distarent.
3076 5088 3134 5142 In
3177 5090 3367 5142 horum
3414 5105 3639 5144 numero
3680 5088 3840 5143 luisse

2258 5183 2615 5246 Ambrosium,
2671 5179 2974 5248 Martinum,
3027 5179 3326 5247 Paulinum,
3385 5181 3522 5235 alios
3577 5180 3834 5249 denique,

2261 5291 2395 5344 quos
2448 5288 2766 5344 percensere
2813 5273 3027 5341 longum
3055 5279 3197 5327 esset
3239 5287 3302 5327 ac
3340 5272 3559 5328 minime
3589 5287 3837 5328 necessa-

2263 5366 2415 5419 rium.
2441 5364 2521 5417 0b
2547 5379 2804 5417 summam
2845 5378 2973 5418 vero
3001 5364 3234 5433 inopiam
3263 5371 3505 5418 veterum
3532 5377 3843 5419 monumen-

2265 5466 2460 5523 torum,
2482 5472 2604 5512 cmn
2632 5465 2781 5510 tanta
2809 5456 3067 5512 dissensio
3095 5458 3412 5527 scriptorum
3438 5457 3541 5522 sit,
3588 5455 3840 5513 conﬁten-

2263 5547 2389 5603 dum
2429 5547 2557 5612 erit,
2587 5546 2656 5603 de
2700 5546 2915 5602 Maximi
2945 5547 3107 5604 natali
3150 5547 3291 5614 loco,
3317 5547 3492 5618 deque
3521 5548 3742 5605 urbibus
3778 5544 3838 5604 in

2332 5694 2406 5768 (ι)
2430 5694 2626 5753 Homil.
2657 5694 2747 5764 st,
2776 5711 2899 5769 pag.
2929 5693 3049 5752 est.
