4050 6356
273 380 385 433 129

1817 374 1994 433 “TA.

3429 373 3530 430 150

267 493 474 562 quibus
502 500 628 548 ante
653 491 1016 562 episcopatum
1044 505 1271 565 [cxxan
1299 500 1509 549 :etatem
1536 491 1698 560 degit,
1721 491 1852 545 nihil
1876 493 1927 553 Α
1955 492 2136 561 tiante,
2166 487 2537 551 condiscimus;
2559 493 2772 541 uterum
2791 483 3040 560 supplicia
3057 487 3222 542 "enim
3240 487 3530 546 testimonio

267 599 377 640 nos
405 585 604 639 habere
631 584 913 654 explorati.

348 676 409 730 ll.
444 675 694 732 Sanctum
735 673 1028 731 Maximum
1059 675 1370 747 Episcopum
1393 676 1551 746 fuisse
1578 673 1856 728 Tam-inen-

273 784 401 821 πενίη.
457 765 666 830 Duone,
694 782 906 836 quorum
934 765 1064 820 alter
1102 765 1395 818 successerit
1421 761 1597 828 alteri,
1629 779 1695 816 an
1723 777 1853 816 unus

267 859 433 926 fuerit
461 856 573 926 ejus
627 855 875 910 Ecclesia:
919 857 1131 910 antistes
1159 854 1454 920 Maximus;
1503 870 1562 906 ac
1607 855 1652 906 si
1691 869 1848 917 unus,

267 965 370 1020 quo
403 960 626 1018 tempore
654 963 829 1018 gerere
853 949 1057 1017 caperit
1082 946 1468 1018 Episcopatum.
1500 978 1571 988 —
1597 945 1729 1000 Illud
1774 951 1854 1000 te-

265 1049 509 1104 statum,
560 1047 999 1109 compertumque
1045 1047 1164 1103 est,
1215 1037 1375 1092 fuisse
1418 1038 1591 1108 ipsum
1644 1036 1854 1106 episco-

269 1149 401 1203 pum
452 1131 854 1186 Taurinensem.
887 1131 956 1184 At
999 1130 1175 1185 duone
1223 1128 1439 1184 Maximi
1487 1144 1552 1184 ea
1593 1127 1854 1198 dignitate

269 1225 505 1280 illustres
551 1223 839 1279 claruerint
890 1223 1137 1291 Augustae
1183 1220 1534 1276 Taurinorum
1557 1261 1572 1287 ,
1625 1236 1852 1291 quorum

271 1318 410 1372 alter
464 1315 783 1372 successerit
827 1314 1000 1378 alteri,
1043 1328 1110 1367 an
1139 1328 1276 1368 unus
1324 1320 1568 1376 tantum;
1618 1313 1761 1381 quod
1808 1311 1856 1366 si

273 1422 436 1474 unus;
463 1423 569 1477 quo
621 1407 851 1476 primum
879 1413 1121 1474 tempore
1168 1419 1360 1457 munus
1405 1403 1626 1473 creperit
1668 1417 1856 1472 gerere

275 1500 630 1570 episcopatus,
661 1509 851 1564 magna
891 1495 1124 1550 virorum
1153 1493 1481 1548 eruditorum
1510 1492 1855 1570 contentione

276 1597 529 1645 certatur.
559 1586 755 1642 Eorum
784 1593 981 1653 autem,
1011 1585 1101 1654 qui
1132 1584 1389 1640 Maximos
1415 1584 1681 1641 antistites
1719 1583 1855 1638 duos

278 1680 332 1734 in
362 1679 650 1735 Ecclesiam
672 1677 1056 1733 Taurinensem
1085 1676 1370 1730 immittere
1397 1683 1522 1730 sunt
1547 1675 1748 1739 conati,
1772 1673 1854 1728 his

271 1777 356 1824 est
376 1768 698 1838 argumentis
725 1766 857 1822 fulta
877 1768 1158 1826 sententia.
1185 1765 1474 1836 Principio,
1498 1782 1528 1821 a
1552 1765 1851 1831 Gennadio,

1955 582 2291 637 continemus.
2317 578 2572 650 Majorem
2593 594 2714 650 ergo
2734 579 2976 648 affectum
2998 578 3069 632 ibi
3105 578 3283 645 debeo,
3301 577 3388 634 ubi
3414 596 3531 636 crs-

1954 673 2232 730 dulitatem
2249 687 2417 726 meum
2457 671 2692 724 hortatur
2737 671 2930 740 opinio.
2973 668 3249 740 Majorem,
3288 672 3529 744 inquam,

1954 767 2194 836 affectum
2233 765 2341 819 illic
2367 764 2544 829 debeo,
2569 763 2656 816 ubi
2683 779 2776 832 per
2803 780 2897 828 ea,
2929 779 3042 835 quae
3077 764 3207 829 vidi,
3257 765 3532 834 compellor

1954 859 2181 914 devotius
2228 857 2433 912 credere
2479 857 2634 910 etiam
2660 855 2782 920 illa,
2813 872 2926 924 quis
2950 872 3053 910 non
3080 855 3202 910 vidi.
3249 854 3392 910 Nam
3418 873 3532 910 cum

1954 949 2132 1003 audita
2166 949 2431 1020 aliquanto
2458 946 2586 1004 mihi
2619 945 2956 1020 impossibilia
2979 945 3288 1011 viderentur,
3310 947 3436 1017 carpi
3472 963 3532 1000 ea

1953 1039 2160 1094 credere
2185 1040 2410 1110 potuisse
2431 1039 2572 1108 ﬁeri,
2601 1037 2721 1090 dum
2747 1037 2935 1090 similia
2957 1039 3096 1108 facta
3131 1055 3242 1094 esse
3265 1041 3525 1108 conspexi.

1955 1130 2026 1185 Et
2047 1131 2163 1186 ideo
2208 1131 2446 1202 temporis
2488 1129 2653 1183 nostri
2689 1129 2860 1198 passio
2890 1127 2984 1180 hoc
3023 1129 3166 1182 nobis
3193 1129 3450 1199 praestitit,
3475 1138 3532 1181 ut

1952 1235 2258 1296 prasentem
2276 1225 2528 1294 conferret
2545 1222 2786 1292 gratiam,
2809 1228 2859 1272 et
2879 1219 3033 1289 ﬁdem
3069 1223 3382 1290 prater-itam
3405 1237 3532 1274 con-

1954 1318 2203 1386 firmaret.
2237 1313 2574 1383 Supradictos
2596 1313 2754 1382 igitur-
2795 1310 2967 1364 beatos
2996 1311 3132 1363 viros
3161 1318 3268 1363 tota
3295 1310 3529 1364 debemus

1955 1409 2277 1464 ueneratione
2313 1407 2602 1477 suscipere,
2631 1405 2849 1475 primum
2888 1404 3008 1474 quia
3054 1402 3162 1455 dies
3189 1404 3305 1456 uiue
3344 1412 3533 1458 nostra

1955 1500 2177 1571 pretioso
2205 1499 2457 1570 sanguine
2489 1513 2580 1571 suo
2610 1495 2870 1548 illustrare
2903 1493 3103 1562 dignati
3138 1500 3285 1556 sunt;
3326 1492 3532 1558 deinde,

1954 1570 2092 1664 quod
2130 1591 2525 1662 prasrogativam
2565 1570 2711 1641 nobis
2753 1586 2888 1657 apud
2925 1584 3090 1638 Deum
3124 1600 3229 1639 non
3266 1584 3536 1638 minimam

1956 1683 2302 1747 contulerunt,
2332 1681 2686 1744 ostendentes,
2711 1679 2878 1751 qualis
2905 1686 3037 1732 esset
3069 1686 3218 1732 (etate
3262 1684 3442 1732 nostra
3478 1678 3536 1731 in

1955 1773 2264 1830 Christianis
2284 1774 2414 1845 ﬁdes
2432 1813 2447 1838 ,
2477 1773 2540 1826 de
2558 1788 2772 1843 quorum
2798 1771 3054 1825 consortio
3081 1770 3299 1824 existere
3336 1776 3534 1838 marty—

267 1860 362 1930 qui
389 1859 691 1930 quindecim
736 1859 866 1929 ipsis
893 1859 1046 1913 annis
1073 1867 1196 1913 ante
1234 1858 1487 1914 saeculum
1514 1866 1742 1923 sextum,
1789 1857 1932 1930 li--B
1955 1885 2036 1922 τε.
2063 1874 2399 1922 Μαρκίαν,
2425 1863 2543 1918 Jam
2568 1879 2698 1919 vero
2719 1877 2862 1926 eum,
2885 1862 2976 1930 qui
3020 1859 3279 1932 Martyres
3317 1866 3538 1914 necatos

267 1950 425 2006 brum
454 1952 522 2008 de
554 1951 692 2007 Viris
717 1951 1007 2006 illustribus
1032 1951 1212 2017 edidit,
1237 1966 1267 2004 a
1289 1948 1582 2015 Gennadio,
1612 1951 1848 2019 inquam,

267 2043 484 2098 Maximi
532 2026 876 2098 T‘aurinensis
929 2051 1156 2097 mortem
1211 2041 1415 2108 referri,
1465 2042 1632 2107 aiunt,
1682 2041 1750 2096 ad
1789 2055 1852 2096 ea

268 2142 511 2204 tempora
533 2135 725 2204 quibus
753 2133 1021 2188 Honorius
1041 2141 1095 2188 et
1117 2133 1451 2188 Theodosius
1472 2132 1660 2189 Junior
1687 2134 1855 2204 impe-

267 2227 409 2280 rium
434 2211 899 2295 tenebant'populi
929 2224 1174 2279 Romani.
1218 2224 1515 2280 Honorium
1555 2233 1735 2280 autem
1762 2241 1850 2278 an.

271 2314 374 2368 δίὶὸ
395 2330 705 2385 supremum
730 2315 928 2369 obiisse
965 2314 1124 2369 diem.
1156 2313 1332 2381 Quare
1359 2315 1582 2368 alterum
1621 2315 1857 2384 priorem

271 2404 436 2459 fuisse
487 2403 796 2469 Maximum,
827 2403 920 2472 qui
968 2419 1076 2458 non
1122 2403 1434 2473 produxerit
1479 2403 1616 2457 ultra
1657 2417 1858 2457 annum

269 2493 521 2548 eumdem
551 2493 744 2559 vitam;
767 2501 929 2563 atque
950 2493 1084 2548 adeo
1115 2493 1284 2558 illum,
1307 2493 1400 2562 qui
1421 2492 1636 2564 synodis
1656 2490 1859 2548 Medio-

268 2580 475 2638 lanensi
504 2597 592 2637 an.
618 2581 713 2636 541
741 2590 797 2638 et
817 2582 1071 2639 Romanae
1099 2599 1188 2638 an.
1215 2581 1320 2636 465
1346 2582 1601 2649 interluit,
1631 2583 1751 2638 duci
1774 2584 1856 2637 al-

267 2681 443 2728 terum
490 2681 758 2744 oportere.
808 2673 1257 2730 Animadvertunt
1323 2675 1515 2730 deinde
1563 2674 1855 2730 Maximum

266 2767 480 2822 venisse
506 2766 572 2820 ad
597 2766 881 2822 concilium
908 2766 1302 2825 Mediolanense
1320 2809 1335 2836 ,
1366 2768 1538 2838 quod,
1569 2769 1857 2825 Ambrosio

267 2857 514 2928 praeside,
545 2858 870 2913 celebratum
899 2875 990 2914 an.
1036 2858 1139 2914 589
1183 2860 1280 2915 fuit
1306 2860 1562 2917 adversus
1606 2861 1854 2917 haeresim

267 2946 553 3002 loviniani.
585 2948 673 3004 Sic
701 2950 843 3004 enim
871 2949 1146 3020 scripsisse
1167 2949 1454 3005 Maximum
1476 2951 1698 3006 humilia
1724 2951 1758 3004 4
1789 2952 1854 3006 de

186 3071 192 3076 -
268 3037 480 3093 Domini
521 3037 807 3095 Natiuitate
851 3041 927 3112 (a)
960 3059 972 3094 :
1004 3039 1158 3096 Ridet
1197 3043 1327 3096 tanti
1362 3044 1592 3113 mysterii
1623 3044 1759 3114 (nati
1786 3059 1855 3099 ex

268 3129 490 3198 Virgine
544 3130 844 3189 Servatoris
891 3132 1109 3206 Christi)
1163 3134 1562 3206 profunditatem
1627 3153 1764 3191 ςωεα
1804 3147 1852 3190 et

1955 1976 2043 2014 an.
2095 1957 2198 2013 397
2237 1959 2344 2012 suis
2387 1954 2694 2026 temporibus
2736 1970 2915 2025 passos
2962 1954 3140 2026 fuisse,
3169 1952 3378 2026 diesque
3420 1951 3538 2006 vita

1953 2048 2200 2124 [cxxxm]
2237 2066 2298 2103 ac
2333 2048 2501 2104 artatis
2540 2063 2647 2103 sua:
2679 2047 2901 2117 pretioso
2929 2046 3183 2117 sanguine
3225 2044 3536 2108 illustrasse,

1951 2142 2277 2210 eosdemque
2301 2157 2406 2195 non
2435 2141 2598 2211 fama,
2629 2153 2801 2207 neque
2843 2136 2945 2192 ﬁde
2989 2137 3387 2201 historicorum,
3436 2133 3532 2191 sed

1954 2233 2288 2296 conscientia,
2336 2231 2500 2284 uultus
2557 2229 2866 2291 testimonio,
2914 2229 3054 2294 visu,
3111 2226 3539 2296 contemplations

1958 2320 2256 2385 oculorum,
2285 2334 2402 2373 sese
2430 2319 2744 2386 cognovisse
2772 2324 3015 2379 testatur,
3045 2317 3163 2386 quis
3206 2315 3421 2380 credat,
3453 2315 3538 2368 in-

1955 2409 2168 2479 quiunt,
2201 2424 2342 2464 anno
2387 2406 2494 2461 465
2535 2405 2857 2462 contendere
2904 2405 3142 2475 potuisse
3187 2404 3444 2470 Romam,
3477 2418 3540 2460 ac

1955 2502 2162 2574 synodo
2191 2502 2258 2557 ab
2305 2501 2487 2556 Hilaro
2531 2499 2782 2571 pontiﬁce
2819 2506 3018 2554 coactae
3066 2497 3403 2556 interfuisse?
3432 2497 3539 2552 Do-

1956 2604 2082 2651 cent
2111 2603 2370 2664 praeterea
2391 2595 2536 2663 leges
2556 2593 2956 2664 imperatorum,
2989 2591 3064 2646 uti
3093 2605 3279 2647 recens
3297 2589 3537 2661 promul-

1955 2695 2106 2755 gatas
2134 2701 2165 2740 a
2194 2685 2424 2740 Maximo
2452 2684 2880 2747 commemorari,
2912 2683 3105 2752 quibus
3130 2683 3436 2748 cavebatur,
3463 2698 3532 2737 ne

1953 2777 2196 2843 delubra,
2227 2792 2360 2833 neve
2389 2777 2670 2832 simulacra
2697 2775 2934 2830 inanium
2973 2775 3194 2831 deorum
3241 2775 3294 2829 in
3318 2774 3538 2830 urbibus

1953 2869 2340 2934 retinerentur;
2377 2877 2512 2936 quas
2541 2865 2755 2936 quidem
2809 2863 2954 2934 leges
2996 2880 3024 2919 a
3057 2864 3428 2920 Valentiniano
3473 2861 3537 2928 ll,

1955 2975 2097 3014 anno
2127 2959 2222 3012 '59!
2258 2959 2502 3015 conditas
2528 2956 2689 3012 ﬁnisse
2729 2957 2914 3026 liquet,
2946 2955 3004 3010 L.
3039 2955 3256 3010 Aurelio
3298 2955 3539 3026 Symma-

1955 3050 2080 3116 cho,
2111 3059 2167 3106 et
2221 3049 2283 3104 Τ.
2316 3049 2484 3105 Fabio
2516 3048 2741 3104 Tatiano
2769 3045 3094 3103 consulibus.
3147 3045 3423 3103 Postremo
3472 3047 3540 3104 ad

1955 3156 2232 3197 sermones
2261 3139 2476 3195 Maximi
2519 3138 2844 3210 provocant,
2888 3138 2942 3193 in
2966 3137 3160 3207 quibus
3185 3137 3252 3192 de
3279 3137 3536 3193 barbaros

269 3226 429 3276 stulta
456 3225 744 3295 gentilitas;
771 3225 956 3280 irridet
981 3243 1175 3298 quoque
1214 3229 1373 3299 impia
1416 3229 1506 3282 illa
1536 3229 1853 3301 blasphemia
1881 3230 1928 3295 C
1956 3247 2077 3286 rum
2105 3230 2281 3300 agitur
2308 3229 2618 3298 irruptione,
2651 3229 2786 3297 quos
2827 3227 3051 3298 proinde
3091 3242 3365 3283 sermones
3390 3227 3542 3282 initio

272 3329 391 3384 qua:
405 3317 749 3384 superioribus
768 3316 962 3381 diebus,
985 3318 1106 3373 dum
1132 3329 1334 3389 partum
1346 3320 1571 3391 Virginis
1595 3333 1860 3378 attenuare

271 3409 594 3476 praesumpsit
614 3417 763 3480 atque
787 3425 1127 3482 corrumpere,
1150 3412 1409 3467 Christum
1440 3413 1722 3469 Dominum
1763 3434 1860 3471 no-

191 3497 216 3507 ’
272 3505 434 3550 struat
462 3515 526 3552 ex
554 3500 748 3570 virgine
773 3502 1037 3570 procreari
1063 3519 1166 3559 non
1210 3506 1434 3575 potuisse
1473 3503 1856 3575 blasphemavit.

273 3585 427 3641 Hanc
455 3600 636 3643 sancta
663 3588 1064 3648 Mediolanensis
1092 3593 1327 3649 Ecclesia
1374 3596 1572 3650 horruit
1619 3596 1862 3666 blasphe-

276 3682 462 3746 miam;
485 3681 629 3736 illam
651 3683 914 3753 synodalis
939 3694 1114 3740 noster
1132 3702 1233 3740 uno
1255 3704 1342 3741 ore
1363 3687 1623 3741 damnauit
1646 3705 1864 3742 conven-

276 3783 389 3838 tus;
419 3774 651 3828 eamdem
672 3786 936 3831 exsecrata
963 3787 1039 3833 est
1057 3781 1144 3846 pia
1171 3781 1286 3848 ipsa
1305 3780 1588 3849 imperialis
1616 3789 1861 3849 potestas.

276 3860 408 3921 Esse
434 3873 616 3921 autem
643 3867 757 3923 haec
777 3869 935 3937 plane
961 3869 1154 3923 similia
1183 3885 1369 3924 eorum
1398 3885 1516 3940 quae
1552 3872 1863 3942 complexus

280 3964 494 4012 sanctus
514 3957 827 4014 Ambrosius
855 3966 937 4014 est
959 3960 1183 4030 epistola
1210 3975 1368 4031 quam
1399 3963 1466 4017 ad
1493 3961 1740 4019 Siricium
1767 3979 1863 4035 pa-

279 4064 404 4120 pam
431 4049 577 4105 dedit
603 4058 726 4121 post
761 4051 1043 4123 synodum.
1074 4052 1205 4108 Nam
1231 4053 1370 4110 hanc
1389 4056 1464 4110 sic
1491 4055 1691 4112 habere
1719 4054 1795 4129 (b)
1842 4075 1855 4111 :

278 4137 405 4194 Non
433 4151 511 4195 est
552 4141 658 4195 illis
679 4139 965 4213 (Joviniani
989 4144 1226 4214 asseclis)
1259 4147 1489 4200 remissio
1515 4157 1856 4218 peccatorum,

276 4233 368 4288 sed
385 4242 464 4288 est
482 4235 717 4304 impietas
735 4234 1162 4303 Manichceorum,
1186 4253 1338 4309 quam
1358 4247 1407 4292 et
1435 4237 1858 4294 clementissimus

278 4335 572 4382 exsecratus
597 4337 674 4381 est
695 4329 994 4396 imperator,
1037 4338 1088 4383 et
1113 4347 1289 4384 omnes
1309 4332 1396 4402 qui
1439 4331 1557 4386 illos
1602 4331 1854 4399 uiderunt,

278 4419 424 4487 quasi
461 4419 693 4488 qume
715 4421 954 4493 contagia
982 4422 1297 4492 refugerunt.
1325 4420 1544 4477 Monent
1571 4437 1732 4493 porro
1759 4423 1858 4478 du-

277 4509 461 4580 plicati
486 4509 701 4567 Maximi
732 4521 1047 4578 assertores,
1076 4514 1188 4569 haec
1216 4515 1283 4569 de
1304 4516 1502 4570 sanctis
1525 4515 1852 4582 Alexandro,

1963 3324 2074 3380 fere
2120 3323 2298 3379 saeculi
2326 3323 2498 3393 quinti
2535 3321 2860 3392 perscriptos
2902 3330 3105 3383 rentur,
3137 3335 3258 3375 cum
3301 3318 3544 3374 Alaricus

1962 3416 2172 3472 Italiam
2227 3423 2395 3471 totam
2450 3415 2504 3468 in
2554 3415 2859 3468 vastitatem
2912 3413 3240 3484 exitiumque
3294 3419 3540 3478 vocaret;

1961 3522 2192 3577 cumque
2217 3507 2261 3562 is
2285 3505 2537 3575 deinceps
2565 3504 2696 3560 inito
2725 3504 2792 3558 ad
2820 3501 3115 3558 Polentiam
3144 3503 3344 3572 prazlio,
3373 3503 3544 3557 victus

1963 3615 1993 3653 a
2039 3598 2322 3665 Stilicone,
2351 3596 2572 3652 adactus
2614 3603 2756 3651 esset
2806 3592 3154 3658 Pannoniam,
3187 3592 3326 3648 unde
3375 3593 3568 3648 fuerat.

1963 3690 2254 3760 profectus,
2285 3697 2550 3760 repetere.

2033 3782 2249 3847 Contra,
2279 3781 2372 3851 qui
2391 3795 2554 3836 unum
2584 3778 2996 3835 Taurinensibus
3024 3776 3296 3848 prtefuisse
3324 3778 3536 3849 episco-

1963 3874 2019 3944 pi
2047 3872 2307 3941 dignitate
2346 3870 2662 3936 Maximum,
2695 3885 2925 3939 eumque
2962 3884 3101 3924 anno
3123 3865 3228 3922 465
3257 3869 3309 3923 in
3335 3868 3542 3941 synodo

1963 3964 2226 4032 Romana,
2275 3972 2399 4034 post
2442 3961 2681 4018 Hilarum
2729 3960 3068 4032 pontiﬁcem,
3121 3961 3441 4016 sententiam
3487 3961 3546 4016 in

1960 4056 2252 4112 violatores
2285 4054 2658 4110 ecclesiastiae
2686 4053 2978 4124 disciplinae
3021 4051 3238 4118 dixisse,
3279 4052 3544 4107 arbitran-

1960 4156 2085 4215 tur;
2135 4148 2203 4204 de
2245 4148 2366 4203 loco
2393 4145 2655 4203 Gennadii
2690 4160 2799 4200 non
2837 4143 3101 4199 laborant.
3147 4142 3353 4213 Negant
3402 4143 3548 4200 enim

1958 4237 2258 4293 habendam
2286 4237 2401 4308 ejus
2426 4237 2690 4292 rationem
2711 4249 2849 4299 esse,
2882 4235 3032 4303 cujus
3065 4241 3175 4288 tam
3213 4235 3284 4288 sit
3319 4233 3545 4289 manife-

1959 4337 2042 4386 sta
2071 4345 2193 4386 cum
2223 4328 2535 4399 insignibus,
2567 4327 2748 4391 certis,
2780 4325 3006 4397 publicis
3028 4326 3384 4381 monumentis
3411 4341 3544 4380 con-

1960 4424 2142 4479 ﬂictio.
2197 4421 2372 4493 Atque
2420 4419 2766 4492 synodorum,
2817 4418 3083 4487 inquiunt,
3135 4415 3548 4471 Mediolanensis

1960 4528 2048 4568 an.
2071 4511 2196 4580 451,
2235 4520 2289 4568 et
2331 4511 2588 4567 Romanae
2624 4525 2712 4564 an.
2736 4506 2841 4562 465
2887 4515 3040 4570 acta,
3091 4515 3286 4575 quotus
3321 4505 3549 4574 quisque

279 4599 540 4672 Martyrio
562 4592 619 4658 et
645 4602 896 4671 Sisinnio,
922 4619 1058 4674 quos
1084 4606 1136 4659 in
1157 4619 1294 4676 pago
1324 4604 1565 4661 Anaunia
1595 4605 1863 4663 Tridenti-
1889 4605 1945 4667 D
1968 4616 2070 4674 est,
2093 4608 2186 4677 qui
2231 4606 2439 4661 dubitet
2483 4603 2673 4660 referri
2714 4603 2769 4656 in
2817 4613 3100 4654 numerum
3143 4602 3392 4666 oportere
3416 4595 3549 4650 insi-

281 4707 365 4747 me
390 4692 652 4782 ditecesis,
683 4710 771 4750 an.
804 4696 926 4762 597,
956 4698 1228 4766 religionis
1255 4714 1435 4765 causa,
1467 4707 1706 4769 agrestes
1746 4700 1864 4756 ido-

280 4783 485 4839 lolatrte
506 4795 867 4863 peremerunt,
891 4788 1022 4854 haec,
1055 4789 1289 4858 inquam,
1314 4789 1478 4845 fuisse
1504 4791 1696 4846 litteris
1714 4804 1862 4845 com-

285 4875 531 4930 mendata
552 4892 583 4931 a
606 4876 836 4934 Maximo
863 4878 934 4951 (c)
966 4897 978 4932 :
1004 4879 1224 4936 Sanctus
1262 4881 1633 4948 Alexandrum,
1662 4880 1866 4952 Marty-

286 4969 419 5022 rium
461 4976 511 5023 et
547 4969 855 5036 Sisinnium,
883 4973 967 5043 qui
997 4971 1307 5041 temporibus
1327 4974 1516 5028 nostris
1555 4974 1696 5044 passi
1725 4979 1860 5038 sunt,

229 5040 237 5096 ἶ
286 5057 520 5116 debemus
548 5072 653 5116 tota
692 5040 1015 5118 veueratione
1048 5066 1322 5136 suscipere.
1362 5040 1566 5119 Nescio.
1591 5081 1690 5137 quo
1728 5063 1865 5118 enim

288 5157 437 5220 pacto
472 5153 721 5223 majorem
755 5155 891 5208 circa
916 5172 1002 5210 eos
1035 5155 1276 5212 habemus
1300 5157 1561 5226 aﬁ'ectum,
1590 5173 1715 5230 quos
1742 5171 1866 5212 con-

287 5241 505 5296 scientia
528 5243 665 5298 novit
683 5247 925 5314 propria;
954 5263 1106 5319 quam
1145 5248 1442 5320 quos'docet
1468 5249 1702 5304 historia.
1735 5246 1865 5304 Illos

289 5335 426 5389 enim
448 5337 709 5393 exstitisse
728 5348 1000 5410 martyres,
1019 5341 1267 5407 lectione;
1296 5342 1426 5398 istos
1453 5343 1716 5398 oculorum
1743 5341 1866 5398 con-

291 5427 619 5499 templatione
633 5431 1008 5502 cognoscimus.
1027 5430 1251 5488 Illorum
1263 5434 1550 5504 passiones,
1570 5437 1714 5508 fama
1733 5451 1867 5490 nun-

255 5825 263 5840 “
469 5765 806 5908 ﬁliifilii“
825 5832 1108 5898 Siricianas
1132 5835 1189 5908 8,
1205 5851 1348 5897 num.
1372 5835 1425 5908 8,
1447 5852 1502 5909 p.
1536 5833 1660 5906 ιη,
1684 5841 1814 5892 tom.
1843 5831 1869 5891 l

1966 4699 2167 4768 gnium,
2210 4696 2630 4752 oertissimorum
2686 4690 3129 4761 publicorumque
3173 4692 3549 4742 monumento—

1969 4791 2132 4845 rum?
2180 4786 2274 4842 His
2313 4801 2444 4842 vero
2472 4783 2688 4838 Maximi
2725 4780 3028 4837 Taurinatis
3064 4793 3258 4834 nomen
3314 4777 3549 4834 subscri-

1970 4890 2120 4953 ptum
2140 4879 2336 4948 legitur
2355 4877 2412 4932 in
2431 4878 2569 4932 serie
2596 4873 2826 4940 illorum,
2840 4873 2932 4945 qui
2951 4870 3250 4937 adfuerant,
3265 4869 3548 4941 episcopo-

1972 4989 2110 5030 rum.
2141 4970 2368 5028 Constat
2396 4969 2558 5039 igitur
2583 4966 2925 5032 certissimis,
2958 4965 3128 5035 iisque
3169 4961 3391 5033 publicis
3428 4977 3548 5029 mo-

1974 5065 2260 5130 numentis,
2291 5078 2400 5118 non
2429 5076 2569 5116 anno
2594 5057 2691 5114 ιδι
2725 5057 2905 5124 modo,
2943 5055 3036 5111 sed
3065 5069 3206 5110 anno
3233 5051 3394 5108 etiam
3422 5049 3546 5118 465,

1973 5157 2262 5213 Maximum
2303 5152 2605 5226 perrexisse
2646 5151 3010 5220 episcopatum
3040 5159 3230 5215 gerere
3294 5141 3548 5198 Ecclesize

1972 5248 2329 5306 Taurinensis.
2359 5245 2476 5302 Non
2522 5257 2654 5314 ergo
2691 5255 2909 5299 movere
2935 5251 3260 5314 quemquam
3286 5233 3548 5290 Gennadii

1971 5343 2121 5398 locus
2145 5330 2322 5405 debet,
2368 5337 2461 5408 qui
2507 5344 2600 5391 aut
2625 5335 2840 5391 vitiatus
2877 5330 3162 5387 inscientia
3209 5327 3549 5382 librariorum

1971 5442 2093 5500 est;
2122 5439 2215 5489 aut
2256 5437 2436 5488 errato
2464 5428 2766 5523 implith
2796 5425 3030 5483 auctoris
3073 5422 3178 5488 sui,
3205 5433 3365 5490 quem
3405 5415 3547 5472 osci-

1969 5754 2252 5832 Epistolar.
2299 5753 2876 5832 Romanorumjjoutif.
2906 5747 3032 5809 edit.
3066 5744 3235 5805 Paris.
3267 5759 3354 5806 an.
3388 5747 3547 5812 1721.

2043 5831 2117 5902 (ο)
2141 5829 2317 5888 Serm.
2348 5829 2437 5897 76,
2459 5840 2582 5899 pag.
2608 5824 2713 5882 607
2739 5824 2851 5894 seq;
