4050 6356
573 272 677 330 185
1639 271 1798 330 VITA
1833 272 1893 330 S.
1933 271 2179 332 MAXIM!
2213 273 2682 336 TAUMNENSIS.
3745 279 3885 335 156

572 387 672 445 rici
700 384 1016 458 irruptione.
1045 383 1164 441 Non
1191 382 1336 440 enim
1374 383 1516 440 hanc
1558 383 1786 440 indicari
1810 400 1841 440 a
1870 383 2102 442 Maximo
2125 427 2145 456 ,
2173 392 2226 452 Α
2250 391 2512 446 intulisse.
2545 389 2678 446 Inde
2720 398 3086 459 progressum,
3132 385 3513 454 Concordiam,
3549 386 3870 458 Cenetam,

574 481 671 538 sed
698 495 838 546 eam,
855 493 1014 549 quam
1039 473 1217 533 medio
1237 476 1434 534 saeculo
1461 493 1492 532 v
1519 477 1573 533 in
1593 477 1800 532 Italiam
1823 476 1949 532 fecit
1967 477 2149 534 Attila.
2258 484 2512 549 Altinum,
2553 482 2874 549 Tarvisium,
2914 481 3214 552 Patavium,
3253 481 3542 547 Vicetiam,
3571 480 3872 551 Brixiam,

574 571 708 628 Nam
735 572 790 627 in
827 587 891 628 ea
918 570 1156 638 homilia,
1199 585 1320 640 quas
1355 579 1438 627 est
1464 571 1528 626 de
1567 570 1758 627 Bellica
1804 571 2020 626 tumultu
2053 572 2154 644 (a),
2255 576 2577 646 Bergomum
2605 579 2832 649 cepisse.
2863 577 2997 634 Eam
3023 594 3139 635 rem
3178 587 3382 636 metum
3407 578 3623 634 auxisse
3651 575 3876 634 Tauri-

573 664 659 731 agi
706 678 738 718 a
781 661 1013 717 Maximo
1054 662 1122 716 de
1165 661 1408 718 barbaris
1453 662 1714 728 hostibus,
1755 663 1847 732 qui
1902 662 1956 716 in
2002 660 2157 718 finiti-

568 768 682 808 mas
713 752 964 822 Augustae
1012 751 1369 823 Taurinorum
1409 753 1656 822 regiones
1705 753 2024 808 invasissent
2053 752 2149 826 (b).

567 843 786 899 Narrari
814 845 938 900 inde
969 862 982 898 :
1015 844 1160 900 cives
1185 843 1526 915 perturbatos
1551 853 1696 900 metu
1724 886 1738 911 ,
1771 845 1979 900 munire
2006 844 2154 900 urbis

566 944 751 1005 portas
781 935 854 1008 (c)
883 937 1144 1006 cmpisse;
1185 937 1434 1006 praesidia
1461 937 1516 990 in
1551 937 1716 992 muris
1744 945 2013 1005 statuere;
2053 953 2150 1008 ap-

570 1042 762 1098 parare
787 1029 1021 1100 denique
1045 1029 1248 1095 omnia,
1292 1044 1412 1098 quae
1455 1028 1701 1085 conferre
1727 1031 1792 1085 ad
1836 1031 2034 1086 bellum
2061 1047 2154 1086 su-

565 1120 874 1178 stinendum
900 1129 1141 1192 possent.
1166 1120 1224 1174 In
1254 1119 1424 1175 altera
1450 1128 1630 1175 autem
1654 1121 1894 1188 homilia,
1925 1136 2045 1190 qua:
2071 1127 2154 1176 est

517 1278 544 1288 _
564 1212 630 1266 de
652 1211 904 1268 Hostibus
932 1230 1037 1270 non
1063 1211 1320 1278 timendis;
1333 1197 1557 1281 qumque
1578 1218 1660 1268 est
1678 1228 1904 1269 numero
1925 1228 2142 1268 Lxxxvu

567 1320 692 1376 pag.
749 1305 847 1360 291
900 1321 1042 1377 seq.,
1082 1307 1293 1362 moneri
1346 1304 1414 1360 ab
1458 1306 1663 1376 optimo
1705 1307 2152 1376 sanetissimoque

564 1399 795 1470 praesule
816 1397 1176 1455 Taurinenses
1204 1401 1318 1472 (qui
1362 1417 1484 1458 sese
1511 1401 1579 1456 ad
1625 1400 1910 1455 tuitionem
1955 1413 2152 1469 parare

563 1490 889 1564 pergerent)
929 1500 989 1547 ut
1024 1492 1080 1547 in
1119 1492 1453 1549 tribulatione
1481 1502 1629 1548 tanta
1664 1500 1904 1556 orarent,
1930 1490 2149 1561 jejuna-

564 1595 701 1654 rent,
721 1586 1020 1659 psallerent,
1044 1587 1426 1644 misererentur.
1455 1586 1614 1642 Hisce
1644 1583 1968 1654 adjumentis
1995 1581 2150 1636 Chri-

564 1677 769 1733 stianos
795 1691 914 1732 esse
940 1675 1158 1733 suorum
1185 1677 1424 1733 hostium
1443 1678 1676 1733 victores
1704 1675 1899 1731 solere.
1931 1673 2148 1728 Frustra

2253 671 2518 728 nensium.
2552 670 2672 739 Quo
2705 672 2849 727 enim
2878 672 3229 743 implacabilis
3264 673 3436 729 hostis
3463 669 3680 728 accedit
3723 686 3876 741 pm-

2255 762 2396 833 pius,
2419 777 2487 818 eo
2511 763 2770 833 majorem
2810 763 3003 820 incolis
3027 765 3358 820 commoveri
3392 772 3595 820 metum
3638 763 3867 820 solere.

2251 854 2303 910 Is
2349 857 2620 927 oppressis
2665 856 2909 928 oppidis,
2957 857 3178 913 Attilam
3229 856 3524 913 secundam
3564 856 3868 914 fortunam

2253 954 2528 1016 secutum,
2576 963 2724 1003 arma
2759 947 3148 1005 Mediolanum
3199 948 3406 1004 tulisse.
3448 947 3526 1002 Ea
3575 949 3634 1003 in
3683 949 3863 1015 urbe,

2253 1053 2414 1108 quam
2441 1039 2544 1095 sibi
2572 1041 2626 1094 in
2673 1048 3003 1111 potestatem
3040 1039 3346 1111 redegerat,
3387 1039 3504 1096 dira
3544 1039 3864 1097 barbarum

2253 1127 2488 1184 edidisse
2514 1128 2762 1200 exempla
2805 1129 3153 1200 crudelitatis.
3181 1127 3311 1185 Inde
3341 1128 3612 1199 conjicere
3650 1144 3865 1199 quem-

2253 1235 2359 1290 que
2410 1236 2588 1290 posse,
2633 1229 2868 1292 quantus
2915 1220 3275 1290 ingruentium
3323 1227 3595 1276 armorum
3647 1221 3862 1276 horror

2252 1314 2460 1370 animos
2484 1315 2740 1370 invaserit
2767 1313 3201 1382 Taurinensium;
3230 1328 3497 1384 quamque
3515 1313 3588 1368 ob
3616 1327 3859 1368 causam

2252 1419 2441 1459 eorum
2479 1405 2638 1460 multi
2683 1405 2972 1461 statuerint
3013 1404 3136 1473 fuga
3173 1403 3416 1475 pecunia:
3445 1418 3508 1457 ac
3534 1401 3702 1456 saluti
3731 1416 3858 1458 sua:

2250 1495 2580 1566 prospicere.
2610 1493 2955 1550 lmminutum
2996 1509 3160 1565 porro
3186 1501 3451 1550 terrorem
3487 1491 3677 1558 fuisse,
3716 1506 3851 1548 cum

2251 1585 2418 1639 Attila
2447 1585 2752 1641 Mediolano
2779 1584 3083 1656 profectus,
3115 1584 3350 1640 Leonem
3377 1581 3697 1654 pontiﬁcem
3717 1624 3732 1649 ,
3766 1583 3853 1637 le-

2251 1685 2511 1746 gatosque
2539 1677 2877 1750 imperatoris
2902 1676 3264 1732 Valentiniani
3283 1674 3353 1730 Ill
3381 1674 3451 1732 de
3473 1690 3609 1745 pace
3637 1691 3850 1747 exspeo

565 1784 661 1826 eos
687 1769 912 1840 vigilare
934 1771 1021 1843 qui
1046 1779 1252 1841 putant,
1282 1787 1339 1824 se
1359 1787 1567 1824 armare
1597 1769 1870 1832 civitatem,
1909 1783 2022 1820 cum
2048 1766 2148 1836 ipsi
2176 1775 2224 1834 Β
2252 1777 2512 1833 ctaturus,
2546 1785 2653 1825 non
2682 1767 2974 1825 admodum
3013 1769 3171 1837 longe
3204 1769 3271 1822 ab
3310 1768 3442 1823 urbe
3485 1766 3713 1822 Mantua
3731 1808 3748 1833 ,
3777 1784 3846 1823 eo

569 1861 694 1931 ﬁdei
715 1879 864 1917 arma
886 1879 993 1918 non
1015 1861 1272 1928 habeant;
1297 1869 1515 1934 tuncque
1541 1878 1652 1916 esse
1686 1861 1937 1914 munitam
1967 1859 2145 1912 civita—

565 1957 688 2016 tem,
721 1969 838 2007 cum
854 1969 970 2007 eam
997 1951 1221 2007 custodit
1249 1951 1408 2006 Deus.
1438 1950 1639 2007 Eodem
1667 1950 1914 2006 homilias
1933 1948 2003 2003 89
2022 1962 2144 2018 pag.

564 2039 670 2094 297
693 2056 868 2112 seqq.,
917 2050 974 2097 et
1020 2040 1089 2096 90
1133 2057 1256 2112 pag.
1299 2041 1396 2096 501
1446 2056 1623 2112 seqq.,
1673 2048 1729 2096 et
1766 2038 1828 2092 9-1
1861 2054 1983 2110 pag.
2024 2035 2144 2103 505,

565 2123 854 2203 pertinere.
878 2131 939 2188 In
960 2132 1062 2188 hac
1088 2140 1360 2203 postrema
1388 2131 1636 2202 redargui
1673 2131 1814 2186 cives
1837 2147 1868 2184 a
1890 2130 2142 2194 Maximo,

564 2231 855 2294 propterea
907 2223 1051 2294 quod
1113 2223 1442 2279 imminentis
1492 2222 1755 2278 vastitatis
1785 2263 1800 2288 ,
1851 2220 2150 2289 excidiique

561 2322 730 2382 metu,
753 2329 875 2370 cum
909 2313 1130 2384 propius
1178 2313 1364 2370 hostes
1399 2314 1734 2380 accederent,
1767 2310 2024 2387 [sxxxvu]
2054 2326 2149 2381 pe-

561 2407 734 2463 cuuite
779 2407 851 2462 ob
894 2407 1176 2462 avaritiam
1221 2406 1503 2465 servanda:
1547 2422 1729 2473 causa,
1762 2405 1936 2474 fugam
1988 2420 2148 2475 para-

563 2505 717 2565 rent,
748 2499 1092 2555 immemores
1117 2495 1459 2570 sempitemaa
1501 2499 1691 2554 salutis
1731 2513 1838 2553 suae
1866 2495 2151 2570 (d).Cum-

564 2604 673 2660 que
738 2589 1088 2646 nihilosecius
1147 2591 1295 2648 cives
1346 2591 1684 2662 trepidarent
1744 2599 1926 2654 metu,
1982 2588 2150 2643 Maxi-

566 2695 716 2736 mum
764 2681 952 2736 homil.
1009 2681 1097 2748 92,
1149 2695 1270 2753 pag.
1303 2681 1408 2736 507
1455 2696 1630 2752 seqq.,
1678 2688 1737 2735 et
1781 2679 2000 2734 homilia
2048 2677 2146 2746 95,

564 2784 690 2843 pag.
720 2770 817 2826 3H
852 2787 1026 2843 seqq.,
1058 2772 1308 2843 exemplo
1333 2771 1499 2828 Elisei
1539 2770 1816 2827 hortatum
1854 2771 1999 2841 ipsos
2035 2785 2150 2824 ma-

562 2863 737 2935 iorem
765 2864 820 2919 in
844 2864 1062 2920 modum
1088 2863 1271 2931 fuisse,
1294 2871 1354 2918 ut
1380 2879 1446 2919 ne
1465 2863 1659 2918 animis
1681 2861 1959 2927 caderent,
1983 2871 2150 2931 utque

564 2964 804 3012 orarent.-
831 2955 894 3010 Id
916 2956 968 3011 si
990 2955 1268 3022 fecissent,
1283 2957 1438 3012 brevi
1465 2957 1699 3012 hostium
1727 2956 1988 3026 impetum
2007 2970 2150 3011 com-

566 3062 814 3118 pressum
842 3047 911 3102 iri
937 3045 1298 3104 conﬁderent.
1330 3047 1466 3103 Hinc
1485 3055 1658 3103 auctae
1686 3048 1740 3102 in
1765 3046 1883 3104 dies
1910 3046 2149 3117 trepida-

2251 1862 2474 1927 inloco,
2506 1863 2597 1917 ubi
2627 1861 2852 1916 Mincius
2898 1861 2952 1916 in
2981 1859 3187 1916 Padum
3235 1857 3439 1925 inﬂuit,
3477 1859 3842 1914 constitisset.

2248 1953 2489 2022 Denique
2517 1952 2743 2008 desiisse
2769 1959 3013 2008 metuere
3054 1951 3238 2014 Italos,
3279 1958 3445 2021 atque
3480 1947 3624 2022 adeo
3650 1948 3844 2005 Tauri-

2247 2059 2461 2108 neuses,
2493 2045 2584 2099 ubi
2629 2050 3014 2112 cognoverunt,
3054 2042 3340 2098 barbarum
3384 2055 3602 2110 regem,
3634 2041 3840 2097 Leonis

2248 2134 2517 2208 pontiﬁcis
2544 2137 2810 2201 oratione,
2853 2135 3171 2190 deterritum
3201 2149 3231 2188 a
3260 2133 3596 2202 cogitatione
3638 2149 3836 2204 proro-

2248 2227 2409 2298 gandi
2431 2227 2579 2293 belli,
2609 2225 2911 2296 transgredi
2937 2242 3149 2282 rursum
3194 2225 3384 2296 Alpes,
3413 2232 3577 2295 atque
3617 2224 3686 2280 ad
3711 2240 3830 2282 suos

2247 2319 2449 2374 reverti
2477 2319 2752 2375 statuisse.
2785 2317 2936 2374 Hanc
2975 2332 3096 2374 esse
3141 2317 3580 2386 gravissimorum
3609 2318 3834 2387 scripto-

2248 2424 2367 2464 rum
2410 2411 2752 2466 sententiam.
2793 2409 3098 2465 Tristanum
3139 2409 3395 2464 Calchum
3436 2408 3694 2465 Historia
3721 2408 3834 2464 Ife-

2249 2499 2568 2556 diolanensis
2606 2501 2700 2556 lib.
2747 2517 2832 2567 ur,
2874 2514 2996 2571 pag.
3026 2499 3126 2564 64,
3158 2501 3236 2556 sic
3262 2501 3500 2556 habere:
3539 2519 3557 2551 ι
3588 2500 3833 2556 Abeunte

2251 2592 2436 2657 Attila,
2465 2592 2618 2661 quies
2645 2591 2812 2646 Italiae
2837 2601 3012 2663 parta.
3051 2590 3156 2647 Sed
3184 2591 3357 2660 qualis
3383 2598 3444 2646 et
3487 2599 3693 2660 quanta
3728 2591 3831 2646 cla-

2249 2683 2344 2737 des
2372 2691 2595 2753 accepta
2624 2685 2713 2750 sit,
2741 2683 2864 2753 quia
2887 2682 3068 2738 ueteri
3098 2682 3391 2752 scriptores
3429 2682 3654 2737 nimium
3688 2681 3830 2736 testi-

2249 2782 2441 2831 nautes
2487 2775 2592 2830 ista
2638 2783 2982 2846 praetereunt,
3028 2785 3088 2830 ut
3135 2774 3458 2840 declaretur,
3501 2773 3825 2845 subjicienda

2250 2867 2436 2924 censui
2481 2865 2696 2922 Maximi
2738 2862 3078 2945 Taurinensis
3125 2866 3365 2937 episcopi
3406 2866 3590 2930 verba,
3626 2880 3692 2921 ex
3720 2880 3826 2920 ser-

2250 2975 2432 3026 mone,
2457 2975 2618 3030 quem
2647 2958 2718 3014 ad
2746 2960 2892 3014 cives
2922 2958 3350 3014 Mediolanenses
3385 2956 3457 3013 de
3496 2957 3824 3028 reparatione

2249 3051 2489 3107 ecclesia:
2541 3057 2600 3106 et
2645 3048 2802 3105 Urbis
2845 3050 3052 3104 habuit.
3081 3069 3100 3102 ι
3148 3048 3301 3104 Haud
3341 3059 3499 3104 secus
3536 3046 3815 3115 Remigitnn

565 3140 728 3196 tionis
756 3139 1168 3196 Taurinensium
1209 3141 1479 3196 rationem
1524 3139 1752 3209 intelligi
1788 3140 1942 3195 facile
1967 3153 2144 3210 posse,
2175 3141 2221 3206 C
2249 3139 2535 3198 Ceillerum
2558 3141 2880 3197 monachum
2902 3139 3310 3196 Benedictinum
3331 3139 3646 3196 eruditionis
3668 3135 3822 3193 laude

564 3235 611 3290 si
640 3233 709 3291 ad
737 3233 1122 3301 incursionem,
1154 3243 1444 3304 motusque
1475 3233 1656 3289 Attila:
1696 3232 1939 3301 exigatur
1970 3251 1982 3285 :
2014 3248 2145 3287 con-

565 3335 670 3393 tra,
702 3329 749 3383 si
769 3325 840 3382 ad
870 3327 1086 3394 Alarici,
1124 3326 1352 3396 intelligi
1379 3333 1528 3383 recte
1555 3341 1664 3382 non
1705 3339 1882 3396 posse.
1907 3324 2144 3390 Attilam,

565 3420 659 3489 qui
688 3429 775 3474 an.
811 3417 906 3473 451
943 3419 1127 3476 multis
1158 3417 1345 3476 Gallia:
1380 3419 1601 3475 urbibus
1628 3419 1974 3489 expugnatis,
2005 3416 2141 3471 dire.

564 3509 693 3578 ptis,
720 3509 944 3575 eversis,
975 3508 1351 3568 incredibilem
1379 3511 1436 3565 in
1463 3507 1685 3565 modum
1712 3509 1768 3563 in
1796 3509 1943 3564 cives
1963 3507 2151 3562 saevie-

567 3605 672 3663 rat,
689 3614 829 3655 anno
841 3599 945 3652 452
963 3615 1156 3670 magno
1175 3602 1419 3658 exercitu
1436 3607 1769 3673 comparato,
1782 3601 2150 3671 superatisque

565 3685 720 3745 Juliis
745 3689 984 3760 Alpibus,
1012 3692 1067 3746 in
1093 3692 1302 3748 Italiam
1345 3694 1584 3761 irruisse,
1615 3701 1673 3750 et
1701 3693 1937 3759 obsessa,
1969 3700 2147 3763 capta,

567 3778 842 3836 destructa
884 3780 1123 3850 Aquileia
1147 3820 1162 3845 ,
1211 3782 1506 3852 incolisque
1546 3785 1742 3854 partim
1789 3785 2145 3856 interemptis,

565 3874 761 3945 partim
777 3871 1012 3930 redactis
1031 3873 1087 3928 in
1114 3874 1449 3941 servitutem,
1464 3891 1570 3930 non
1587 3877 1843 3946 proximis
1859 3877 2031 3931 solum
2058 3891 2146 3930 re-

565 3967 830 4037 gionibus,
861 3965 960 4025 sed
979 3968 1144 4024 etiam
1168 3967 1550 4024 remotioribus
1569 3976 1832 4026 terrorem
1851 3970 2145 4024 maximum

636 4177 711 4250 (ᾳ)
739 4176 1057 4250 ῌοωὶιμη86,
1088 4191 1211 4250 pag.
1242 4175 1365 4231 287.

636 4246 711 4319 (ὁ)
743 4247 870 4317 l’ag.
901 4247 1005 4302 288
1038 4267 1050 4301 :
1089 4246 1390 4319 VlClNl’l‘AS,
1434 4247 1635 4319 inquit,
1654 4248 1757 4302 ista
1791 4246 2039 4319 bellorum
2071 4249 2138 4301 vi-

561 4317 733 4373 cinum
774 4321 937 4390 magis
985 4319 1131 4374 nobis
1168 4317 1424 4373 Christum
1458 4317 1568 4373 esse
1602 4317 1942 4390 demonstrat.
1970 4318 2139 4390 Atque

559 4390 674 4444 ideo
696 4387 972 4444 venientem
993 4390 1346 4444 adversarium
1366 4391 1544 4457 timere
1565 4404 1670 4442 non
1693 4387 1868 4449 debeo,
1896 4388 2017 4457 quia
2048 4387 2139 4457 per

557 4460 668 4514 [nec
690 4461 841 4532 signa
870 4461 1038 4514 venire
1063 4461 1234 4530 potius
1261 4458 1494 4529 intelligo
1524 4456 1865 4532 Salvatorem.
1893 4456 2136 4532 Quamvis

557 4533 695 4584 enim
715 4527 811 4584 iste
835 4541 1022 4585 metum
1049 4527 1268 4585 incutiat
1297 4527 1648 4599 temporalem,
1678 4527 1766 4581 ille
1790 4537 1959 4581 tamen
1987 4528 2131 4581 salu-

559 4609 659 4654 tem
685 4603 852 4671 defert
888 4603 1275 4671 sempiternam.

631 4670 702 4738 (c)
741 4667 893 4734 lbid.,
925 4667 1046 4739 pag.
1077 4667 1183 4723 289
1215 4689 1227 4722 :
1253 4669 1392 4725 Dum
1429 4671 1567 4724 enim
1596 4670 1735 4724 cauti
1761 4685 1935 4722 sumus
1973 4669 2044 4722 ad
2071 4684 2132 4722 ea

559 4753 673 4808 qua:
701 4741 982 4812 cernimus,
1020 4742 1276 4812 cautiores
1309 4740 1382 4812 ad
1413 4741 1508 4795 illa
1541 4743 1789 4812 efficimur
1815 4757 1932 4812 quia
1959 4756 2132 4809 spera-

507 4832 516 4841 -
560 4806 701 4882 mus.
729 4806 1019 4882 Vir’autein
1047 4811 1320 4882 sapiens...
1350 4810 1471 4863 dum
1507 4806 1750 4882 perspicit
1786 4806 1840 4864 iri
1870 4812 1966 4864 hac
1989 4806 2131 4882 com-

559 4877 701 4931 muni
731 4875 1126 4949 perturbatione,
1160 4881 1409 4949 primores
1439 4875 1573 4934 viros
1611 4875 1851 4934 tuitiones
1880 4883 1934 4934 in
1967 4881 2130 4934 muris

559 4962 891 5022 prteparare;
920 4951 1032 5022 ipse
1054 4947 1372 5022 admonetur,
1404 4950 1831 5019 quemadmodum
1866 4953 1922 5022 in
1953 4954 2130 5022 futura

557 5017 817 5071 eversione
836 5017 1011 5072 mundi
1033 5019 1375 5088 defensionem
1403 5017 1657 5088 praeparet
1681 5017 1972 5074 animabus.
2006 5021 2133 5074 Cer-

558 5088 730 5160 nimus
748 5088 946 5141 armari
980 5087 1424 5160 civitatisportas,
1459 5087 1700 5160 debemus
1731 5094 1888 5142 etiam
1907 5093 2050 5160 prius
2075 5094 2129 5145 in

557 5155 706 5230 nobis
740 5167 914 5230 portas
954 5174 1158 5230 armare
1186 5155 1430 5230 justitiae,
1461 5159 1525 5212 de
1563 5157 1742 5230 quibus
1775 5155 1982 5214 sanctus
1998 5178 2132 5230 pro-

557 5227 714 5300 pheta
740 5227 891 5301 dixit
917 5227 1340 5301 :Aperite’mihi
1356 5239 1533 5300 portas
1569 5227 1824 5301 justitiaz,
1854 5237 1950 5301 etc.
1991 5227 2130 5284 Tunc

557 5299 732 5354 auum
769 5299 990 5353 civitatis
1017 5308 1168 5368 porta
1200 5299 1400 5353 munita
1438 5299 1806 5370 essei‘poterit,
1833 5300 1879 5352 si
1903 5301 2046 5368 prius
2075 5302 2128 5352 in

555 5370 707 5441 nobis
731 5379 896 5441 portae
914 5369 1133 5440 justiliw
1161 5370 1480 5441 muniantur.
1524 5369 1726 5441 Etenim
1757 5369 1888 5423 nihil
1916 5370 2126 5438 prodest

556 5439 971 5512 bellum‘munire
987 5440 1404 5512 propugnaculis,
1438 5449 1488 5494 et
1519 5440 1684 5495 Deum
1710 5456 2125 5512 provocarerpec-

555 5514 705 5583 catis.
745 5508 853 5567 Illa
879 5508 1016 5567 enim
1050 5508 1376 5583 constituitur
1414 5514 1586 5583 ferro,
1615 5508 1760 5564 saxis
1797 5521 1862 5583 et
1888 5508 2130 5583 sudibus;

557 5582 668 5653 {nec
686 5593 921 5639 armatur
945 5581 1334 5648 misericordia,
1359 5579 1702 5653 innocentia,
1737 5581 1990 5653 castitate.
2025 5579 2132 5635 Illa

557 5651 773 5710 telorum
809 5653 1141 5710 multitudine
1185 5651 1503 5721 custoditur,
1545 5652 1655 5708 hac
1675 5652 1966 5708 orationum
2016 5654 2129 5724 {re-

559 5727 766 5789 quentia
785 5726 1096 5794 defenditur.

2237 4812 2332 4872 tia,
2375 4810 2602 4881 fugiendi
2628 4812 2778 4881 prwsi

2239 4883 2359 4936 ritia
2375 4877 2563 4937 ductus
2581 4921 2594 4945 ,
2623 4877 2745 4933 dum
2774 4882 2956 4934 metuis
2979 4881 3186 4934 divitias
3216 4888 3332 4932 tuas
3359 4877 3606 4948 perdere,
3636 4879 3822 4948 impius

2237 4953 2290 5004 in
2323 4960 2541 5004 matrem
2563 4966 2675 5003 esse
2702 4967 2805 5004 non
2830 4950 3053 5005 dubitas.
3083 4948 3230 5004 Unde
3247 4948 3586 5018 intelligimus
3638 4956 3684 5002 te
3702 4948 3822 5018 plus

2235 5023 2464 5090 pecunia:
2483 5030 2586 5074 tua:
2605 5019 2887 5093 consulere,
2911 5037 3065 5093 quam
3085 5019 3267 5093 saluti.
3423 5017 3576 5093 milii.
3605 5034 3654 5093 ρ
3693 5017 3821 5093 bone

2236 5086 2378 5162 civis,
2422 5109 2513 5144 cur
2543 5093 2716 5162 fugere
2758 5086 3029 5161 disponis?
3072 5089 3173 5162 cur
3213 5090 3436 5162 patriam
3476 5086 3823 5162 derelinquis?

2236 5158 2850 5231 Captivitatem'fortasse'
2866 5163 3066 5222 metuis,
3091 5158 3220 5212 dare
3245 5161 3446 5231 veniam
3485 5174 3592 5231 non
3629 5158 3823 5231 intelli-

2235 5227 2418 5300 gis'?...
2451 5231 2594 5284 Dicit
2616 5227 2756 5284 Deus
2781 5231 2849 5284 ad
2873 5231 3152 5292 Abraham,
3185 5245 3276 5299 per
3294 5228 3469 5300 decem
3489 5227 3663 5300 justas
3695 5227 3823 5300 civi-

2237 5297 2396 5370 tatem
2434 5318 2580 5370 posse
2625 5301 2836 5354 salvari.
2886 5300 3029 5355 Male
3067 5297 3227 5370 igitur
3267 5298 3332 5370 de
3357 5308 3404 5351 te
3429 5297 3610 5370 sentis,
3636 5297 3823 5370 popule

2234 5355 2545 5436 Christiune,
2576 5373 2620 5425 si
2647 5371 2700 5424 in
2733 5379 2877 5426 tanta
2901 5380 3028 5425 coetu
3057 5355 3234 5424 nostra
3263 5369 3334 5421 ad
3355 5355 3664 5422 saluandam
3690 5355 3839 5418 ἂνξ-³

2233 5446 2392 5492 tatem
2418 5442 2591 5494 decem
2615 5441 2774 5496 iustos
2803 5457 2914 5496 esse
2932 5458 3038 5496 non
3058 5438 3244 5495 credis.
3274 5437 3414 5491 Dum
3447 5438 3586 5492 enim
3624 5437 3821 5496 deseris

2233 5510 2474 5580 patriam,
2498 5508 2756 5580 proﬁteris
2803 5527 2906 5567 non
2930 5512 2985 5566 in
3005 5528 3065 5566 ea
3087 5525 3200 5565 esse
3222 5508 3427 5580 dignos,
3467 5522 3686 5579 quorum
3705 5521 3819 5558 nte-

2234 5577 2350 5632 ritis
2379 5577 2640 5634 liberetur.

2249 3236 2513 3292 illustrem
2557 3235 2912 3290 existimasse.
2945 3232 3100 3290 Hunc
3125 3233 3268 3290 enim
3295 3233 3363 3288 de
3398 3231 3635 3288 homiliis
3663 3227 3821 3286 sancti

2249 3327 2487 3394 Maximi,
2515 3343 2633 3398 quae
2660 3335 2785 3383 sunt
2811 3326 2874 3381 de
2912 3325 3091 3382 bellico
3121 3323 3395 3392 Tumultu,
3439 3332 3707 3394 agentem,
3743 3333 3817 3376 re-

2250 3420 2376 3476 ferri
2404 3430 2498 3476 eas
2526 3429 2780 3491 oportere
2804 3419 3075 3490 iudicasse
3121 3417 3189 3473 ad
3232 3435 3320 3473 an.
3371 3415 3504 3482 452,
3531 3432 3640 3486 quo
3671 3411 3821 3470 Attila

2250 3511 2563 3567 Hunnorum
2592 3524 2711 3576 rex,
2744 3519 3095 3580 posteaquam
3120 3509 3323 3580 potitus
3362 3506 3664 3564 Mediolano
3709 3503 3819 3567 fuit,

2250 3609 2429 3658 tantos
2451 3601 2552 3656 sibi
2572 3601 2789 3672 spiritus
2816 3600 3059 3670 sumpsit,
3091 3608 3151 3654 ut
3177 3598 3404 3668 Liguria:
3430 3597 3649 3668 reliqua
3674 3593 3823 3650 vasti-

2249 3701 2416 3749 tatem
2454 3691 2650 3748 inferre
2690 3693 2982 3748 minaretur
3012 3693 3106 3765 (α).
3133 3691 3240 3748 Sed
3263 3692 3416 3762 plura
3444 3691 3690 3762 persequi
3718 3704 3820 3743 non

2248 3793 2420 3842 vacat.
2452 3783 2569 3841 Hoc
2594 3784 2841 3854 equidem
2869 3783 3060 3839 addam
3101 3783 3266 3839 breve
3293 3801 3306 3835 :
3334 3779 3528 3838 conﬁci
3566 3793 3670 3835 rem
3696 3795 3817 3832 οω-

2248 3893 2370 3934 nem
2399 3894 2430 3933 a
2458 3876 2688 3933 Maximo
2730 3877 2916 3932 homil.
2963 3873 3064 3944 94,
3094 3891 3214 3946 quae
3252 3881 3334 3930 est
3374 3874 3438 3929 de
3483 3869 3822 3945 Reparatione

2249 3968 2653 4026 Mediolanensis
2678 3969 2922 4035 ecclesia,
2951 3981 3073 4040 pag.
3107 3963 3212 4023 315
3248 3967 3362 4038 seq.
3394 3963 3454 4022 In
3483 3966 3586 4022 hac
3609 3969 3819 4034 captum

2317 4177 2398 4250 (d)
2427 4176 2554 4250 Pag.
2598 4176 2702 4233 505
2726 4193 2839 4248 seq.
2870 4177 3352 4250 :Civitatiinonnisi
3394 4187 3606 4250 propter
3642 4178 3820 4232 ciuium

2243 4249 2510 4320 peccatum
2538 4249 2760 4319 infertur
2788 4250 3063 4303 excidium.
3107 4249 3302 4304 Desine
3339 4266 3458 4358 ergo
3489 4249 3734 4318 peccare,
3771 4256 3821 4301 et

2245 4319 2423 4358 pitvita;
2451 4336 2554 4358 nnn
2585 4318 2768 4358 nos-ibit
2830 4316 2966 4358 nuis!
2999 4321 3131 4358 furnis
3159 4321 3380 4358 nnis-inm
3454 4318 3517 4358 Si
3542 4319 3621 4358 ηδε
3659 4319 3821 4358 mltum

2245 4316 2423 4372 civitas
2451 4336 2555 4374 non
2584 4316 2785 4389 peribit.
2830 4316 2966 4383 Quid
2997 4321 3131 4390 fugis
3157 4316 3418 4390 patriam?
3453 4316 3517 4374 Si
3542 4319 3621 4373 vis
3656 4319 3823 4390 salsus

2245 4405 2373 4461 esse,
2407 4398 2493 4442 tua
2530 4388 2700 4460 patius
2726 4399 2936 4461 peccata
2963 4388 3272 4461 subter[uge.
3307 4389 3366 4461 Si
3397 4397 3448 4442 tu
3477 4405 3710 4461 peccare
3731 4389 3820 4441 de—

2243 4459 2414 4521 sieris,
2447 4458 2608 4513 uictus
2637 4467 2713 4513 est
2746 4460 3097 4514 inimicus.....
3128 4458 3336 4530 Sijusti
3353 4458 3502 4530 sunt,
3515 4459 3604 4530 qui
3630 4458 3822 4512 salvam

2161 4493 2213 4554 υ
2239 4493 2434 4612 ista.
2449 4493 2711 4612 m3;
3126 4493 3818 4610 :.:.:zf':,.::;:z.z;;;;;f:;':

2226 4598 2414 4652 Mater
2440 4598 2829 4671 quodammodo
2847 4598 3011 4653 dulcis
3040 4608 3116 4655 est
3152 4598 3346 4671 patria,
3387 4614 3502 4671 qua;
3539 4607 3586 4671 te
3627 4598 3815 4671 genuit,

2237 4685 2352 4793 πίε
2380 4678 2427 4721 te
2439 4668 2682 4752 nutrivit,
2719 4686 2831 4740 qua:
2868 4679 2924 4722 ut
2950 4673 3127 4742 fugere
3149 4668 3333 4739 possis,
3375 4676 3423 4720 te
3448 4668 3657 4750 diuitem
3683 4669 3820 4738 fecit.

2297 4756 2383 4793 am
2405 4757 2449 4793 st
2469 4739 2559 4793 tibi
2587 4757 2690 4793 non
2717 4749 3005 4793 suppeteret
3031 4748 3318 4793 sumptuum
3350 4753 3561 4793 comosa
3580 4737 3820 4792 substan-

2297 4756 2383 4793 am
2405 4742 2449 4794 si
2469 4739 2560 4793 tibi
2587 4757 2690 4795 non
2717 4737 3318 4810 suppeteret'sumptuum
3350 4738 3561 4810 copiosa
3580 4737 3822 4810 substan-

2784 4758 3005 4862 plreteret
3031 4758 3318 4810 sumptuum
3350 4758 3561 4808 copioso
3580 4758 3820 4792 substan-

2819 4812 2924 4863 ium
2962 4827 3064 4864 non
3093 4809 3338 4874 haberes;
3366 4815 3517 4879 atque
3541 4808 3658 4862 ideo
3694 4825 3820 4861 ava-

2304 5647 2379 5721 (c)
2410 5648 2552 5706 Hist.
2583 5668 2783 5724 genen,
2823 5660 2956 5710 tom.
2985 5650 3124 5720 ΧΠ,
3154 5662 3277 5722 pag.
3309 5645 3432 5706 608.
