4050 6356
252 387 354 443 157

1373 386 1532 441 VITA
1569 386 1624 442 S.
1668 384 1910 440 MAXIMI
1951 382 2420 438 TAURINENSIS.

3425 392 3524 448 I38

244 519 281 558 a
308 501 551 558 barbaris
601 485 955 559 Mediolanum
994 504 1211 570 scribit,
1243 492 1520 568 eversum,
1549 498 1826 575 [cxxxvm]
1854 505 1904 563 Α
1932 498 2096 553 veluti
2145 497 2379 552 recentis
2422 500 2754 566 meminerit;
2804 513 2928 558 sunt
2967 506 3058 574 qui
3103 512 3418 574 argumento
3467 508 3520 563 id
3557 495 3560 498 ’

241 593 487 648 excisum
517 593 609 659 ita,
633 595 708 649 uti
735 594 848 665 jam
873 595 1095 666 periisse
1116 595 1386 650 videretur
1415 595 1513 665 (a).
1556 593 1637 647 Ab
1666 593 1827 647 Attila

240 700 379 741 vero
414 701 534 740 eam
565 688 751 742 urbem
781 687 944 744 fuisse
973 697 1332 760 expugnatam
1373 696 1536 759 atque
1564 686 1828 758 direptam

241 775 417 845 liquet
445 790 514 830 ex
541 777 852 834 testimonio
903 778 1112 850 ﬁdeque
1151 796 1259 836 non
1302 778 1599 835 recentium
1645 777 1824 842 modo,

238 866 342 922 sed
371 874 613 922 veterum
643 868 804 924 etiam
830 869 1230 926 historicorum.
1259 868 1488 936 Contra,
1519 869 1610 940 qui
1654 869 1826 938 majo-

236 981 363 1020 rum
386 965 668 1030 memoria,
691 963 990 1022 Gothorum
1019 967 1071 1022 in
1100 965 1307 1020 Italiam
1341 966 1676 1022 incursiones
1699 980 1825 1036 pcr-

236 1057 414 1112 secuti
435 1057 702 1113 narrando
721 1067 862 1122 sunt,
888 1059 967 1114 sic
985 1059 1180 1114 Alarici
1204 1058 1272 1113 ad
1293 1059 1490 1114 bellum
1517 1065 1823 1129 apparatus,

237 1148 632 1218 expeditiones,
666 1150 876 1216 itinera,
925 1166 1012 1206 res
1055 1151 1287 1222 denique
1313 1159 1493 1220 gestas
1529 1151 1827 1222 descripse-

238 1251 387 1307 runt,
422 1250 479 1296 ut
507 1241 666 1313 plane
707 1243 1008 1309 iudicarint,
1041 1243 1187 1298 illum
1227 1258 1335 1299 non
1364 1242 1536 1298 solum
1565 1258 1672 1298 non
1702 1242 1825 1297 sub-

241 1331 426 1399 egisse
448 1333 788 1404 metropolim
809 1348 928 1388 eam
957 1331 1278 1400 Insubrium,
1301 1332 1396 1388 sed
1425 1348 1494 1388 ne
1519 1346 1827 1404 oppugnare

237 1422 461 1492 quidem
491 1422 808 1480 obsidereve
835 1425 1061 1495 cepisse
1085 1423 1180 1497 (b).

318 1513 596 1570 Postremo
624 1513 768 1586 quod
793 1515 861 1571 de
889 1516 1095 1585 legibus
1116 1525 1393 1587 opponunt
1421 1518 1820 1588 imperatorum,

240 1606 438 1678 quibus
465 1607 811 1663 constitutum
858 1616 996 1674 erat,
1025 1617 1088 1664 ut
1125 1610 1400 1682 sacrilegia
1428 1610 1688 1665 idolorum
1733 1611 1825 1664 de-

240 1707 578 1765 struerentur,
631 1699 750 1755 leve
795 1700 1017 1770 perinde
1065 1709 1166 1756 est.
1212 1700 1320 1756 Cur
1364 1702 1509 1756 enim
1556 1701 1621 1755 ad
1653 1702 1822 1769 legem

231 1799 479 1860 spectare
505 1790 792 1846 Theodosii
818 1790 1052 1847 Junioris
1077 1801 1134 1848 et
1162 1792 1523 1848 Valentiniani
1551 1791 1616 1846 Ill
1654 1791 1823 1848 Maxi-

1935 606 2056 645 esse
2114 599 2335 661 putent,
2395 607 2500 646 non
2545 602 2666 662 post
2713 597 2883 652 multo
2925 599 3088 654 fuisse
3133 600 3232 670 ipsi
3281 601 3519 657 delatum

1933 697 2125 737 munus
2177 683 2532 752 episcopatus.
2593 682 2687 739 Est
2739 687 2852 742 haec
2899 691 3201 759 sententia,
3257 701 3316 745 ut
3366 693 3521 748 nobis

1932 773 2093 827 etiam
2144 773 2375 842 videtur,
2429 777 2749 845 propensior
2775 778 2842 832 ad
2871 780 3174 836 veritatem.
3229 781 3334 838 Sed
3383 785 3520 854 ipse-

1934 879 2001 919 ne
2041 863 2302 934 Maximus
2340 867 2542 936 primus
2591 866 2784 937 fuerit,
2841 886 3012 926 necne
3053 875 3275 929 antistes
3330 875 3517 931 Tauri-

1933 959 2198 1026 nensium,
2229 959 2482 1014 nonnulla
2525 968 2610 1014 est
2638 961 2776 1016 inter
2814 963 3052 1020 eruditos
3086 966 3231 1022 viros
3267 969 3512 1024 certatio.

1929 1049 2064 1105 Nam
2102 1050 2266 1107 fuisse
2319 1053 2526 1123 aliquos
2582 1052 2859 1123 intelligo,
2905 1057 2994 1125 qui
3050 1074 3170 1112 eum
3225 1059 3414 1127 legisse
3458 1077 3518 1116 se

1928 1139 2202 1209 dicerent,
2259 1143 2455 1197 vixisse
2508 1143 2767 1213 quosdam
2821 1144 3071 1214 Augusta:
3121 1147 3516 1219 Taurinorum,

1929 1236 2090 1290 etiam
2115 1252 2235 1292 cum
2271 1236 2531 1291 Maximus
2559 1247 2773 1305 gereret
2801 1239 3192 1310 episcopatum,
3213 1244 3304 1314 qui
3332 1245 3516 1313 illigati

1929 1327 2396 1398 superstitionibus
2442 1328 2676 1382 inanium
2743 1329 2965 1384 deorum
3019 1342 3244 1398 essent;
3295 1333 3516 1405 jamque

1929 1436 2049 1474 διες.
2083 1438 2156 1487 iv,
2178 1435 2300 1475 cum
2336 1418 2580 1476 Julianus
2617 1419 2908 1477 Parabates
2956 1423 3180 1493 imperio
3228 1428 3514 1496 potiretur,

1931 1513 2018 1567 vix
2085 1530 2383 1584 perpaucos
2447 1515 2757 1582 exstitisse,
2835 1516 2927 1584 qui
2996 1516 3309 1572 Christiana!
3377 1521 3516 1575 mili-

1929 1608 2014 1660 tize
2058 1605 2296 1678 [cxxxlx]
2327 1607 2543 1661 nomina
2591 1607 2896 1673 dedissent;
2929 1616 3038 1662 tum
3085 1610 3332 1664 concludi
3387 1613 3512 1668 hinc
3623 1595 3628 1602 r

1928 1715 2089 1769 posse
2129 1697 2453 1766 iudicarent,
2488 1708 2592 1753 tam
2623 1700 2818 1768 exiguo
2845 1716 3067 1755 numero
3087 1701 3513 1760 Christianorum

1929 1792 2237 1863 pnefectum
2263 1792 2499 1862 episcopi
2529 1792 2788 1865 dignitate
2810 1791 2970 1848 fuisse
2991 1795 3290 1860 neminem;
3322 1796 3517 1867 primo-

228 1897 354 1936 mus
382 1881 730 1950 nequivisset,
750 1897 869 1953 qua:
890 1882 1013 1938 data
1038 1899 1126 1938 an.
1151 1882 1254 1936 426
1282 1882 1399 1948 fuit,
1433 1882 1618 1939 iisdem
1646 1883 1821 1939 Theo-
1853 1885 1902 1946 B
1926 1899 2031 1952 que
2059 1883 2297 1938 omnium
2329 1882 2560 1937 Maximo
2585 1883 2636 1937 id
2665 1883 2886 1937 honoris
2914 1883 3076 1938 fuisse
3106 1883 3322 1939 Taurini
3347 1886 3514 1941 tribu-

224 1973 386 2029 dosio
433 1972 520 2028 XII
571 1984 626 2030 et
664 1974 1040 2032 Valentiniano
1082 1975 1150 2030 IV
1182 1976 1350 2046 Augg.
1383 1993 1521 2033 coss.
1568 1976 1675 2049 (c)?
1713 1975 1821 2032 Fac

227 2075 416 2120 tamen
447 2075 664 2122 sanctus
694 2067 920 2123 antistes
947 2068 1014 2121 ad
1043 2083 1164 2122 eam
1188 2069 1360 2137 legem
1390 2068 1683 2123 adverterit
1702 2069 1818 2123 ani-

220 2170 399 2222 mum,
447 2171 567 2226 qua:
613 2173 699 2210 an.
745 2155 846 2210 59I
901 2173 932 2211 a
979 2155 1353 2212 Valentiniano
1399 2155 1440 2211 II
1484 2157 1820 2228 promulgata

222 2248 439 2311 fuerat;
473 2247 628 2302 facile
671 2249 816 2303 enim
845 2248 1055 2319 patiar:
1099 2248 1193 2302 sed
1221 2248 1348 2318 quid
1376 2249 1649 2311 obstabat,
1692 2249 1820 2318 quin

221 2354 302 2392 ea
331 2338 604 2393 tricesimo
632 2338 716 2393 vel
745 2338 1158 2407 quadragesimo
1180 2339 1340 2392 etiam
1371 2346 1496 2408 post
1516 2354 1656 2392 anno
1681 2340 1822 2407 (cum

225 2428 414 2484 adhuc
460 2429 573 2498 ipsa
619 2429 726 2483 vim
773 2429 1073 2493 obtineret,
1107 2445 1352 2500 novaque
1381 2428 1672 2485 Theodosii
1703 2429 1744 2483 II
1772 2438 1827 2484 et

223 2519 595 2576 Valentiniani
618 2517 681 2574 III
703 2519 1089 2576 constitutione
1120 2519 1326 2574 llrmata
1347 2520 1514 2591 esset)
1542 2521 1594 2575 in
1623 2536 1826 2576 memo-

220 2611 370 2663 riam
412 2625 440 2663 a
491 2609 723 2664 Maximo
763 2609 1098 2679 redigeretur
1128 2611 1212 2674 iis,
1243 2612 1333 2680 qui
1381 2611 1624 2666 eamdem
1655 2612 1822 2681 ipsam

221 2699 452 2770 exsequi
479 2700 578 2770 (ά),
604 2701 680 2756 uti
715 2715 812 2771 par
839 2708 978 2762 erat,
1021 2701 1265 2770 tuerique
1307 2702 1678 2770 negligerent?
1706 2701 1822 2758 Non

215 2791 379 2846 enim
407 2791 464 2846 S.
493 2791 684 2862 prmsul
707 2806 849 2853 eam,
876 2790 1028 2860 cujus
1054 2792 1313 2856 meminit,
1348 2791 1522 2860 legem
1545 2802 1820 2848 recentem

222 2882 401 2936 fuisse
425 2881 579 2947 dixit,
611 2897 733 2938 cum
762 2898 1066 2938 sermonem
1105 2879 1173 2936 81
1196 2884 1262 2938 ad
1291 2884 1547 2954 populum
1576 2885 1821 2941 haberet.

110 3009 112 3011 -
221 2971 391 3040 Quod
420 2972 464 3028 si
491 2972 743 3030 set-mune
789 2973 908 3038 101,
939 2988 1060 3044 pag.
1094 2973 1218 3037 658,
1263 2975 1410 3044 leges
1460 2976 1546 3031 ille
1588 2992 1824 3033 comme-

220 3071 411 3118 morat
429 3064 750 3134 principum,
774 3065 966 3136 quibus
985 3073 1198 3120 cautum
1228 3066 1420 3131 fuerat,
1456 3084 1522 3123 ne
1541 3068 1649 3124 ludi
1669 3069 1822 3126 dein-

222 3171 366 3227 ceps
387 3155 712 3212 haberentur
737 3158 1092 3226 gladiatorum
1109 3158 1202 3230 (e);
1225 3175 1318 3215 eas
1333 3161 1546 3231 quidem
1569 3171 1714 3218 certe
1738 3179 1825 3218 ne-

1923 1981 2034 2027 tum
2089 1973 2498 2027 arbitrarentur.
2555 1972 2725 2027 Secus
2757 1972 3091 2028 Novaliensis
3123 1977 3421 2032 monachus
3447 1979 3514 2032 de

1922 2081 2030 2135 quo
2057 2080 2215 2135 supra
2264 2072 2346 2118 est
2389 2063 2818 2118 demonstratum
2847 2065 3188 2119 existimavit.
3232 2067 3298 2132 Is,
3331 2070 3515 2124 nescio

1922 2171 2084 2227 quem
2114 2164 2391 2210 auctorem
2417 2164 2651 2231 secutus,
2677 2156 2932 2224 Civitatis,
2960 2159 3149 2227 inquit,
3176 2159 3514 2217 Taurinensis

1924 2249 2162 2317 episcopo
2182 2264 2276 2316 per
2301 2257 2516 2300 mortem
2539 2249 2740 2301 sublato
2763 2248 2825 2301 de
2845 2250 3032 2311 medio,
3052 2251 3228 2304 beatus
3252 2251 3515 2307 Maximus

1927 2355 2016 2407 per
2046 2338 2246 2391 beatum
2305 2337 2528 2394 Leonem
2572 2341 2639 2391 ad
2678 2339 2965 2392 Ecclesium
2997 2339 3366 2396 Taurinensem
3400 2347 3514 2414 epi-

1926 2445 2114 2498 sc0pus
2135 2437 2209 2483 est
2232 2429 2536 2493 destinatus,
2556 2439 2605 2483 et
2625 2447 2728 2483 non
2756 2429 2868 2483 sine
2889 2447 3079 2501 magna
3103 2433 3278 2502 populi
3306 2419 3512 2501 laetitia,

1927 2529 1976 2573 et
2001 2518 2238 2574 laudibus
2270 2519 2408 2572 intra
2437 2520 2613 2574 urbem
2656 2519 3026 2596 Taurinensem
3053 2524 3152 2593 fuit
3180 2536 3430 2595 receptus,
3463 2538 3514 2581 et

1926 2614 1981 2664 in
2009 2611 2132 2665 sede
2159 2627 2252 2665 sua
2282 2612 2501 2666 locatus.
2533 2612 2606 2666 De
2633 2611 2831 2676 Leone,
2866 2613 2956 2683 qui
2977 2613 3141 2668 frater
3165 2614 3324 2669 fuerit
3343 2615 3513 2672 Maxi-

1927 2701 2021 2767 mi,
2055 2702 2336 2772 ipsumque
2367 2701 2655 2756 Maximum
2688 2702 2871 2758 Romae
2903 2704 3185 2774 degentem
3215 2705 3514 2764 Taurinen-

1925 2793 2074 2847 sibus
2094 2791 2394 2863 prmfecerit
2424 2792 2568 2862 (cum
2598 2792 2830 2846 fabulam
2869 2793 3032 2866 oleat)
3065 2811 3168 2850 non
3198 2783 3404 2853 laboro.
3443 2801 3515 2855 De

1926 2881 2142 2938 Maximi
2197 2883 2498 2946 decessore,
2531 2882 2673 2951 quod
2726 2883 3020 2938 monachus
3078 2885 3215 2941 idem
3251 2888 3510 2960 adiungit,

1926 2973 2173 3044 equidem
2196 2971 2384 3029 adduci
2414 2989 2520 3028 non
2543 2990 2780 3044 possum,
2815 2983 2871 3028 ut
2902 2975 2952 3028 in
2986 2975 3131 3031 falsis
3170 2994 3289 3034 esse
3320 2998 3509 3038 nume-

1926 3067 2152 3122 randum
2182 3073 2383 3137 putem.
2417 3066 2549 3121 Nam
2571 3067 2636 3128 si,
2668 3066 2795 3136 quia
2828 3076 2982 3122 erant
3013 3085 3043 3122 v
3073 3073 3270 3126 saeculo
3300 3074 3352 3128 in
3382 3090 3513 3145 agro

1928 3156 2243 3215 Taurinensi
2258 3157 2494 3212 cultores
2507 3157 2794 3222 idolorum,
2809 3159 3137 3216 censendum
3154 3163 3512 3228 esset,Tauri-

223 3263 344 3318 que
370 3255 428 3302 ut
451 3263 620 3304 novas
642 3257 1028 3305 commemorat
1051 3251 1154 3321 (ί),
1180 3266 1352 3320 neque
1383 3252 1427 3306 si
1455 3267 1640 3307 earum
1662 3254 1822 3309 ullam
1850 3259 1897 3323 ο
1931 3265 2124 3304 nenses
2162 3248 2388 3320 prmside
2415 3264 2690 3304 sacrorum
2719 3249 2787 3303 ad
2815 3258 3058 3320 tempora
3088 3268 3254 3322 usque
3300 3254 3513 3312 Maximi

225 3339 468 3395 dixisset
488 3356 682 3395 novam
709 3355 850 3395 anno
866 3338 972 3392 M5
1000 3341 1081 3395 vel
1104 3341 1225 3407 420,
1240 3342 1526 3412 quidquam
1545 3345 1826 3401 extulisset

225 3431 382 3503 quod
399 3433 572 3488 minus
588 3448 707 3489 esse
723 3449 906 3488 verum
920 3433 1207 3489 videretur.
1227 3433 1358 3489 Nam
1375 3450 1494 3505 qua:
1510 3443 1634 3490 ante
1652 3453 1824 3492 annos

224 3523 508 3580 sexdecim
539 3524 663 3579 data
705 3511 793 3580 lex
834 3534 948 3592 est,
998 3541 1060 3580 ca
1091 3525 1334 3596 profecto
1361 3526 1466 3580 dici
1496 3543 1687 3582 recens
1717 3513 1823 3582 non

226 3616 468 3673 absurde
496 3626 690 3688 potest.
719 3617 828 3674 Lex
859 3627 1038 3674 autem
1063 3620 1130 3674 ab
1160 3617 1400 3674 Honorio
1429 3636 1493 3675 ea
1520 3620 1587 3675 de
1615 3636 1675 3676 re
1716 3622 1824 3676 lata

228 3724 326 3762 an.
358 3707 462 3762 405
503 3709 584 3763 vel
628 3708 854 3763 404Iuit
895 3710 990 3781 (g).
1037 3709 1176 3764 Nihil
1219 3719 1302 3764 est
1342 3711 1502 3778 igitur
1541 3712 1685 3781 quod
1724 3728 1824 3767 nos

227 3800 536 3868 deterreat,
557 3816 624 3855 ne
647 3801 966 3855 arbitremur
981 3799 1292 3867 Maximum,
1315 3801 1510 3855 saeculo
1531 3801 1746 3854 demum
1770 3818 1823 3867 v,

230 3907 349 3946 non
379 3899 505 3945 ante
526 3908 615 3946 an.
640 3889 766 3958 415,
795 3890 1090 3945 Innocentii
1118 3890 1137 3944 I
1169 3889 1436 3960 pontiﬁcis
1483 3891 1701 3946 maximi
1732 3908 1818 3946 an.

233 3978 334 4047 14,
381 3982 694 4050 episcopum
728 3980 886 4035 fuisse
929 3981 1128 4034 dictum
1157 3981 1584 4037 Taurinensium.

309 4070 400 4126 111.
455 4071 568 4137 Quo
611 4082 836 4144 tempore
863 4071 1126 4127 Maximus
1155 4075 1330 4128 inierit
1369 4077 1824 4147 episcopatum.—-
1859 4133 1876 4146 ,

229 4161 359 4217 Jam
388 4179 507 4218 cum
531 4153 791 4218 Maximus
818 4163 1005 4234 synodi
1035 4163 1291 4220 adversus
1314 4164 1530 4235 impiam
1558 4164 1826 4223 Joviniani

229 4261 444 4310 sectam
468 4263 827 4322 congregatm,
860 4255 1120 4324 legisque,
1147 4261 1204 4309 ut
1234 4255 1478 4324 vidimus,
1509 4273 1596 4312 an.
1630 4257 1735 4312 M2
1756 4261 1822 4315 ab

228 4345 482 4402 Honorio
531 4346 771 4414 Augusto
814 4347 868 4400 in
913 4353 1115 4401 sectam
1163 4347 1407 4403 eamdem
1450 4349 1821 4419 promulgatae,

1927 3341 2192 3404 caruisse;
2235 3355 2302 3394 eo
2349 3339 2561 3393 demum
2609 3339 3014 3405 deducerentur,
3043 3350 3101 3394 ut
3148 3344 3512 3401 confitendum

1930 3442 2084 3496 nobis
2115 3448 2260 3495 esset
2299 3446 2424 3494 ante
2457 3439 2732 3494 Aurelium
2772 3439 2977 3495 nullmu
3007 3441 3170 3496 fuisse
3197 3444 3509 3516 episcopum

1928 3539 2458 3611 Carthaginensium;
2489 3546 2546 3593 et
2573 3544 2700 3593 ante
2729 3537 3020 3605 Liberium,
3053 3542 3139 3596 vel
3162 3551 3286 3598 ante
3314 3545 3502 3601 Dama-

1929 3657 2070 3704 sum,
2094 3639 2415 3696 Christianis
2442 3638 2627 3693 Roma:
2659 3637 2928 3708 pontiﬁcis
2956 3639 3216 3708 dignitate
3247 3647 3514 3703 neminem

1933 3741 2226 3812 praefuisse,
2251 3755 2357 3809 qua
2377 3753 2438 3794 re
2461 3738 2589 3808 quid
2621 3737 2745 3808 ﬁngi
2787 3747 2968 3809 potest
3001 3743 3320 3799 absunlius?
3342 3747 3515 3817 Atque

1932 3843 1988 3897 in
2014 3839 2424 3908 Carthaginensi
2451 3852 2581 3908 agro
2603 3839 2786 3910 plures
2806 3839 2988 3905 fuisse,
3015 3843 3106 3913 qui
3136 3843 3398 3903 idolorum
3419 3866 3512 3905 su-

1932 3943 2250 4016 perstitione
2281 3948 2610 4005 tenerentur,
2643 3941 2769 3996 dum
2800 3941 3046 3999 Aurelius
3065 3957 3278 4014 gereret
3303 3950 3512 4019 episco-

1930 4053 2134 4115 patum;
2154 4057 2274 4097 cum
2290 4057 2358 4097 ex
2379 4040 2496 4095 aliis
2517 4041 2759 4110 pluribus
2785 4044 3160 4106 monumentis,
3181 4053 3292 4100 tum
3309 4063 3372 4102 ex
3398 4049 3515 4120 lege

1933 4144 2159 4201 Honorii
2186 4153 2242 4199 et
2267 4142 2555 4198 Theodosii
2611 4144 2993 4213 imperatorum
3023 4146 3098 4215 (h)
3139 4163 3227 4202 an.
3260 4149 3364 4202 415
3409 4153 3514 4209 lata

1933 4245 2254 4317 perspicitur
2287 4261 2298 4296 :
2334 4243 2518 4298 Romae
2542 4258 2671 4298 vero
2701 4259 2768 4298 eo
2795 4259 2963 4313 usque
2992 4245 3317 4316 impudentia
3342 4252 3516 4307 idolo-

1932 4352 2190 4404 latrarum
2239 4345 2429 4410 evasit,
2455 4352 2514 4400 ut
2542 4360 2630 4398 an.
2663 4343 2786 4410 584,
2812 4359 2921 4414 quo
2966 4354 3208 4417 tempore
3256 4349 3513 4406 Damasus

305 4479 646 4554 (aLQui‘dam
671 4481 894 4554 imperiti
921 4482 1074 4554 nimis
1098 4481 1401 4551 interpretes
1425 4484 1629 4554 [uerunt
1649 4483 1825 4538 dicen-
1849 4489 1907 4551 ι)
1929 4483 2264 4538 sanctionum
2293 4481 2614 4554 auctoritate
2634 4479 2928 4554 prohibitis
2947 4479 3320 4554 interdicimus
3335 4524 3348 4546 ,
3381 4502 3515 4540 cuu-

233 4549 550 4608 tesYPeriit
579 4551 686 4604 haec
727 4550 929 4623 civitas,
958 4550 1189 4620 collapsa
1227 4549 1304 4605 est
1341 4549 1577 4618 ecclesia,
1603 4569 1707 4607 non
1741 4563 1819 4608 est
1851 4549 1887 4551 ⁷
1929 4563 2124 4623 ctaque
2169 4566 2357 4623 eorum
2400 4550 2544 4613 fana,
2593 4549 2790 4617 templa
2811 4591 2826 4614 ,
2873 4549 3116 4623 delubra,
3147 4551 3191 4602 si
3219 4566 3323 4623 qua
3353 4555 3516 4608 etiam

231 4626 349 4698 jam
379 4638 537 4676 causa
558 4620 773 4674 vivendi.
813 4619 927 4674 Imo
965 4619 1121 4674 causa
1155 4631 1230 4674 est
1257 4623 1454 4702 Ρἰιηιὶιω
1498 4624 1825 4694 sanctiusque

231 4693 460 4766 vivendi,
481 4692 600 4762 quia
617 4689 761 4766 petis
799 4692 1142 4766 omnipotens,
1181 4707 1266 4762 qui
1291 4699 1486 4766 _cuncta
1504 4692 1616 4766 _liwc
1639 4710 1828 4766 magna

233 4781 350 4817 cum
380 4761 573 4832 pietate
593 4761 880 4831 dispensat,
899 4761 1125 4832 hostium
1157 4761 1397 4832 manibus
1417 4763 1692 4829 civitatem,
1722 4761 1826 4818 non

267 4851 349 4888 ua:
381 4830 438 4886 in
469 4830 610 4885 vobis
644 4830 742 4897 est,
765 4831 856 4884 sed
885 4831 1180 4885 habitacula
1210 4831 1425 4886 tradidit
1453 4834 1704 4896 civitatis;
1734 4851 1826 4887 nec

267 4903 534 4959 Ecclesium
554 4917 721 4967 suam,
750 4917 864 4971 qua:
883 4918 995 4955 rere
1027 4914 1103 4955 est
1135 4900 1394 4967 Ecclesia,
1417 4903 1647 4955 consumi
1669 4905 1828 4971 jussit

237 4920 534 4959 bcctesram
554 4920 721 4967 suam,
750 4920 864 4971 qua:
883 4920 995 4955 rere
1027 4920 1103 4955 est
1135 4920 1394 4967 ecclesia,
1417 4920 1647 4955 consumi
1731 4920 1827 4956 ssu

237 4971 622 5042 incendio;sed
643 4987 735 5040 pro
756 4980 935 5042 nostra
953 4973 1292 5042 correptione,
1311 4973 1630 5040 receptacula
1655 4920 1827 5042 gele-

239 5045 335 5096 sia:
361 5039 787 5113 permisiteauri.
811 5039 1284 5113 Paulus_di_aconus
1307 5043 1397 5095 lib.
1425 5039 1518 5113 xv,
1543 5055 1663 5113 pag.
1690 5040 1822 5113 655;

241 5109 370 5166 edit.
411 5109 801 5166 Amstelodam.
831 5110 1122 5182 a_n.7162'5,
1153 5111 1437 5182 diripuisse
1465 5109 1827 5182 AttilamiMe-

246 5182 524 5237 diolanum
553 5189 756 5246 narrat,
781 5180 876 5234 sed
901 5181 969 5234 ab
1009 5181 1132 5249 igne
1171 5180 1352 5236 tamen
1381 5180 1630 5248 ferroque
1659 5181 1826 5235 absti-

245 5249 648 5322 nuisse.mem
675 5251 728 5304 id
753 5251 823 5322 sit
843 5265 1143 5320 repugnans
1165 5252 1339 5306 verbis
1360 5251 1648 5322 synchroni
1671 5250 1831 5305 Maxi-

249 5321 342 5389 mi,
372 5321 603 5392 quisque
631 5320 820 5375 cernit.

321 5387 408 5474 (bi:
428 5387 630 5474 Come!
656 5405 863 5474 993.3}
882 5387 1004 5474 νθῙυε
1023 5391 1217 5474 anatis,
1247 5390 1668 5474 supparibusque
1693 5391 1827 5474 seri:

250 5459 494 5529 ptoribus
519 5459 736 5528 collegit
764 5459 1136 5530 Tilleinontius
1153 5500 1166 5524 .
1214 5459 1498 5530 retulitque
1526 5459 1834 5530 injﬂonorii

253 5528 469 5602 Augusti
499 5530 784 5602 Ifit.,tom.
809 5531 854 5602 Υ
886 5528 1086 5602 Hister.
1113 5528 1532 5602 imperator_.7art.
1565 5529 1631 5584 I6
1659 5531 1828 5587 et'I8.

322 5599 610 5674 ('c)_
642 5600 908 5674 Theodos.
948 5599 1049 5674 ιιι).
1093 5599 1213 5674 xvi,
1263 5601 1346 5674 tit.
1379 5600 1465 5674 I9,
1507 5602 1570 5655 de
1614 5604 1834 5674 paganis

257 5667 541 5751 Sacriﬁciis
569 5679 619 5723 et
652 5670 906 5741 Templis,
948 5669 1066 5751 lege
1103 5668 1174 5751 :25
1210 5668 1522 5751 {.OIIIIIIIIIIS
1559 5667 1834 5751 scelerata:

258 5740 451 5810 mentis
479 5754 697 5810 pagana:
723 5740 1062 5796 exsecrandis
1108 5740 1404 5794 hostiarum
1452 5740 1832 5794 immolationi-

260 5806 376 5871 bns,
401 5806 820 5877 «humandisque
847 5811 1142 5870 sacriﬁciis.
1165 5810 1475 5878 ceterisque
1497 5810 1836 5878 antiquarum

542 5901 810 5960 Ριτιοι..
860 5899 1045 5960 LVII.

1931 4617 2072 4679 nunc
2093 4629 2300 4678 restant
2321 4621 2546 4686 integra,
2570 4625 2840 4690 pnecepto
2862 4617 3267 4690 magistratuum
3291 4621 3516 4690 destrui,

1929 4694 2392 4760 collocationeque
2417 4685 2736 4740 veneranda-
2753 4685 3067 4738 Christianae
3082 4687 3356 4754 religionis
3380 4685 3516 4760 signi

1931 4763 2141 4840 expiari
2151 4758 2526 4840 'pt‘mc-ipimu's,
2551 4764 2656 4808 etc.

2002 4823 2083 4900 id)
2121 4823 2253 4900 Yide
2280 4823 2944 4900 Maximisermoneni_82,
2979 4839 3100 4900 pag,
3133 4827 3256 4900 ϐω.

2004 4895 2075 4970 (e)
2115 4899 2243 4970 Yide
2281 4896 2467 4970 φθόις.
2499 4895 2540 4949 Τ
2545 4895 2792 4962 heodos.,
2820 4895 2911 4949 lib.
2941 4912 3036 4961 xv,
3064 4897 3145 4950 tit.
3181 4898 3266 4965 I2,
3300 4902 3363 4956 de
3390 4903 3516 4959 Gla-

1935 4966 2221 5023 diatoribus
2243 5011 2257 5034 ,
2288 4967 2403 5034 lege
2435 4966 2482 5019 l.

2009 5043 2025 5110 (
2040 5042 2089 5111 f)
2111 5032 2293 5114 _Serm.
2321 5032 2442 5114 IIII,
2466 5049 2584 5114 pag.
2611 5032 2715 5114 658
2740 5053 2752 5088 :
2782 5035 2944 5114 .Sicut
2968 5037 3313 5114 gladiatorum
3337 5045 3518 5114 publi-

1935 5107 2049 5193 cani
2073 5107 2298 5193 facinus
2345 5108 2587 5193 religiosa
2613 5107 2930 5193 principum.
2961 5107 3225 5193 deuotione
3263 5107 3519 5193 sublatum

1933 5192 2038 5245 est;
2069 5176 2142 5234 ita
2169 5189 2218 5233 et
2245 5176 2471 5232 amentes
2502 5176 2814 5249 gladiatores
2843 5178 2930 5230 isti
2971 5179 3187 5248 (nempe
3227 5185 3519 5241 sacerdotes

1937 5250 2125 5304 Diana:
2152 5265 2390 5302 arvorum
2424 5247 2691 5313 'numinis)
2732 5247 3128 5301 christianitatis
3166 5248 3517 5310 observatione

1935 5321 1997 5384 de
2023 5321 2244 5389 propriis
2267 5318 2538 5389 domiciliis
2567 5318 2888 5389 auferantur.

2085 5339 2244 5389 opms
2267 5339 2538 5372 αοηιισιιιιδ
2567 5339 2888 5386 αιιιεηιηιιιτ.

2008 5339 2866 5462 ὥς-ΥἱάιξΤιιροᾱίιιειιιιιιι,’ᾕζιἐ
2910 5402 2941 5439 v
2980 5386 3184 5462 Ηὶειρε.
3233 5392 3517 5462 ecclesia".

1936 5454 2157 5530 capi'26
2187 5457 2318 5514 edit.
2353 5456 2572 5530 Taurin.
2599 5471 2704 5530 _an.
2731 5454 2890 5530 ηιξ,
2917 5471 3039 5525 pag.
3066 5457 3199 5530 205;
3223 5458 3516 5530 _Qothofre-

1937 5524 2062 5585 du'm
2105 5531 2157 5583 in
2197 5534 2440 5582 annotat.
2490 5525 2556 5580 ad
2589 5525 2702 5595 leg.
2730 5524 2782 5591 l,
2815 5524 2932 5595 lib.’
2956 5543 3044 5595 xv,
3077 5529 3160 5582 tit.
3215 5527 3283 5580 ιε
3319 5529 3520 5586 codicis

1937 5598 2321 5665 Theodosiani,
2353 5611 2472 5666 pag.
2507 5594 2645 5666 398,
2674 5595 2814 5666 edit.
2850 5594 3092 5666 Lugdun.
3126 5613 3212 5650 an.
3248 5595 3432 5666 _I6_65;
3464 5609 3519 5654 et

1939 5663 2571 5722 Tillemontiumin'Vita
2595 5664 2840 5729 Honorii,
2863 5674 2963 5718 art.
2987 5665 3076 5730 ω,
3109 5674 3220 5720 ιοιιι
3248 5663 3288 5715 ν
3313 5664 3513 5724 Hister.

1937 5741 2234 5806 imperator.

2014 5803 2090 5876 (Ir)
2121 5807 2251 5860 Cod.
2289 5806 2578 5868 Theodos.,
2611 5806 2700 5858 lib.
2736 5819 2820 5855 xvi
2870 5803 2948 5854 tit.
2989 5803 3070 5856 l0.
3099 5804 3201 5870 leg.
3234 5803 3316 5858 ιο.

3073 5891 3112 5952 5
