4050 6356
535 303 642 363 143
1667 282 1823 342 VITA
1864 279 1922 337 S.
1957 273 2198 334 MAXIM]

536 419 696 478 idolis
732 416 959 480 scirent,
989 424 1090 468 nec
1113 405 1501 481 prohiberent,
1527 402 1646 474 ejus
1682 415 1805 457 esse
1831 393 2120 470 participes
2151 394 2194 452 Α

2237 269 2709 336 raumnansrs.
2795 241 2802 248 ’
3763 257 3890 316 ut

2225 405 2413 460 quare,
2443 365 2664 460 agerent
2697 400 2888 444 severe
2915 392 2971 441 et
3013 382 3268 453 graviter,
3306 389 3368 438 ut
3400 380 3500 452 qui
3533 377 3887 436 sacriﬁculi

538 475 854 583 impietatis,
881 475 1071 572 utqui,
1099 475 1200 556 etsi
1221 498 1434 569 copiam
1452 511 1559 552 non
1577 493 1788 554 darent,
1803 488 1922 559 ejus
1941 497 2124 542 tamen
2225 487 2440 559 pejores
2468 495 2652 540 essent
2696 480 3114 552 gladiatoribus,
3164 477 3218 533 hi
3259 475 3328 532 de
3381 475 3885 532 Christianorum

539 578 805 666 foverent,
851 596 977 652 dum
1005 608 1113 648 non
1154 590 1489 652 cohiberent,
1519 584 1808 642 licentiam.
1837 582 1912 636 Ac
1935 578 1986 637 si
2015 591 2122 632 non

539 693 705 764 iussio
735 698 842 754 tua,
874 685 1068 756 inquit,
1100 690 1157 738 at
1183 691 1267 738 est
1287 691 1470 736 tamen
1497 677 1747 734 voluntas
1783 674 1838 728 in
1877 669 2121 727 crimine.

537 785 678 842 Dum
704 783 843 838 enim
870 789 1030 846 taces,
1056 777 1225 848 placet
1263 773 1355 829 tibi
1396 771 1534 844 quod
1565 770 1686 843 fecit
1712 767 1932 822 rusticus
1968 772 2124 816 tuus:

537 875 758 950 quodsi
799 889 904 928 non
951 871 1176 942 faceret,
1226 865 1448 938 forsitan
1493 861 1807 932 displiceret.
1843 853 1964 910 Non
1991 853 2129 908 enim

540 946 642 1025 sibi
666 975 866 1022 tantum
889 969 1065 1034 peccat
1091 957 1324 1014 subditus
1344 972 1458 1010 cunt
1487 953 1772 1023 sacriﬁcat,
1799 948 1892 1004 sed
1910 957 1962 1002 et
1981 946 2128 1000 dom-

543 1060 714 1122 nedio,
737 1057 822 1130 qui
853 1072 957 1110 non
971 1044 1255 1124 'prohibel,‘
1285 1048 1373 1120 qui
1399 1049 1443 1101 si
1473 1043 1792 1118 prohiberet,
1824 1040 1998 1112 utique
2025 1053 2131 1091 non

542 1126 796 1224 peccaret.
827 1142 1038 1200 Grande
1075 1143 1234 1214 igitur
1260 1139 1455 1194 malum
1485 1145 1562 1190 est
1581 1132 1900 1190 idololatria.
1934 1126 2132 1183 Polluit

543 1248 838 1297 exercentes
855 1277 870 1302 ,
893 1234 1076 1306 polluit
1119 1231 1410 1286 habitantes
1427 1270 1441 1296 ,
1465 1226 1647 1298 polluit
1669 1225 1926 1278 intuentes
1942 1263 1957 1288 ,
1979 1234 2135 1291 pene-

547 1341 651 1388 trat
678 1330 748 1384 ad
790 1329 1052 1382 ministros
1077 1365 1092 1391 ,
1131 1328 1362 1394 penetrat
1391 1318 1461 1372 ad
1505 1318 1766 1379 conscios,
1799 1318 2034 1384 penetrat
2065 1307 2136 1362 ad

489 1423 492 1429 λ
545 1427 794 1476 tacentes.
842 1413 1154 1470 lmmolante
1175 1410 1312 1466 enim
1342 1408 1556 1475 rustico,
1585 1405 1885 1477 inquinatur
1921 1400 2136 1454 domne-

547 1513 682 1567 dius.
726 1507 851 1562 Non
895 1513 1063 1577 potest
1098 1519 1202 1558 non
1243 1517 1353 1556 esse
1380 1499 1603 1572 pollutus
1631 1496 1719 1550 ubi
1748 1494 1890 1550 cibus
1916 1492 2138 1562 capitur,

546 1616 698 1674 quem
725 1595 1003 1668 sacrilegus
1045 1593 1210 1648 cultor
1247 1592 1508 1655 exercuit,
1539 1598 1678 1644 terra
1719 1593 1931 1640 cruenta
1954 1582 2138 1649 edidit,

551 1703 735 1748 tetrum
775 1692 1011 1746 horreant
1048 1687 1382 1742 conservavit.
1452 1683 1643 1738 Omnia
1691 1683 1829 1734 enim
1873 1678 1944 1732 ibi
1981 1675 2145 1748 inqui-

551 1794 701 1852 nata,
729 1781 905 1837 omnia
931 1787 1050 1833 sunt
1071 1775 1317 1850 nefanda,
1341 1773 1429 1828 tibi
1450 1773 1687 1828 diabolus
1707 1771 1904 1825 habitat
1931 1769 1986 1822 in
2009 1766 2139 1822 aedi~
2171 1767 2219 1829 Β

553 1878 671 1944 bus,
696 1878 749 1929 in
779 1875 944 1946 agris,
973 1873 1028 1926 in
1059 1871 1284 1925 rusticis.
1335 1867 1487 1922 Nihil
1515 1867 1587 1921 ibi
1627 1860 1842 1920 liberum
1867 1868 1945 1917 est
1971 1879 2005 1916 a
2032 1876 2142 1914 sce—

553 1970 680 2034 lere,
703 1966 787 2021 ubi
819 1973 980 2020 totum
1007 1971 1241 2018 versatur
1263 1963 1318 2016 in
1342 1959 1552 2014 scelere.
1579 1957 1705 2014 Cum
1732 1954 1916 2011 cellam
1938 1955 2143 2025 ingres-

551 2077 641 2114 sus
671 2059 850 2130 fueris,
881 2055 1104 2126 reperies
1131 2054 1185 2106 in
1212 2069 1274 2105 ea
1299 2050 1550 2122 pallentes
1581 2048 1794 2119 cespites
1821 2053 2146 2112 mortuosque

551 2149 800 2204 carbones
823 2189 839 2212 ,
900 2146 1110 2217 dignum
1161 2143 1474 2213 sacri/icium
1521 2139 1802 2203 datmonis,
1837 2153 1954 2190 cum
2001 2149 2145 2188 mor-

551 2253 640 2298 tuo
710 2239 912 2296 numini
967 2237 1116 2292 rebus
1165 2234 1380 2290 mortuis
1440 2233 1782 2304 supplicatur.
1861 2228 1931 2283 Et
1977 2231 2024 2283 si
2077 2229 2146 2282 ad

549 2349 735 2406 agrum
761 2329 1072 2404 processgris
1091 2368 1106 2392 ,
1157 2325 1328 2379 cernis
1373 2341 1494 2378 aras
1540 2323 1740 2401 ligneas
1759 2361 1774 2388 ,
1837 2329 1888 2375 et
1926 2320 2144 2375 simula-

550 2443 641 2481 cra
695 2424 920 2496 lapidea,
972 2436 1258 2492 congruens
1299 2418 1670 2478 ministerium,
1713 2414 1798 2469 ubi
1839 2415 1940 2469 diis
1977 2416 2148 2469 insen-

551 2515 784 2571 sibilibus
808 2555 822 2579 ,
871 2515 977 2568 aris
1026 2509 1452 2582 putrescentibus,
1484 2508 1826 2562 ministratur.
1869 2505 1998 2560 Cum
2029 2523 2146 2559 nta-

554 2608 720 2660 turius
766 2603 1084 2674 vigilaveris,
1133 2611 1182 2654 et
1222 2600 1406 2653 videris
1452 2601 1685 2652 saucium
1711 2599 1825 2652 vino
1867 2598 2145 2661 rusticum,

556 2697 692 2750 scire
730 2694 880 2748 debes
919 2693 1198 2762 quoniam,
1265 2691 1397 2744 sicut
1445 2689 1622 2743 dicunt
1653 2731 1668 2756 ,
1719 2700 1808 2742 aut
1855 2689 2147 2742 dianaticus

559 2786 686 2855 (seu
716 2782 903 2839 Dianae
931 2799 1170 2839 arvorum
1197 2783 1370 2835 inanis
1407 2782 1633 2835 numinis
1665 2781 2012 2851 sacrificulus)
2060 2789 2150 2834 aut

560 2891 788 2949 aruspex
835 2884 930 2931 est.
987 2873 1242 2929 Insanum
1285 2875 1424 2929 enim
1479 2889 1667 2926 numen
1726 2883 1980 2927 amentem
2019 2871 2152 2926 solet

562 2969 752 3024 habere
796 2966 1116 3036 pontiﬁcem.
1185 2961 1489 3033 Opplebant
1535 2963 1677 3018 enim
1717 2977 1835 3018 sese
1881 2964 2007 3018 vino
2033 2960 2152 3031 ejus

564 3058 780 3130 generis
801 3055 1128 3120 sacerdotes,
1157 3043 1216 3108 ut
1241 3054 1386 3126 (cum
1427 3053 1541 3110 dea:
1579 3053 1772 3109 facturi
1805 3055 1936 3109 satis
1965 3055 2152 3125 plagas

560 3149 665 3206 sibi
716 3147 1052 3218 indigerent)
1098 3155 1190 3202 aut
1233 3163 1341 3202 non
1395 3147 1691 3212 sentirent,
1735 3155 1827 3202 aut
1879 3147 2152 3202 mollirent
2174 3129 2237 3193 ci

561 3241 910 3311 levarentque
957 3239 1201 3294 dolorem
1237 3257 1248 3292 :
1285 3238 1425 3293 Talis
1460 3239 1595 3294 enim
1633 3238 1874 3294 sacerdos
1908 3247 2064 3310 parat
2099 3255 2155 3292 se

560 3331 766 3409 [cxun]
810 3333 926 3386 vino
965 3331 1035 3384 ad
1073 3330 1257 3403 plagas
1299 3330 1410 3385 dere
1450 3347 1579 3410 sucu,
1609 3339 1666 3384 ut
1695 3330 1818 3384 dum
1845 3339 1921 3384 est
1960 3329 2152 3394 ebrius,

561 3441 774 3496 poenam
803 3440 952 3479 suam
990 3423 1100 3494 ipse
1127 3439 1232 3477 non
1266 3425 1474 3478 sentiat.
1509 3421 1626 3476 Hoc
1655 3433 1827 3474 autem
1855 3438 1958 3476 non
1988 3421 2156 3476 soluat

564 3517 628 3572 de
664 3516 1024 3587 temperantia,
1067 3514 1159 3569 sed
1184 3521 1233 3568 et
1263 3515 1326 3568 de
1354 3524 1468 3568 arte
1498 3515 1716 3586 faciunt,
1760 3522 1814 3566 ut
1843 3513 2010 3566 minus
2044 3514 2156 3568 vul-

564 3625 691 3662 nera
716 3625 812 3662 sua
850 3607 1078 3673 doleant,
1115 3607 1238 3661 dum
1262 3609 1366 3661 vini
1399 3609 1646 3661 ebrietate
1659 3606 1945 3677 jactentur.
1982 3605 2158 3660 Vanus

566 3699 722 3771 plane
741 3707 878 3752 vates
908 3708 1000 3764 est,
1023 3700 1108 3770 qui
1136 3706 1282 3770 putat
1304 3699 1606 3754 crudelitate
1625 3709 1862 3754 astruere
1893 3701 2154 3766 pietatem.

568 3787 715 3844 Nam
739 3797 796 3842 ut
821 3788 1082 3858 paulisper
1109 3789 1459 3844 describamus
1489 3789 1718 3844 habitum
1758 3793 1886 3845 vatis
1927 3792 2156 3863 hujusce,

567 3891 646 3938 est
664 3882 712 3936 ei
732 3881 1037 3934 adulterinis
1058 3879 1322 3933 criniculis
1343 3880 1595 3934 hirsutum
1619 3889 1792 3951 caput,
1810 3883 1948 3936 nuda
1967 3882 2160 3938 habens
2202 3901 2207 3907 '

569 3982 802 4044 pectora,
833 3971 997 4042 pallio
1027 3987 1180 4025 crura
1207 3971 1529 4037 semicincta,
1567 3981 1616 4026 et
1648 3989 1790 4027 more
1811 3974 2162 4046 gladiatorum

571 4071 788 4136 paratus
825 4061 895 4115 ad
932 4078 1180 4134 pugnam,
1217 4063 1411 4134 ferrum
1451 4071 1619 4134 gestat
1656 4065 1709 4118 in
1755 4065 2017 4131 manibus;
2059 4068 2163 4121 nisi

575 4153 711 4226 quod
748 4153 1038 4226 gladiatore
1065 4153 1212 4225 pejor
1237 4161 1332 4221 est,
1369 4155 1490 4226 quia
1522 4156 1612 4210 ille
1657 4158 1901 4212 adversus
1942 4159 2163 4214 alterum

532 4247 540 4254 '
578 4243 826 4299 dimicare
866 4245 1094 4316 cogitur;
1139 4245 1237 4298 iste
1263 4254 1444 4300 contra
1471 4263 1527 4301 se
1558 4264 1793 4320 pugnare
1821 4249 2161 4318 compellitur.

581 4333 683 4388 Ille
709 4333 881 4388 aliena
909 4337 1035 4406 petit
1061 4333 1278 4402 viscera,
1299 4336 1396 4390 iste
1419 4339 1631 4409 propria
1652 4337 1880 4394 membra
1909 4339 2131 4394 dilaniat
2144 4358 2164 4406 ;

576 4437 629 4482 et
655 4428 699 4481 si
729 4427 832 4481 dici
869 4435 1052 4511 potest,
1085 4427 1156 4480 ad
1181 4429 1537 4483 crudelitatem
1565 4430 1715 4483 illum
1755 4432 1967 4496 lanista,
2006 4434 2164 4488 istum

575 4535 765 4573 numen
785 4517 1040 4573 hortatur.
1071 4517 1186 4573 Hoc
1204 4519 1364 4590 igitur
1390 4519 1603 4574 indutus
1632 4519 1829 4583 habitu,
1862 4523 1958 4576 hac
1979 4540 2165 4578 cruen-

579 4617 658 4662 tus
697 4608 864 4672 ccede,
892 4607 1125 4679 judicate
1162 4618 1334 4662 utrum
1383 4609 1646 4681 gladiator
1691 4612 1758 4664 sit
1793 4629 1861 4665 an
1901 4615 2161 4668 sacerdos.

578 4696 658 4752 Ita
699 4707 918 4754 sanctus
938 4701 1163 4756 antistes
1184 4717 1306 4756 cum
1341 4703 1689 4759 sacerdotum
1714 4704 1832 4775 ejus
1852 4707 2064 4774 generis
2088 4706 2167 4764 fe-

581 4789 760 4842 rinum
803 4801 1070 4855 ornatum,
1107 4801 1269 4862 atque
1309 4794 1579 4850 inimicam
1624 4807 1826 4852 naturae
1870 4800 2163 4868 hominum,

585 4875 870 4948 diramque
908 4880 1280 4936 crudelitatem
1316 4881 1729 4954 descripsisset,
1761 4897 1873 4943 tum
1903 4907 2164 4948 conversa

585 4967 654 5023 ad
675 4969 819 5025 cives
841 4973 932 5040 qui
954 4971 1184 5026 aderant
1203 4973 1468 5040 oratione,
1492 4975 1738 5032 hortatus
1761 4995 1856 5034 eos
1881 4986 2166 5041 vehemen-

586 5066 673 5114 ter
694 5059 874 5115 fuitut
915 5061 968 5116 in
990 5065 1306 5117 memoriam
1327 5063 1590 5132 redirent,
1615 5083 1718 5135 qua
1742 5069 1859 5138 lege
1887 5074 1954 5128 ab
1985 5075 2165 5132 Hono-

586 5151 670 5216 rio
702 5152 941 5222 Augusto
971 5154 1240 5210 sublatum
1270 5163 1414 5210 esset
1441 5166 1712 5214 certamen
1743 5162 2116 5234 gladiatorium
2147 5188 2163 5235 ;

661 5355 736 5428 (a)
769 5354 964 5440 [Ionii].
997 5355 1264 5440 115,.pag.
1295 5357 1401 5412 582
1427 5373 1558 5428 seq-
1583 5360 1938 5440 :_Ha:ret_icos,
1971 5366 2162 5440 inquit,

583 5426 766 5510 omnes
791 5426 1018 5510 arbitrqr
1044 5426 1276 5510 pulpibus
1304 5426 1702 5510 comparandos,
1731 5435 1818 5504 qui
1845 5426 1960 5489 cum
1997 5426 2168 5493 in'do;

586 5515 670 5552 mo
719 5495 930 5580 Domini
971 5495 1205 5580 habitare
1252 5515 1356 5553 non
1398 5495 1626 5568 possint,
1673 5495 2024 5580 conventicula
2069 5507 2169 5563 sibi

587 5568 1014 5650 includunt-ueluti
1043 5570 1217 5650 foveas
1252 5581 1552 5650 pr‘mparant
1561 5571 1882 5650 tenebrosus,
1912 5576 1966 5630 in
1986 5579 2167 5648 quibus

591 5639 918 5716 pertinaciter
938 5641 1156 5716 latentes
1186 5638 1500 5716 insidiantur
1527 5638 1792 5716 lt'cclesiw,
1808 5655 1876 5716 fut
1899 5649 1942 5701 si
1963 5638 2063 5716 (Ιίια
2080 5651 2164 5703 in-

596 5721 778 5761 nocens
817 5711 993 5763 anima
1031 5711 1164 5774 forte
1203 5712 1528 5774 processerit,
1562 5713 1691 5766 velut
1726 5715 1920 5778 pullum
1957 5711 2166 5780 gallina!

2225 579 2404 635 fundis
2457 577 2962 634 exterminarentur.
3015 571 3191 642 Atque
3230 570 3362 626 alias
3407 569 3646 639 quidem
3706 584 3886 639 saepe

2228 671 2502 727 auditores
2529 684 2656 724 suos
2693 675 2912 722 sanctus
2948 663 3174 720 antistes
3199 669 3508 726 monuerat,
3550 667 3619 714 ut
3662 659 3882 728 legum

2228 763 2644 820 recordarentur
2681 775 2816 831 quas
2845 773 2910 815 ea
2939 757 3007 814 de
3034 772 3094 812 re
3125 753 3415 810 Christiani
3444 751 3746 806 tulissent
3767 751 3886 804 im—

2229 864 2528 929 peratores.
2559 853 2732 908 Serm.
2759 859 2938 906 autem
2969 848 3060 913 82,
3092 861 3214 919 pag.
3243 845 3348 900 610
3387 863 3400 898 :
3433 842 3608 906 Deus,
3644 841 3879 912 inquit,

2229 951 2485 1025 prtccipil,
2509 957 2558 1003 et
2585 947 2654 1002 ad
2672 945 2783 1018 ejus
2811 951 3070 1016 praecepta
3099 941 3403 996 dormimus.
3431 937 3666 1003 Quoties
3695 951 3880 990 suan-

2234 1045 2372 1099 darit
2414 1042 2551 1096 idem
2593 1039 2734 1094 Deus
2775 1037 3033 1093 idolorum
3077 1033 3350 1104 sacrilegia
3396 1029 3785 1092 destruenda,
3827 1035 3880 1080 et

2235 1151 2496 1206 nunquam
2518 1133 2588 1186 ad
2615 1132 2748 1186 hanc
2768 1139 2966 1199 partem
2995 1125 3206 1182 solliciti
3232 1140 3342 1184 esse
3368 1123 3616 1178 uolumus
3632 1122 3660 1174 1’
3695 1119 3844 1176 Sent
3864 1148 3876 1156 -

2236 1247 2328 1302 per
2350 1226 2806 1288 dissimulavimus,
2833 1239 3032 1294 semper
3059 1221 3360 1294 sprevimus.
3393 1217 3600 1272 Postea
3622 1233 3740 1270 nos
3773 1215 3875 1267 ad-

2237 1323 2436 1378 monuit
2470 1317 2736 1389 imperiale
2759 1324 3140 1389 prteceptum...
3179 1311 3452 1382 Principes
3482 1308 3715 1381 quidem
3763 1317 3874 1360 ur-

2240 1415 2359 1471 boni
2388 1401 2670 1468 Christiani
2699 1411 2836 1483 leges
2863 1426 2957 1481 pro
2983 1408 3230 1479 religione
3248 1403 3620 1476 promulgant,
3655 1400 3761 1455 sed
3779 1417 3870 1454 eos

2241 1515 2560 1562 exsecutores
2599 1520 2703 1558 non
2739 1509 2982 1557 emerunt
3005 1506 3376 1571 competenter;
3406 1505 3456 1548 ct
3485 1491 3614 1548 ideo
3639 1501 3815 1546 exuto
3840 1507 3870 1542 ι

2244 1603 2395 1672 culpa
2433 1599 2683 1672 principe,
2715 1602 2984 1650 exsecutor
3005 1599 3232 1647 remanet
3253 1590 3306 1643 in
3334 1597 3501 1652 reatu,
3534 1594 3656 1642 etc.
3687 1585 3865 1652 Quen

2245 1709 2376 1748 vero
2437 1689 2702 1744 Maximus
2751 1685 3040 1758 reportarit
3099 1679 3539 1736 adhortationum
3586 1675 3864 1732 nronitio~

2245 1800 2480 1854 numque
2507 1797 2725 1838 suarum
2760 1779 3010 1844 fructum,
3042 1793 3110 1832 ex
3137 1789 3388 1834 sermone
3421 1771 3548 1838 102,
3581 1786 3725 1841 pag.
3760 1765 3866 1821 657

2190 1888 2200 1898 ‘
2245 1893 2382 1946 seq.,
2417 1873 2641 1942 intelligi
2664 1873 2822 1944 plane
2849 1876 3048 1942 potest.
3080 1867 3172 1924 Sic
3199 1867 3342 1922 enim
3371 1879 3468 1919 eos
3497 1863 3596 1933 qui
3622 1861 3699 1916 ad
3727 1877 3860 1916 oon-

2240 1964 2456 2023 cionem
2483 1971 2854 2022 convenerant
2881 1963 3144 2018 allocutus
3183 1959 3281 2015 fuit
3315 1977 3328 2012 :
3362 1955 3487 2012 Non
3519 1969 3723 2027 parum
3751 1963 3856 2008 ετα-

2249 2067 2387 2114 ctatu
2417 2059 2691 2114 dominica:
2719 2055 3000 2127 superioris
3029 2051 3308 2126 profecisse
3333 2066 3418 2104 vos
3449 2047 3757 2111 credimus,
3784 2045 3855 2099 εἰς

2247 2150 2449 2222 quidem
2469 2147 2837 2221 prwdicalione
2856 2154 3036 2200 nostra
3056 2143 3119 2197 ab
3141 2143 3282 2197 omni
3311 2139 3580 2194 idolorum
3604 2139 3851 2208 inquiu-

2247 2253 2419 2299 mento
2459 2243 2620 2297 corda
2667 2249 2837 2303 uestra
2866 2237 3214 2311 purgavimus.
3263 2231 3468 2288 'Nostra
3515 2233 3666 2285 enim
3695 2229 3851 2284 corda

2246 2337 2583 2398 ntundantur,
2615 2350 2729 2387 cum
2760 2331 2953 2386 diaboli
2981 2327 3218 2385 sordibus
3257 2326 3456 2399 polluta
3503 2331 3850 2378 nostra'cou-

2248 2426 2466 2480 scientia
2505 2442 2609 2480 non
2641 2432 2854 2477 tenetur.
2882 2420 3149 2476 Pollutant
3175 2427 3344 2472 autent
3383 2417 3430 2469 is
3470 2414 3848 2468 conscientiam

2251 2535 2355 2572 non
2389 2517 2558 2580 habet,
2597 2517 2683 2586 qui
2721 2513 2949 2568 exerceri
2985 2509 3260 2580 sacrilegia
3296 2508 3350 2561 in
3388 2523 3482 2559 sua
3522 2506 3848 2574 possessione

2250 2625 2354 2662 non
2394 2607 2608 2676 patitur.
2639 2602 2893 2658 Craterum
2920 2603 3006 2674 qui
3050 2602 3145 2656 scit
3185 2601 3240 2654 in
3279 2613 3406 2670 agro
3434 2613 3527 2652 suo
3557 2595 3722 2649 idolis
3751 2595 3845 2647 int-

2251 2700 2459 2764 molari,
2510 2714 2602 2752 nec
2648 2697 2898 2768 prohibet,
2940 2694 3171 2766 quamvis
3214 2693 3327 2763 ipse
3369 2689 3520 2760 longe
3546 2689 3605 2740 in
3644 2687 3846 2740 civitate

2253 2795 2522 2853 consistat,
2554 2790 2768 2861 pollutio
2798 2797 2968 2842 tamen
3001 2785 3148 2841 illum
3189 2782 3421 2856 nefanda
3463 2781 3762 2850 continget;
3796 2785 3843 2829 et

2256 2885 2374 2940 licet
2395 2884 2503 2938 aris
2529 2884 2740 2936 assistat
2767 2881 3009 2944 rusticus,
3035 2876 3128 2948 (ad
3152 2873 3440 2942 dominum)
3473 2868 3841 2926 contaminatis

2257 2972 2578 3030 exsecranda
2601 2969 2908 3044 regreditur.
2932 2967 3204 3036 Particeps
3229 2964 3366 3018 enim
3407 2963 3521 3033 ejus
3545 2956 3767 3028 τρι-ἔων,
3790 2954 3839 3006 si

2258 3082 2360 3120 non
2389 3062 2726 3128 conscientia,
2755 3070 2890 3116 certe
2916 3059 3121 3114 notitia.
3147 3054 3446 3128 Profecisse
3465 3067 3580 3123 ergo
3603 3064 3689 3103 eos
3716 3060 3838 3099 cre-

2257 3157 2443 3221 dimus,
2478 3171 2592 3209 cum
2632 3152 2894 3223 sacrilegii
2923 3151 3112 3205 cultum
3140 3149 3194 3202 in
3233 3145 3418 3202 vestris
3443 3138 3841 3216 possessionibus

2253 3247 2510 3304 inhibetis.
2535 3245 2767 3300 Dicimus
2789 3245 2946 3308 enim,
2975 3252 3032 3295 ut
3059 3238 3344 3294 Christiani
3374 3236 3621 3299 hominis,
3643 3232 3738 3287 hoc
3765 3237 3835 3284 est

2255 3341 2435 3398 mundi
2469 3340 2584 3402 viri,
2617 3338 2684 3390 sit
2715 3333 2911 3389 munda
2947 3331 3223 3405 possessio.
3260 3330 3347 3382 Ait
3374 3328 3514 3382 enim
3551 3322 3837 3379 Salomon:

2262 3432 2534 3488 Possessio
2569 3427 2791 3500 pretiosa
2817 3425 2894 3478 rir
2920 3422 3161 3478 mundus.
3203 3419 3265 3475 Si
3291 3435 3416 3490 ergo
3444 3417 3522 3471 rir
3540 3429 3699 3486 purus
3725 3427 3837 3483 pos-

2261 3523 2478 3579 sessioni
2508 3520 2893 3594 preliosissimw
2915 3524 3266 3587 comparatur,
3289 3518 3490 3584 quanto
3517 3509 3620 3563 ista
3647 3519 3840 3579 posses-

2261 3617 2338 3670 sio
2363 3615 2578 3686 majoris
2610 3619 2687 3666 est
2715 3599 2886 3680 pretii,
2919 3609 2964 3663 si
2992 3607 3058 3660 sit
3079 3608 3278 3660 sincera
3306 3611 3357 3658 et
3376 3617 3528 3674 pura,
3551 3614 3644 3653 nec
3675 3596 3842 3666 aliqua

2265 3705 2460 3763 diaboli
2490 3705 2797 3776 contagione
2823 3701 3071 3756 vilescat?
3319 3695 3326 3700 ’

2315 3801 2409 3858 -V.
2453 3799 2599 3854 Cavit
2632 3799 2754 3852 item
2783 3794 3048 3850 Maximus
3096 3809 3161 3846 ne
3187 3807 3286 3864 qua
3314 3790 3571 3844 hareseos
3600 3782 3750 3858 pestis
3783 3781 3840 3835 its

2265 3909 2416 3948 suum
2438 3906 2642 3963 gregem
2665 3887 2946 3942 invaderet.
2970 3915 3042 3926 -—
3061 3882 3168 3938 Sed
3205 3882 3330 3937 dum
3367 3877 3635 3934 Maximus
3657 3873 3842 3963 aditet

2267 3961 2455 4040 contra
2477 3961 2748 4036 ethnicam
2769 3976 3200 4048 superstitionem
3228 3971 3522 4043 pugnabat,
3545 3966 3677 4024 illud
3696 3961 3842 4021 simul

2267 4076 2493 4131 cavebat
2539 4089 2608 4128 ne
2641 4087 2748 4142 qua
2787 4071 3056 4126 haereseos
3081 4067 3248 4139 pestis
3276 4065 3330 4119 in
3353 4079 3511 4118 suum
3531 4073 3753 4131 gregem
3770 4057 3842 4112 iu-

2267 4169 2504 4224 vaderet.
2540 4167 2782 4236 Cumque
2810 4170 3098 4233 cognosset
3123 4167 3383 4230 quantum
3411 4154 3643 4210 Manetis
3668 4149 3844 4221 impie-

2270 4271 2354 4317 tas
2373 4260 2640 4316 intulisset
2667 4259 2719 4313 in
2736 4256 2941 4311 Italiam
2961 4255 3123 4310 etiam
3149 4251 3595 4307 detrimentorum
3613 4286 3630 4310 ,
3659 4253 3846 4312 magno

2269 4354 2370 4410 sibi
2411 4367 2576 4423 opere
2619 4348 2929 4405 enitendum
2985 4341 3473 4410 elaborandumque
3517 4336 3758 4410 putavit,
3797 4337 3847 4386 ut

2271 4444 2558 4502 orthodoxi
2590 4441 2854 4511 dogmatis
2890 4438 3214 4508 cognitione,
3242 4433 3496 4489 adversus
3533 4429 3704 4500 ipsam
3739 4424 3848 4480 ani-

2276 4554 2395 4594 mos
2433 4536 2666 4591 muniret
2702 4532 3132 4596 Taurinensium,
3165 4529 3388 4596 hosque‘
3409 4524 3488 4580 sic
3533 4523 3846 4579 institueret.

2273 4639 2333 4685 ut
2361 4631 2404 4684 si
2433 4630 2484 4683 in
2518 4643 2676 4697 quem
2707 4626 2846 4681 forte
2884 4623 3193 4680 incidissent
3219 4619 3310 4690 qui
3348 4618 3402 4673 id
3439 4617 3710 4672 haereseos
3727 4627 3848 4684 por-
3945 4625 3953 4636 ·

2273 4730 2480 4777 lentum
2512 4719 2754 4786 ingerere
2784 4717 2914 4788 ipsis
2940 4715 3120 4780 vellet,
3157 4726 3278 4767 eum
3306 4710 3628 4778 dignoscere
3664 4704 3848 4759 vitare-

2273 4828 2380 4884 que
2425 4817 2665 4882 possent.
2705 4807 2874 4864 Norat
2916 4807 3058 4861 enim
3098 4802 3378 4860 haereticos
3420 4799 3561 4855 clam
3601 4792 3849 4869 imperitis

2279 4905 2613 4974 incautisque
2661 4901 2884 4957 insidias
2923 4900 3187 4954 instruere
3233 4895 3428 4960 solere,
3459 4909 3489 4947 a
3519 4891 3718 4961 quibus
3741 4887 3848 4943 dili-

2276 5006 2464 5068 genter
2501 4973 2696 5064 cuique
2733 4993 2822 5059 sit,
2857 4987 3168 5060 naviterque
3195 4985 3490 5044 cavendum
3524 4984 3626 5054 (a)'.
3660 4973 3850 5056 [cun]

2277 5089 2456 5156 Quare
2498 5085 2628 5140 illud
2658 5084 2907 5139 universe
2951 5077 3328 5136 animadvertit
3373 5092 3386 5129 :
3434 5091 3557 5143 cum
3607 5069 3849 5129 novitatis

2276 5192 2455 5251 pravae
2479 5176 2843 5232 studiosorum
2871 5188 2988 5229 mos
3013 5173 3084 5228 sit
3107 5179 3166 5226 ut
3203 5185 3308 5225 una
3337 5169 3548 5224 ratione
3575 5165 3754 5222 metiri
3779 5160 3850 5218 di-

2269 5375 2453 5428 matris
2497 5371 2874 5427 obsorbeant...
2935 5370 3166 5425 Vitemus
3205 5385 3346 5439 ergo,
3390 5368 3604 5439 fratres,
3650 5366 3848 5439 vitemus

2268 5444 2538 5526 pestiferos
2566 5442 2796 5526 uulpium‘
2818 5441 3178 5526 insidiantium
3207 5434 3630 5526 dolos,_;citemus
3672 5434 3845 5526 πιττί-
3919 5441 3929 5456 ⁸

2270 5505 2412 5582 Ϊεταέ
2438 5505 2866 5582 nequissimorum
2891 5511 3233 5564 animantium
3263 5507 3552 5582 captiones.
3585 5521 3716 5560 ne...
3741 5505 3844 5582 [ru-

2269 5574 2380 5636 ctus
2401 5574 2694 5636 nostrarum
2715 5589 2962 5650 segetum,
2985 5574 3341 5650 perversurum
3361 5576 3667 5650 damnatum
3687 5574 3846 5642 culpes

2271 5601 2380 5636 σιω
2401 5601 2694 5636 nostrarum
2715 5601 2770 5636 se
2805 5601 2962 5645 erunt,
2985 5601 3341 5650 per'versorum
3361 5601 3667 5646 uaginae-ru
3687 5601 3846 5642 Νιρεο

2271 5661 2362 5734 aut
2402 5651 2707 5734 insidiarum
2758 5601 3056 5722 geceptione
3108 5651 3338 5722 capiant,
3397 5655 3485 5700 aut
3527 5647 3846 5714 ﬂammarant

2271 5722 2542 5778 adustione
2569 5734 2892 5778 consumant.
