4050 6356
189 337 294 393 145

1307 332 1459 390 VITA
1497 335 1551 387 S.
1594 334 1836 390 MAXIM!
1875 334 2340 392 TAURINENSIS.

3359 335 3458 392 116

187 455 312 508 vina
351 451 926 522 quaeque,.longisquc
975 449 1427 520 disputationibus
1475 450 1768 519 implicare,
1801 459 1846 514 Α
1881 469 2028 506 novae
2078 454 2208 520 legis
2259 462 2738 507 sacramentorum.
2798 454 2912 508 Non
2958 454 3195 508 nominat
3243 453 3458 522 quidem

184 556 348 615 atque
380 545 653 600 involvere
681 553 944 600 conentur
985 544 1097 616 (a),
1136 543 1426 598 curandum
1469 543 1774 599 orthodoxa

180 652 395 692 essene
416 651 538 692 cum
561 636 624 690 iis
658 636 846 706 jungat
875 635 1317 692 consuetudinem
1353 635 1446 707 (ὁ).
1494 635 1623 691 Inde
1652 651 1774 692 sua-

179 746 304 784 rum
332 744 453 784 esse
478 729 659 784 ovium
680 737 861 799 partes
900 737 1085 784 monet
1125 737 1182 784 ut
1219 728 1439 785 credant
1465 745 1627 783 unum
1655 745 1774 786 esse

179 821 375 886 Deum,
397 821 492 892 qui
511 836 579 876 ex
600 821 766 876 nihilo
786 821 1166 891 aspectabilem
1188 821 1330 876 hunc
1344 820 1600 875 mundum
1621 837 1772 877 crea-

180 914 263 967 vit
291 911 396 984 (c);
431 927 532 967 nec
584 911 676 966 ulli
705 912 1016 976 auscultent‘
1044 912 1137 981 qui
1177 910 1377 966 audeat
1417 912 1645 977 ratione,
1676 929 1772 968 seu

178 1003 366 1073 potius
392 1001 654 1057 arbitratu
682 1017 780 1057 suo
807 1002 874 1057 de
902 1001 1160 1058 Creatore
1181 1011 1436 1059 statuere.
1461 1003 1771 1073 lnvestigari

175 1107 413 1163 namque
454 1094 570 1148 sola
609 1093 823 1148 ratione
870 1109 976 1148 non
1019 1109 1196 1164 posse,
1241 1095 1362 1148 ait:
1397 1093 1664 1158 Quomodo
1705 1112 1770 1149 ea:

174 1184 341 1238 nihilo
385 1183 556 1242 factus
607 1193 684 1238 est
727 1183 981 1248 mundus,
1024 1185 1206 1239 caelum
1253 1184 1390 1238 unde
1430 1185 1766 1255 resplenduit,

175 1292 432 1344 aquarum
459 1283 649 1346 utquor,
677 1285 826 1330 terra:
847 1277 1084 1330 soliditas
1105 1294 1204 1348 qua
1226 1278 1430 1330 ratione
1449 1276 1766 1341 subsistunt;

173 1368 434 1438 quomodo
472 1369 627 1422 etiam
674 1369 738 1422 de
779 1377 914 1423 terra
959 1370 1130 1435 homo,
1176 1371 1239 1424 de
1275 1371 1504 1425 masculo
1551 1372 1763 1442 femina,

175 1461 399 1530 itemque
439 1477 531 1530 per
579 1462 828 1530 feminam
867 1463 1159 1527 masculus;
1211 1462 1334 1533 quid
1370 1463 1499 1516 illud
1538 1472 1614 1516 est
1651 1470 1768 1533 post

177 1553 371 1614 omnia,
403 1552 538 1622 quod
561 1551 730 1606 lumen
758 1554 922 1624 gignit
949 1569 1011 1605 ac
1041 1554 1306 1618 tenebras;
1343 1554 1478 1624 quod
1509 1556 1662 1607 vitam
1685 1557 1767 1625 fa-

179 1641 250 1692 cit
279 1657 338 1693 ac
363 1651 595 1695 mortem.
631 1641 759 1697 Post
793 1661 803 1695 :
829 1643 889 1697 Si
918 1661 1058 1714 ergo,
1091 1645 1278 1714 inquit,
1313 1655 1360 1698 te
1384 1646 1572 1715 ipsum,
1596 1662 1626 1698 o
1665 1646 1763 1698 ho-

177 1747 283 1791 mo,
307 1739 354 1783 et
380 1748 493 1802 quw
512 1741 721 1803 prapter
745 1741 792 1785 te
812 1735 953 1804 facta
981 1745 1118 1798 sunt,
1149 1737 1370 1805 qualiter
1389 1747 1478 1789 aut
1506 1736 1640 1789 unde
1660 1736 1763 1790 sint

1882 542 2144 597 Maximus
2172 542 2512 608 Manichaéos,
2536 544 2628 612 qui
2657 545 2825 598 malas
2851 560 2972 599 esse
3000 544 3229 614 nuptias,
3260 545 3459 613 quique
3541 607 3549 622 δ

1878 633 2076 688 malum
2116 649 2252 700 esse,
2283 642 2444 703 atque
2470 650 2500 688 a
2530 634 2671 688 malo
2711 636 2975 706 principio
3003 634 3274 690 conditum
3297 651 3458 688 mun-

1878 723 2005 779 dum
2036 726 2178 780 hunc
2219 725 2318 779 sub
2367 740 2555 779 sensus
2602 725 2919 790 cadentem;
2953 725 3264 794 illatumqne
3293 724 3456 779 Vetus

1877 813 2276 870 Testamentum
2319 815 2681 886 (Marcionem
2738 816 2975 888 aliasque
3019 826 3199 886 pestes
3245 817 3458 885 generis

1874 906 2115 974 ejusdem
2142 907 2332 977 secuti)
2364 909 2703 977 pugnabant;
2735 907 2830 962 sed
2859 908 3195 963 sanctissimo
3245 909 3455 979 pnesuli

1875 1015 1982 1053 non
2013 1008 2120 1053 tam
2150 1009 2265 1054 erat
2292 1015 2452 1066 curm,
2504 1009 2562 1054 ut
2588 1001 2805 1055 nomina
2842 1011 3108 1056 sectarum
3139 1001 3283 1056 cives
3330 1018 3456 1055 nos-

1871 1099 1991 1145 sent
2031 1093 2142 1156 sui,
2183 1108 2342 1161 quam
2374 1101 2432 1146 ut
2460 1091 2713 1161 dogmata
2737 1093 2937 1147 scirent
2983 1091 3302 1146 orthodoxae
3334 1092 3457 1146 reli-

1871 1183 2062 1251 gionis,
2088 1184 2281 1252 quibus
2307 1183 2646 1251 dogmatibus
2673 1184 2920 1250 cognitis,
2953 1183 3212 1238 sectarios
3236 1183 3453 1250 detege—

1869 1287 1928 1327 re
1957 1289 2022 1328 ac
2050 1273 2310 1343 repellere
2333 1282 2448 1328 tuto
2478 1281 2714 1343 possent.

1941 1361 2120 1430 Quare
2150 1364 2238 1418 ille
2264 1363 2620 1432 quorumdam
2643 1364 3020 1419 hzereticorum
3053 1363 3143 1432 qui
3178 1379 3272 1417 sua
3295 1371 3454 1418 aetate

1870 1458 1922 1512 in
1962 1459 2211 1526 regiones
2254 1457 2506 1511 llnitimas
2555 1457 2913 1525 invasissent,
2959 1455 3455 1525 circumvenireque

1870 1551 2150 1621 imperitos
2177 1566 2378 1615 rerum,
2416 1561 2577 1620 atque
2611 1552 2857 1607 incautos
2881 1559 3232 1617 conarentur,
3261 1551 3454 1603 tacitus

1867 1644 2106 1714 praeterit
2144 1643 2604 1714 appellationem;
2648 1644 2751 1698 hoc
2781 1659 2887 1698 uno
2915 1651 3203 1699 contentus
3227 1685 3241 1710 ,
3285 1651 3346 1726 ut
3384 1657 3454 1696 ne

1865 1735 1983 1804 quis
2030 1735 2162 1790 civis
2206 1735 2476 1803 ignoraret
2521 1750 2639 1804 qua“:
2694 1735 2931 1804 ipsorum
2990 1743 3133 1790 esset
3181 1733 3448 1803 impietas.
3509 1801 3522 1812 '

175 1823 319 1891 facta
366 1822 789 1892 comprehendere
835 1841 938 1878 non
986 1826 1144 1891 uales,
1193 1843 1293 1898 qua
1340 1831 1754 1897 pnesumptione,
1789 1841 1837 1901 Β
1863 1827 2046 1897 Itaque
2091 1827 2307 1897 quinam
2378 1826 2453 1880 illi
2505 1826 2743 1881 haeretici
2803 1825 2998 1880 fuerint
3059 1825 3452 1894 incompertum

174 1926 338 1981 quare
388 1913 626 1978 stultitia,
679 1923 818 1968 tuum
860 1916 1040 1984 ipsius,
1093 1927 1243 1987 atque
1282 1919 1509 1970 omnium
1555 1918 1768 1972 discutis

174 2000 620 2059 Cnmroneu?...
652 2005 799 2072 llaec,
832 2009 1112 2072 carissimi,
1157 2010 1348 2062 rationi
1370 2026 1505 2064 circa
1530 2021 1666 2075 sunt,
1697 2012 1766 2081 ﬁ-

173 2092 260 2146 dei
304 2096 599 2165 manifesta.
652 2095 791 2150 Tunc
820 2099 955 2151 enim
983 2110 1133 2168 parte
1160 2117 1225 2153 ex
1269 2101 1442 2172 aliqua
1481 2101 1768 2172 inde/inille

170 2186 465 2256 majestatis
493 2188 604 2257 ejus
633 2177 911 2260 poterimus
938 2192 1190 2244 immensa
1220 2193 1422 2253 rimari,
1455 2194 1498 2245 si
1532 2193 1768 2246 adverta-

166 2291 286 2329 mus
313 2277 480 2346 qualis
501 2263 818 2354 quantusque
855 2283 921 2333 sit
954 2279 1090 2334 Deus
1118 2298 1150 2333 a
1190 2281 1336 2334 nobis
1367 2299 1469 2334 non
1505 2300 1654 2352 posse
1681 2301 1766 2336 co-

168 2369 375 2439 gnosci,
398 2377 453 2419 ut
477 2371 549 2421 ait
580 2367 831 2424 Dominus
852 2372 920 2424 ad
942 2371 1158 2442 Moysen
1191 2390 1206 2426 :
1233 2373 1307 2425 Tu
1348 2385 1641 2427 autemnon
1669 2393 1765 2439 po-

172 2459 305 2511 teris
328 2458 498 2512 videre
525 2462 709 2531 faciem
750 2479 936 2525 meam,
977 2464 1030 2517 id
1054 2473 1148 2530 est,
1182 2483 1282 2518 non
1305 2475 1447 2536 potes
1476 2465 1770 2520 carnalibus

169 2549 343 2602 oculis
382 2567 586 2616 meam,
629 2554 780 2607 sicuti
821 2564 927 2619 est,
969 2557 1226 2626 inspicere
1271 2557 1530 2610 deitatem.
1579 2557 1768 2611 Beatus

166 2657 395 2713 namque
434 2640 605 2697 David
644 2646 879 2698 virtutem
909 2649 1295 2716 omnipotentia:
1324 2649 1438 2718 ejus
1468 2649 1760 2713 intendens,

167 2730 461 2796 clamabat,
492 2733 671 2788 dicens
714 2752 732 2788 :
779 2735 1050 2790 Mirabilia
1092 2757 1247 2808 opera
1290 2750 1393 2803 tua,
1429 2739 1665 2806 Domine,
1715 2749 1764 2793 et

167 2826 351 2878 anima
380 2843 493 2878 mea
523 2828 661 2879 novit
682 2827 847 2880 valde.
881 2827 1046 2883 Valde
1066 2831 1200 2883 enim
1225 2830 1414 2884 sciebat
1442 2835 1616 2885 anima
1637 2850 1759 2903 pro-

168 2915 396 2985 phetalis
439 2934 595 2984 opera
617 2915 714 2971 Dei
743 2935 944 2972 omnem
965 2921 1343 2974 meditationem
1367 2924 1606 2977 humanm
1628 2941 1762 2978 men-

169 3009 234 3059 tis
263 3008 536 3074 excedere,
568 3018 777 3080 propter
815 3012 950 3082 quod
993 3014 1406 3081 sapientissimus
1436 3017 1758 3084 patriarcha,

168 3099 409 3153 mortalis
439 3117 615 3154 sensus
661 3105 928 3158 conclusus
971 3107 1250 3174 angustiis,
1291 3123 1404 3177 qua'
1455 3108 1762 3180 investigare

1869 1927 1968 1974 est.
2005 1917 2118 1973 Hoc
2148 1918 2414 1984 novimus,
2445 1917 2608 1973 fuisse
2639 1917 2742 1972 illis
2769 1917 3107 1987 pnepositos,
3137 1932 3274 1986 quos
3301 1931 3450 1986 pres-

1867 2012 2083 2084 byteros
2111 2009 2474 2080 appellabant.
2525 2008 2618 2064 His
2656 2009 2931 2078 negotium
2974 2009 3137 2063 fuisse
3169 2009 3351 2063 datum
3392 2016 3451 2062 ut

1867 2102 2038 2170 laico,
2079 2101 2169 2171 qui
2198 2117 2294 2157 sua
2336 2101 2464 2171 ipsis
2501 2109 2723 2172 peccata
2753 2098 3124 2167 conﬁteretur,
3156 2115 3262 2154 non
3288 2099 3450 2168 jube-

1865 2200 1984 2246 rent
2013 2201 2069 2244 ut
2089 2192 2452 2261 resipisceret,
2480 2199 2645 2260 utque
2686 2191 2912 2246 crimina
2952 2205 3047 2245 sua
3088 2190 3450 2246 detestaretur

1867 2290 2028 2349 atquc
2057 2279 2316 2345 deﬁeret;
2347 2280 2442 2335 sed
2473 2289 2678 2334 tantum
2707 2282 2948 2349 pecuniae
2977 2280 3045 2335 ad
3076 2281 3449 2335 remissionem

1870 2373 2219 2442 imperarent,
2245 2380 2507 2440 quantum
2536 2372 2638 2443 ipsi
2668 2380 2988 2437 statuerent,
3011 2372 3147 2427 solvi
3175 2380 3447 2442 oportere.

1870 2463 1944 2518 Ne
1973 2479 2103 2519 vero
2133 2463 2190 2518 bi
2235 2464 2546 2534 quempiam
2591 2463 2860 2532 fallerent,
2901 2463 3165 2518 Maximus
3193 2462 3450 2517 advocata

1866 2555 2148 2622 concione,
2180 2555 2257 2609 sic
2283 2563 2368 2609 est
2394 2553 2649 2625 populum
2687 2554 2948 2609 allocutus
2977 2554 3043 2625 (j)
3079 2572 3090 2606 :
3123 2553 3314 2607 Mirari
3348 2569 3448 2608 non

1867 2646 2104 2700 debemus
2144 2646 2281 2717 quod
2318 2645 2610 2716 hujusmodi
2649 2645 2877 2699 hwretici
2913 2647 2969 2698 in
3007 2652 3183 2699 nostra
3209 2642 3449 2697 aberrare

1865 2741 2108 2808 cmperint
2134 2738 2362 2808 regione.
2396 2736 2612 2807 Semper
2639 2737 2776 2790 enim
2804 2752 3008 2807 gregem
3037 2736 3204 2788 ovium
3232 2733 3448 2788 insidia~

1865 2839 1945 2884 tor
1971 2830 2121 2900 lupus
2150 2831 2407 2900 sequitur;
2451 2844 2651 2895 semper
2677 2826 3031 2882 Christianum
3059 2837 3238 2882 cretum
3268 2825 3448 2880 diabo-

1863 2922 1941 2975 lus
1968 2920 2208 2988 deceptor
2236 2921 2488 2973 incursat.
2525 2918 2676 2983 Quod
2703 2918 2905 2991 quidem
2930 2918 2991 2989 βε
3011 2918 3225 2979 utiliter,
3256 2925 3312 2969 ut
3340 2917 3447 2970 sol-

1863 3015 2082 3068 licitiore
2104 3012 2339 3066 custodia
2367 3027 2460 3066 nec
2481 3027 2685 3084 gregem
2713 3013 2817 3065 ovis
2839 3011 3062 3076 deserat,
3086 3026 3179 3063 nec
3200 3007 3447 3062 Christia~

1863 3123 1957 3160 nus
2001 3104 2291 3159 Ecclesium
2331 3104 2670 3175 derelinquat.
2721 3101 2871 3157 Unde
2907 3110 2957 3156 et
3003 3101 3279 3173 Apostolus
3324 3101 3444 3154 ait:

170 3207 276 3243 non
307 3199 508 3261 poterat
544 3193 897 3248 mirabatur...
934 3194 1046 3248 Hoc
1083 3197 1268 3266 ipsum,
1303 3201 1436 3268 quod
1465 3201 1754 3270 incompre-
1785 3208 1828 3268 ρ
1864 3197 2078 3266 Oportet
2116 3197 2272 3250 etiam
2312 3197 2534 3250 licereses
2573 3196 2816 3262 existere,
2844 3202 2898 3247 ut
2939 3192 3141 3264 probati
3185 3192 3448 3263 manifesti

169 3279 440 3333 hensibilis
471 3289 546 3334 est
576 3281 733 3346 Deus,
760 3286 933 3338 anima
957 3287 1068 3356 ejus
1093 3285 1352 3357 (Davidis)
1375 3301 1601 3352 noverat,
1635 3307 1757 3345 caro

171 3373 363 3424 sentire
403 3390 504 3426 non
547 3384 767 3445 poterat.
803 3376 984 3430 Omnis
1014 3396 1134 3448 ergo
1165 3380 1249 3450 qui
1277 3398 1432 3447 opera
1469 3380 1566 3433 Dei
1593 3386 1758 3454 magis

171 3468 273 3520 cult
321 3471 624 3522 examinare
669 3488 821 3542 quant
870 3472 1096 3537 credere,
1153 3489 1253 3527 non
1293 3475 1518 3544 sequitur
1569 3477 1759 3530 anima:

172 3573 403 3621 sensum,
450 3559 540 3612 sed
567 3577 792 3613 errorem
833 3560 932 3631 (ά).
972 3561 1162 3617 Datum
1204 3573 1460 3632 pneterca
1499 3564 1760 3621 Maximus

171 3646 430 3702 divinitus
467 3649 632 3704 Vetus
674 3649 1076 3706 Testamentum
1109 3654 1179 3722 (e)
1228 3655 1431 3718 scribit,
1481 3656 1630 3724 cujus
1679 3664 1760 3710 est

171 3739 395 3808 spiritus
425 3757 561 3794 unus
602 3758 664 3796 ac
693 3742 847 3808 Novi,
880 3745 1121 3814 miraque
1161 3762 1280 3798 cum
1311 3747 1462 3799 Novo
1487 3747 1602 3815 ipso
1624 3762 1757 3801 con-

170 3831 355 3884 sensio
382 3834 469 3902 (Ῑ).
503 3832 667 3886 Docet
715 3832 890 3888 Patris
933 3837 1120 3889 aeterni
1162 3836 1254 3889 Dei
1285 3836 1477 3889 Filium
1500 3847 1759 3891 aeternum

170 3917 345 3974 Deum
388 3922 674 3976 humanam
727 3924 827 3976 sibi
872 3925 1220 3993 assumpsisse
1269 3934 1544 3988 naturam,
1597 3935 1759 3994 utque

174 4010 477 4074 hominem,
511 4027 616 4064 non
648 4014 946 4081 apparenti,
978 4014 1070 4068 sed
1101 4030 1230 4068 vero
1259 4014 1534 4084 przeditum
1566 4031 1759 4086 corpo-

171 4116 256 4165 re,
301 4117 429 4156 vere
474 4118 688 4172 passum
736 4113 1114 4174 mortuumque
1156 4105 1336 4171 fuisse,
1381 4109 1752 4175 resurrexisse,

171 4193 488 4247 ascendisse
505 4195 556 4248 in
585 4196 777 4248 cmlum
810 4196 907 4265 (g),
931 4196 1157 4266 indeque
1183 4215 1321 4262 esse,
1353 4207 1409 4251 ut
1438 4199 1586 4253 vivos
1606 4215 1749 4253 mor-

172 4293 404 4355 tuosque
428 4285 660 4353 judicet,
691 4286 1040 4341 adventurum
1070 4288 1167 4361 (h).
1214 4289 1393 4362 [θην]
1424 4288 1754 4347 Constitutas

171 4374 298 4428 item
347 4377 423 4430 ait
463 4376 625 4431 fuisse
666 4395 695 4432 a
738 4379 849 4433 Deo
880 4381 1113 4449 nuptias,
1143 4396 1278 4450 quas
1318 4381 1573 4453 deinceps
1597 4385 1752 4438 Chri-

171 4472 284 4518 stus
330 4467 674 4522 sanctilicarit
722 4470 818 4539 (i),
868 4485 962 4525 seu
1009 4471 1061 4526 in
1111 4489 1389 4528 numerum
1441 4477 1751 4544 provexerit

243 4669 319 4740 (a)
348 4669 544 4741 licmil.
577 4669 663 4733 89,
695 4685 816 4741 pag.
843 4671 964 4727 500.

242 4739 312 4813 (ο)
347 4739 543 4813 Homil.
579 4739 710 4805 101,
732 4757 850 4810 pag.
885 4741 988 4794 546
1015 4760 1026 4794 :
1051 4739 1201 4796 Circa
1229 4744 1352 4813 ﬁdei
1385 4744 1575 4799 donum
1604 4746 1749 4800 solli-

174 4811 256 4862 citi
286 4811 706 4886 esse‘debemus,
739 4820 787 4864 et
828 4813 1055 4882 providi,
1105 4822 1153 4866 et
1200 4811 1267 4866 ad
1311 4818 1598 4869 custodiam
1641 4818 1753 4886 ejus

173 4884 351 4957 mentis
380 4880 649 4957 devotione
674 4880 1030 4957 semper_esse_
1049 4887 1257 4957 armati,
1291 4901 1382 4938 nec
1411 4889 1512 4940 cito
1545 4880 1753 4957 fallaci-

175 4950 504 5026 bus‘credere
553 4951 941 5026 blandimentis.
993 4952 1136 5007 Solet
1182 4957 1318 5026 enim
1357 4957 1446 5008 sub
1495 4950 1749 5026 praetextu

173 5022 308 5103 p‘qcis
347 5023 522 5103 hos-tis.
573 5023 813 5103 irrepere,
858 5023 954 5103 hoc
993 5033 1070 5076 est
1116 5024 1208 5075 sub
1248 5022 1750 5103 pocanbulolhominis

173 5087 453 5164 Christiani
478 5087 771 5164 ilicereticus
811 5093 1133 5158 subintrare,
1176 5096 1261 5164 qui
1307 5096 1376 5147 ad
1423 5095 1749 5162 decipiendos

173 5160 426 5228 simplices
467 5163 698 5215 homines
728 5162 988 5217 Christum
1020 5165 1072 5218 in
1119 5160 1208 5219 ore
1235 5175 1438 5233 portat;
1485 5160 1749 5218 diabolum

174 5234 298 5294 gerit
327 5233 377 5306 in
426 5234 609 5306 corde;
641 5242 688 5284 et
715 5251 841 5306 eum;
868 5235 1074 5304 quidem
1114 5237 1291 5305 lingua
1322 5237 1614 5306 conﬁtetur,
1659 5238 1750 5289 sed

176 5313 329 5376 mente
349 5303 693 5376 blasphemat.
718 5303 791 5376 21b
823 5303 917 5356 hoc
947 5306 1105 5374 igitur
1134 5303 1331 5374 oportet
1359 5303 1562 5376 penitus
1591 5306 1750 5360 decli-

178 5373 302 5446 uari,
329 5389 420 5446 n_e_c
441 5374 623 5446 aliqua
639 5373 1173 5446 societateconjungi,
1199 5384 1304 5446 etc.

240 5441 326 5516 (ε)Δ
353 5441 548 5516 llpmil'.
595 5443 806 5516 7,_pag.
839 5442 926 5516 22,
979 5441 1244 5516 etnhornil.
1291 5444 1376 5510 10,
1408 5461 1529 5516 pag.
1572 5447 1662 5516 28,
1692 5458 1750 5503 et

177 5462 1376 5589 ...:.a.'{§s';;.gxsii-.rrsa'rarsg’:
1402 5462 1668 5589 ias-sa;
1691 5462 1745 5575 ἓξ

174 5576 348 5653 lionnl.
376 5583 495 5646 116,
516 5576 652 5653 'pa'g.
695 5582 817 5637 585.

240 5652 314 5724 (ιι)
340 5652 548 5724 nomn;
566 5653 651 5724 to,
681 5669 801 5724 pag.
834 5652 922 5707 28.

241 5719 308 5789 (ε)
340 5720 531 5776 Homil.
568 5723 654 5788 11,
681 5719 802 5795 pag.
829 5724 893 5780 31
917 5725 1142 5798 ,‘homil.
1189 5725 1275 5794 15,
1309 5744 1428 5798 pag.
1461 5730 1548 5798 5|,
1577 5747 1736 5788 serm.

175 5783 252 5846 13.
293 5807 408 5846 uae.
451 5793 569 5846 ΗΞ.

237 5829 252 5849 .
293 5807 408 5857 pag.
451 5807 569 5847 M2.

1861 3289 1994 3357 ﬁant
2044 3289 2178 3340 inter
2226 3304 2332 3340 vos.
2386 3287 2652 3358 Tanquam
2700 3288 2743 3339 si
2784 3286 2976 3339 diceret
3017 3303 3034 3339 :
3081 3283 3296 3353 Oportet
3332 3299 3446 3338 esse

1864 3378 2172 3432 Christianis
2203 3379 2324 3446 ﬁdei
2344 3394 2590 3447 pugnam,
2622 3387 2678 3429 ut
2704 3379 2772 3430 sit
2801 3374 3030 3445 probatis
3053 3384 3193 3428 certa
3213 3375 3445 3427 victoria.

1869 3468 2005 3522 Nam
2025 3511 2038 3533 ,
2070 3479 2126 3522 ut
2155 3484 2329 3522 eorum
2370 3469 2578 3521 interim
2620 3466 2963 3536 blasphemias
2991 3482 3330 3538 seponamus,
3361 3481 3446 3519 re-

1867 3568 2098 3612 texamus
2132 3576 2245 3629 qua:
2279 3568 2398 3612 sunt
2425 3559 2654 3629 ipsorum
2693 3565 2950 3629 pracepta
2978 3557 3194 3612 uiuendi.
3227 3555 3447 3625 Prtzpo-

1867 3653 1953 3705 siti
2003 3667 2198 3712 eorum,
2248 3667 2372 3721 quos
2430 3649 2751 3720 presbyteros
2799 3657 3014 3711 uocant,
3052 3648 3292 3701 dicuntur
3341 3646 3446 3701 tale

1864 3742 2050 3794 habere
2070 3741 2465 3803 mandatum,ut
2489 3741 2534 3794 si
2564 3741 2675 3811 quis
2699 3740 2945 3794 laicorum
2974 3741 3144 3814 [assus
3161 3740 3316 3811 fuerit
3335 3739 3443 3792 cri-

1864 3849 1977 3886 men
2007 3833 2306 3896 admissum,
2352 3848 2454 3886 non
2495 3833 2631 3886 dicat
2652 3832 2731 3887 illi
2759 3849 2776 3886 :
2813 3833 2920 3902 Age
2946 3833 3318 3902 pcenitentiam,
3347 3831 3440 3885 de-

1861 3925 2010 3993 plora
2039 3925 2178 3995 facta
2217 3932 2324 3986 tua,
2365 3923 2496 3993 deﬂe
2529 3933 2766 3994 peccata;
2793 3924 2882 3978 sed
2902 3924 3076 3978 dicat:
3100 3923 3207 3978 Pro
3229 3924 3445 3976 crimine

1860 4014 1927 4066 da
1959 4024 2156 4067 tantum
2186 4016 2345 4080 mihi,
2392 4024 2440 4068 et
2470 4013 2765 4086 indulgetur
2802 4015 2910 4070 tibi.
2954 4015 3132 4069 Vanus
3174 4015 3360 4086 plane,
3391 4024 3442 4067 et

1858 4109 2108 4175 insipiens
2133 4108 2415 4181 presbyter,
2444 4111 2529 4181 qui
2561 4126 2674 4164 cum
2704 4110 2791 4164 ille
2818 4111 3048 4179 praedam
3079 4111 3318 4180 accipiat,
3341 4124 3441 4179 pu-

1859 4210 1960 4265 tat,
1994 4201 2130 4270 quod
2169 4213 2431 4272 peccatum
2468 4202 2700 4257 Christus
2756 4204 3039 4275 indulgeat.
3100 4200 3281 4256 Nescit
3322 4202 3443 4266 quia

1858 4290 2102 4344 Saluator
2141 4293 2267 4346 solet
2294 4303 2504 4365 peccata
2545 4294 2757 4359 donare,
2791 4304 2840 4347 et
2872 4311 2966 4363 pro
2995 4293 3180 4347 delicto
3215 4307 3442 4363 querere

1855 4387 2106 4455 pretiosas
2146 4385 2424 4457 lacrymas,
2473 4403 2576 4440 non
2624 4387 2869 4458 pecunias
2920 4402 3239 4440 numerosas.
3294 4382 3442 4437 Unde

1854 4478 1964 4546 ipse
1984 4478 2058 4531 ait
2083 4494 2099 4530 :
2133 4475 2306 4532 Gratis
2337 4480 2628 4549 accepistis,
2653 4481 2814 4549 gratis
2842 4479 3026 4535 date...
3052 4479 3283 4546 suscipit
3303 4476 3441 4527 dona

2053 4675 2250 4730 llomil.
2283 4676 2367 4747 11,
2395 4690 2518 4746 pag.
2551 4675 2640 4747 31_,
2668 4684 2723 4729 et
2743 4690 2903 4747 serra.
2937 4676 3022 4740 80,
3056 4692 3174 4747 pag.
3203 4678 3305 4733 605

1777 4679 1831 4740 D
1928 4678 2008 4815 3!;
2053 4678 2250 4730 llomil.
2283 4678 2367 4740 11,
2395 4690 2518 4746 pag.
2551 4678 2640 4736 5|,
2668 4684 2723 4729 et
2743 4690 2903 4729 serm.
2937 4678 3022 4740 80,
3056 4692 3174 4747 pag,
3203 4678 3305 4733 605

1951 4766 1982 4816 g
2036 4746 2169 4799 Vide
2202 4745 2405 4817 praefat.
2436 4759 2582 4817 num.
2607 4745 2658 4817 ζ’),
2685 4758 2805 4813 pag.
2838 4744 3099 4817 11_seqq.,
3134 4758 3189 4803 et
3225 4765 3372 4804 num.
3405 4750 3438 4804 4

1854 4812 2028 4889 seqq},
2057 4828 2180 4889 pag.
2203 4812 2301 4878 ‘45,
2329 4829 2502 4889 seqq.,
2535 4813 2623 4866 ubi
2665 4812 2848 4889 verum
2879 4812 3434 4889 Deur'n',;perl‘ecium-

1854 4883 1960 4963 que
1986 4885 2255 4963 hominem
2293 4883 2624 4963 ostendimus
2650 4900 2680 4939 a
2707 4883 2940 4963 Maximo
2963 4883 3302 4963 creditaque
3334 4908 3431 4963 ap-

1854 4955 2040 5031 pellari
2071 4953 2360 5031 Christum.
2388 4953 2522 5009 Cum
2535 4964 2723 5031 autem
2753 4956 2984 5012 fateatur
3003 4953 3272 5017 Christum
3305 4953 3431 5031 pe'r-

1856 5024 2056 5100 lectum
2107 5025 2410 5100 hominem;
2461 5026 2637 5079 anima
2686 5035 2864 5091 certe,
2906 5036 2961 5082 et
2977 5045 3227 5100 __corpore
3270 5024 3436 5088 fuisse

1854 5094 2134 5166 pneditum
2167 5095 2235 5149 sit
2269 5096 2560 5159 confessus,
2599 5111 2815 5152 necesse
2838 5106 2937 5152 est.
2965 5094 3137 5156 Hom-0
3163 5105 3317 5166 enim,
3352 5105 3433 5158 in-

1851 5166 1967 5234 quit
2009 5165 2463 5244 Magimnsserm.
2501 5166 2589 5232 41,
2624 5182 2745 5244 pag.
2781 5167 2902 5234 567,
2935 5171 3110 5244 animo
3140 5181 3188 5225 et
3217 5165 3436 5244 corpore

1851 5245 2072 5312 constat.
2103 5235 2220 5290 Una
2249 5239 2361 5291 sine
2381 5239 2566 5301 altera,
2599 5235 2856 5312 disjuncta
2883 5255 2945 5312 ac
2966 5241 3221 5312 dissipata
3243 5235 3432 5298 natura

1852 5316 1946 5360 est.
1982 5306 2057 5361 De
2102 5321 2226 5361 vere
2256 5324 2434 5375 passo,
2468 5306 2700 5373 mortuo,
2734 5309 2800 5362 ad
2845 5309 3007 5363 vitam
3033 5306 3305 5375 revocato,
3339 5330 3427 5367 re-

1852 5325 1946 5360 esi.
1982 5325 2057 5361 ue
2102 5325 2226 5361 vere
2292 5325 2434 5370 asso,
2468 5325 2700 5373 mortuo,
2734 5325 2800 5362 aa
2845 5325 3007 5363 vitam
3033 5325 3305 5375 revocato.
3339 5330 3427 5367 re-

1851 5388 2207 5448 surgenteqne
2248 5325 2482 5443 Ehristo,
2525 5379 2711 5434 confer
2731 5393 2848 5448 qua:
2870 5395 2937 5434 ex
2964 5379 3197 5437 Maximo
3225 5383 3429 5438 deseri-

1851 5447 2293 5521 psimusﬂPml'at.
2349 5465 2494 5521 num.
2541 5449 2592 5513 6,
2642 5447 2762 5519 pag.
2797 5449 3084 5521 487’seqq.,
3139 5469 3286 5508 num.
3335 5451 3422 5515 12,

1814 5561 1817 5563 .
1854 5532 1974 5591 pag.
2015 5517 2100 5591 5;,
2130 5527 2184 5573 et
2208 5535 2353 5573 num.
2380 5517 2786 5591 15‘seqq.,'pag.
2829 5520 2898 5572 49
2920 5517 3070 5591 seqq.

1925 5590 2002 5659 (Ii)
2028 5587 2227 5644 Confer
2255 5598 2409 5660 tract.
2443 5589 2492 5656 1,
2527 5587 2597 5642 de
2613 5587 2904 5660 Baptismo,
2927 5587 3048 5660 pag:
3083 5591 3176 5643 711
3213 5609 3325 5660 seq.

1920 5663 1985 5731 (i)
2027 5659 2153 5713 Vide
2176 5659 2382 5784 pruriat.
2411 5668 2648 5714 nostram
2675 5659 2821 5714 num.
2849 5659 2939 5725 28,
2963 5675 3084 5729 pag.
3120 5660 3234 5713 101.

1920 5737 1935 5784 l
1956 5731 1993 5784 il
2016 5729 2171 5784 ﬂoini
2196 5771 2210 5784 .
2238 5730 2355 5784 101.
2389 5744 2509 5784 pag.
2541 5729 2645 5784 546
2671 5744 2788 5784 sea.

1919 5729 1993 5801 (j)
2016 5729 2210 5786 Homil.
2238 5730 2355 5796 101,
2389 5744 2509 5800 pag.
2541 5729 2645 5784 546
2671 5744 2788 5798 seq.
3272 5753 3283 5763 .
