  <div class='ocr_page' id='page_1' title='image "/cluster/home/n/w/nwhite01/storage/ocr_20150623/57/hvd.32044015471618/079.png"; bbox 0 0 4050 6356; ppageno 0'>
   <div class='ocr_carea' id='block_1_1' title="bbox 519 208 624 290">
    <p class='ocr_par' dir='ltr' id='par_1_1' title="bbox 519 208 624 290">
     <span class='ocr_line' id='line_1_1' title="bbox 519 208 624 290; baseline -0.019 -25"><span class='ocrx_word' id='word_1_1' title='bbox 519 208 624 290; x_wconf 65' lang='grc' dir='ltr'><em>ψ</em></span> 
     </span>
    </p>
   </div>
   <div class='ocr_carea' id='block_1_2' title="bbox 1541 183 2763 264">
    <p class='ocr_par' dir='ltr' id='par_1_2' title="bbox 1541 183 2763 264">
     <span class='ocr_line' id='line_1_2' title="bbox 1541 183 2763 264; baseline -0.009 -2"><span class='ocrx_word' id='word_1_2' title='bbox 1541 245 1558 262; x_wconf 91' lang='grc'><strong>.</strong></span> <span class='ocrx_word' id='word_1_3' title='bbox 1629 199 1786 258; x_wconf 75' lang='lat' dir='ltr'><strong>VITA</strong></span> <span class='ocrx_word' id='word_1_4' title='bbox 1819 201 1876 258; x_wconf 84' lang='lat' dir='ltr'><strong><em>S.</em></strong></span> <span class='ocrx_word' id='word_1_5' title='bbox 1918 199 2161 264; x_wconf 67' lang='lat' dir='ltr'><strong>MAXIM</strong></span> <span class='ocrx_word' id='word_1_6' title='bbox 2211 195 2677 256; x_wconf 71' lang='lat' dir='ltr'><strong><em>TAUBINENSIS.</em></strong></span> <span class='ocrx_word' id='word_1_7' title='bbox 2755 183 2763 191; x_wconf 74' lang='grc'><em>’</em></span> 
     </span>
    </p>
   </div>
   <div class='ocr_carea' id='block_1_3' title="bbox 3730 193 3852 250">
    <p class='ocr_par' dir='ltr' id='par_1_3' title="bbox 3730 193 3852 250">
     <span class='ocr_line' id='line_1_3' title="bbox 3730 193 3852 250; baseline 0.025 -3"><span class='ocrx_word' id='word_1_8' title='bbox 3730 193 3852 250; x_wconf 67' lang='grc'><strong><em>148</em></strong></span> 
     </span>
    </p>
   </div>
   <div class='ocr_carea' id='block_1_4' title="bbox 513 303 3852 394">
    <p class='ocr_par' dir='ltr' id='par_1_4' title="bbox 513 303 3852 394">
     <span class='ocr_line' id='line_1_4' title="bbox 513 303 3852 394; baseline -0.006 -17"><span class='ocrx_word' id='word_1_9' title='bbox 513 322 794 394; x_wconf 77' lang='lat' dir='ltr'><strong><em>presbyter,</em></strong></span> <span class='ocrx_word' id='word_1_10' title='bbox 827 326 877 374; x_wconf 90' lang='lat' dir='ltr'><strong><em>et</em></strong></span> <span class='ocrx_word' id='word_1_11' title='bbox 904 320 1140 392; x_wconf 76' lang='lat' dir='ltr'><strong><em>pactione</em></strong></span> <span class='ocrx_word' id='word_1_12' title='bbox 1174 317 1395 388; x_wconf 87' lang='lat' dir='ltr'><strong><em>quadam</em></strong></span> <span class='ocrx_word' id='word_1_13' title='bbox 1425 317 1796 390; x_wconf 74' lang='lat' dir='ltr'><strong><em>indulgentiam</em></strong></span> <span class='ocrx_word' id='word_1_14' title='bbox 1825 317 1888 370; x_wconf 88' lang='lat' dir='ltr'><strong><em>de</em></strong></span> <span class='ocrx_word' id='word_1_15' title='bbox 1918 316 2103 371; x_wconf 85' lang='lat' dir='ltr'><strong><em>Salva-</em></strong></span> <span class='ocrx_word' id='word_1_16' title='bbox 2134 320 2180 376; x_wconf 77' lang='grc' dir='ltr'><strong>Α</strong></span> <span class='ocrx_word' id='word_1_17' title='bbox 2207 313 2516 368; x_wconf 82' lang='lat' dir='ltr'><strong><em>indiscretus</em></strong></span> <span class='ocrx_word' id='word_1_18' title='bbox 2562 318 2820 382; x_wconf 88' lang='lat' dir='ltr'><strong><em>aspectus,</em></strong></span> <span class='ocrx_word' id='word_1_19' title='bbox 2851 307 2951 362; x_wconf 89' lang='lat' dir='ltr'><strong><em>nisi</em></strong></span> <span class='ocrx_word' id='word_1_20' title='bbox 2996 316 3128 360; x_wconf 88' lang='lat' dir='ltr'><strong><em>esset</em></strong></span> <span class='ocrx_word' id='word_1_21' title='bbox 3173 307 3219 359; x_wconf 89' lang='lat' dir='ltr'><strong><em>ei</em></strong></span> <span class='ocrx_word' id='word_1_22' title='bbox 3270 322 3374 358; x_wconf 90' lang='lat' dir='ltr'><strong><em>una</em></strong></span> <span class='ocrx_word' id='word_1_23' title='bbox 3417 312 3466 358; x_wconf 92' lang='lat' dir='ltr'><strong><em>et</em></strong></span> <span class='ocrx_word' id='word_1_24' title='bbox 3513 303 3852 394; x_wconf 61' lang='lat' dir='ltr'><strong><em>indiscreta</em></strong></span> 
     </span>
    </p>
   </div>
   <div class='ocr_carea' id='block_1_5' title="bbox 515 411 2100 484">
    <p class='ocr_par' dir='ltr' id='par_1_5' title="bbox 515 411 2100 484">
     <span class='ocr_line' id='line_1_5' title="bbox 515 411 2100 484; baseline -0.001 -18"><span class='ocrx_word' id='word_1_25' title='bbox 515 423 624 468; x_wconf 82' lang='lat' dir='ltr'><strong><em>ture</em></strong></span> <span class='ocrx_word' id='word_1_26' title='bbox 649 415 922 484; x_wconf 85' lang='lat' dir='ltr'><strong><em>promittit.</em></strong></span> <span class='ocrx_word' id='word_1_27' title='bbox 959 411 1220 482; x_wconf 86' lang='lat' dir='ltr'><strong><em>Insipiens</em></strong></span> <span class='ocrx_word' id='word_1_28' title='bbox 1261 411 1528 483; x_wconf 87' lang='lat' dir='ltr'><strong><em>placitum,</em></strong></span> <span class='ocrx_word' id='word_1_29' title='bbox 1572 413 1625 467; x_wconf 88' lang='lat' dir='ltr'><strong><em>in</em></strong></span> <span class='ocrx_word' id='word_1_30' title='bbox 1654 428 1752 482; x_wconf 86' lang='lat' dir='ltr'><strong><em>quo</em></strong></span> <span class='ocrx_word' id='word_1_31' title='bbox 1792 411 1980 466; x_wconf 86' lang='lat' dir='ltr'><strong><em>dicitur</em></strong></span> <span class='ocrx_word' id='word_1_32' title='bbox 2002 413 2100 464; x_wconf 83' lang='lat' dir='ltr'><strong><em>mi—</em></strong></span> 
     </span>
    </p>
   </div>
   <div class='ocr_carea' id='block_1_6' title="bbox 513 485 2100 575">
    <p class='ocr_par' dir='ltr' id='par_1_6' title="bbox 513 485 2100 575">
     <span class='ocr_line' id='line_1_6' title="bbox 513 485 2100 575; baseline -0.003 -17"><span class='ocrx_word' id='word_1_33' title='bbox 513 520 610 558; x_wconf 86' lang='lat' dir='ltr'><strong><em>nus</em></strong></span> <span class='ocrx_word' id='word_1_34' title='bbox 639 503 912 575; x_wconf 70' lang='lat' dir='ltr'><strong><em>deliquisse</em></strong></span> <span class='ocrx_word' id='word_1_35' title='bbox 938 501 1187 571; x_wconf 87' lang='lat' dir='ltr'><strong><em>Domino,</em></strong></span> <span class='ocrx_word' id='word_1_36' title='bbox 1226 504 1314 575; x_wconf 86' lang='lat' dir='ltr'><strong><em>qui</em></strong></span> <span class='ocrx_word' id='word_1_37' title='bbox 1354 503 1470 574; x_wconf 87' lang='lat' dir='ltr'><strong><em>plus</em></strong></span> <span class='ocrx_word' id='word_1_38' title='bbox 1511 485 1784 558; x_wconf 76' lang='lat' dir='ltr'><strong><em>contulerit</em></strong></span> <span class='ocrx_word' id='word_1_39' title='bbox 1828 502 2100 556; x_wconf 76' lang='lat' dir='ltr'><strong><em>sacerdoti.</em></strong></span> 
     </span>
    </p>
   </div>
   <div class='ocr_carea' id='block_1_7' title="bbox 514 595 2100 668">
    <p class='ocr_par' dir='ltr' id='par_1_7' title="bbox 514 595 2100 668">
     <span class='ocr_line' id='line_1_7' title="bbox 514 595 2100 668; baseline 0.001 -19"><span class='ocrx_word' id='word_1_40' title='bbox 514 597 665 665; x_wconf 82' lang='lat' dir='ltr'><strong><em>Apud</em></strong></span> <span class='ocrx_word' id='word_1_41' title='bbox 694 595 984 666; x_wconf 86' lang='lat' dir='ltr'><strong><em>hujusmodi</em></strong></span> <span class='ocrx_word' id='word_1_42' title='bbox 1003 602 1346 668; x_wconf 74' lang='lat' dir='ltr'><strong><em>prwceptores</em></strong></span> <span class='ocrx_word' id='word_1_43' title='bbox 1367 612 1565 666; x_wconf 77' lang='lat' dir='ltr'><strong><em>semper</em></strong></span> <span class='ocrx_word' id='word_1_44' title='bbox 1585 596 1766 650; x_wconf 75' lang='lat' dir='ltr'><strong><em>divites</em></strong></span> <span class='ocrx_word' id='word_1_45' title='bbox 1786 598 2100 658; x_wconf 84' lang='lat' dir='ltr'><strong><em>innocentes,</em></strong></span> 
     </span>
    </p>
   </div>
   <div class='ocr_carea' id='block_1_8' title="bbox 515 687 2102 761">
    <p class='ocr_par' dir='ltr' id='par_1_8' title="bbox 515 687 2102 761">
     <span class='ocr_line' id='line_1_8' title="bbox 515 687 2102 761; baseline 0 -19"><span class='ocrx_word' id='word_1_46' title='bbox 515 705 716 760; x_wconf 90' lang='lat' dir='ltr'><strong><em>semper</em></strong></span> <span class='ocrx_word' id='word_1_47' title='bbox 753 706 1008 761; x_wconf 79' lang='lat' dir='ltr'><strong><em>pauperes</em></strong></span> <span class='ocrx_word' id='word_1_48' title='bbox 1035 690 1318 744; x_wconf 85' lang='lat' dir='ltr'><strong><em>criminosi.</em></strong></span> <span class='ocrx_word' id='word_1_49' title='bbox 1354 687 1622 752; x_wconf 80' lang='lat' dir='ltr'><strong><em>Quomodo</em></strong></span> <span class='ocrx_word' id='word_1_50' title='bbox 1656 706 1853 759; x_wconf 82' lang='lat' dir='ltr'><strong><em>pauper</em></strong></span> <span class='ocrx_word' id='word_1_51' title='bbox 1886 689 2102 760; x_wconf 80' lang='lat' dir='ltr'><strong><em>satisfa-</em></strong></span> 
     </span>
    </p>
   </div>
   <div class='ocr_carea' id='block_1_9' title="bbox 515 779 2102 852">
    <p class='ocr_par' dir='ltr' id='par_1_9' title="bbox 515 779 2102 852">
     <span class='ocr_line' id='line_1_9' title="bbox 515 779 2102 852; baseline 0 -18"><span class='ocrx_word' id='word_1_52' title='bbox 515 781 619 834; x_wconf 88' lang='lat' dir='ltr'><strong><em>ciat</em></strong></span> <span class='ocrx_word' id='word_1_53' title='bbox 647 797 740 852; x_wconf 88' lang='lat' dir='ltr'><strong><em>pro</em></strong></span> <span class='ocrx_word' id='word_1_54' title='bbox 769 780 972 847; x_wconf 87' lang='lat' dir='ltr'><strong><em>delicto,</em></strong></span> <span class='ocrx_word' id='word_1_55' title='bbox 1016 781 1103 852; x_wconf 85' lang='lat' dir='ltr'><strong><em>qui</em></strong></span> <span class='ocrx_word' id='word_1_56' title='bbox 1139 797 1244 835; x_wconf 92' lang='lat' dir='ltr'><strong><em>non</em></strong></span> <span class='ocrx_word' id='word_1_57' title='bbox 1281 779 1450 848; x_wconf 85' lang='lat' dir='ltr'><strong><em>habet,</em></strong></span> <span class='ocrx_word' id='word_1_58' title='bbox 1481 782 1618 851; x_wconf 87' lang='lat' dir='ltr'><strong><em>quod</em></strong></span> <span class='ocrx_word' id='word_1_59' title='bbox 1651 782 1836 852; x_wconf 75' lang='lat' dir='ltr'><strong><em>aﬁ&#39;erat</em></strong></span> <span class='ocrx_word' id='word_1_60' title='bbox 1860 799 1953 851; x_wconf 88' lang='lat' dir='ltr'><strong><em>pro</em></strong></span> <span class='ocrx_word' id='word_1_61' title='bbox 1980 797 2102 852; x_wconf 88' lang='lat' dir='ltr'><strong><em>pec-</em></strong></span> 
     </span>
    </p>
   </div>
   <div class='ocr_carea' id='block_1_10' title="bbox 516 873 674 926">
    <p class='ocr_par' dir='ltr' id='par_1_10' title="bbox 516 873 674 926">
     <span class='ocr_line' id='line_1_10' title="bbox 516 873 674 926; baseline 0.006 -1"><span class='ocrx_word' id='word_1_62' title='bbox 516 879 633 926; x_wconf 90' lang='lat' dir='ltr'><strong><em>cato</em></strong></span> <span class='ocrx_word' id='word_1_63' title='bbox 649 873 674 926; x_wconf 73' lang='grc' dir='ltr'><em>γ</em></span> 
     </span>
    </p>
   </div>
   <div class='ocr_carea' id='block_1_11' title="bbox 589 963 2101 1020">
    <p class='ocr_par' dir='ltr' id='par_1_11' title="bbox 589 963 2101 1020">
     <span class='ocr_line' id='line_1_11' title="bbox 589 963 2101 1020; baseline 0 -2"><span class='ocrx_word' id='word_1_64' title='bbox 589 963 742 1018; x_wconf 84' lang='lat' dir='ltr'><strong><em>Haud</em></strong></span> <span class='ocrx_word' id='word_1_65' title='bbox 765 979 918 1020; x_wconf 88' lang='lat' dir='ltr'><strong><em>secus</em></strong></span> <span class='ocrx_word' id='word_1_66' title='bbox 938 963 1202 1020; x_wconf 84' lang='lat' dir='ltr'><strong><em>Maximus</em></strong></span> <span class='ocrx_word' id='word_1_67' title='bbox 1221 963 1476 1020; x_wconf 87' lang='lat' dir='ltr'><strong><em>adversus</em></strong></span> <span class='ocrx_word' id='word_1_68' title='bbox 1495 972 1716 1020; x_wconf 57' lang='lat' dir='ltr'><strong><em>caeteras</em></strong></span> <span class='ocrx_word' id='word_1_69' title='bbox 1735 964 1965 1020; x_wconf 68' lang='lat' dir='ltr'><strong><em>haereses</em></strong></span> <span class='ocrx_word' id='word_1_70' title='bbox 1985 979 2101 1018; x_wconf 88' lang='lat' dir='ltr'><strong><em>ma-</em></strong></span> 
     </span>
    </p>
   </div>
   <div class='ocr_carea' id='block_1_12' title="bbox 517 1055 2102 1128">
    <p class='ocr_par' dir='ltr' id='par_1_12' title="bbox 517 1055 2102 1128">
     <span class='ocr_line' id='line_1_12' title="bbox 517 1055 2102 1128; baseline -0.001 -16"><span class='ocrx_word' id='word_1_71' title='bbox 517 1072 622 1126; x_wconf 89' lang='lat' dir='ltr'><strong><em>gna</em></strong></span> <span class='ocrx_word' id='word_1_72' title='bbox 660 1057 790 1122; x_wconf 84' lang='lat' dir='ltr'><strong><em>suis,</em></strong></span> <span class='ocrx_word' id='word_1_73' title='bbox 830 1073 894 1112; x_wconf 91' lang='lat' dir='ltr'><strong><em>ac</em></strong></span> <span class='ocrx_word' id='word_1_74' title='bbox 931 1055 1080 1111; x_wconf 83' lang='lat' dir='ltr'><strong><em>ﬁrma</em></strong></span> <span class='ocrx_word' id='word_1_75' title='bbox 1107 1056 1364 1112; x_wconf 75' lang='lat' dir='ltr'><strong><em>doctrina:</em></strong></span> <span class='ocrx_word' id='word_1_76' title='bbox 1411 1056 1654 1128; x_wconf 69' lang='lat' dir='ltr'><strong><em>prmsidia</em></strong></span> <span class='ocrx_word' id='word_1_77' title='bbox 1701 1057 1925 1126; x_wconf 83' lang='lat' dir='ltr'><strong><em>paravit.</em></strong></span> <span class='ocrx_word' id='word_1_78' title='bbox 1969 1055 2102 1110; x_wconf 87' lang='lat' dir='ltr'><strong><em>Nam</em></strong></span> 
     </span>
    </p>
   </div>
   <div class='ocr_carea' id='block_1_13' title="bbox 516 1144 2102 1218">
    <p class='ocr_par' dir='ltr' id='par_1_13' title="bbox 516 1144 2102 1218">
     <span class='ocr_line' id='line_1_13' title="bbox 516 1144 2102 1218; baseline 0 -18"><span class='ocrx_word' id='word_1_79' title='bbox 516 1149 641 1202; x_wconf 82' lang='lat' dir='ltr'><strong><em>dum</em></strong></span> <span class='ocrx_word' id='word_1_80' title='bbox 693 1148 1072 1218; x_wconf 91' lang='lat' dir='ltr'><strong><em>opportunitas</em></strong></span> <span class='ocrx_word' id='word_1_81' title='bbox 1125 1148 1372 1212; x_wconf 79' lang='lat' dir='ltr'><strong><em>monuit,</em></strong></span> <span class='ocrx_word' id='word_1_82' title='bbox 1417 1146 1577 1202; x_wconf 88' lang='lat' dir='ltr'><strong><em>modo</em></strong></span> <span class='ocrx_word' id='word_1_83' title='bbox 1629 1145 1948 1206; x_wconf 75' lang='lat' dir='ltr'><strong><em>Arianorum</em></strong></span> <span class='ocrx_word' id='word_1_84' title='bbox 1991 1144 2102 1216; x_wconf 87' lang='lat' dir='ltr'><strong><em>(a),</em></strong></span> 
     </span>
    </p>
   </div>
   <div class='ocr_carea' id='block_1_14' title="bbox 514 1237 2103 1313">
    <p class='ocr_par' dir='ltr' id='par_1_14' title="bbox 514 1237 2103 1313">
     <span class='ocr_line' id='line_1_14' title="bbox 514 1237 2103 1313; baseline -0.001 -19"><span class='ocrx_word' id='word_1_85' title='bbox 514 1241 676 1313; x_wconf 85' lang='lat' dir='ltr'><strong><em>modo</em></strong></span> <span class='ocrx_word' id='word_1_86' title='bbox 726 1237 1162 1296; x_wconf 83' lang='lat' dir='ltr'><strong><em>Helvidianorum</em></strong></span> <span class='ocrx_word' id='word_1_87' title='bbox 1198 1255 1266 1294; x_wconf 89' lang='lat' dir='ltr'><strong><em>ac</em></strong></span> <span class='ocrx_word' id='word_1_88' title='bbox 1306 1237 1760 1296; x_wconf 82' lang='lat' dir='ltr'><strong><em>Jovinianensium</em></strong></span> <span class='ocrx_word' id='word_1_89' title='bbox 1798 1240 1894 1310; x_wconf 65' lang='grc' dir='ltr'><strong><em>(ὁ),</em></strong></span> <span class='ocrx_word' id='word_1_90' title='bbox 1943 1237 2103 1296; x_wconf 89' lang='lat' dir='ltr'><strong><em>modo</em></strong></span> 
     </span>
    </p>
   </div>
   <div class='ocr_carea' id='block_1_15' title="bbox 513 1313 2103 1402">
    <p class='ocr_par' dir='ltr' id='par_1_15' title="bbox 513 1313 2103 1402">
     <span class='ocr_line' id='line_1_15' title="bbox 513 1313 2103 1402; baseline 0 -18"><span class='ocrx_word' id='word_1_91' title='bbox 513 1329 788 1399; x_wconf 77' lang='lat' dir='ltr'><strong><em>Vigilantii</em></strong></span> <span class='ocrx_word' id='word_1_92' title='bbox 825 1313 1136 1385; x_wconf 85' lang='lat' dir='ltr'><strong><em>sanctorum</em></strong></span> <span class='ocrx_word' id='word_1_93' title='bbox 1168 1329 1423 1402; x_wconf 82' lang='lat' dir='ltr'><strong><em>reliquias</em></strong></span> <span class='ocrx_word' id='word_1_94' title='bbox 1465 1329 1807 1385; x_wconf 75' lang='lat' dir='ltr'><strong><em>horiorandas</em></strong></span> <span class='ocrx_word' id='word_1_95' title='bbox 1843 1345 1981 1384; x_wconf 28' lang='lat' dir='ltr'><strong><em>esse;</em></strong></span> <span class='ocrx_word' id='word_1_96' title='bbox 2011 1345 2103 1384; x_wconf 82' lang='lat' dir='ltr'><strong><em>ne-</em></strong></span> 
     </span>
    </p>
   </div>
   <div class='ocr_carea' id='block_1_16' title="bbox 513 1403 2103 1497">
    <p class='ocr_par' dir='ltr' id='par_1_16' title="bbox 513 1403 2103 1497">
     <span class='ocr_line' id='line_1_16' title="bbox 513 1403 2103 1497; baseline 0 -21"><span class='ocrx_word' id='word_1_97' title='bbox 513 1422 692 1497; x_wconf 83' lang='lat' dir='ltr'><strong><em>gantis</em></strong></span> <span class='ocrx_word' id='word_1_98' title='bbox 722 1422 816 1493; x_wconf 79' lang='grc' dir='ltr'><strong><em>(ο).</em></strong></span> <span class='ocrx_word' id='word_1_99' title='bbox 853 1421 1014 1478; x_wconf 90' lang='lat' dir='ltr'><strong><em>modo</em></strong></span> <span class='ocrx_word' id='word_1_100' title='bbox 1041 1403 1508 1487; x_wconf 81' lang='lat' dir='ltr'><strong><em>Nestorianorum,</em></strong></span> <span class='ocrx_word' id='word_1_101' title='bbox 1537 1423 1698 1478; x_wconf 89' lang='lat' dir='ltr'><strong><em>modo</em></strong></span> <span class='ocrx_word' id='word_1_102' title='bbox 1742 1421 2103 1494; x_wconf 82' lang='lat' dir='ltr'><strong><em>Eutycbiano-</em></strong></span> 
     </span>
    </p>
   </div>
   <div class='ocr_carea' id='block_1_17' title="bbox 514 1511 2106 1585">
    <p class='ocr_par' dir='ltr' id='par_1_17' title="bbox 514 1511 2106 1585">
     <span class='ocr_line' id='line_1_17' title="bbox 514 1511 2106 1585; baseline 0.001 -17"><span class='ocrx_word' id='word_1_103' title='bbox 514 1529 634 1576; x_wconf 85' lang='lat' dir='ltr'><strong><em>rum</em></strong></span> <span class='ocrx_word' id='word_1_104' title='bbox 660 1513 738 1585; x_wconf 76' lang='grc' dir='ltr'><strong><em>(ά)</em></strong></span> <span class='ocrx_word' id='word_1_105' title='bbox 765 1511 1116 1583; x_wconf 80' lang='lat' dir='ltr'><strong><em>dogmatibus,</em></strong></span> <span class='ocrx_word' id='word_1_106' title='bbox 1147 1515 1382 1572; x_wconf 83' lang='lat' dir='ltr'><strong><em>ostendit</em></strong></span> <span class='ocrx_word' id='word_1_107' title='bbox 1401 1523 1660 1584; x_wconf 86' lang='lat' dir='ltr'><strong><em>quantum</em></strong></span> <span class='ocrx_word' id='word_1_108' title='bbox 1688 1515 1887 1572; x_wconf 87' lang='lat' dir='ltr'><strong><em>erroris</em></strong></span> <span class='ocrx_word' id='word_1_109' title='bbox 1909 1515 2106 1570; x_wconf 80' lang='lat' dir='ltr'><strong><em>inesset</em></strong></span> 
     </span>
    </p>
   </div>
   <div class='ocr_carea' id='block_1_18' title="bbox 517 1603 2105 1678">
    <p class='ocr_par' dir='ltr' id='par_1_18' title="bbox 517 1603 2105 1678">
     <span class='ocr_line' id='line_1_18' title="bbox 517 1603 2105 1678; baseline 0.003 -20"><span class='ocrx_word' id='word_1_110' title='bbox 517 1619 582 1674; x_wconf 80' lang='lat' dir='ltr'><strong><em>ac</em></strong></span> <span class='ocrx_word' id='word_1_111' title='bbox 613 1603 908 1674; x_wconf 63' lang='lat' dir='ltr'><strong><em>pravitatis.</em></strong></span> <span class='ocrx_word' id='word_1_112' title='bbox 933 1605 1174 1678; x_wconf 83' lang='lat' dir='ltr'><strong><em>Cumque</em></strong></span> <span class='ocrx_word' id='word_1_113' title='bbox 1202 1607 1415 1664; x_wconf 79' lang='lat' dir='ltr'><strong><em>Arionis</em></strong></span> <span class='ocrx_word' id='word_1_114' title='bbox 1441 1622 1594 1663; x_wconf 83' lang='lat' dir='ltr'><strong><em>acres</em></strong></span> <span class='ocrx_word' id='word_1_115' title='bbox 1622 1624 1743 1665; x_wconf 89' lang='lat' dir='ltr'><strong><em>cum</em></strong></span> <span class='ocrx_word' id='word_1_116' title='bbox 1773 1615 1960 1663; x_wconf 86' lang='lat' dir='ltr'><strong><em>sancto</em></strong></span> <span class='ocrx_word' id='word_1_117' title='bbox 1998 1607 2105 1662; x_wconf 82' lang='lat' dir='ltr'><strong><em>Eu-</em></strong></span> 
     </span>
    </p>
   </div>
   <div class='ocr_carea' id='block_1_19' title="bbox 2206 389 3853 472">
    <p class='ocr_par' dir='ltr' id='par_1_19' title="bbox 2206 389 3853 472">
     <span class='ocr_line' id='line_1_19' title="bbox 2206 389 3853 472; baseline -0.006 -12"><span class='ocrx_word' id='word_1_118' title='bbox 2206 403 2533 460; x_wconf 87' lang='lat' dir='ltr'><strong><em>substantia?</em></strong></span> <span class='ocrx_word' id='word_1_119' title='bbox 2561 400 2796 456; x_wconf 84' lang='lat' dir='ltr'><strong><em>Christus</em></strong></span> <span class='ocrx_word' id='word_1_120' title='bbox 2820 399 2980 472; x_wconf 83' lang='lat' dir='ltr'><strong><em>igitur</em></strong></span> <span class='ocrx_word' id='word_1_121' title='bbox 3007 409 3196 453; x_wconf 88' lang='lat' dir='ltr'><strong><em>natura</em></strong></span> <span class='ocrx_word' id='word_1_122' title='bbox 3222 393 3380 462; x_wconf 87' lang='lat' dir='ltr'><strong><em>Deus,</em></strong></span> <span class='ocrx_word' id='word_1_123' title='bbox 3409 399 3605 448; x_wconf 72' lang='lat' dir='ltr'><strong><em>natura</em></strong></span> <span class='ocrx_word' id='word_1_124' title='bbox 3640 405 3708 448; x_wconf 85' lang='lat' dir='ltr'><strong><em>et</em></strong></span> <span class='ocrx_word' id='word_1_125' title='bbox 3745 389 3853 450; x_wconf 64' lang='grc' dir='ltr'><strong><em>ἧσο</em></strong></span> 
     </span>
    </p>
   </div>
   <div class='ocr_carea' id='block_1_20' title="bbox 2207 478 3848 566">
    <p class='ocr_par' dir='ltr' id='par_1_20' title="bbox 2207 478 3848 566">
     <span class='ocr_line' id='line_1_20' title="bbox 2207 478 3848 566; baseline -0.007 -14"><span class='ocrx_word' id='word_1_126' title='bbox 2207 514 2324 561; x_wconf 85' lang='lat' dir='ltr'><strong><em>mo;</em></strong></span> <span class='ocrx_word' id='word_1_127' title='bbox 2353 498 2407 550; x_wconf 89' lang='lat' dir='ltr'><strong><em>in</em></strong></span> <span class='ocrx_word' id='word_1_128' title='bbox 2435 505 2648 566; x_wconf 89' lang='lat' dir='ltr'><strong><em>utraque</em></strong></span> <span class='ocrx_word' id='word_1_129' title='bbox 2672 509 2841 558; x_wconf 83' lang='lat' dir='ltr'><strong><em>verus,</em></strong></span> <span class='ocrx_word' id='word_1_130' title='bbox 2867 492 2922 546; x_wconf 83' lang='lat' dir='ltr'><strong><em>in</em></strong></span> <span class='ocrx_word' id='word_1_131' title='bbox 2954 478 3166 562; x_wconf 78' lang='lat' dir='ltr'><strong><em>utroque</em></strong></span> <span class='ocrx_word' id='word_1_132' title='bbox 3190 480 3444 562; x_wconf 55' lang='lat' dir='ltr'><strong><em>perfectus</em></strong></span> <span class='ocrx_word' id='word_1_133' title='bbox 3477 493 3579 549; x_wconf 90' lang='lat' dir='ltr'><strong><em>est,</em></strong></span> <span class='ocrx_word' id='word_1_134' title='bbox 3613 485 3770 558; x_wconf 75' lang='lat' dir='ltr'><strong><em>quia</em></strong></span> <span class='ocrx_word' id='word_1_135' title='bbox 3795 494 3848 540; x_wconf 84' lang='lat' dir='ltr'><strong><em>et</em></strong></span> 
     </span>
    </p>
   </div>
   <div class='ocr_carea' id='block_1_21' title="bbox 2207 570 3850 655">
    <p class='ocr_par' dir='ltr' id='par_1_21' title="bbox 2207 570 3850 655">
     <span class='ocr_line' id='line_1_21' title="bbox 2207 570 3850 655; baseline -0.007 -13"><span class='ocrx_word' id='word_1_136' title='bbox 2207 570 2580 643; x_wconf 71' lang='lat' dir='ltr'><strong><em>humanitatem</em></strong></span> <span class='ocrx_word' id='word_1_137' title='bbox 2617 586 2864 640; x_wconf 86' lang='lat' dir='ltr'><strong><em>veraciter</em></strong></span> <span class='ocrx_word' id='word_1_138' title='bbox 2906 577 3123 655; x_wconf 78' lang='lat' dir='ltr'><strong><em>sumpsit</em></strong></span> <span class='ocrx_word' id='word_1_139' title='bbox 3164 600 3198 636; x_wconf 89' lang='lat' dir='ltr'><strong><em>a</em></strong></span> <span class='ocrx_word' id='word_1_140' title='bbox 3237 575 3440 644; x_wconf 69' lang='lat' dir='ltr'><strong><em>Matre;</em></strong></span> <span class='ocrx_word' id='word_1_141' title='bbox 3471 585 3520 632; x_wconf 88' lang='lat' dir='ltr'><strong><em>et</em></strong></span> <span class='ocrx_word' id='word_1_142' title='bbox 3548 578 3622 632; x_wconf 87' lang='lat' dir='ltr'><strong><em>de</em></strong></span> <span class='ocrx_word' id='word_1_143' title='bbox 3656 574 3850 632; x_wconf 79' lang='lat' dir='ltr'><strong><em>Patre</em></strong></span> 
     </span>
    </p>
   </div>
   <div class='ocr_carea' id='block_1_22' title="bbox 2207 665 3848 751">
    <p class='ocr_par' dir='ltr' id='par_1_22' title="bbox 2207 665 3848 751">
     <span class='ocr_line' id='line_1_22' title="bbox 2207 665 3848 751; baseline -0.007 -16"><span class='ocrx_word' id='word_1_144' title='bbox 2207 681 2358 735; x_wconf 83' lang='lat' dir='ltr'><strong><em>habet</em></strong></span> <span class='ocrx_word' id='word_1_145' title='bbox 2387 677 2694 734; x_wconf 88' lang='lat' dir='ltr'><strong><em>naturaliter</em></strong></span> <span class='ocrx_word' id='word_1_146' title='bbox 2723 675 2994 733; x_wconf 59' lang='lat' dir='ltr'><strong><em>deitatem.</em></strong></span> <span class='ocrx_word' id='word_1_147' title='bbox 3019 673 3120 742; x_wconf 83' lang='lat' dir='ltr'><strong><em>Qui</em></strong></span> <span class='ocrx_word' id='word_1_148' title='bbox 3145 675 3219 728; x_wconf 91' lang='lat' dir='ltr'><strong><em>sic</em></strong></span> <span class='ocrx_word' id='word_1_149' title='bbox 3247 671 3381 729; x_wconf 83' lang='lat' dir='ltr'><strong><em>videt</em></strong></span> <span class='ocrx_word' id='word_1_150' title='bbox 3419 665 3656 751; x_wconf 73' lang='lat' dir='ltr'><strong><em>Filium,</em></strong></span> <span class='ocrx_word' id='word_1_151' title='bbox 3693 667 3848 725; x_wconf 72' lang='lat' dir='ltr'><strong><em>ridet</em></strong></span> 
     </span>
    </p>
   </div>
   <div class='ocr_carea' id='block_1_23' title="bbox 2205 763 3848 846">
    <p class='ocr_par' dir='ltr' id='par_1_23' title="bbox 2205 763 3848 846">
     <span class='ocr_line' id='line_1_23' title="bbox 2205 763 3848 846; baseline -0.005 -17"><span class='ocrx_word' id='word_1_152' title='bbox 2205 784 2255 840; x_wconf 78' lang='lat' dir='ltr'><strong><em>et</em></strong></span> <span class='ocrx_word' id='word_1_153' title='bbox 2279 774 2522 839; x_wconf 88' lang='lat' dir='ltr'><strong><em>Patrem;</em></strong></span> <span class='ocrx_word' id='word_1_154' title='bbox 2547 776 2667 846; x_wconf 87' lang='lat' dir='ltr'><strong><em>quia</em></strong></span> <span class='ocrx_word' id='word_1_155' title='bbox 2696 791 2810 828; x_wconf 89' lang='lat' dir='ltr'><strong><em>cum</em></strong></span> <span class='ocrx_word' id='word_1_156' title='bbox 2837 771 3097 828; x_wconf 77' lang='lat' dir='ltr'><strong><em>Christum</em></strong></span> <span class='ocrx_word' id='word_1_157' title='bbox 3119 771 3358 828; x_wconf 87' lang='lat' dir='ltr'><strong><em>eumdem</em></strong></span> <span class='ocrx_word' id='word_1_158' title='bbox 3387 763 3562 827; x_wconf 80' lang='lat' dir='ltr'><strong><em>Deum</em></strong></span> <span class='ocrx_word' id='word_1_159' title='bbox 3593 767 3848 840; x_wconf 71' lang='lat' dir='ltr'><strong><em>confite-</em></strong></span> 
     </span>
    </p>
   </div>
   <div class='ocr_carea' id='block_1_24' title="bbox 2208 857 3844 937">
    <p class='ocr_par' dir='ltr' id='par_1_24' title="bbox 2208 857 3844 937">
     <span class='ocr_line' id='line_1_24' title="bbox 2208 857 3844 937; baseline -0.004 -15"><span class='ocrx_word' id='word_1_160' title='bbox 2208 859 2322 922; x_wconf 78' lang='lat' dir='ltr'><strong><em>mur</em></strong></span> <span class='ocrx_word' id='word_1_161' title='bbox 2354 875 2402 921; x_wconf 89' lang='lat' dir='ltr'><strong><em>et</em></strong></span> <span class='ocrx_word' id='word_1_162' title='bbox 2445 865 2742 932; x_wconf 85' lang='lat' dir='ltr'><strong><em>Dominum,</em></strong></span> <span class='ocrx_word' id='word_1_163' title='bbox 2779 857 3071 928; x_wconf 74' lang='lat' dir='ltr'><strong><em>necessaria</em></strong></span> <span class='ocrx_word' id='word_1_164' title='bbox 3119 865 3384 937; x_wconf 80' lang='lat' dir='ltr'><strong><em>passiones</em></strong></span> <span class='ocrx_word' id='word_1_165' title='bbox 3431 859 3664 926; x_wconf 82' lang='lat' dir='ltr'><strong><em>homini,</em></strong></span> <span class='ocrx_word' id='word_1_166' title='bbox 3722 861 3844 916; x_wconf 81' lang='lat' dir='ltr'><strong><em>Dea</em></strong></span> 
     </span>
    </p>
   </div>
   <div class='ocr_carea' id='block_1_25' title="bbox 2206 951 3844 1029">
    <p class='ocr_par' dir='ltr' id='par_1_25' title="bbox 2206 951 3844 1029">
     <span class='ocr_line' id='line_1_25' title="bbox 2206 951 3844 1029; baseline -0.004 -14"><span class='ocrx_word' id='word_1_167' title='bbox 2206 961 2466 1016; x_wconf 81' lang='lat' dir='ltr'><strong><em>mirabilia</em></strong></span> <span class='ocrx_word' id='word_1_168' title='bbox 2503 959 2846 1029; x_wconf 73' lang='lat' dir='ltr'><strong><em>deputamus,</em></strong></span> <span class='ocrx_word' id='word_1_169' title='bbox 2884 965 2940 1010; x_wconf 90' lang='lat' dir='ltr'><strong><em>ut</em></strong></span> <span class='ocrx_word' id='word_1_170' title='bbox 2986 959 3304 1029; x_wconf 87' lang='lat' dir='ltr'><strong><em>intelligatur</em></strong></span> <span class='ocrx_word' id='word_1_171' title='bbox 3355 951 3690 1029; x_wconf 83' lang='lat' dir='ltr'><strong><em>Unigenitus</em></strong></span> <span class='ocrx_word' id='word_1_172' title='bbox 3742 953 3844 1008; x_wconf 80' lang='lat' dir='ltr'><strong><em>Dei</em></strong></span> 
     </span>
    </p>
   </div>
   <div class='ocr_carea' id='block_1_26' title="bbox 2207 1047 3840 1123">
    <p class='ocr_par' dir='ltr' id='par_1_26' title="bbox 2207 1047 3840 1123">
     <span class='ocr_line' id='line_1_26' title="bbox 2207 1047 3840 1123; baseline -0.004 -17"><span class='ocrx_word' id='word_1_173' title='bbox 2207 1069 2300 1106; x_wconf 85' lang='lat' dir='ltr'><strong><em>nec</em></strong></span> <span class='ocrx_word' id='word_1_174' title='bbox 2326 1069 2359 1106; x_wconf 89' lang='lat' dir='ltr'><strong><em>a</em></strong></span> <span class='ocrx_word' id='word_1_175' title='bbox 2383 1059 2600 1123; x_wconf 85' lang='lat' dir='ltr'><strong><em>paterna</em></strong></span> <span class='ocrx_word' id='word_1_176' title='bbox 2627 1051 2897 1121; x_wconf 87' lang='lat' dir='ltr'><strong><em>majestate</em></strong></span> <span class='ocrx_word' id='word_1_177' title='bbox 2939 1047 3140 1122; x_wconf 80' lang='lat' dir='ltr'><strong><em>dispar,</em></strong></span> <span class='ocrx_word' id='word_1_178' title='bbox 3171 1065 3262 1104; x_wconf 86' lang='lat' dir='ltr'><strong><em>nec</em></strong></span> <span class='ocrx_word' id='word_1_179' title='bbox 3303 1066 3336 1104; x_wconf 93' lang='lat' dir='ltr'><strong><em>a</em></strong></span> <span class='ocrx_word' id='word_1_180' title='bbox 3375 1058 3630 1102; x_wconf 84' lang='lat' dir='ltr'><strong><em>materna</em></strong></span> <span class='ocrx_word' id='word_1_181' title='bbox 3660 1063 3840 1102; x_wconf 83' lang='lat' dir='ltr'><strong><em>carne</em></strong></span> 
     </span>
    </p>
   </div>
   <div class='ocr_carea' id='block_1_27' title="bbox 2209 1127 3842 1212">
    <p class='ocr_par' dir='ltr' id='par_1_27' title="bbox 2209 1127 3842 1212">
     <span class='ocr_line' id='line_1_27' title="bbox 2209 1127 3842 1212; baseline -0.006 -14"><span class='ocrx_word' id='word_1_182' title='bbox 2209 1133 2497 1204; x_wconf 74' lang='lat' dir='ltr'><strong><em>dissimilis.</em></strong></span> <span class='ocrx_word' id='word_1_183' title='bbox 2525 1139 2635 1194; x_wconf 86' lang='lat' dir='ltr'><strong><em>Per</em></strong></span> <span class='ocrx_word' id='word_1_184' title='bbox 2669 1141 2802 1194; x_wconf 85' lang='lat' dir='ltr'><strong><em>hanc</em></strong></span> <span class='ocrx_word' id='word_1_185' title='bbox 2839 1139 2997 1212; x_wconf 89' lang='lat' dir='ltr'><strong><em>ﬁdem</em></strong></span> <span class='ocrx_word' id='word_1_186' title='bbox 3038 1156 3070 1192; x_wconf 93' lang='lat' dir='ltr'><strong><em>a</em></strong></span> <span class='ocrx_word' id='word_1_187' title='bbox 3113 1127 3355 1194; x_wconf 80' lang='lat' dir='ltr'><strong><em>Patribus</em></strong></span> <span class='ocrx_word' id='word_1_188' title='bbox 3383 1140 3582 1194; x_wconf 87' lang='lat' dir='ltr'><strong><em>nostris</em></strong></span> <span class='ocrx_word' id='word_1_189' title='bbox 3617 1134 3842 1190; x_wconf 75' lang='lat' dir='ltr'><strong><em>Ariona</em></strong></span> 
     </span>
    </p>
   </div>
   <div class='ocr_carea' id='block_1_28' title="bbox 2207 1225 3838 1305">
    <p class='ocr_par' dir='ltr' id='par_1_28' title="bbox 2207 1225 3838 1305">
     <span class='ocr_line' id='line_1_28' title="bbox 2207 1225 3838 1305; baseline -0.004 -18"><span class='ocrx_word' id='word_1_190' title='bbox 2207 1225 2284 1287; x_wconf 83' lang='lat' dir='ltr'><strong><em>est</em></strong></span> <span class='ocrx_word' id='word_1_191' title='bbox 2311 1235 2578 1305; x_wconf 74' lang='lat' dir='ltr'><strong><em>confutata</em></strong></span> <span class='ocrx_word' id='word_1_192' title='bbox 2615 1232 2869 1303; x_wconf 86' lang='lat' dir='ltr'><strong><em>perﬁdia;</em></strong></span> <span class='ocrx_word' id='word_1_193' title='bbox 2898 1233 2986 1304; x_wconf 90' lang='lat' dir='ltr'><strong><em>qui</em></strong></span> <span class='ocrx_word' id='word_1_194' title='bbox 3013 1234 3184 1298; x_wconf 79' lang='lat' dir='ltr'><strong><em>utique</em></strong></span> <span class='ocrx_word' id='word_1_195' title='bbox 3210 1231 3384 1296; x_wconf 82' lang='lat' dir='ltr'><strong><em>Arius,</em></strong></span> <span class='ocrx_word' id='word_1_196' title='bbox 3419 1227 3554 1284; x_wconf 84' lang='lat' dir='ltr'><strong><em>beati</em></strong></span> <span class='ocrx_word' id='word_1_197' title='bbox 3587 1227 3838 1284; x_wconf 76' lang='lat' dir='ltr'><strong><em>Joannis</em></strong></span> 
     </span>
    </p>
   </div>
   <div class='ocr_carea' id='block_1_29' title="bbox 2209 1316 3840 1396">
    <p class='ocr_par' dir='ltr' id='par_1_29' title="bbox 2209 1316 3840 1396">
     <span class='ocr_line' id='line_1_29' title="bbox 2209 1316 3840 1396; baseline -0.004 -18"><span class='ocrx_word' id='word_1_198' title='bbox 2209 1319 2492 1396; x_wconf 80' lang='lat' dir='ltr'><strong><em>Evangelia</em></strong></span> <span class='ocrx_word' id='word_1_199' title='bbox 2529 1322 2908 1388; x_wconf 85' lang='lat' dir='ltr'><strong><em>cantrudicens,</em></strong></span> <span class='ocrx_word' id='word_1_200' title='bbox 2954 1322 3077 1375; x_wconf 87' lang='lat' dir='ltr'><strong><em>dum</em></strong></span> <span class='ocrx_word' id='word_1_201' title='bbox 3128 1316 3346 1376; x_wconf 81' lang='lat' dir='ltr'><strong><em>Verbum</em></strong></span> <span class='ocrx_word' id='word_1_202' title='bbox 3391 1317 3485 1374; x_wconf 91' lang='lat' dir='ltr'><strong><em>Dei</em></strong></span> <span class='ocrx_word' id='word_1_203' title='bbox 3527 1317 3747 1386; x_wconf 83' lang='lat' dir='ltr'><strong><em>Deum,</em></strong></span> <span class='ocrx_word' id='word_1_204' title='bbox 3791 1327 3840 1372; x_wconf 80' lang='lat' dir='ltr'><strong><em>et</em></strong></span> 
     </span>
    </p>
   </div>
   <div class='ocr_carea' id='block_1_30' title="bbox 2208 1405 3837 1490">
    <p class='ocr_par' dir='ltr' id='par_1_30' title="bbox 2208 1405 3837 1490">
     <span class='ocr_line' id='line_1_30' title="bbox 2208 1405 3837 1490; baseline -0.004 -22"><span class='ocrx_word' id='word_1_205' title='bbox 2208 1405 2352 1490; x_wconf 84' lang='lat' dir='ltr'><strong><em>apud</em></strong></span> <span class='ocrx_word' id='word_1_206' title='bbox 2381 1413 2543 1468; x_wconf 86' lang='lat' dir='ltr'><strong><em>Deum</em></strong></span> <span class='ocrx_word' id='word_1_207' title='bbox 2579 1430 2691 1467; x_wconf 89' lang='lat' dir='ltr'><strong><em>esse</em></strong></span> <span class='ocrx_word' id='word_1_208' title='bbox 2728 1422 2904 1484; x_wconf 89' lang='lat' dir='ltr'><strong><em>negat,</em></strong></span> <span class='ocrx_word' id='word_1_209' title='bbox 2945 1411 3269 1483; x_wconf 88' lang='lat' dir='ltr'><strong><em>inﬁdelitatis</em></strong></span> <span class='ocrx_word' id='word_1_210' title='bbox 3309 1427 3417 1466; x_wconf 74' lang='lat' dir='ltr'><strong><em>suae</em></strong></span> <span class='ocrx_word' id='word_1_211' title='bbox 3449 1419 3698 1466; x_wconf 72' lang='lat' dir='ltr'><strong><em>cwcatus</em></strong></span> <span class='ocrx_word' id='word_1_212' title='bbox 3743 1409 3837 1464; x_wconf 65' lang='lat' dir='ltr'><strong><em>ob.</em></strong></span> 
     </span>
    </p>
   </div>
   <div class='ocr_carea' id='block_1_31' title="bbox 2207 1493 3834 1571">
    <p class='ocr_par' dir='ltr' id='par_1_31' title="bbox 2207 1493 3834 1571">
     <span class='ocr_line' id='line_1_31' title="bbox 2207 1493 3834 1571; baseline -0.003 -13"><span class='ocrx_word' id='word_1_213' title='bbox 2207 1505 2472 1570; x_wconf 86' lang='lat' dir='ltr'><strong><em>scuritate,</em></strong></span> <span class='ocrx_word' id='word_1_214' title='bbox 2507 1520 2598 1557; x_wconf 89' lang='lat' dir='ltr'><strong><em>nec</em></strong></span> <span class='ocrx_word' id='word_1_215' title='bbox 2626 1501 2842 1557; x_wconf 83' lang='lat' dir='ltr'><strong><em>Patrem</em></strong></span> <span class='ocrx_word' id='word_1_216' title='bbox 2870 1503 3034 1571; x_wconf 88' lang='lat' dir='ltr'><strong><em>potuit</em></strong></span> <span class='ocrx_word' id='word_1_217' title='bbox 3063 1499 3250 1570; x_wconf 87' lang='lat' dir='ltr'><strong><em>videre,</em></strong></span> <span class='ocrx_word' id='word_1_218' title='bbox 3283 1493 3374 1556; x_wconf 84' lang='lat' dir='ltr'><strong><em>nec</em></strong></span> <span class='ocrx_word' id='word_1_219' title='bbox 3402 1496 3647 1567; x_wconf 82' lang='lat' dir='ltr'><strong><em>Filium;</em></strong></span> <span class='ocrx_word' id='word_1_220' title='bbox 3673 1499 3834 1554; x_wconf 74' lang='lat' dir='ltr'><strong><em>dum-</em></strong></span> 
     </span>
    </p>
   </div>
   <div class='ocr_carea' id='block_1_32' title="bbox 2209 1596 3832 1669">
    <p class='ocr_par' dir='ltr' id='par_1_32' title="bbox 2209 1596 3832 1669">
     <span class='ocr_line' id='line_1_32' title="bbox 2209 1596 3832 1669; baseline -0.001 -19"><span class='ocrx_word' id='word_1_221' title='bbox 2209 1614 2306 1669; x_wconf 89' lang='lat' dir='ltr'><strong><em>que</em></strong></span> <span class='ocrx_word' id='word_1_222' title='bbox 2353 1599 2600 1669; x_wconf 80' lang='lat' dir='ltr'><strong><em>factorem</em></strong></span> <span class='ocrx_word' id='word_1_223' title='bbox 2653 1596 2894 1651; x_wconf 85' lang='lat' dir='ltr'><strong><em>omnium-</em></strong></span> <span class='ocrx_word' id='word_1_224' title='bbox 2927 1597 3185 1667; x_wconf 77' lang='lat' dir='ltr'><strong><em>[acturam</em></strong></span> <span class='ocrx_word' id='word_1_225' title='bbox 3239 1611 3351 1650; x_wconf 85' lang='lat' dir='ltr'><strong><em>esse</em></strong></span> <span class='ocrx_word' id='word_1_226' title='bbox 3395 1596 3724 1662; x_wconf 86' lang='lat' dir='ltr'><strong><em>contendit,</em></strong></span> <span class='ocrx_word' id='word_1_227' title='bbox 3782 1605 3832 1648; x_wconf 82' lang='lat' dir='ltr'><strong><em>et</em></strong></span> 
     </span>
    </p>
   </div>
   <div class='ocr_carea' id='block_1_33' title="bbox 479 1687 3831 1766">
    <p class='ocr_par' dir='ltr' id='par_1_33' title="bbox 479 1687 3831 1766">
     <span class='ocr_line' id='line_1_33' title="bbox 479 1687 3831 1766; baseline 0 -16"><span class='ocrx_word' id='word_1_228' title='bbox 479 1695 668 1752; x_wconf 82' lang='lat' dir='ltr'><strong><em>&#39;sebio</em></strong></span> <span class='ocrx_word' id='word_1_229' title='bbox 693 1695 1023 1753; x_wconf 84' lang='lat' dir='ltr'><strong><em>Vercellensi-</em></strong></span> <span class='ocrx_word' id='word_1_230' title='bbox 1060 1698 1224 1754; x_wconf 79' lang='lat' dir='ltr'><strong><em>tuisse</em></strong></span> <span class='ocrx_word' id='word_1_231' title='bbox 1253 1699 1685 1754; x_wconf 80' lang='lat' dir='ltr'><strong><em>concertationes</em></strong></span> <span class='ocrx_word' id='word_1_232' title='bbox 1711 1699 1906 1766; x_wconf 86' lang='lat' dir='ltr'><strong><em>sciret;</em></strong></span> <span class='ocrx_word' id='word_1_233' title='bbox 1937 1699 2107 1756; x_wconf 81' lang='lat' dir='ltr'><strong><em>sicubi</em></strong></span> <span class='ocrx_word' id='word_1_234' title='bbox 2139 1699 2184 1763; x_wconf 75' lang='grc' dir='ltr'><strong><em>Β</em></strong></span> <span class='ocrx_word' id='word_1_235' title='bbox 2209 1690 2538 1762; x_wconf 74' lang='lat' dir='ltr'><strong><em>intemperati</em></strong></span> <span class='ocrx_word' id='word_1_236' title='bbox 2577 1689 2686 1744; x_wconf 84' lang='lat' dir='ltr'><strong><em>Deo</em></strong></span> <span class='ocrx_word' id='word_1_237' title='bbox 2737 1687 3041 1760; x_wconf 75' lang='lat' dir='ltr'><strong><em>temporalia</em></strong></span> <span class='ocrx_word' id='word_1_238' title='bbox 3092 1696 3308 1742; x_wconf 73' lang='lat' dir='ltr'><strong><em>conatur</em></strong></span> <span class='ocrx_word' id='word_1_239' title='bbox 3347 1687 3636 1751; x_wconf 74' lang='lat' dir='ltr'><strong><em>ascribere.</em></strong></span> <span class='ocrx_word' id='word_1_240' title='bbox 3691 1704 3831 1757; x_wconf 72' lang='lat' dir='ltr'><strong><em>prc—</em></strong></span> 
     </span>
    </p>
   </div>
   <div class='ocr_carea' id='block_1_34' title="bbox 519 1775 3824 1857">
    <p class='ocr_par' dir='ltr' id='par_1_34' title="bbox 519 1775 3824 1857">
     <span class='ocr_line' id='line_1_34' title="bbox 519 1775 3824 1857; baseline -0.002 -17"><span class='ocrx_word' id='word_1_241' title='bbox 519 1787 589 1852; x_wconf 80' lang='lat' dir='ltr'><strong><em>de</em></strong></span> <span class='ocrx_word' id='word_1_242' title='bbox 631 1795 900 1843; x_wconf 88' lang='lat' dir='ltr'><strong><em>assertore</em></strong></span> <span class='ocrx_word' id='word_1_243' title='bbox 947 1789 1060 1856; x_wconf 90' lang='lat' dir='ltr'><strong><em>illo,</em></strong></span> <span class='ocrx_word' id='word_1_244' title='bbox 1105 1804 1168 1844; x_wconf 90' lang='lat' dir='ltr'><strong><em>ac</em></strong></span> <span class='ocrx_word' id='word_1_245' title='bbox 1217 1789 1430 1844; x_wconf 85' lang='lat' dir='ltr'><strong><em>vindice</em></strong></span> <span class='ocrx_word' id='word_1_246' title='bbox 1468 1789 1762 1846; x_wconf 79' lang='lat' dir='ltr'><strong><em>divinitatis</em></strong></span> <span class='ocrx_word' id='word_1_247' title='bbox 1804 1775 2110 1847; x_wconf 78' lang='lat' dir='ltr'><strong><em>Servatoris</em></strong></span> <span class='ocrx_word' id='word_1_248' title='bbox 2212 1787 2518 1857; x_wconf 76' lang='lat' dir='ltr'><strong><em>sumptionis</em></strong></span> <span class='ocrx_word' id='word_1_249' title='bbox 2555 1800 2664 1840; x_wconf 72' lang='lat' dir='ltr'><strong><em>sua:</em></strong></span> <span class='ocrx_word' id='word_1_250' title='bbox 2692 1785 2867 1855; x_wconf 79' lang='lat' dir='ltr'><strong><em>furore</em></strong></span> <span class='ocrx_word' id='word_1_251' title='bbox 2905 1784 3170 1854; x_wconf 80' lang='lat' dir='ltr'><strong><em>confusus,</em></strong></span> <span class='ocrx_word' id='word_1_252' title='bbox 3213 1783 3476 1852; x_wconf 87' lang='lat' dir='ltr'><strong><em>utriusque</em></strong></span> <span class='ocrx_word' id='word_1_253' title='bbox 3505 1781 3562 1836; x_wconf 84' lang='lat' dir='ltr'><strong><em>in</em></strong></span> <span class='ocrx_word' id='word_1_254' title='bbox 3605 1779 3824 1836; x_wconf 73' lang='lat' dir='ltr'><strong><em>Christo</em></strong></span> 
     </span>
    </p>
   </div>
   <div class='ocr_carea' id='block_1_35' title="bbox 517 1878 2106 1952">
    <p class='ocr_par' dir='ltr' id='par_1_35' title="bbox 517 1878 2106 1952">
     <span class='ocr_line' id='line_1_35' title="bbox 517 1878 2106 1952; baseline 0.003 -18"><span class='ocrx_word' id='word_1_255' title='bbox 517 1878 718 1936; x_wconf 84' lang='lat' dir='ltr'><strong><em>Christi</em></strong></span> <span class='ocrx_word' id='word_1_256' title='bbox 749 1896 928 1936; x_wconf 85' lang='lat' dir='ltr'><strong><em>sermo</em></strong></span> <span class='ocrx_word' id='word_1_257' title='bbox 956 1882 1236 1940; x_wconf 81' lang='lat' dir='ltr'><strong><em>habendus</em></strong></span> <span class='ocrx_word' id='word_1_258' title='bbox 1263 1882 1380 1949; x_wconf 84' lang='lat' dir='ltr'><strong><em>fuit,</em></strong></span> <span class='ocrx_word' id='word_1_259' title='bbox 1411 1883 1586 1952; x_wconf 66' lang='lat' dir='ltr'><strong><em>impia:</em></strong></span> <span class='ocrx_word' id='word_1_260' title='bbox 1620 1891 1780 1939; x_wconf 71' lang='lat' dir='ltr'><strong><em>secta:</em></strong></span> <span class='ocrx_word' id='word_1_261' title='bbox 1809 1883 2106 1940; x_wconf 84' lang='lat' dir='ltr'><strong><em>doctrinam</em></strong></span> 
     </span>
    </p>
   </div>
   <div class='ocr_carea' id='block_1_36' title="bbox 516 1970 2110 2044">
    <p class='ocr_par' dir='ltr' id='par_1_36' title="bbox 516 1970 2110 2044">
     <span class='ocr_line' id='line_1_36' title="bbox 516 1970 2110 2044; baseline 0.004 -20"><span class='ocrx_word' id='word_1_262' title='bbox 516 1970 768 2027; x_wconf 84' lang='lat' dir='ltr'><strong><em>brevibus</em></strong></span> <span class='ocrx_word' id='word_1_263' title='bbox 787 1972 1004 2039; x_wconf 81' lang='lat' dir='ltr'><strong><em>refellit,</em></strong></span> <span class='ocrx_word' id='word_1_264' title='bbox 1033 1971 1526 2042; x_wconf 84' lang='lat' dir='ltr'><strong><em>demonstravitque</em></strong></span> <span class='ocrx_word' id='word_1_265' title='bbox 1551 1989 1710 2044; x_wconf 84' lang='lat' dir='ltr'><strong><em>quam</em></strong></span> <span class='ocrx_word' id='word_1_266' title='bbox 1733 1983 1875 2031; x_wconf 87' lang='lat' dir='ltr'><strong><em>esset</em></strong></span> <span class='ocrx_word' id='word_1_267' title='bbox 1896 1975 2110 2031; x_wconf 87' lang='lat' dir='ltr'><strong><em>inimica</em></strong></span> 
     </span>
    </p>
   </div>
   <div class='ocr_carea' id='block_1_37' title="bbox 516 2049 2111 2137">
    <p class='ocr_par' dir='ltr' id='par_1_37' title="bbox 516 2049 2111 2137">
     <span class='ocr_line' id='line_1_37' title="bbox 516 2049 2111 2137; baseline 0.003 -19"><span class='ocrx_word' id='word_1_268' title='bbox 516 2065 628 2123; x_wconf 86' lang='lat' dir='ltr'><strong><em>veri</em></strong></span> <span class='ocrx_word' id='word_1_269' title='bbox 661 2063 730 2137; x_wconf 90' lang='lat' dir='ltr'><strong><em>(e)</em></strong></span> <span class='ocrx_word' id='word_1_270' title='bbox 766 2084 779 2118; x_wconf 91' lang='lat'><strong>:</strong></span> <span class='ocrx_word' id='word_1_271' title='bbox 815 2063 954 2132; x_wconf 81' lang='lat' dir='ltr'><strong><em>Quid</em></strong></span> <span class='ocrx_word' id='word_1_272' title='bbox 980 2067 1134 2130; x_wconf 89' lang='lat' dir='ltr'><strong><em>mihi,</em></strong></span> <span class='ocrx_word' id='word_1_273' title='bbox 1167 2067 1359 2136; x_wconf 87' lang='lat' dir='ltr'><strong><em>inquit,</em></strong></span> <span class='ocrx_word' id='word_1_274' title='bbox 1389 2083 1546 2134; x_wconf 85' lang='lat' dir='ltr'><strong><em>nunc,</em></strong></span> <span class='ocrx_word' id='word_1_275' title='bbox 1579 2067 1832 2132; x_wconf 73' lang='lat' dir='ltr'><strong><em>hwretice,</em></strong></span> <span class='ocrx_word' id='word_1_276' title='bbox 1865 2069 1920 2122; x_wconf 90' lang='lat' dir='ltr'><strong><em>in</em></strong></span> <span class='ocrx_word' id='word_1_277' title='bbox 1950 2049 2111 2123; x_wconf 82' lang='lat' dir='ltr'><strong><em>Patre</em></strong></span> 
     </span>
    </p>
   </div>
   <div class='ocr_carea' id='block_1_38' title="bbox 515 2155 2108 2228">
    <p class='ocr_par' dir='ltr' id='par_1_38' title="bbox 515 2155 2108 2228">
     <span class='ocr_line' id='line_1_38' title="bbox 515 2155 2108 2228; baseline 0.004 -19"><span class='ocrx_word' id='word_1_278' title='bbox 515 2165 567 2209; x_wconf 89' lang='lat' dir='ltr'><strong><em>et</em></strong></span> <span class='ocrx_word' id='word_1_279' title='bbox 592 2156 703 2228; x_wconf 87' lang='lat' dir='ltr'><strong><em>ejus</em></strong></span> <span class='ocrx_word' id='word_1_280' title='bbox 731 2155 875 2212; x_wconf 84' lang='lat' dir='ltr'><strong><em>Filio</em></strong></span> <span class='ocrx_word' id='word_1_281' title='bbox 901 2157 1254 2214; x_wconf 77' lang='lat' dir='ltr'><strong><em>diversitatem</em></strong></span> <span class='ocrx_word' id='word_1_282' title='bbox 1281 2159 1488 2213; x_wconf 87' lang='lat' dir='ltr'><strong><em>conaris</em></strong></span> <span class='ocrx_word' id='word_1_283' title='bbox 1516 2167 1768 2226; x_wconf 83' lang='lat' dir='ltr'><strong><em>astruere,</em></strong></span> <span class='ocrx_word' id='word_1_284' title='bbox 1797 2175 1912 2213; x_wconf 88' lang='lat' dir='ltr'><strong><em>cum</em></strong></span> <span class='ocrx_word' id='word_1_285' title='bbox 1943 2157 2108 2216; x_wconf 84' lang='lat' dir='ltr'><strong><em>Filius</em></strong></span> 
     </span>
    </p>
   </div>
   <div class='ocr_carea' id='block_1_39' title="bbox 514 2247 2104 2322">
    <p class='ocr_par' dir='ltr' id='par_1_39' title="bbox 514 2247 2104 2322">
     <span class='ocr_line' id='line_1_39' title="bbox 514 2247 2104 2322; baseline 0.004 -20"><span class='ocrx_word' id='word_1_286' title='bbox 514 2248 818 2304; x_wconf 75' lang='lat' dir='ltr'><strong><em>substantia:</em></strong></span> <span class='ocrx_word' id='word_1_287' title='bbox 845 2266 954 2306; x_wconf 69' lang='lat' dir='ltr'><strong><em>suc</em></strong></span> <span class='ocrx_word' id='word_1_288' title='bbox 981 2247 1184 2322; x_wconf 71' lang='lat' dir='ltr'><strong><em>[CXLVI]</em></strong></span> <span class='ocrx_word' id='word_1_289' title='bbox 1211 2267 1306 2306; x_wconf 88' lang='lat' dir='ltr'><strong><em>nos</em></strong></span> <span class='ocrx_word' id='word_1_290' title='bbox 1332 2251 1549 2306; x_wconf 79' lang='lat' dir='ltr'><strong><em>edacem</em></strong></span> <span class='ocrx_word' id='word_1_291' title='bbox 1570 2252 1852 2318; x_wconf 86' lang='lat' dir='ltr'><strong><em>veritatem,</em></strong></span> <span class='ocrx_word' id='word_1_292' title='bbox 1877 2252 2104 2308; x_wconf 75' lang='lat' dir='ltr'><strong><em>dixerit:</em></strong></span> 
     </span>
    </p>
   </div>
   <div class='ocr_carea' id='block_1_40' title="bbox 513 2339 2108 2412">
    <p class='ocr_par' dir='ltr' id='par_1_40' title="bbox 513 2339 2108 2412">
     <span class='ocr_line' id='line_1_40' title="bbox 513 2339 2108 2412; baseline 0.002 -18"><span class='ocrx_word' id='word_1_293' title='bbox 513 2339 630 2412; x_wconf 83' lang='lat' dir='ltr'><strong><em>Ego</em></strong></span> <span class='ocrx_word' id='word_1_294' title='bbox 657 2349 706 2395; x_wconf 92' lang='lat' dir='ltr'><strong><em>et</em></strong></span> <span class='ocrx_word' id='word_1_295' title='bbox 744 2339 908 2396; x_wconf 88' lang='lat' dir='ltr'><strong><em>Pater</em></strong></span> <span class='ocrx_word' id='word_1_296' title='bbox 944 2357 1102 2396; x_wconf 85' lang='lat' dir='ltr'><strong><em>unum</em></strong></span> <span class='ocrx_word' id='word_1_297' title='bbox 1125 2342 1340 2396; x_wconf 85' lang='lat' dir='ltr'><strong><em>sumus?</em></strong></span> <span class='ocrx_word' id='word_1_298' title='bbox 1375 2339 1478 2408; x_wconf 77' lang='lat' dir='ltr'><strong><em>Qui</em></strong></span> <span class='ocrx_word' id='word_1_299' title='bbox 1503 2351 1553 2397; x_wconf 90' lang='lat' dir='ltr'><strong><em>et</em></strong></span> <span class='ocrx_word' id='word_1_300' title='bbox 1591 2363 1609 2394; x_wconf 76' lang='grc' dir='ltr'>ι</span> <span class='ocrx_word' id='word_1_301' title='bbox 1645 2360 1804 2397; x_wconf 87' lang='lat' dir='ltr'><strong><em>unum</em></strong></span> <span class='ocrx_word' id='word_1_302' title='bbox 1839 2363 1857 2397; x_wconf 74' lang='grc' dir='ltr'><strong><em>ι</em></strong></span> <span class='ocrx_word' id='word_1_303' title='bbox 1884 2345 2028 2408; x_wconf 89' lang='lat' dir='ltr'><strong><em>dicit,</em></strong></span> <span class='ocrx_word' id='word_1_304' title='bbox 2057 2353 2108 2399; x_wconf 90' lang='lat' dir='ltr'><strong><em>et</em></strong></span> 
     </span>
    </p>
   </div>
   <div class='ocr_carea' id='block_1_41' title="bbox 521 2429 2107 2504">
    <p class='ocr_par' dir='ltr' id='par_1_41' title="bbox 521 2429 2107 2504">
     <span class='ocr_line' id='line_1_41' title="bbox 521 2429 2107 2504; baseline 0.003 -19"><span class='ocrx_word' id='word_1_305' title='bbox 521 2449 539 2479; x_wconf 73' lang='grc' dir='ltr'><strong>ε</strong></span> <span class='ocrx_word' id='word_1_306' title='bbox 575 2448 769 2494; x_wconf 84' lang='lat' dir='ltr'><strong><em>sumus,</em></strong></span> <span class='ocrx_word' id='word_1_307' title='bbox 809 2451 827 2484; x_wconf 74' lang='grc' dir='ltr'><strong>ο</strong></span> <span class='ocrx_word' id='word_1_308' title='bbox 859 2449 952 2486; x_wconf 88' lang='lat' dir='ltr'><strong><em>nec</em></strong></span> <span class='ocrx_word' id='word_1_309' title='bbox 977 2434 1307 2504; x_wconf 75' lang='lat' dir='ltr'><strong><em>separatione</em></strong></span> <span class='ocrx_word' id='word_1_310' title='bbox 1329 2449 1386 2488; x_wconf 86' lang='lat' dir='ltr'><strong><em>se</em></strong></span> <span class='ocrx_word' id='word_1_311' title='bbox 1413 2429 1614 2500; x_wconf 76' lang='lat' dir='ltr'><strong><em>dividit,</em></strong></span> <span class='ocrx_word' id='word_1_312' title='bbox 1644 2450 1737 2488; x_wconf 90' lang='lat' dir='ltr'><strong><em>nec</em></strong></span> <span class='ocrx_word' id='word_1_313' title='bbox 1767 2435 1958 2490; x_wconf 88' lang='lat' dir='ltr'><strong><em>unione</em></strong></span> <span class='ocrx_word' id='word_1_314' title='bbox 1984 2450 2107 2490; x_wconf 87' lang='lat' dir='ltr'><strong><em>con-</em></strong></span> 
     </span>
    </p>
   </div>
   <div class='ocr_carea' id='block_1_42' title="bbox 517 2522 2110 2597">
    <p class='ocr_par' dir='ltr' id='par_1_42' title="bbox 517 2522 2110 2597">
     <span class='ocr_line' id='line_1_42' title="bbox 517 2522 2110 2597; baseline 0.001 -19"><span class='ocrx_word' id='word_1_315' title='bbox 517 2523 709 2594; x_wconf 78' lang='lat' dir='ltr'><strong><em>fundit.</em></strong></span> <span class='ocrx_word' id='word_1_316' title='bbox 743 2522 842 2587; x_wconf 84' lang='lat' dir='ltr'><strong><em>Qui</em></strong></span> <span class='ocrx_word' id='word_1_317' title='bbox 875 2541 1034 2578; x_wconf 86' lang='lat' dir='ltr'><strong><em>unum</em></strong></span> <span class='ocrx_word' id='word_1_318' title='bbox 1081 2541 1198 2579; x_wconf 89' lang='lat' dir='ltr'><strong><em>cum</em></strong></span> <span class='ocrx_word' id='word_1_319' title='bbox 1244 2523 1407 2580; x_wconf 88' lang='lat' dir='ltr'><strong><em>Patre</em></strong></span> <span class='ocrx_word' id='word_1_320' title='bbox 1453 2535 1547 2591; x_wconf 86' lang='lat' dir='ltr'><strong><em>est,</em></strong></span> <span class='ocrx_word' id='word_1_321' title='bbox 1580 2543 1674 2580; x_wconf 86' lang='lat' dir='ltr'><strong><em>nec</em></strong></span> <span class='ocrx_word' id='word_1_322' title='bbox 1704 2529 2043 2597; x_wconf 87' lang='lat' dir='ltr'><strong><em>perpetuitate</em></strong></span> <span class='ocrx_word' id='word_1_323' title='bbox 2075 2544 2110 2580; x_wconf 92' lang='lat' dir='ltr'><strong><em>a</em></strong></span> 
     </span>
    </p>
   </div>
   <div class='ocr_carea' id='block_1_43' title="bbox 517 2611 2108 2688">
    <p class='ocr_par' dir='ltr' id='par_1_43' title="bbox 517 2611 2108 2688">
     <span class='ocr_line' id='line_1_43' title="bbox 517 2611 2108 2688; baseline 0.003 -19"><span class='ocrx_word' id='word_1_324' title='bbox 517 2611 684 2670; x_wconf 86' lang='lat' dir='ltr'><strong><em>Patre</em></strong></span> <span class='ocrx_word' id='word_1_325' title='bbox 709 2615 902 2685; x_wconf 72' lang='lat' dir='ltr'><strong><em>differt,</em></strong></span> <span class='ocrx_word' id='word_1_326' title='bbox 929 2633 1023 2671; x_wconf 90' lang='lat' dir='ltr'><strong><em>nec</em></strong></span> <span class='ocrx_word' id='word_1_327' title='bbox 1063 2617 1248 2674; x_wconf 85' lang='lat' dir='ltr'><strong><em>virtute</em></strong></span> <span class='ocrx_word' id='word_1_328' title='bbox 1289 2619 1590 2684; x_wconf 87' lang='lat' dir='ltr'><strong><em>discordat;</em></strong></span> <span class='ocrx_word' id='word_1_329' title='bbox 1630 2635 1842 2688; x_wconf 87' lang='lat' dir='ltr'><strong><em>cumque</em></strong></span> <span class='ocrx_word' id='word_1_330' title='bbox 1886 2622 1954 2674; x_wconf 89' lang='lat' dir='ltr'><strong><em>sit</em></strong></span> <span class='ocrx_word' id='word_1_331' title='bbox 1993 2637 2108 2674; x_wconf 89' lang='lat' dir='ltr'><strong><em>cum</em></strong></span> 
     </span>
    </p>
   </div>
   <div class='ocr_carea' id='block_1_44' title="bbox 516 2703 2110 2775">
    <p class='ocr_par' dir='ltr' id='par_1_44' title="bbox 516 2703 2110 2775">
     <span class='ocr_line' id='line_1_44' title="bbox 516 2703 2110 2775; baseline 0.003 -16"><span class='ocrx_word' id='word_1_332' title='bbox 516 2703 682 2760; x_wconf 88' lang='lat' dir='ltr'><strong><em>Patre</em></strong></span> <span class='ocrx_word' id='word_1_333' title='bbox 707 2721 886 2772; x_wconf 89' lang='lat' dir='ltr'><strong><em>unum,</em></strong></span> <span class='ocrx_word' id='word_1_334' title='bbox 919 2707 982 2762; x_wconf 89' lang='lat' dir='ltr'><strong><em>de</em></strong></span> <span class='ocrx_word' id='word_1_335' title='bbox 1011 2706 1172 2762; x_wconf 82' lang='lat' dir='ltr'><strong><em>Patre</em></strong></span> <span class='ocrx_word' id='word_1_336' title='bbox 1217 2715 1394 2764; x_wconf 80' lang='lat' dir='ltr'><strong><em>tamen</em></strong></span> <span class='ocrx_word' id='word_1_337' title='bbox 1421 2717 1576 2762; x_wconf 88' lang='lat' dir='ltr'><strong><em>natus</em></strong></span> <span class='ocrx_word' id='word_1_338' title='bbox 1619 2711 1894 2775; x_wconf 80' lang='lat' dir='ltr'><strong><em>asseritur;</em></strong></span> <span class='ocrx_word' id='word_1_339' title='bbox 1942 2727 2008 2764; x_wconf 91' lang='lat' dir='ltr'><strong><em>ne</em></strong></span> <span class='ocrx_word' id='word_1_340' title='bbox 2055 2719 2110 2766; x_wconf 89' lang='lat' dir='ltr'><strong><em>ut</em></strong></span> 
     </span>
    </p>
   </div>
   <div class='ocr_carea' id='block_1_45' title="bbox 516 2795 2108 2874">
    <p class='ocr_par' dir='ltr' id='par_1_45' title="bbox 516 2795 2108 2874">
     <span class='ocr_line' id='line_1_45' title="bbox 516 2795 2108 2874; baseline 0.003 -24"><span class='ocrx_word' id='word_1_341' title='bbox 516 2797 706 2868; x_wconf 87' lang='lat' dir='ltr'><strong><em>impius</em></strong></span> <span class='ocrx_word' id='word_1_342' title='bbox 731 2796 1056 2871; x_wconf 84' lang='lat' dir='ltr'><strong><em>blasphemat</em></strong></span> <span class='ocrx_word' id='word_1_343' title='bbox 1076 2799 1252 2864; x_wconf 81' lang='lat' dir='ltr'><strong><em>Arius,</em></strong></span> <span class='ocrx_word' id='word_1_344' title='bbox 1278 2810 1368 2856; x_wconf 84' lang='lat' dir='ltr'><strong><em>aut</em></strong></span> <span class='ocrx_word' id='word_1_345' title='bbox 1401 2809 1639 2858; x_wconf 79' lang='lat' dir='ltr'><strong><em>creatura</em></strong></span> <span class='ocrx_word' id='word_1_346' title='bbox 1665 2795 1978 2874; x_wconf 61' lang='lat' dir='ltr'><strong><em>quacunque</em></strong></span> <span class='ocrx_word' id='word_1_347' title='bbox 2008 2800 2078 2855; x_wconf 90' lang='lat' dir='ltr'><strong><em>Fi</em></strong></span> <span class='ocrx_word' id='word_1_348' title='bbox 2095 2833 2108 2844; x_wconf 87' lang='lat'><strong><em>-</em></strong></span> 
     </span>
    </p>
   </div>
   <div class='ocr_carea' id='block_1_46' title="bbox 515 2883 2105 2964">
    <p class='ocr_par' dir='ltr' id='par_1_46' title="bbox 515 2883 2105 2964">
     <span class='ocr_line' id='line_1_46' title="bbox 515 2883 2105 2964; baseline 0.003 -21"><span class='ocrx_word' id='word_1_349' title='bbox 515 2889 636 2952; x_wconf 81' lang='lat' dir='ltr'><strong><em>lius,</em></strong></span> <span class='ocrx_word' id='word_1_350' title='bbox 684 2897 774 2944; x_wconf 87' lang='lat' dir='ltr'><strong><em>aut</em></strong></span> <span class='ocrx_word' id='word_1_351' title='bbox 820 2891 990 2962; x_wconf 86' lang='lat' dir='ltr'><strong><em>impar</em></strong></span> <span class='ocrx_word' id='word_1_352' title='bbox 1031 2908 1142 2946; x_wconf 87' lang='lat' dir='ltr'><strong><em>esse</em></strong></span> <span class='ocrx_word' id='word_1_353' title='bbox 1184 2883 1443 2962; x_wconf 78' lang='lat' dir='ltr'><strong><em>credatur.</em></strong></span> <span class='ocrx_word' id='word_1_354' title='bbox 1491 2892 1653 2948; x_wconf 84' lang='lat' dir='ltr'><strong><em>Audis</em></strong></span> <span class='ocrx_word' id='word_1_355' title='bbox 1691 2909 1833 2964; x_wconf 83' lang='lat' dir='ltr'><strong><em>ergo,</em></strong></span> <span class='ocrx_word' id='word_1_356' title='bbox 1865 2911 1896 2948; x_wconf 93' lang='lat' dir='ltr'><strong><em>o</em></strong></span> <span class='ocrx_word' id='word_1_357' title='bbox 1936 2893 2105 2961; x_wconf 88' lang='lat' dir='ltr'><strong><em>homo,</em></strong></span> 
     </span>
    </p>
   </div>
   <div class='ocr_carea' id='block_1_47' title="bbox 515 2978 2108 3054">
    <p class='ocr_par' dir='ltr' id='par_1_47' title="bbox 515 2978 2108 3054">
     <span class='ocr_line' id='line_1_47' title="bbox 515 2978 2108 3054; baseline 0.005 -22"><span class='ocrx_word' id='word_1_358' title='bbox 515 2978 682 3034; x_wconf 88' lang='lat' dir='ltr'><strong><em>Deum</em></strong></span> <span class='ocrx_word' id='word_1_359' title='bbox 702 2979 766 3034; x_wconf 90' lang='lat' dir='ltr'><strong><em>de</em></strong></span> <span class='ocrx_word' id='word_1_360' title='bbox 792 2979 900 3036; x_wconf 90' lang='lat' dir='ltr'><strong><em>Dea</em></strong></span> <span class='ocrx_word' id='word_1_361' title='bbox 929 2990 1140 3048; x_wconf 83' lang='lat' dir='ltr'><strong><em>natum;</em></strong></span> <span class='ocrx_word' id='word_1_362' title='bbox 1167 2983 1260 3038; x_wconf 88' lang='lat' dir='ltr'><strong><em>sed</em></strong></span> <span class='ocrx_word' id='word_1_363' title='bbox 1297 2985 1354 3037; x_wconf 92' lang='lat' dir='ltr'><strong><em>in</em></strong></span> <span class='ocrx_word' id='word_1_364' title='bbox 1381 2991 1584 3038; x_wconf 77' lang='lat' dir='ltr'><strong><em>tantum</em></strong></span> <span class='ocrx_word' id='word_1_365' title='bbox 1609 2984 1704 3038; x_wconf 86' lang='lat' dir='ltr'><strong><em>hoc</em></strong></span> <span class='ocrx_word' id='word_1_366' title='bbox 1731 2985 1990 3054; x_wconf 76' lang='lat' dir='ltr'><strong><em>profundo</em></strong></span> <span class='ocrx_word' id='word_1_367' title='bbox 2010 2985 2108 3039; x_wconf 79' lang='lat' dir='ltr'><strong><em>ha-</em></strong></span> 
     </span>
    </p>
   </div>
   <div class='ocr_carea' id='block_1_48' title="bbox 2211 1875 3826 1948">
    <p class='ocr_par' dir='ltr' id='par_1_48' title="bbox 2211 1875 3826 1948">
     <span class='ocr_line' id='line_1_48' title="bbox 2211 1875 3826 1948; baseline 0 -18"><span class='ocrx_word' id='word_1_368' title='bbox 2211 1886 2414 1932; x_wconf 79' lang='lat' dir='ltr'><strong><em>natura:</em></strong></span> <span class='ocrx_word' id='word_1_369' title='bbox 2439 1877 2668 1948; x_wconf 88' lang='lat' dir='ltr'><strong><em>perdidit</em></strong></span> <span class='ocrx_word' id='word_1_370' title='bbox 2691 1884 3089 1930; x_wconf 85' lang='lat' dir='ltr'><strong><em>sacramentum.</em></strong></span> <span class='ocrx_word' id='word_1_371' title='bbox 3122 1876 3188 1928; x_wconf 81' lang='lat' dir='ltr'><strong><em>At</em></strong></span> <span class='ocrx_word' id='word_1_372' title='bbox 3215 1875 3539 1930; x_wconf 86' lang='lat' dir='ltr'><strong><em>venerandus</em></strong></span> <span class='ocrx_word' id='word_1_373' title='bbox 3567 1877 3680 1930; x_wconf 84' lang='lat' dir='ltr'><strong><em>iste</em></strong></span> <span class='ocrx_word' id='word_1_374' title='bbox 3725 1875 3826 1930; x_wconf 54' lang='lat' dir='ltr'><strong><em>Pa.</em></strong></span> 
     </span>
    </p>
   </div>
   <div class='ocr_carea' id='block_1_49' title="bbox 2215 1965 3820 2042">
    <p class='ocr_par' dir='ltr' id='par_1_49' title="bbox 2215 1965 3820 2042">
     <span class='ocr_line' id='line_1_49' title="bbox 2215 1965 3820 2042; baseline -0.001 -19"><span class='ocrx_word' id='word_1_375' title='bbox 2215 1978 2292 2026; x_wconf 86' lang='lat' dir='ltr'><strong><em>ter</em></strong></span> <span class='ocrx_word' id='word_1_376' title='bbox 2314 1967 2392 2039; x_wconf 90' lang='lat' dir='ltr'><strong><em>(S.</em></strong></span> <span class='ocrx_word' id='word_1_377' title='bbox 2425 1969 2730 2040; x_wconf 86' lang='lat' dir='ltr'><strong><em>Eusebius),</em></strong></span> <span class='ocrx_word' id='word_1_378' title='bbox 2755 1969 2842 2040; x_wconf 89' lang='lat' dir='ltr'><strong><em>qui</em></strong></span> <span class='ocrx_word' id='word_1_379' title='bbox 2870 1969 3084 2040; x_wconf 86' lang='lat' dir='ltr'><strong><em>legerat,</em></strong></span> <span class='ocrx_word' id='word_1_380' title='bbox 3114 1965 3624 2024; x_wconf 74' lang='lat' dir='ltr'><strong><em>dixisse&#39;Dominum</em></strong></span> <span class='ocrx_word' id='word_1_381' title='bbox 3661 1985 3681 2023; x_wconf 81' lang='lat'><strong><em>.&#39;</em></strong></span> <span class='ocrx_word' id='word_1_382' title='bbox 3709 1967 3820 2042; x_wconf 78' lang='lat' dir='ltr'><strong><em>Ego</em></strong></span> 
     </span>
    </p>
   </div>
   <div class='ocr_carea' id='block_1_50' title="bbox 2210 2059 3820 2132">
    <p class='ocr_par' dir='ltr' id='par_1_50' title="bbox 2210 2059 3820 2132">
     <span class='ocr_line' id='line_1_50' title="bbox 2210 2059 3820 2132; baseline 0.001 -16"><span class='ocrx_word' id='word_1_383' title='bbox 2210 2064 2267 2117; x_wconf 88' lang='lat' dir='ltr'><strong><em>in</em></strong></span> <span class='ocrx_word' id='word_1_384' title='bbox 2299 2062 2478 2132; x_wconf 85' lang='lat' dir='ltr'><strong><em>Patre,</em></strong></span> <span class='ocrx_word' id='word_1_385' title='bbox 2512 2072 2562 2117; x_wconf 90' lang='lat' dir='ltr'><strong><em>et</em></strong></span> <span class='ocrx_word' id='word_1_386' title='bbox 2594 2062 2751 2116; x_wconf 87' lang='lat' dir='ltr'><strong><em>Pater</em></strong></span> <span class='ocrx_word' id='word_1_387' title='bbox 2787 2064 2841 2116; x_wconf 91' lang='lat' dir='ltr'><strong><em>in</em></strong></span> <span class='ocrx_word' id='word_1_388' title='bbox 2871 2078 2951 2116; x_wconf 89' lang='lat' dir='ltr'><strong><em>me</em></strong></span> <span class='ocrx_word' id='word_1_389' title='bbox 2979 2071 3057 2116; x_wconf 89' lang='lat' dir='ltr'><strong><em>est</em></strong></span> <span class='ocrx_word' id='word_1_390' title='bbox 3085 2077 3102 2114; x_wconf 91' lang='lat'><strong><em>:</em></strong></span> <span class='ocrx_word' id='word_1_391' title='bbox 3137 2059 3321 2117; x_wconf 86' lang='lat' dir='ltr'><strong><em>Sciens</em></strong></span> <span class='ocrx_word' id='word_1_392' title='bbox 3353 2061 3410 2114; x_wconf 88' lang='lat' dir='ltr'><strong><em>in</em></strong></span> <span class='ocrx_word' id='word_1_393' title='bbox 3438 2060 3538 2114; x_wconf 90' lang='lat' dir='ltr'><strong><em>hac</em></strong></span> <span class='ocrx_word' id='word_1_394' title='bbox 3569 2061 3820 2116; x_wconf 80' lang='lat' dir='ltr'><strong><em>doctrina</em></strong></span> 
     </span>
    </p>
   </div>
   <div class='ocr_carea' id='block_1_51' title="bbox 2210 2153 3816 2222">
    <p class='ocr_par' dir='ltr' id='par_1_51' title="bbox 2210 2153 3816 2222">
     <span class='ocr_line' id='line_1_51' title="bbox 2210 2153 3816 2222; baseline 0 -14"><span class='ocrx_word' id='word_1_395' title='bbox 2210 2171 2548 2222; x_wconf 85' lang='lat' dir='ltr'><strong><em>personarum</em></strong></span> <span class='ocrx_word' id='word_1_396' title='bbox 2569 2171 2680 2209; x_wconf 87' lang='lat' dir='ltr'><strong><em>esse</em></strong></span> <span class='ocrx_word' id='word_1_397' title='bbox 2707 2155 3122 2218; x_wconf 86' lang='lat' dir='ltr'><strong><em>distinctionem;</em></strong></span> <span class='ocrx_word' id='word_1_398' title='bbox 3147 2165 3248 2209; x_wconf 86' lang='lat' dir='ltr'><strong><em>non</em></strong></span> <span class='ocrx_word' id='word_1_399' title='bbox 3278 2160 3478 2208; x_wconf 78' lang='lat' dir='ltr'><strong><em>natura:</em></strong></span> <span class='ocrx_word' id='word_1_400' title='bbox 3500 2153 3816 2208; x_wconf 70' lang='lat' dir='ltr'><strong><em>distantiam</em></strong></span> 
     </span>
    </p>
   </div>
   <div class='ocr_carea' id='block_1_52' title="bbox 2212 2243 3815 2318">
    <p class='ocr_par' dir='ltr' id='par_1_52' title="bbox 2212 2243 3815 2318">
     <span class='ocr_line' id='line_1_52' title="bbox 2212 2243 3815 2318; baseline 0 -20"><span class='ocrx_word' id='word_1_401' title='bbox 2212 2245 2390 2301; x_wconf 87' lang='lat' dir='ltr'><strong><em>Patris</em></strong></span> <span class='ocrx_word' id='word_1_402' title='bbox 2437 2245 2664 2318; x_wconf 88' lang='lat' dir='ltr'><strong><em>Filiique</em></strong></span> <span class='ocrx_word' id='word_1_403' title='bbox 2709 2247 2844 2316; x_wconf 86' lang='lat' dir='ltr'><strong><em>ejus,</em></strong></span> <span class='ocrx_word' id='word_1_404' title='bbox 2874 2247 2960 2318; x_wconf 88' lang='lat' dir='ltr'><strong><em>qui</em></strong></span> <span class='ocrx_word' id='word_1_405' title='bbox 3007 2261 3110 2301; x_wconf 83' lang='lat' dir='ltr'><strong><em>non</em></strong></span> <span class='ocrx_word' id='word_1_406' title='bbox 3157 2261 3314 2312; x_wconf 85' lang='lat' dir='ltr'><strong><em>unus,</em></strong></span> <span class='ocrx_word' id='word_1_407' title='bbox 3343 2243 3434 2300; x_wconf 84' lang='lat' dir='ltr'><strong><em>sed</em></strong></span> <span class='ocrx_word' id='word_1_408' title='bbox 3460 2260 3624 2298; x_wconf 87' lang='lat' dir='ltr'><strong><em>unum</em></strong></span> <span class='ocrx_word' id='word_1_409' title='bbox 3659 2254 3815 2308; x_wconf 82' lang='lat' dir='ltr'><strong><em>sunt;</em></strong></span> 
     </span>
    </p>
   </div>
   <div class='ocr_carea' id='block_1_53' title="bbox 2209 2337 3814 2404">
    <p class='ocr_par' dir='ltr' id='par_1_53' title="bbox 2209 2337 3814 2404">
     <span class='ocr_line' id='line_1_53' title="bbox 2209 2337 3814 2404; baseline 0.001 -12"><span class='ocrx_word' id='word_1_410' title='bbox 2209 2337 2651 2394; x_wconf 87' lang='lat' dir='ltr'><strong><em>indissaciabilem</em></strong></span> <span class='ocrx_word' id='word_1_411' title='bbox 2689 2338 2868 2404; x_wconf 84' lang='lat' dir='ltr'><strong><em>tenuit,</em></strong></span> <span class='ocrx_word' id='word_1_412' title='bbox 2909 2345 2959 2392; x_wconf 91' lang='lat' dir='ltr'><strong><em>et</em></strong></span> <span class='ocrx_word' id='word_1_413' title='bbox 3002 2337 3208 2392; x_wconf 89' lang='lat' dir='ltr'><strong><em>edocuit</em></strong></span> <span class='ocrx_word' id='word_1_414' title='bbox 3248 2339 3528 2402; x_wconf 80' lang='lat' dir='ltr'><strong><em>unitatem;</em></strong></span> <span class='ocrx_word' id='word_1_415' title='bbox 3573 2353 3814 2394; x_wconf 82' lang='lat' dir='ltr'><strong><em>asserens</em></strong></span> 
     </span>
    </p>
   </div>
   <div class='ocr_carea' id='block_1_54' title="bbox 2209 2429 3812 2502">
    <p class='ocr_par' dir='ltr' id='par_1_54' title="bbox 2209 2429 3812 2502">
     <span class='ocr_line' id='line_1_54' title="bbox 2209 2429 3812 2502; baseline 0 -18"><span class='ocrx_word' id='word_1_416' title='bbox 2209 2433 2407 2502; x_wconf 87' lang='lat' dir='ltr'><strong><em>pariter</em></strong></span> <span class='ocrx_word' id='word_1_417' title='bbox 2451 2433 2507 2485; x_wconf 89' lang='lat' dir='ltr'><strong><em>in</em></strong></span> <span class='ocrx_word' id='word_1_418' title='bbox 2553 2431 2755 2486; x_wconf 90' lang='lat' dir='ltr'><strong><em>Christo</em></strong></span> <span class='ocrx_word' id='word_1_419' title='bbox 2793 2430 3019 2486; x_wconf 89' lang='lat' dir='ltr'><strong><em>Domino</em></strong></span> <span class='ocrx_word' id='word_1_420' title='bbox 3063 2440 3114 2485; x_wconf 87' lang='lat' dir='ltr'><strong><em>et</em></strong></span> <span class='ocrx_word' id='word_1_421' title='bbox 3159 2429 3458 2501; x_wconf 83' lang='lat' dir='ltr'><strong><em>passibilem</em></strong></span> <span class='ocrx_word' id='word_1_422' title='bbox 3497 2447 3740 2496; x_wconf 72' lang='lat' dir='ltr'><strong><em>carnem,</em></strong></span> <span class='ocrx_word' id='word_1_423' title='bbox 3767 2441 3812 2486; x_wconf 85' lang='lat' dir='ltr'><strong><em>et</em></strong></span> 
     </span>
    </p>
   </div>
   <div class='ocr_carea' id='block_1_55' title="bbox 2208 2507 3806 2594">
    <p class='ocr_par' dir='ltr' id='par_1_55' title="bbox 2208 2507 3806 2594">
     <span class='ocr_line' id='line_1_55' title="bbox 2208 2507 3806 2594; baseline 0.003 -18"><span class='ocrx_word' id='word_1_424' title='bbox 2208 2507 2582 2592; x_wconf 85' lang='lat' dir='ltr'><strong><em>impassibilem</em></strong></span> <span class='ocrx_word' id='word_1_425' title='bbox 2617 2522 2880 2578; x_wconf 87' lang='lat' dir='ltr'><strong><em>deitatem.</em></strong></span> <span class='ocrx_word' id='word_1_426' title='bbox 2927 2521 3021 2578; x_wconf 85' lang='lat' dir='ltr'><strong><em>His</em></strong></span> <span class='ocrx_word' id='word_1_427' title='bbox 3067 2523 3157 2579; x_wconf 87' lang='lat' dir='ltr'><strong><em>ille</em></strong></span> <span class='ocrx_word' id='word_1_428' title='bbox 3203 2511 3542 2578; x_wconf 84' lang='lat' dir='ltr'><strong><em>documentis</em></strong></span> <span class='ocrx_word' id='word_1_429' title='bbox 3591 2523 3806 2594; x_wconf 82' lang='lat' dir='ltr'><strong><em>plebem</em></strong></span> 
     </span>
    </p>
   </div>
   <div class='ocr_carea' id='block_1_56' title="bbox 2211 2613 3806 2686">
    <p class='ocr_par' dir='ltr' id='par_1_56' title="bbox 2211 2613 3806 2686">
     <span class='ocr_line' id='line_1_56' title="bbox 2211 2613 3806 2686; baseline -0.001 -16"><span class='ocrx_word' id='word_1_430' title='bbox 2211 2629 2322 2670; x_wconf 82' lang='lat' dir='ltr'><strong><em>suae</em></strong></span> <span class='ocrx_word' id='word_1_431' title='bbox 2353 2613 2474 2669; x_wconf 82' lang='lat' dir='ltr'><strong><em>ﬁdei</em></strong></span> <span class='ocrx_word' id='word_1_432' title='bbox 2502 2613 2762 2670; x_wconf 84' lang='lat' dir='ltr'><strong><em>creditam</em></strong></span> <span class='ocrx_word' id='word_1_433' title='bbox 2801 2629 2944 2684; x_wconf 71' lang='lat' dir='ltr'><strong><em>saepe</em></strong></span> <span class='ocrx_word' id='word_1_434' title='bbox 2972 2613 3256 2680; x_wconf 86' lang='lat' dir='ltr'><strong><em>instruere,</em></strong></span> <span class='ocrx_word' id='word_1_435' title='bbox 3281 2613 3717 2686; x_wconf 82' lang='lat' dir='ltr'><strong><em>conﬁrmareque</em></strong></span> <span class='ocrx_word' id='word_1_436' title='bbox 3755 2615 3806 2668; x_wconf 90' lang='lat' dir='ltr'><strong><em>in</em></strong></span> 
     </span>
    </p>
   </div>
   <div class='ocr_carea' id='block_1_57' title="bbox 2211 2705 3805 2780">
    <p class='ocr_par' dir='ltr' id='par_1_57' title="bbox 2211 2705 3805 2780">
     <span class='ocr_line' id='line_1_57' title="bbox 2211 2705 3805 2780; baseline -0.001 -16"><span class='ocrx_word' id='word_1_437' title='bbox 2211 2707 2489 2778; x_wconf 78' lang='lat' dir='ltr'><strong><em>religionis</em></strong></span> <span class='ocrx_word' id='word_1_438' title='bbox 2515 2707 2746 2764; x_wconf 87' lang='lat' dir='ltr'><strong><em>decretis</em></strong></span> <span class='ocrx_word' id='word_1_439' title='bbox 2787 2705 3149 2778; x_wconf 86' lang='lat' dir='ltr'><strong><em>institutisque</em></strong></span> <span class='ocrx_word' id='word_1_440' title='bbox 3187 2714 3544 2764; x_wconf 85' lang='lat' dir='ltr'><strong><em>consueverat</em></strong></span> <span class='ocrx_word' id='word_1_441' title='bbox 3574 2707 3673 2780; x_wconf 67' lang='grc' dir='ltr'><strong><em>(ί).</em></strong></span> <span class='ocrx_word' id='word_1_442' title='bbox 3719 2705 3805 2763; x_wconf 82' lang='lat' dir='ltr'><strong><em>Sic</em></strong></span> 
     </span>
    </p>
   </div>
   <div class='ocr_carea' id='block_1_58' title="bbox 2213 2798 3806 2876">
    <p class='ocr_par' dir='ltr' id='par_1_58' title="bbox 2213 2798 3806 2876">
     <span class='ocr_line' id='line_1_58' title="bbox 2213 2798 3806 2876; baseline -0.004 -20"><span class='ocrx_word' id='word_1_443' title='bbox 2213 2809 2392 2858; x_wconf 89' lang='lat' dir='ltr'><strong><em>autem</em></strong></span> <span class='ocrx_word' id='word_1_444' title='bbox 2421 2801 2532 2858; x_wconf 88' lang='lat' dir='ltr'><strong><em>suis</em></strong></span> <span class='ocrx_word' id='word_1_445' title='bbox 2558 2801 2852 2872; x_wconf 86' lang='lat' dir='ltr'><strong><em>recipiebat</em></strong></span> <span class='ocrx_word' id='word_1_446' title='bbox 2877 2819 2890 2854; x_wconf 89' lang='lat'><strong>:</strong></span> <span class='ocrx_word' id='word_1_447' title='bbox 2923 2805 3210 2876; x_wconf 73' lang='lat' dir='ltr'><strong><em>calcaturas</em></strong></span> <span class='ocrx_word' id='word_1_448' title='bbox 3239 2799 3386 2869; x_wconf 82' lang='lat' dir='ltr'><strong><em>ipsos</em></strong></span> <span class='ocrx_word' id='word_1_449' title='bbox 3413 2813 3532 2856; x_wconf 83' lang='lat' dir='ltr'><strong><em>esse</em></strong></span> <span class='ocrx_word' id='word_1_450' title='bbox 3555 2798 3806 2870; x_wconf 68' lang='lat' dir='ltr'><strong><em>ﬁgmenta</em></strong></span> 
     </span>
    </p>
   </div>
   <div class='ocr_carea' id='block_1_59' title="bbox 2213 2890 3798 2961">
    <p class='ocr_par' dir='ltr' id='par_1_59' title="bbox 2213 2890 3798 2961">
     <span class='ocr_line' id='line_1_59' title="bbox 2213 2890 3798 2961; baseline -0.004 -13"><span class='ocrx_word' id='word_1_451' title='bbox 2213 2895 2600 2958; x_wconf 88' lang='lat' dir='ltr'><strong><em>Iuereticorum,</em></strong></span> <span class='ocrx_word' id='word_1_452' title='bbox 2645 2893 2692 2948; x_wconf 88' lang='lat' dir='ltr'><strong><em>si</em></strong></span> <span class='ocrx_word' id='word_1_453' title='bbox 2737 2899 3050 2947; x_wconf 82' lang='lat' dir='ltr'><strong><em>constantes</em></strong></span> <span class='ocrx_word' id='word_1_454' title='bbox 3103 2890 3354 2946; x_wconf 86' lang='lat' dir='ltr'><strong><em>insistere</em></strong></span> <span class='ocrx_word' id='word_1_455' title='bbox 3397 2894 3798 2961; x_wconf 75' lang='lat' dir='ltr'><strong><em>perseverarent</em></strong></span> 
     </span>
    </p>
   </div>
   <div class='ocr_carea' id='block_1_60' title="bbox 2212 2980 3786 3059">
    <p class='ocr_par' dir='ltr' id='par_1_60' title="bbox 2212 2980 3786 3059">
     <span class='ocr_line' id='line_1_60' title="bbox 2212 2980 3786 3059; baseline -0.004 -18"><span class='ocrx_word' id='word_1_456' title='bbox 2212 2988 2421 3042; x_wconf 84' lang='lat' dir='ltr'><strong><em>semitas</em></strong></span> <span class='ocrx_word' id='word_1_457' title='bbox 2449 2985 2700 3052; x_wconf 89' lang='lat' dir='ltr'><strong><em>veritatis,</em></strong></span> <span class='ocrx_word' id='word_1_458' title='bbox 2727 2999 2862 3054; x_wconf 89' lang='lat' dir='ltr'><strong><em>quas</em></strong></span> <span class='ocrx_word' id='word_1_459' title='bbox 2888 2984 3138 3039; x_wconf 88' lang='lat' dir='ltr'><strong><em>universa</em></strong></span> <span class='ocrx_word' id='word_1_460' title='bbox 3163 2981 3406 3038; x_wconf 88' lang='lat' dir='ltr'><strong><em>Ecclesia</em></strong></span> <span class='ocrx_word' id='word_1_461' title='bbox 3430 2989 3645 3059; x_wconf 82' lang='lat' dir='ltr'><strong><em>teneret.</em></strong></span> <span class='ocrx_word' id='word_1_462' title='bbox 3671 2980 3786 3034; x_wconf 70' lang='lat' dir='ltr'><strong><em>Ha:-</em></strong></span> 
     </span>
    </p>
   </div>
   <div class='ocr_carea' id='block_1_61' title="bbox 519 3070 3792 3152">
    <p class='ocr_par' dir='ltr' id='par_1_61' title="bbox 519 3070 3792 3152">
     <span class='ocr_line' id='line_1_61' title="bbox 519 3070 3792 3152; baseline 0.002 -27"><span class='ocrx_word' id='word_1_463' title='bbox 519 3070 626 3138; x_wconf 80' lang='lat' dir='ltr'><strong><em>bes,</em></strong></span> <span class='ocrx_word' id='word_1_464' title='bbox 658 3071 793 3143; x_wconf 88' lang='lat' dir='ltr'><strong><em>quod</em></strong></span> <span class='ocrx_word' id='word_1_465' title='bbox 814 3071 918 3142; x_wconf 81' lang='lat' dir='ltr'><strong><em>ﬁde</em></strong></span> <span class='ocrx_word' id='word_1_466' title='bbox 945 3072 1159 3139; x_wconf 80' lang='lat' dir='ltr'><strong><em>credas;</em></strong></span> <span class='ocrx_word' id='word_1_467' title='bbox 1191 3089 1296 3127; x_wconf 90' lang='lat' dir='ltr'><strong><em>non</em></strong></span> <span class='ocrx_word' id='word_1_468' title='bbox 1324 3073 1480 3128; x_wconf 77' lang='lat' dir='ltr'><strong><em>habes</em></strong></span> <span class='ocrx_word' id='word_1_469' title='bbox 1521 3074 1657 3146; x_wconf 89' lang='lat' dir='ltr'><strong><em>quod</em></strong></span> <span class='ocrx_word' id='word_1_470' title='bbox 1685 3073 1936 3130; x_wconf 85' lang='lat' dir='ltr'><strong><em>discutias</em></strong></span> <span class='ocrx_word' id='word_1_471' title='bbox 1962 3091 2111 3146; x_wconf 86' lang='lat' dir='ltr'><strong><em>argu-</em></strong></span> <span class='ocrx_word' id='word_1_472' title='bbox 2134 3077 2182 3139; x_wconf 87' lang='lat' dir='ltr'><strong><em>C</em></strong></span> <span class='ocrx_word' id='word_1_473' title='bbox 2214 3080 2412 3138; x_wconf 81' lang='lat' dir='ltr'><strong><em>reticos</em></strong></span> <span class='ocrx_word' id='word_1_474' title='bbox 2443 3079 2542 3152; x_wconf 82' lang='lat' dir='ltr'><strong><em>(g),</em></strong></span> <span class='ocrx_word' id='word_1_475' title='bbox 2573 3079 2666 3148; x_wconf 89' lang='lat' dir='ltr'><strong><em>qui</em></strong></span> <span class='ocrx_word' id='word_1_476' title='bbox 2709 3078 2930 3134; x_wconf 83' lang='lat' dir='ltr'><strong><em>semitas</em></strong></span> <span class='ocrx_word' id='word_1_477' title='bbox 2974 3077 3238 3149; x_wconf 88' lang='lat' dir='ltr'><strong><em>ejusmodi</em></strong></span> <span class='ocrx_word' id='word_1_478' title='bbox 3272 3075 3578 3140; x_wconf 84' lang='lat' dir='ltr'><strong><em>deseruere,</em></strong></span> <span class='ocrx_word' id='word_1_479' title='bbox 3607 3089 3672 3132; x_wconf 81' lang='lat' dir='ltr'><strong><em>eo</em></strong></span> <span class='ocrx_word' id='word_1_480' title='bbox 3696 3073 3792 3131; x_wconf 73' lang='lat' dir='ltr'><strong><em>de-</em></strong></span> 
     </span>
    </p>
   </div>
   <div class='ocr_carea' id='block_1_62' title="bbox 517 3163 2108 3233">
    <p class='ocr_par' dir='ltr' id='par_1_62' title="bbox 517 3163 2108 3233">
     <span class='ocr_line' id='line_1_62' title="bbox 517 3163 2108 3233; baseline 0.001 -13"><span class='ocrx_word' id='word_1_481' title='bbox 517 3163 722 3220; x_wconf 83' lang='lat' dir='ltr'><strong><em>mentis.</em></strong></span> <span class='ocrx_word' id='word_1_482' title='bbox 753 3164 920 3219; x_wconf 82' lang='lat' dir='ltr'><strong><em>Audis</em></strong></span> <span class='ocrx_word' id='word_1_483' title='bbox 945 3164 992 3218; x_wconf 82' lang='lat' dir='ltr'><em>F</em></span> <span class='ocrx_word' id='word_1_484' title='bbox 995 3165 1146 3221; x_wconf 83' lang='lat' dir='ltr'><strong><em>ilium</em></strong></span> <span class='ocrx_word' id='word_1_485' title='bbox 1180 3166 1244 3220; x_wconf 79' lang='lat' dir='ltr'><strong><em>de</em></strong></span> <span class='ocrx_word' id='word_1_486' title='bbox 1275 3165 1436 3222; x_wconf 90' lang='lat' dir='ltr'><strong><em>Patre</em></strong></span> <span class='ocrx_word' id='word_1_487' title='bbox 1463 3175 1671 3233; x_wconf 88' lang='lat' dir='ltr'><strong><em>natum;</em></strong></span> <span class='ocrx_word' id='word_1_488' title='bbox 1702 3167 1795 3223; x_wconf 87' lang='lat' dir='ltr'><strong><em>sed</em></strong></span> <span class='ocrx_word' id='word_1_489' title='bbox 1828 3184 1894 3223; x_wconf 89' lang='lat' dir='ltr'><strong><em>ne</em></strong></span> <span class='ocrx_word' id='word_1_490' title='bbox 1926 3185 2108 3224; x_wconf 71' lang='lat' dir='ltr'><strong><em>sexum</em></strong></span> 
     </span>
    </p>
   </div>
   <div class='ocr_carea' id='block_1_63' title="bbox 519 3255 2110 3332">
    <p class='ocr_par' dir='ltr' id='par_1_63' title="bbox 519 3255 2110 3332">
     <span class='ocr_line' id='line_1_63' title="bbox 519 3255 2110 3332; baseline 0.001 -20"><span class='ocrx_word' id='word_1_491' title='bbox 519 3255 740 3330; x_wconf 79' lang='lat' dir='ltr'><strong><em>aliquem</em></strong></span> <span class='ocrx_word' id='word_1_492' title='bbox 765 3258 936 3328; x_wconf 85' lang='lat' dir='ltr'><strong><em>possis</em></strong></span> <span class='ocrx_word' id='word_1_493' title='bbox 960 3259 1017 3312; x_wconf 88' lang='lat' dir='ltr'><strong><em>in</em></strong></span> <span class='ocrx_word' id='word_1_494' title='bbox 1045 3257 1314 3313; x_wconf 63' lang='lat' dir='ltr'><strong><em>divinitate</em></strong></span> <span class='ocrx_word' id='word_1_495' title='bbox 1339 3259 1542 3327; x_wconf 89' lang='lat' dir='ltr'><strong><em>rimari,</em></strong></span> <span class='ocrx_word' id='word_1_496' title='bbox 1570 3261 1682 3332; x_wconf 87' lang='lat' dir='ltr'><strong><em>ipse</em></strong></span> <span class='ocrx_word' id='word_1_497' title='bbox 1707 3258 1879 3314; x_wconf 82' lang='lat' dir='ltr'><strong><em>Filius</em></strong></span> <span class='ocrx_word' id='word_1_498' title='bbox 1900 3268 1950 3314; x_wconf 87' lang='lat' dir='ltr'><strong><em>et</em></strong></span> <span class='ocrx_word' id='word_1_499' title='bbox 1979 3259 2110 3314; x_wconf 84' lang='lat' dir='ltr'><strong><em>Ver-</em></strong></span> 
     </span>
    </p>
   </div>
   <div class='ocr_carea' id='block_1_64' title="bbox 517 3347 2112 3420">
    <p class='ocr_par' dir='ltr' id='par_1_64' title="bbox 517 3347 2112 3420">
     <span class='ocr_line' id='line_1_64' title="bbox 517 3347 2112 3420; baseline 0.003 -19"><span class='ocrx_word' id='word_1_500' title='bbox 517 3347 637 3405; x_wconf 87' lang='lat' dir='ltr'><strong><em>bum</em></strong></span> <span class='ocrx_word' id='word_1_501' title='bbox 663 3349 852 3406; x_wconf 87' lang='lat' dir='ltr'><strong><em>dicitur</em></strong></span> <span class='ocrx_word' id='word_1_502' title='bbox 877 3358 928 3404; x_wconf 90' lang='lat' dir='ltr'><strong><em>et</em></strong></span> <span class='ocrx_word' id='word_1_503' title='bbox 953 3350 1144 3420; x_wconf 71' lang='lat' dir='ltr'><strong><em>hirnea.</em></strong></span> <span class='ocrx_word' id='word_1_504' title='bbox 1185 3349 1390 3406; x_wconf 87' lang='lat' dir='ltr'><strong><em>Dicitur</em></strong></span> <span class='ocrx_word' id='word_1_505' title='bbox 1427 3354 1582 3407; x_wconf 86' lang='lat' dir='ltr'><strong><em>etiam</em></strong></span> <span class='ocrx_word' id='word_1_506' title='bbox 1621 3361 1670 3406; x_wconf 88' lang='lat' dir='ltr'><strong><em>et</em></strong></span> <span class='ocrx_word' id='word_1_507' title='bbox 1712 3351 1811 3408; x_wconf 87' lang='lat' dir='ltr'><strong><em>Dei</em></strong></span> <span class='ocrx_word' id='word_1_508' title='bbox 1849 3353 2028 3418; x_wconf 87' lang='lat' dir='ltr'><strong><em>virtus,</em></strong></span> <span class='ocrx_word' id='word_1_509' title='bbox 2059 3361 2112 3407; x_wconf 93' lang='lat' dir='ltr'><strong><em>et</em></strong></span> 
     </span>
    </p>
   </div>
   <div class='ocr_carea' id='block_1_65' title="bbox 517 3437 2110 3529">
    <p class='ocr_par' dir='ltr' id='par_1_65' title="bbox 517 3437 2110 3529">
     <span class='ocr_line' id='line_1_65' title="bbox 517 3437 2110 3529; baseline 0.002 -32"><span class='ocrx_word' id='word_1_510' title='bbox 517 3439 615 3498; x_wconf 84' lang='lat' dir='ltr'><strong><em>Dei</em></strong></span> <span class='ocrx_word' id='word_1_511' title='bbox 636 3443 917 3529; x_wconf 62' lang='lat' dir='ltr'><strong><em>sapientia,</em></strong></span> <span class='ocrx_word' id='word_1_512' title='bbox 959 3452 1020 3498; x_wconf 85' lang='lat' dir='ltr'><strong><em>ut</em></strong></span> <span class='ocrx_word' id='word_1_513' title='bbox 1056 3444 1361 3516; x_wconf 80' lang='lat' dir='ltr'><strong><em>advertas...</em></strong></span> <span class='ocrx_word' id='word_1_514' title='bbox 1405 3463 1510 3502; x_wconf 89' lang='lat' dir='ltr'><strong><em>non</em></strong></span> <span class='ocrx_word' id='word_1_515' title='bbox 1544 3437 1884 3515; x_wconf 77' lang='lat' dir='ltr'><strong><em>corporaliter</em></strong></span> <span class='ocrx_word' id='word_1_516' title='bbox 1907 3463 2110 3502; x_wconf 86' lang='lat' dir='ltr'><strong><em>creasse</em></strong></span> 
     </span>
    </p>
   </div>
   <div class='ocr_carea' id='block_1_66' title="bbox 518 3529 2108 3608">
    <p class='ocr_par' dir='ltr' id='par_1_66' title="bbox 518 3529 2108 3608">
     <span class='ocr_line' id='line_1_66' title="bbox 518 3529 2108 3608; baseline 0.006 -23"><span class='ocrx_word' id='word_1_517' title='bbox 518 3529 752 3599; x_wconf 89' lang='lat' dir='ltr'><strong><em>Patrem,</em></strong></span> <span class='ocrx_word' id='word_1_518' title='bbox 773 3535 865 3589; x_wconf 89' lang='lat' dir='ltr'><strong><em>sed</em></strong></span> <span class='ocrx_word' id='word_1_519' title='bbox 891 3553 984 3606; x_wconf 87' lang='lat' dir='ltr'><strong><em>per</em></strong></span> <span class='ocrx_word' id='word_1_520' title='bbox 1009 3537 1274 3606; x_wconf 74' lang='lat' dir='ltr'><strong><em>ineffabile</em></strong></span> <span class='ocrx_word' id='word_1_521' title='bbox 1301 3537 1592 3608; x_wconf 70' lang='lat' dir='ltr'><strong><em>majestatis</em></strong></span> <span class='ocrx_word' id='word_1_522' title='bbox 1625 3547 1877 3594; x_wconf 88' lang='lat' dir='ltr'><strong><em>secretum</em></strong></span> <span class='ocrx_word' id='word_1_523' title='bbox 1908 3539 1974 3595; x_wconf 82' lang='lat' dir='ltr'><strong><em>de</em></strong></span> <span class='ocrx_word' id='word_1_524' title='bbox 2001 3541 2108 3594; x_wconf 89' lang='lat' dir='ltr'><strong><em>vir-</em></strong></span> 
     </span>
    </p>
   </div>
   <div class='ocr_carea' id='block_1_67' title="bbox 521 3626 2106 3694">
    <p class='ocr_par' dir='ltr' id='par_1_67' title="bbox 521 3626 2106 3694">
     <span class='ocr_line' id='line_1_67' title="bbox 521 3626 2106 3694; baseline 0.006 -17"><span class='ocrx_word' id='word_1_525' title='bbox 521 3632 627 3678; x_wconf 81' lang='lat' dir='ltr'><strong><em>tute</em></strong></span> <span class='ocrx_word' id='word_1_526' title='bbox 654 3626 906 3694; x_wconf 85' lang='lat' dir='ltr'><strong><em>prodiisse</em></strong></span> <span class='ocrx_word' id='word_1_527' title='bbox 933 3629 1187 3693; x_wconf 88' lang='lat' dir='ltr'><strong><em>virtutem,</em></strong></span> <span class='ocrx_word' id='word_1_528' title='bbox 1229 3637 1280 3683; x_wconf 89' lang='lat' dir='ltr'><strong><em>et</em></strong></span> <span class='ocrx_word' id='word_1_529' title='bbox 1325 3629 1494 3686; x_wconf 86' lang='lat' dir='ltr'><strong><em>lumen</em></strong></span> <span class='ocrx_word' id='word_1_530' title='bbox 1534 3647 1776 3687; x_wconf 88' lang='lat' dir='ltr'><strong><em>manasse</em></strong></span> <span class='ocrx_word' id='word_1_531' title='bbox 1802 3631 1866 3687; x_wconf 84' lang='lat' dir='ltr'><strong><em>de</em></strong></span> <span class='ocrx_word' id='word_1_532' title='bbox 1892 3633 2106 3688; x_wconf 85' lang='lat' dir='ltr'><strong><em>lumine.</em></strong></span> 
     </span>
    </p>
   </div>
   <div class='ocr_carea' id='block_1_68' title="bbox 523 3712 2108 3792">
    <p class='ocr_par' dir='ltr' id='par_1_68' title="bbox 523 3712 2108 3792">
     <span class='ocr_line' id='line_1_68' title="bbox 523 3712 2108 3792; baseline 0.007 -25"><span class='ocrx_word' id='word_1_533' title='bbox 523 3712 752 3768; x_wconf 86' lang='lat' dir='ltr'><strong><em>Rursum</em></strong></span> <span class='ocrx_word' id='word_1_534' title='bbox 777 3732 842 3769; x_wconf 91' lang='lat' dir='ltr'><strong><em>ne</em></strong></span> <span class='ocrx_word' id='word_1_535' title='bbox 888 3715 1110 3770; x_wconf 86' lang='lat' dir='ltr'><strong><em>Verbum</em></strong></span> <span class='ocrx_word' id='word_1_536' title='bbox 1145 3719 1314 3788; x_wconf 85' lang='lat' dir='ltr'><strong><em>ipsum</em></strong></span> <span class='ocrx_word' id='word_1_537' title='bbox 1349 3737 1454 3774; x_wconf 88' lang='lat' dir='ltr'><strong><em>non</em></strong></span> <span class='ocrx_word' id='word_1_538' title='bbox 1487 3721 1830 3778; x_wconf 82' lang='lat' dir='ltr'><strong><em>substantiam</em></strong></span> <span class='ocrx_word' id='word_1_539' title='bbox 1857 3724 2108 3792; x_wconf 82' lang='lat' dir='ltr'><strong><em>veritatis,</em></strong></span> 
     </span>
    </p>
   </div>
   <div class='ocr_carea' id='block_1_69' title="bbox 523 3807 2108 3883">
    <p class='ocr_par' dir='ltr' id='par_1_69' title="bbox 523 3807 2108 3883">
     <span class='ocr_line' id='line_1_69' title="bbox 523 3807 2108 3883; baseline 0.006 -21"><span class='ocrx_word' id='word_1_540' title='bbox 523 3807 616 3862; x_wconf 81' lang='lat' dir='ltr'><strong><em>sed</em></strong></span> <span class='ocrx_word' id='word_1_541' title='bbox 641 3808 961 3880; x_wconf 84' lang='lat' dir='ltr'><strong><em>prolatitium</em></strong></span> <span class='ocrx_word' id='word_1_542' title='bbox 990 3810 1240 3880; x_wconf 86' lang='lat' dir='ltr'><strong><em>loquentis</em></strong></span> <span class='ocrx_word' id='word_1_543' title='bbox 1281 3810 1380 3866; x_wconf 86' lang='lat' dir='ltr'><strong><em>Dei</em></strong></span> <span class='ocrx_word' id='word_1_544' title='bbox 1413 3823 1618 3881; x_wconf 86' lang='lat' dir='ltr'><strong><em>putares</em></strong></span> <span class='ocrx_word' id='word_1_545' title='bbox 1661 3831 1775 3869; x_wconf 87' lang='lat' dir='ltr'><strong><em>esse</em></strong></span> <span class='ocrx_word' id='word_1_546' title='bbox 1799 3831 2108 3883; x_wconf 86' lang='lat' dir='ltr'><strong><em>sermonem,</em></strong></span> 
     </span>
    </p>
   </div>
   <div class='ocr_carea' id='block_1_70' title="bbox 523 3898 2124 3971">
    <p class='ocr_par' dir='ltr' id='par_1_70' title="bbox 523 3898 2124 3971">
     <span class='ocr_line' id='line_1_70' title="bbox 523 3898 2124 3971; baseline 0.006 -18"><span class='ocrx_word' id='word_1_547' title='bbox 523 3899 710 3956; x_wconf 82' lang='lat' dir='ltr'><strong><em>dicitur</em></strong></span> <span class='ocrx_word' id='word_1_548' title='bbox 738 3898 1018 3966; x_wconf 77' lang='lat' dir='ltr'><strong><em>Filius,‘ut</em></strong></span> <span class='ocrx_word' id='word_1_549' title='bbox 1050 3903 1105 3954; x_wconf 88' lang='lat' dir='ltr'><strong><em>in</em></strong></span> <span class='ocrx_word' id='word_1_550' title='bbox 1131 3919 1192 3957; x_wconf 93' lang='lat' dir='ltr'><strong><em>eo</em></strong></span> <span class='ocrx_word' id='word_1_551' title='bbox 1223 3902 1385 3969; x_wconf 86' lang='lat' dir='ltr'><strong><em>illius,</em></strong></span> <span class='ocrx_word' id='word_1_552' title='bbox 1414 3906 1500 3971; x_wconf 84' lang='lat' dir='ltr'><strong><em>qui</em></strong></span> <span class='ocrx_word' id='word_1_553' title='bbox 1529 3905 1694 3960; x_wconf 87' lang='lat' dir='ltr'><strong><em>Pater</em></strong></span> <span class='ocrx_word' id='word_1_554' title='bbox 1717 3915 1815 3970; x_wconf 83' lang='lat' dir='ltr'><strong><em>est,</em></strong></span> <span class='ocrx_word' id='word_1_555' title='bbox 1847 3919 1897 3962; x_wconf 87' lang='lat' dir='ltr'><strong><em>et</em></strong></span> <span class='ocrx_word' id='word_1_556' title='bbox 1923 3922 2124 3963; x_wconf 63' lang='grc' dir='ltr'><strong><em>ωηερέ</em></strong></span> 
     </span>
    </p>
   </div>
   <div class='ocr_carea' id='block_1_71' title="bbox 522 3990 2112 4068">
    <p class='ocr_par' dir='ltr' id='par_1_71' title="bbox 522 3990 2112 4068">
     <span class='ocr_line' id='line_1_71' title="bbox 522 3990 2112 4068; baseline 0.007 -26"><span class='ocrx_word' id='word_1_557' title='bbox 522 3991 758 4044; x_wconf 82' lang='lat' dir='ltr'><strong><em>nantium</em></strong></span> <span class='ocrx_word' id='word_1_558' title='bbox 786 4006 896 4063; x_wconf 75' lang='lat' dir='ltr'><strong><em>esse</em></strong></span> <span class='ocrx_word' id='word_1_559' title='bbox 923 3990 1146 4047; x_wconf 86' lang='lat' dir='ltr'><strong><em>disceres</em></strong></span> <span class='ocrx_word' id='word_1_560' title='bbox 1169 4001 1222 4046; x_wconf 92' lang='lat' dir='ltr'><strong><em>et</em></strong></span> <span class='ocrx_word' id='word_1_561' title='bbox 1244 3992 1551 4062; x_wconf 68' lang='lat' dir='ltr'><strong><em>aﬁ‘ectum...</em></strong></span> <span class='ocrx_word' id='word_1_562' title='bbox 1582 3993 1654 4048; x_wconf 90' lang='lat' dir='ltr'><strong><em>Et</em></strong></span> <span class='ocrx_word' id='word_1_563' title='bbox 1672 4012 1866 4061; x_wconf 86' lang='lat' dir='ltr'><strong><em>revera,</em></strong></span> <span class='ocrx_word' id='word_1_564' title='bbox 1899 3999 2112 4068; x_wconf 71' lang='lat' dir='ltr'><strong><em>fratres,</em></strong></span> 
     </span>
    </p>
   </div>
   <div class='ocr_carea' id='block_1_72' title="bbox 523 4081 2113 4154">
    <p class='ocr_par' dir='ltr' id='par_1_72' title="bbox 523 4081 2113 4154">
     <span class='ocr_line' id='line_1_72' title="bbox 523 4081 2113 4154; baseline 0.007 -21"><span class='ocrx_word' id='word_1_565' title='bbox 523 4081 659 4134; x_wconf 85' lang='lat' dir='ltr'><strong><em>sicut</em></strong></span> <span class='ocrx_word' id='word_1_566' title='bbox 702 4081 872 4136; x_wconf 86' lang='lat' dir='ltr'><strong><em>videre</em></strong></span> <span class='ocrx_word' id='word_1_567' title='bbox 915 4081 1134 4150; x_wconf 84' lang='lat' dir='ltr'><strong><em>Filium,</em></strong></span> <span class='ocrx_word' id='word_1_568' title='bbox 1165 4083 1336 4138; x_wconf 88' lang='lat' dir='ltr'><strong><em>videre</em></strong></span> <span class='ocrx_word' id='word_1_569' title='bbox 1363 4094 1442 4140; x_wconf 88' lang='lat' dir='ltr'><strong><em>est</em></strong></span> <span class='ocrx_word' id='word_1_570' title='bbox 1479 4085 1722 4154; x_wconf 84' lang='lat' dir='ltr'><strong><em>Patrem;</em></strong></span> <span class='ocrx_word' id='word_1_571' title='bbox 1753 4089 1827 4142; x_wconf 89' lang='lat' dir='ltr'><strong><em>itu</em></strong></span> <span class='ocrx_word' id='word_1_572' title='bbox 1855 4089 2113 4144; x_wconf 87' lang='lat' dir='ltr'><strong><em>intellecto</em></strong></span> 
     </span>
    </p>
   </div>
   <div class='ocr_carea' id='block_1_73' title="bbox 523 4172 2112 4252">
    <p class='ocr_par' dir='ltr' id='par_1_73' title="bbox 523 4172 2112 4252">
     <span class='ocr_line' id='line_1_73' title="bbox 523 4172 2112 4252; baseline 0.006 -25"><span class='ocrx_word' id='word_1_573' title='bbox 523 4172 706 4241; x_wconf 89' lang='lat' dir='ltr'><strong><em>Patre,</em></strong></span> <span class='ocrx_word' id='word_1_574' title='bbox 735 4175 1044 4248; x_wconf 82' lang='lat' dir='ltr'><strong><em>intelligitur</em></strong></span> <span class='ocrx_word' id='word_1_575' title='bbox 1081 4185 1131 4231; x_wconf 89' lang='lat' dir='ltr'><strong><em>et</em></strong></span> <span class='ocrx_word' id='word_1_576' title='bbox 1173 4175 1223 4230; x_wconf 88' lang='lat' dir='ltr'><em>F</em></span> <span class='ocrx_word' id='word_1_577' title='bbox 1225 4178 1366 4233; x_wconf 89' lang='lat' dir='ltr'><strong><em>ilius.</em></strong></span> <span class='ocrx_word' id='word_1_578' title='bbox 1396 4177 1541 4233; x_wconf 89' lang='lat' dir='ltr'><strong><em>Nam</em></strong></span> <span class='ocrx_word' id='word_1_579' title='bbox 1571 4182 1657 4252; x_wconf 86' lang='lat' dir='ltr'><strong><em>qui</em></strong></span> <span class='ocrx_word' id='word_1_580' title='bbox 1686 4180 1900 4237; x_wconf 79' lang='lat' dir='ltr'><strong><em>Patrem</em></strong></span> <span class='ocrx_word' id='word_1_581' title='bbox 1928 4182 2112 4248; x_wconf 86' lang='lat' dir='ltr'><strong><em>credit,</em></strong></span> 
     </span>
    </p>
   </div>
   <div class='ocr_carea' id='block_1_74' title="bbox 523 4267 2114 4336">
    <p class='ocr_par' dir='ltr' id='par_1_74' title="bbox 523 4267 2114 4336">
     <span class='ocr_line' id='line_1_74' title="bbox 523 4267 2114 4336; baseline 0.008 -18"><span class='ocrx_word' id='word_1_582' title='bbox 523 4273 574 4318; x_wconf 88' lang='lat' dir='ltr'><strong><em>et</em></strong></span> <span class='ocrx_word' id='word_1_583' title='bbox 609 4267 882 4336; x_wconf 82' lang='lat' dir='ltr'><strong><em>conﬁtetur</em></strong></span> <span class='ocrx_word' id='word_1_584' title='bbox 919 4276 1196 4334; x_wconf 63' lang='lat' dir='ltr'><strong><em>aeternum,</em></strong></span> <span class='ocrx_word' id='word_1_585' title='bbox 1240 4271 1419 4324; x_wconf 88' lang='lat' dir='ltr'><strong><em>credat</em></strong></span> <span class='ocrx_word' id='word_1_586' title='bbox 1465 4287 1668 4326; x_wconf 87' lang='lat' dir='ltr'><strong><em>necesse</em></strong></span> <span class='ocrx_word' id='word_1_587' title='bbox 1710 4281 1788 4328; x_wconf 89' lang='lat' dir='ltr'><strong><em>est</em></strong></span> <span class='ocrx_word' id='word_1_588' title='bbox 1825 4282 1876 4328; x_wconf 90' lang='lat' dir='ltr'><strong><em>et</em></strong></span> <span class='ocrx_word' id='word_1_589' title='bbox 1915 4273 2114 4330; x_wconf 77' lang='lat' dir='ltr'><strong><em>Filium</em></strong></span> 
     </span>
    </p>
   </div>
   <div class='ocr_carea' id='block_1_75' title="bbox 522 4356 2108 4434">
    <p class='ocr_par' dir='ltr' id='par_1_75' title="bbox 522 4356 2108 4434">
     <span class='ocr_line' id='line_1_75' title="bbox 522 4356 2108 4434; baseline 0.007 -24"><span class='ocrx_word' id='word_1_590' title='bbox 522 4365 901 4415; x_wconf 59' lang='lat' dir='ltr'><strong><em>catatonum“;</em></strong></span> <span class='ocrx_word' id='word_1_591' title='bbox 932 4356 1032 4424; x_wconf 86' lang='lat' dir='ltr'><strong><em>Qui</em></strong></span> <span class='ocrx_word' id='word_1_592' title='bbox 1059 4361 1212 4432; x_wconf 86' lang='lat' dir='ltr'><strong><em>videt,</em></strong></span> <span class='ocrx_word' id='word_1_593' title='bbox 1251 4362 1438 4434; x_wconf 82' lang='lat' dir='ltr'><strong><em>inquit,</em></strong></span> <span class='ocrx_word' id='word_1_594' title='bbox 1479 4379 1575 4429; x_wconf 88' lang='lat' dir='ltr'><strong><em>me,</em></strong></span> <span class='ocrx_word' id='word_1_595' title='bbox 1625 4365 1759 4420; x_wconf 85' lang='lat' dir='ltr'><strong><em>videt</em></strong></span> <span class='ocrx_word' id='word_1_596' title='bbox 1790 4372 1842 4420; x_wconf 89' lang='lat' dir='ltr'><strong><em>et</em></strong></span> <span class='ocrx_word' id='word_1_597' title='bbox 1877 4364 2108 4421; x_wconf 86' lang='lat' dir='ltr'><strong><em>Patrem.</em></strong></span> 
     </span>
    </p>
   </div>
   <div class='ocr_carea' id='block_1_76' title="bbox 2211 3167 3789 3246">
    <p class='ocr_par' dir='ltr' id='par_1_76' title="bbox 2211 3167 3789 3246">
     <span class='ocr_line' id='line_1_76' title="bbox 2211 3167 3789 3246; baseline -0.002 -18"><span class='ocrx_word' id='word_1_598' title='bbox 2211 3189 2359 3228; x_wconf 86' lang='lat' dir='ltr'><strong><em>mum</em></strong></span> <span class='ocrx_word' id='word_1_599' title='bbox 2387 3173 2599 3238; x_wconf 89' lang='lat' dir='ltr'><strong><em>abduci,</em></strong></span> <span class='ocrx_word' id='word_1_600' title='bbox 2630 3169 2850 3246; x_wconf 65' lang='lat' dir='ltr'><strong><em>[cum]</em></strong></span> <span class='ocrx_word' id='word_1_601' title='bbox 2874 3180 2933 3227; x_wconf 91' lang='lat' dir='ltr'><strong><em>ut</em></strong></span> <span class='ocrx_word' id='word_1_602' title='bbox 2959 3187 3054 3227; x_wconf 89' lang='lat' dir='ltr'><strong><em>sua</em></strong></span> <span class='ocrx_word' id='word_1_603' title='bbox 3085 3172 3184 3242; x_wconf 90' lang='lat' dir='ltr'><strong><em>ipsi</em></strong></span> <span class='ocrx_word' id='word_1_604' title='bbox 3205 3169 3548 3227; x_wconf 85' lang='lat' dir='ltr'><strong><em>condemnati</em></strong></span> <span class='ocrx_word' id='word_1_605' title='bbox 3573 3167 3789 3226; x_wconf 70' lang='lat' dir='ltr'><strong><em>senten-</em></strong></span> 
     </span>
    </p>
   </div>
   <div class='ocr_carea' id='block_1_77' title="bbox 2211 3255 3796 3333">
    <p class='ocr_par' dir='ltr' id='par_1_77' title="bbox 2211 3255 3796 3333">
     <span class='ocr_line' id='line_1_77' title="bbox 2211 3255 3796 3333; baseline -0.001 -13"><span class='ocrx_word' id='word_1_606' title='bbox 2211 3266 2306 3331; x_wconf 88' lang='lat' dir='ltr'><strong><em>tia,</em></strong></span> <span class='ocrx_word' id='word_1_607' title='bbox 2338 3280 2458 3321; x_wconf 88' lang='lat' dir='ltr'><strong><em>sese</em></strong></span> <span class='ocrx_word' id='word_1_608' title='bbox 2486 3255 2552 3320; x_wconf 83' lang='lat' dir='ltr'><strong><em>ab</em></strong></span> <span class='ocrx_word' id='word_1_609' title='bbox 2581 3264 2822 3320; x_wconf 82' lang='lat' dir='ltr'><strong><em>Ecclesia</em></strong></span> <span class='ocrx_word' id='word_1_610' title='bbox 2873 3263 3210 3331; x_wconf 73' lang='lat' dir='ltr'><strong><em>discindunt;</em></strong></span> <span class='ocrx_word' id='word_1_611' title='bbox 3257 3263 3484 3333; x_wconf 83' lang='lat' dir='ltr'><strong><em>sibique,</em></strong></span> <span class='ocrx_word' id='word_1_612' title='bbox 3521 3271 3582 3319; x_wconf 83' lang='lat' dir='ltr'><strong><em>ut</em></strong></span> <span class='ocrx_word' id='word_1_613' title='bbox 3617 3261 3796 3329; x_wconf 65' lang='lat' dir='ltr'><strong><em>ludas,</em></strong></span> 
     </span>
    </p>
   </div>
   <div class='ocr_carea' id='block_1_78' title="bbox 2211 3353 3798 3429">
    <p class='ocr_par' dir='ltr' id='par_1_78' title="bbox 2211 3353 3798 3429">
     <span class='ocr_line' id='line_1_78' title="bbox 2211 3353 3798 3429; baseline -0.002 -17"><span class='ocrx_word' id='word_1_614' title='bbox 2211 3365 2406 3429; x_wconf 88' lang='lat' dir='ltr'><strong><em>parent</em></strong></span> <span class='ocrx_word' id='word_1_615' title='bbox 2450 3357 2723 3426; x_wconf 85' lang='lat' dir='ltr'><strong><em>interitum</em></strong></span> <span class='ocrx_word' id='word_1_616' title='bbox 2775 3355 3178 3426; x_wconf 87' lang='lat' dir='ltr'><strong><em>sempiternum.</em></strong></span> <span class='ocrx_word' id='word_1_617' title='bbox 3227 3353 3524 3412; x_wconf 86' lang='lat' dir='ltr'><strong><em>Ecclesiam</em></strong></span> <span class='ocrx_word' id='word_1_618' title='bbox 3569 3368 3798 3424; x_wconf 79' lang='lat' dir='ltr'><strong><em>namque</em></strong></span> 
     </span>
    </p>
   </div>
   <div class='ocr_carea' id='block_1_79' title="bbox 2213 3445 3794 3516">
    <p class='ocr_par' dir='ltr' id='par_1_79' title="bbox 2213 3445 3794 3516">
     <span class='ocr_line' id='line_1_79' title="bbox 2213 3445 3794 3516; baseline 0.001 -14"><span class='ocrx_word' id='word_1_619' title='bbox 2213 3449 2392 3504; x_wconf 88' lang='lat' dir='ltr'><strong><em>navim</em></strong></span> <span class='ocrx_word' id='word_1_620' title='bbox 2441 3448 2586 3502; x_wconf 88' lang='lat' dir='ltr'><strong><em>illam</em></strong></span> <span class='ocrx_word' id='word_1_621' title='bbox 2632 3463 2772 3514; x_wconf 90' lang='lat' dir='ltr'><strong><em>esse,</em></strong></span> <span class='ocrx_word' id='word_1_622' title='bbox 2813 3462 2973 3516; x_wconf 87' lang='lat' dir='ltr'><strong><em>quam</em></strong></span> <span class='ocrx_word' id='word_1_623' title='bbox 3035 3445 3226 3502; x_wconf 88' lang='lat' dir='ltr'><strong><em>Petrus</em></strong></span> <span class='ocrx_word' id='word_1_624' title='bbox 3271 3445 3599 3510; x_wconf 85' lang='lat' dir='ltr'><strong><em>moderetur,</em></strong></span> <span class='ocrx_word' id='word_1_625' title='bbox 3651 3454 3794 3504; x_wconf 74' lang='lat' dir='ltr'><strong><em>extra</em></strong></span> 
     </span>
    </p>
   </div>
   <div class='ocr_carea' id='block_1_80' title="bbox 2212 3535 3796 3611">
    <p class='ocr_par' dir='ltr' id='par_1_80' title="bbox 2212 3535 3796 3611">
     <span class='ocr_line' id='line_1_80' title="bbox 2212 3535 3796 3611; baseline -0.003 -17"><span class='ocrx_word' id='word_1_626' title='bbox 2212 3555 2394 3611; x_wconf 90' lang='lat' dir='ltr'><strong><em>quam,</em></strong></span> <span class='ocrx_word' id='word_1_627' title='bbox 2423 3539 2516 3608; x_wconf 88' lang='lat' dir='ltr'><strong><em>qui</em></strong></span> <span class='ocrx_word' id='word_1_628' title='bbox 2544 3537 2856 3604; x_wconf 86' lang='lat' dir='ltr'><strong><em>manserint,</em></strong></span> <span class='ocrx_word' id='word_1_629' title='bbox 2887 3546 3113 3609; x_wconf 83' lang='lat' dir='ltr'><strong><em>pereant</em></strong></span> <span class='ocrx_word' id='word_1_630' title='bbox 3140 3537 3242 3609; x_wconf 81' lang='grc' dir='ltr'><strong><em>(Ιι).</em></strong></span> <span class='ocrx_word' id='word_1_631' title='bbox 3288 3537 3346 3591; x_wconf 84' lang='lat' dir='ltr'><strong><em>In</em></strong></span> <span class='ocrx_word' id='word_1_632' title='bbox 3377 3553 3443 3592; x_wconf 85' lang='lat' dir='ltr'><strong><em>ea</em></strong></span> <span class='ocrx_word' id='word_1_633' title='bbox 3469 3536 3704 3608; x_wconf 84' lang='lat' dir='ltr'><strong><em>quidem,</em></strong></span> <span class='ocrx_word' id='word_1_634' title='bbox 3733 3535 3796 3591; x_wconf 89' lang='lat' dir='ltr'><strong><em>ad</em></strong></span> 
     </span>
    </p>
   </div>
   <div class='ocr_carea' id='block_1_81' title="bbox 2212 3627 3796 3703">
    <p class='ocr_par' dir='ltr' id='par_1_81' title="bbox 2212 3627 3796 3703">
     <span class='ocr_line' id='line_1_81' title="bbox 2212 3627 3796 3703; baseline -0.003 -15"><span class='ocrx_word' id='word_1_635' title='bbox 2212 3647 2373 3703; x_wconf 87' lang='lat' dir='ltr'><strong><em>quam</em></strong></span> <span class='ocrx_word' id='word_1_636' title='bbox 2402 3631 2574 3688; x_wconf 87' lang='lat' dir='ltr'><strong><em>solam</em></strong></span> <span class='ocrx_word' id='word_1_637' title='bbox 2609 3630 2869 3686; x_wconf 87' lang='lat' dir='ltr'><strong><em>Dominus</em></strong></span> <span class='ocrx_word' id='word_1_638' title='bbox 2901 3630 3165 3696; x_wconf 85' lang='lat' dir='ltr'><strong><em>ascendit,</em></strong></span> <span class='ocrx_word' id='word_1_639' title='bbox 3200 3628 3418 3686; x_wconf 85' lang='lat' dir='ltr'><strong><em>Petrum</em></strong></span> <span class='ocrx_word' id='word_1_640' title='bbox 3459 3646 3580 3686; x_wconf 85' lang='lat' dir='ltr'><strong><em>esse</em></strong></span> <span class='ocrx_word' id='word_1_641' title='bbox 3617 3627 3796 3684; x_wconf 80' lang='lat' dir='ltr'><strong><em>ﬁrma-</em></strong></span> 
     </span>
    </p>
   </div>
   <div class='ocr_carea' id='block_1_82' title="bbox 2211 3723 3788 3794">
    <p class='ocr_par' dir='ltr' id='par_1_82' title="bbox 2211 3723 3788 3794">
     <span class='ocr_line' id='line_1_82' title="bbox 2211 3723 3788 3794; baseline -0.003 -12"><span class='ocrx_word' id='word_1_642' title='bbox 2211 3733 2487 3793; x_wconf 87' lang='lat' dir='ltr'><strong><em>mentum;</em></strong></span> <span class='ocrx_word' id='word_1_643' title='bbox 2518 3725 2685 3781; x_wconf 88' lang='lat' dir='ltr'><strong><em>totius</em></strong></span> <span class='ocrx_word' id='word_1_644' title='bbox 2713 3724 2892 3794; x_wconf 85' lang='lat' dir='ltr'><strong><em>operis</em></strong></span> <span class='ocrx_word' id='word_1_645' title='bbox 2917 3723 3208 3778; x_wconf 86' lang='lat' dir='ltr'><strong><em>Christiani</em></strong></span> <span class='ocrx_word' id='word_1_646' title='bbox 3229 3736 3549 3794; x_wconf 78' lang='lat' dir='ltr'><strong><em>compagem</em></strong></span> <span class='ocrx_word' id='word_1_647' title='bbox 3574 3723 3788 3778; x_wconf 84' lang='lat' dir='ltr'><strong><em>molem-</em></strong></span> 
     </span>
    </p>
   </div>
   <div class='ocr_carea' id='block_1_83' title="bbox 2213 3813 3788 3891">
    <p class='ocr_par' dir='ltr' id='par_1_83' title="bbox 2213 3813 3788 3891">
     <span class='ocr_line' id='line_1_83' title="bbox 2213 3813 3788 3891; baseline -0.007 -15"><span class='ocrx_word' id='word_1_648' title='bbox 2213 3836 2318 3891; x_wconf 87' lang='lat' dir='ltr'><strong><em>que</em></strong></span> <span class='ocrx_word' id='word_1_649' title='bbox 2337 3819 2720 3884; x_wconf 88' lang='lat' dir='ltr'><strong><em>sustinentem;</em></strong></span> <span class='ocrx_word' id='word_1_650' title='bbox 2751 3817 3186 3887; x_wconf 76' lang='lat' dir='ltr'><strong><em>gubernatorem,</em></strong></span> <span class='ocrx_word' id='word_1_651' title='bbox 3209 3815 3467 3884; x_wconf 83' lang='lat' dir='ltr'><strong><em>judicem,</em></strong></span> <span class='ocrx_word' id='word_1_652' title='bbox 3489 3813 3788 3884; x_wconf 81' lang='lat' dir='ltr'><strong><em>magistrum</em></strong></span> 
     </span>
    </p>
   </div>
   <div class='ocr_carea' id='block_1_84' title="bbox 2213 3896 3796 3980">
    <p class='ocr_par' dir='ltr' id='par_1_84' title="bbox 2213 3896 3796 3980">
     <span class='ocr_line' id='line_1_84' title="bbox 2213 3896 3796 3980; baseline -0.004 -14"><span class='ocrx_word' id='word_1_653' title='bbox 2213 3911 2466 3968; x_wconf 81' lang='lat' dir='ltr'><strong><em>divinitus</em></strong></span> <span class='ocrx_word' id='word_1_654' title='bbox 2492 3911 2864 3975; x_wconf 86' lang='lat' dir='ltr'><strong><em>constitutum,</em></strong></span> <span class='ocrx_word' id='word_1_655' title='bbox 2893 3896 2979 3964; x_wconf 79' lang='lat' dir='ltr'><strong><em>cui</em></strong></span> <span class='ocrx_word' id='word_1_656' title='bbox 2999 3907 3251 3980; x_wconf 84' lang='lat' dir='ltr'><strong><em>pascendi</em></strong></span> <span class='ocrx_word' id='word_1_657' title='bbox 3271 3909 3451 3978; x_wconf 85' lang='lat' dir='ltr'><strong><em>gregis</em></strong></span> <span class='ocrx_word' id='word_1_658' title='bbox 3478 3907 3577 3962; x_wconf 80' lang='lat' dir='ltr'><strong><em>fuit</em></strong></span> <span class='ocrx_word' id='word_1_659' title='bbox 3597 3924 3628 3962; x_wconf 86' lang='lat' dir='ltr'><strong><em>a</em></strong></span> <span class='ocrx_word' id='word_1_660' title='bbox 3647 3905 3796 3963; x_wconf 80' lang='lat' dir='ltr'><strong><em>Chri-</em></strong></span> 
     </span>
    </p>
   </div>
   <div class='ocr_carea' id='block_1_85' title="bbox 2214 3995 3797 4072">
    <p class='ocr_par' dir='ltr' id='par_1_85' title="bbox 2214 3995 3797 4072">
     <span class='ocr_line' id='line_1_85' title="bbox 2214 3995 3797 4072; baseline -0.005 -14"><span class='ocrx_word' id='word_1_661' title='bbox 2214 4010 2300 4058; x_wconf 87' lang='lat' dir='ltr'><strong><em>sto</em></strong></span> <span class='ocrx_word' id='word_1_662' title='bbox 2327 4001 2465 4057; x_wconf 79' lang='lat' dir='ltr'><strong><em>l‘acta</em></strong></span> <span class='ocrx_word' id='word_1_663' title='bbox 2493 4011 2753 4072; x_wconf 88' lang='lat' dir='ltr'><strong><em>potestas.</em></strong></span> <span class='ocrx_word' id='word_1_664' title='bbox 2785 4000 3011 4056; x_wconf 86' lang='lat' dir='ltr'><strong><em>Desilire</em></strong></span> <span class='ocrx_word' id='word_1_665' title='bbox 3040 3999 3164 4055; x_wconf 89' lang='lat' dir='ltr'><strong><em>inde</em></strong></span> <span class='ocrx_word' id='word_1_666' title='bbox 3193 3998 3274 4054; x_wconf 80' lang='lat' dir='ltr'><strong><em>fas</em></strong></span> <span class='ocrx_word' id='word_1_667' title='bbox 3312 4014 3432 4054; x_wconf 88' lang='lat' dir='ltr'><strong><em>esse</em></strong></span> <span class='ocrx_word' id='word_1_668' title='bbox 3461 3997 3680 4062; x_wconf 88' lang='lat' dir='ltr'><strong><em>nemini,</em></strong></span> <span class='ocrx_word' id='word_1_669' title='bbox 3711 3995 3797 4066; x_wconf 90' lang='lat' dir='ltr'><strong><em>qui</em></strong></span> 
     </span>
    </p>
   </div>
   <div class='ocr_carea' id='block_1_86' title="bbox 2215 4087 3798 4162">
    <p class='ocr_par' dir='ltr' id='par_1_86' title="bbox 2215 4087 3798 4162">
     <span class='ocr_line' id='line_1_86' title="bbox 2215 4087 3798 4162; baseline -0.004 -12"><span class='ocrx_word' id='word_1_670' title='bbox 2215 4095 2394 4150; x_wconf 88' lang='lat' dir='ltr'><strong><em>salvus</em></strong></span> <span class='ocrx_word' id='word_1_671' title='bbox 2437 4102 2598 4162; x_wconf 87' lang='lat' dir='ltr'><strong><em>atque</em></strong></span> <span class='ocrx_word' id='word_1_672' title='bbox 2646 4092 2928 4148; x_wconf 88' lang='lat' dir='ltr'><strong><em>incolumis</em></strong></span> <span class='ocrx_word' id='word_1_673' title='bbox 2966 4106 3084 4146; x_wconf 89' lang='lat' dir='ltr'><strong><em>esse</em></strong></span> <span class='ocrx_word' id='word_1_674' title='bbox 3119 4089 3249 4146; x_wconf 85' lang='lat' dir='ltr'><strong><em>velit</em></strong></span> <span class='ocrx_word' id='word_1_675' title='bbox 3287 4089 3368 4160; x_wconf 68' lang='grc' dir='ltr'><strong>(ί).</strong></span> <span class='ocrx_word' id='word_1_676' title='bbox 3406 4087 3565 4156; x_wconf 82' lang='lat' dir='ltr'><strong><em>Quod</em></strong></span> <span class='ocrx_word' id='word_1_677' title='bbox 3604 4090 3650 4145; x_wconf 86' lang='lat' dir='ltr'><strong><em>si</em></strong></span> <span class='ocrx_word' id='word_1_678' title='bbox 3685 4087 3798 4157; x_wconf 83' lang='lat' dir='ltr'><strong><em>quis</em></strong></span> 
     </span>
    </p>
   </div>
   <div class='ocr_carea' id='block_1_87' title="bbox 2214 4180 3796 4252">
    <p class='ocr_par' dir='ltr' id='par_1_87' title="bbox 2214 4180 3796 4252">
     <span class='ocr_line' id='line_1_87' title="bbox 2214 4180 3796 4252; baseline -0.003 -12"><span class='ocrx_word' id='word_1_679' title='bbox 2214 4187 2353 4242; x_wconf 83' lang='lat' dir='ltr'><strong><em>forte</em></strong></span> <span class='ocrx_word' id='word_1_680' title='bbox 2379 4201 2411 4240; x_wconf 90' lang='lat' dir='ltr'><strong><em>a</em></strong></span> <span class='ocrx_word' id='word_1_681' title='bbox 2438 4183 2597 4240; x_wconf 87' lang='lat' dir='ltr'><strong><em>Petro</em></strong></span> <span class='ocrx_word' id='word_1_682' title='bbox 2617 4183 2900 4248; x_wconf 87' lang='lat' dir='ltr'><strong><em>dissidens,</em></strong></span> <span class='ocrx_word' id='word_1_683' title='bbox 2924 4198 3090 4252; x_wconf 86' lang='lat' dir='ltr'><strong><em>seque</em></strong></span> <span class='ocrx_word' id='word_1_684' title='bbox 3115 4181 3311 4238; x_wconf 87' lang='lat' dir='ltr'><strong><em>Christi</em></strong></span> <span class='ocrx_word' id='word_1_685' title='bbox 3341 4196 3459 4236; x_wconf 85' lang='lat' dir='ltr'><strong><em>esse</em></strong></span> <span class='ocrx_word' id='word_1_686' title='bbox 3485 4180 3796 4251; x_wconf 80' lang='lat' dir='ltr'><strong><em>discipulum</em></strong></span> 
     </span>
    </p>
   </div>
   <div class='ocr_carea' id='block_1_88' title="bbox 2214 4274 3796 4346">
    <p class='ocr_par' dir='ltr' id='par_1_88' title="bbox 2214 4274 3796 4346">
     <span class='ocr_line' id='line_1_88' title="bbox 2214 4274 3796 4346; baseline -0.003 -12"><span class='ocrx_word' id='word_1_687' title='bbox 2214 4279 2489 4344; x_wconf 75' lang='lat' dir='ltr'><strong><em>siinulans,</em></strong></span> <span class='ocrx_word' id='word_1_688' title='bbox 2514 4277 2568 4332; x_wconf 90' lang='lat' dir='ltr'><strong><em>in</em></strong></span> <span class='ocrx_word' id='word_1_689' title='bbox 2593 4277 2769 4333; x_wconf 84' lang='lat' dir='ltr'><strong><em>navim</em></strong></span> <span class='ocrx_word' id='word_1_690' title='bbox 2789 4276 3032 4332; x_wconf 86' lang='lat' dir='ltr'><strong><em>eamdem</em></strong></span> <span class='ocrx_word' id='word_1_691' title='bbox 3056 4275 3349 4346; x_wconf 86' lang='lat' dir='ltr'><strong><em>irrepserit,</em></strong></span> <span class='ocrx_word' id='word_1_692' title='bbox 3373 4290 3500 4330; x_wconf 86' lang='lat' dir='ltr'><strong><em>eum</em></strong></span> <span class='ocrx_word' id='word_1_693' title='bbox 3519 4274 3796 4337; x_wconf 74' lang='lat' dir='ltr'><strong><em>Maximus,</em></strong></span> 
     </span>
    </p>
   </div>
   <div class='ocr_carea' id='block_1_89' title="bbox 2216 4365 3796 4438">
    <p class='ocr_par' dir='ltr' id='par_1_89' title="bbox 2216 4365 3796 4438">
     <span class='ocr_line' id='line_1_89' title="bbox 2216 4365 3796 4438; baseline -0.003 -14"><span class='ocrx_word' id='word_1_694' title='bbox 2216 4385 2285 4426; x_wconf 87' lang='lat' dir='ltr'><strong><em>ne</em></strong></span> <span class='ocrx_word' id='word_1_695' title='bbox 2311 4369 2414 4425; x_wconf 88' lang='lat' dir='ltr'><strong><em>sibi</em></strong></span> <span class='ocrx_word' id='word_1_696' title='bbox 2441 4369 2763 4433; x_wconf 85' lang='lat' dir='ltr'><strong><em>blandiatur,</em></strong></span> <span class='ocrx_word' id='word_1_697' title='bbox 2796 4370 2998 4424; x_wconf 73' lang='lat' dir='ltr'><strong><em>monet.</em></strong></span> <span class='ocrx_word' id='word_1_698' title='bbox 3027 4366 3175 4423; x_wconf 75' lang='lat' dir='ltr'><strong><em>Judze</em></strong></span> <span class='ocrx_word' id='word_1_699' title='bbox 3205 4367 3378 4438; x_wconf 88' lang='lat' dir='ltr'><strong><em>ipsum</em></strong></span> <span class='ocrx_word' id='word_1_700' title='bbox 3407 4365 3524 4422; x_wconf 81' lang='lat' dir='ltr'><strong><em>fore</em></strong></span> <span class='ocrx_word' id='word_1_701' title='bbox 3551 4365 3796 4427; x_wconf 83' lang='lat' dir='ltr'><strong><em>similem,</em></strong></span> 
     </span>
    </p>
   </div>
   <div class='ocr_carea' id='block_1_90' title="bbox 523 4449 3797 4531">
    <p class='ocr_par' dir='ltr' id='par_1_90' title="bbox 523 4449 3797 4531">
     <span class='ocr_line' id='line_1_90' title="bbox 523 4449 3797 4531; baseline 0.001 -25"><span class='ocrx_word' id='word_1_702' title='bbox 523 4449 792 4516; x_wconf 82' lang='lat' dir='ltr'><strong><em>Quomodo</em></strong></span> <span class='ocrx_word' id='word_1_703' title='bbox 819 4452 872 4506; x_wconf 92' lang='lat' dir='ltr'><strong><em>in</em></strong></span> <span class='ocrx_word' id='word_1_704' title='bbox 898 4450 1079 4520; x_wconf 80' lang='lat' dir='ltr'><strong><em>Palre,</em></strong></span> <span class='ocrx_word' id='word_1_705' title='bbox 1111 4451 1350 4526; x_wconf 87' lang='lat' dir='ltr'><strong><em>Filioque</em></strong></span> <span class='ocrx_word' id='word_1_706' title='bbox 1376 4456 1489 4527; x_wconf 88' lang='lat' dir='ltr'><strong><em>ejus</em></strong></span> <span class='ocrx_word' id='word_1_707' title='bbox 1517 4473 1649 4512; x_wconf 87' lang='lat' dir='ltr'><strong><em>unus</em></strong></span> <span class='ocrx_word' id='word_1_708' title='bbox 1672 4475 1784 4512; x_wconf 89' lang='lat' dir='ltr'><strong><em>esse</em></strong></span> <span class='ocrx_word' id='word_1_709' title='bbox 1809 4467 2032 4531; x_wconf 88' lang='lat' dir='ltr'><strong><em>poterat,</em></strong></span> <span class='ocrx_word' id='word_1_710' title='bbox 2058 4469 2108 4514; x_wconf 90' lang='lat' dir='ltr'><strong><em>et</em></strong></span> <span class='ocrx_word' id='word_1_711' title='bbox 2137 4450 2187 4513; x_wconf 84' lang='grc' dir='ltr'><strong><em>Ι)</em></strong></span> <span class='ocrx_word' id='word_1_712' title='bbox 2211 4461 2364 4530; x_wconf 84' lang='lat' dir='ltr'><strong><em>cujus</em></strong></span> <span class='ocrx_word' id='word_1_713' title='bbox 2395 4459 2616 4530; x_wconf 81' lang='lat' dir='ltr'><strong><em>perﬁdia</em></strong></span> <span class='ocrx_word' id='word_1_714' title='bbox 2654 4456 2981 4514; x_wconf 75' lang='lat' dir='ltr'><strong><em>contuibetur</em></strong></span> <span class='ocrx_word' id='word_1_715' title='bbox 3002 4458 3261 4523; x_wconf 86' lang='lat' dir='ltr'><strong><em>navicula,</em></strong></span> <span class='ocrx_word' id='word_1_716' title='bbox 3281 4473 3437 4528; x_wconf 88' lang='lat' dir='ltr'><strong><em>quam</em></strong></span> <span class='ocrx_word' id='word_1_717' title='bbox 3465 4457 3655 4530; x_wconf 77' lang='lat' dir='ltr'><strong><em>{undat</em></strong></span> <span class='ocrx_word' id='word_1_718' title='bbox 3671 4472 3797 4526; x_wconf 85' lang='lat' dir='ltr'><strong><em>apo—</em></strong></span> 
     </span>
    </p>
   </div>
   <div class='ocr_carea' id='block_1_91' title="bbox 553 4620 1756 4768">
    <p class='ocr_par' dir='ltr' id='par_1_91' title="bbox 553 4620 1756 4768">
     <span class='ocr_line' id='line_1_91' title="bbox 553 4620 1756 4768; baseline -0.003 -76"><span class='ocrx_word' id='word_1_719' title='bbox 553 4688 570 4698; x_wconf 76' lang='grc'><strong><em>,,</em></strong></span> <span class='ocrx_word' id='word_1_720' title='bbox 595 4631 673 4768; x_wconf 39' lang='lat' dir='ltr'><strong><em>go?</em></strong></span> <span class='ocrx_word' id='word_1_721' title='bbox 710 4629 842 4712; x_wconf 77' lang='lat' dir='ltr'><strong><em>Vide</em></strong></span> <span class='ocrx_word' id='word_1_722' title='bbox 868 4629 1099 4701; x_wconf 73' lang='lat' dir='ltr'><strong><em>pnefat.,</em></strong></span> <span class='ocrx_word' id='word_1_723' title='bbox 1132 4647 1280 4686; x_wconf 81' lang='lat' dir='ltr'><strong><em>num.</em></strong></span> <span class='ocrx_word' id='word_1_724' title='bbox 1308 4620 1364 4696; x_wconf 72' lang='grc'><strong><em>2,</em></strong></span> <span class='ocrx_word' id='word_1_725' title='bbox 1393 4646 1519 4704; x_wconf 89' lang='lat' dir='ltr'><strong><em>pag.</em></strong></span> <span class='ocrx_word' id='word_1_726' title='bbox 1543 4629 1614 4689; x_wconf 76' lang='lat'><strong><em>59</em></strong></span> <span class='ocrx_word' id='word_1_727' title='bbox 1639 4647 1756 4704; x_wconf 84' lang='lat' dir='ltr'><strong><em>seq.</em></strong></span> 
     </span>
     <span class='ocr_line' id='line_1_92' title="bbox 617 4699 1382 4768; baseline 0.003 -14"><span class='ocrx_word' id='word_1_728' title='bbox 617 4701 646 4754; x_wconf 87' lang='lat' dir='ltr'><strong><em>b</em></strong></span> <span class='ocrx_word' id='word_1_729' title='bbox 698 4699 853 4766; x_wconf 81' lang='lat' dir='ltr'><strong><em>lbid.,</em></strong></span> <span class='ocrx_word' id='word_1_730' title='bbox 884 4713 1029 4756; x_wconf 88' lang='lat' dir='ltr'><strong><em>num.</em></strong></span> <span class='ocrx_word' id='word_1_731' title='bbox 1061 4701 1115 4768; x_wconf 84' lang='lat'><strong><em>7,</em></strong></span> <span class='ocrx_word' id='word_1_732' title='bbox 1142 4716 1262 4768; x_wconf 85' lang='lat' dir='ltr'><strong><em>pag.</em></strong></span> <span class='ocrx_word' id='word_1_733' title='bbox 1296 4699 1382 4756; x_wconf 78' lang='lat'><strong><em>5&#39;5.</em></strong></span> 
     </span>
    </p>
   </div>
   <div class='ocr_carea' id='block_1_92' title="bbox 617 4699 1440 4892">
    <p class='ocr_par' dir='ltr' id='par_1_92' title="bbox 617 4699 1440 4892">
     <span class='ocr_line' id='line_1_93' title="bbox 617 4699 1413 4772; baseline 0.003 -18"><span class='ocrx_word' id='word_1_734' title='bbox 617 4699 668 4768; x_wconf 87' lang='lat' dir='ltr'><strong><em>b)</em></strong></span> <span class='ocrx_word' id='word_1_735' title='bbox 698 4699 1029 4766; x_wconf 37' lang='lat' dir='ltr'><strong><em>Ibid.,—num.</em></strong></span> <span class='ocrx_word' id='word_1_736' title='bbox 1061 4701 1094 4756; x_wconf 84' lang='lat'>7</span> <span class='ocrx_word' id='word_1_737' title='bbox 1142 4716 1262 4772; x_wconf 85' lang='lat' dir='ltr'><strong><em>pag.</em></strong></span> <span class='ocrx_word' id='word_1_738' title='bbox 1296 4699 1413 4756; x_wconf 51' lang='lat' dir='ltr'><strong><em>55f</em></strong></span> 
     </span>
     <span class='ocr_line' id='line_1_94' title="bbox 619 4742 1440 4892; baseline 0 0"><span class='ocrx_word' id='word_1_739' title='bbox 619 4767 858 4892; x_wconf 62' lang='lat' dir='ltr'><strong><em>aut:</em></strong></span> <span class='ocrx_word' id='word_1_740' title='bbox 876 4784 1033 4892; x_wconf 60' lang='lat' dir='ltr'><strong><em>Titii:</em></strong></span> <span class='ocrx_word' id='word_1_741' title='bbox 1053 4742 1291 4892; x_wconf 55' lang='lat' dir='ltr'><strong><em>ius</em></strong></span> <span class='ocrx_word' id='word_1_742' title='bbox 1319 4773 1440 4892; x_wconf 65' lang='lat'><strong><em>1.2::</em></strong></span> 
     </span>
    </p>
   </div>
   <div class='ocr_carea' id='block_1_93' title="bbox 659 4835 1717 4916">
    <p class='ocr_par' dir='ltr' id='par_1_93' title="bbox 659 4835 1717 4916">
     <span class='ocr_line' id='line_1_95' title="bbox 659 4835 1717 4916; baseline 0.007 -25"><span class='ocrx_word' id='word_1_743' title='bbox 659 4841 676 4916; x_wconf 83' lang='grc'><strong>)</strong></span> <span class='ocrx_word' id='word_1_744' title='bbox 701 4835 1033 4916; x_wconf 27' lang='lat' dir='ltr'><strong><em>lpida-num.</em></strong></span> <span class='ocrx_word' id='word_1_745' title='bbox 1062 4837 1098 4892; x_wconf 76' lang='grc'><strong>5</strong></span> <span class='ocrx_word' id='word_1_746' title='bbox 1116 4835 1301 4916; x_wconf 61' lang='lat' dir='ltr'><strong><em>seng</em></strong></span> <span class='ocrx_word' id='word_1_747' title='bbox 1322 4857 1446 4912; x_wconf 88' lang='lat' dir='ltr'><strong><em>pag.</em></strong></span> <span class='ocrx_word' id='word_1_748' title='bbox 1477 4843 1546 4898; x_wconf 66' lang='lat'><strong><em>40</em></strong></span> <span class='ocrx_word' id='word_1_749' title='bbox 1567 4861 1717 4916; x_wconf 88' lang='lat' dir='ltr'><strong><em>seqq.</em></strong></span> 
     </span>
    </p>
   </div>
   <div class='ocr_carea' id='block_1_94' title="bbox 621 4857 2134 4988">
    <p class='ocr_par' dir='ltr' id='par_1_94' title="bbox 621 4857 2134 4988">
     <span class='ocr_line' id='line_1_96' title="bbox 621 4857 2134 4988; baseline 0.001 -26"><span class='ocrx_word' id='word_1_750' title='bbox 621 4857 676 4988; x_wconf 55' lang='grc' dir='ltr'><strong><em>ἒξ</em></strong></span> <span class='ocrx_word' id='word_1_751' title='bbox 693 4857 1446 4988; x_wconf 42' lang='grc' dir='ltr'><strong><em>ξ’ὲῗις,ᾕῖ¹¹ἂξέ,’ρέἓᾝά.¹ῗ⁸’</em></strong></span> <span class='ocrx_word' id='word_1_752' title='bbox 1477 4857 1717 4988; x_wconf 20' lang='grc' dir='ltr'><strong><em>⁴⁰Α⁸⁸ί¹ίν</em></strong></span> <span class='ocrx_word' id='word_1_753' title='bbox 1793 4986 1802 4988; x_wconf 83' lang='lat'><strong><em>_</em></strong></span> <span class='ocrx_word' id='word_1_754' title='bbox 1882 4983 1891 4988; x_wconf 92' lang='lat'><strong><em>_</em></strong></span> <span class='ocrx_word' id='word_1_755' title='bbox 2094 4973 2134 4988; x_wconf 15' lang='grc' dir='ltr'><strong><em>ί,</em></strong></span> 
     </span>
    </p>
   </div>
   <div class='ocr_carea' id='block_1_95' title="bbox 621 4973 2105 5060">
    <p class='ocr_par' dir='ltr' id='par_1_95' title="bbox 621 4973 2105 5060">
     <span class='ocr_line' id='line_1_97' title="bbox 621 4973 2105 5060; baseline 0.007 -29"><span class='ocrx_word' id='word_1_756' title='bbox 621 4973 664 5050; x_wconf 76' lang='lat' dir='ltr'><strong><em>f)</em></strong></span> <span class='ocrx_word' id='word_1_757' title='bbox 693 4973 922 5060; x_wconf 71' lang='lat' dir='ltr'><strong><em>ﬂamilia</em></strong></span> <span class='ocrx_word' id='word_1_758' title='bbox 951 4979 1004 5041; x_wconf 81' lang='lat'><strong><em>9,</em></strong></span> <span class='ocrx_word' id='word_1_759' title='bbox 1037 4973 1159 5060; x_wconf 62' lang='lat' dir='ltr'><strong><em>pag.</em></strong></span> <span class='ocrx_word' id='word_1_760' title='bbox 1191 4977 1259 5033; x_wconf 70' lang='lat'><strong>26</strong></span> <span class='ocrx_word' id='word_1_761' title='bbox 1293 4999 1304 5033; x_wconf 89' lang='lat'><strong>:</strong></span> <span class='ocrx_word' id='word_1_762' title='bbox 1339 4975 1505 5052; x_wconf 82' lang='lat' dir='ltr'><strong><em>Ergo,</em></strong></span> <span class='ocrx_word' id='word_1_763' title='bbox 1537 4984 1750 5054; x_wconf 83' lang='lat' dir='ltr'><strong><em>fratres,</em></strong></span> <span class='ocrx_word' id='word_1_764' title='bbox 1785 4983 2105 5041; x_wconf 88' lang='lat' dir='ltr'><strong><em>ineluctabili</em></strong></span> 
     </span>
    </p>
   </div>
   <div class='ocr_carea' id='block_1_96' title="bbox 524 5047 2101 5122">
    <p class='ocr_par' dir='ltr' id='par_1_96' title="bbox 524 5047 2101 5122">
     <span class='ocr_line' id='line_1_98' title="bbox 524 5047 2101 5122; baseline 0.008 -23"><span class='ocrx_word' id='word_1_765' title='bbox 524 5047 630 5122; x_wconf 57' lang='lat' dir='ltr'><strong><em>ﬁdi</em></strong></span> <span class='ocrx_word' id='word_1_766' title='bbox 646 5047 726 5122; x_wconf 72' lang='lat' dir='ltr'><strong><em>ac</em></strong></span> <span class='ocrx_word' id='word_1_767' title='bbox 744 5047 1010 5102; x_wconf 86' lang='lat' dir='ltr'><strong><em>devotione</em></strong></span> <span class='ocrx_word' id='word_1_768' title='bbox 1027 5047 1216 5122; x_wconf 67' lang='lat' dir='ltr'><strong><em>solita,</em></strong></span> <span class='ocrx_word' id='word_1_769' title='bbox 1241 5047 1561 5122; x_wconf 62' lang='lat' dir='ltr'><strong><em>sicsnﬁorIs</em></strong></span> <span class='ocrx_word' id='word_1_770' title='bbox 1584 5069 1688 5108; x_wconf 79' lang='lat' dir='ltr'><strong><em>&#39;ror</em></strong></span> <span class='ocrx_word' id='word_1_771' title='bbox 1715 5047 1921 5109; x_wconf 67' lang='lat' dir='ltr'><strong><em>enisum</em></strong></span> <span class='ocrx_word' id='word_1_772' title='bbox 1947 5072 2101 5112; x_wconf 78' lang='lat' dir='ltr'><strong><em>uom-</em></strong></span> 
     </span>
    </p>
   </div>
   <div class='ocr_carea' id='block_1_97' title="bbox 2277 4623 3798 4704">
    <p class='ocr_par' dir='ltr' id='par_1_97' title="bbox 2277 4623 3798 4704">
     <span class='ocr_line' id='line_1_99' title="bbox 2277 4623 3798 4704; baseline -0.003 -18"><span class='ocrx_word' id='word_1_773' title='bbox 2277 4633 2320 4686; x_wconf 88' lang='lat' dir='ltr'><strong><em>it</em></strong></span> <span class='ocrx_word' id='word_1_774' title='bbox 2344 4631 2554 4704; x_wconf 82' lang='lat' dir='ltr'><strong><em>proprio</em></strong></span> <span class='ocrx_word' id='word_1_775' title='bbox 2571 4629 3180 4704; x_wconf 44' lang='lat' dir='ltr'><strong><em>judigiogandemnatus.</em></strong></span> <span class='ocrx_word' id='word_1_776' title='bbox 3213 4623 3337 4698; x_wconf 86' lang='lat' dir='ltr'><strong><em>Ipse</em></strong></span> <span class='ocrx_word' id='word_1_777' title='bbox 3348 4630 3491 4704; x_wconf 68' lang='lat' dir='ltr'><strong><em>enim</em></strong></span> <span class='ocrx_word' id='word_1_778' title='bbox 3511 4647 3568 4685; x_wconf 86' lang='lat' dir='ltr'><strong><em>se</em></strong></span> <span class='ocrx_word' id='word_1_779' title='bbox 3588 4629 3798 4704; x_wconf 67' lang='lat' dir='ltr'><strong><em>damnat</em></strong></span> 
     </span>
    </p>
   </div>
   <div class='ocr_carea' id='block_1_98' title="bbox 2245 4689 3796 4770">
    <p class='ocr_par' dir='ltr' id='par_1_98' title="bbox 2245 4689 3796 4770">
     <span class='ocr_line' id='line_1_100' title="bbox 2245 4689 3796 4770; baseline -0.003 -12"><span class='ocrx_word' id='word_1_780' title='bbox 2245 4689 2502 4768; x_wconf 62' lang='lat' dir='ltr'><strong><em>(craticiis,</em></strong></span> <span class='ocrx_word' id='word_1_781' title='bbox 2532 4689 2646 4755; x_wconf 73' lang='lat' dir='ltr'><strong><em>cum</em></strong></span> <span class='ocrx_word' id='word_1_782' title='bbox 2674 4697 2738 4753; x_wconf 88' lang='lat' dir='ltr'><strong><em>de</em></strong></span> <span class='ocrx_word' id='word_1_783' title='bbox 2761 4689 2992 4756; x_wconf 75' lang='lat' dir='ltr'><strong><em>Ecclesia</em></strong></span> <span class='ocrx_word' id='word_1_784' title='bbox 3017 4700 3126 4770; x_wconf 84' lang='lat' dir='ltr'><strong><em>ipse</em></strong></span> <span class='ocrx_word' id='word_1_785' title='bbox 3150 4712 3206 4754; x_wconf 84' lang='lat' dir='ltr'><strong><em>se</em></strong></span> <span class='ocrx_word' id='word_1_786' title='bbox 3241 4689 3472 4770; x_wconf 71' lang='lat' dir='ltr'><strong><em>projicit,</em></strong></span> <span class='ocrx_word' id='word_1_787' title='bbox 3502 4709 3561 4770; x_wconf 69' lang='lat' dir='ltr'><strong><em>et</em></strong></span> <span class='ocrx_word' id='word_1_788' title='bbox 3599 4718 3634 4756; x_wconf 84' lang='grc' dir='ltr'><em>α</em></span> <span class='ocrx_word' id='word_1_789' title='bbox 3672 4694 3796 4756; x_wconf 65' lang='grc' dir='ltr'><strong><em>σάω</em></strong></span> 
     </span>
    </p>
   </div>
   <div class='ocr_carea' id='block_1_99' title="bbox 2209 4769 3799 4842">
    <p class='ocr_par' dir='ltr' id='par_1_99' title="bbox 2209 4769 3799 4842">
     <span class='ocr_line' id='line_1_101' title="bbox 2209 4769 3799 4842; baseline -0.001 -15"><span class='ocrx_word' id='word_1_790' title='bbox 2209 4783 2537 4839; x_wconf 86' lang='lat' dir='ltr'><strong><em>sanctorum,</em></strong></span> <span class='ocrx_word' id='word_1_791' title='bbox 2579 4769 2722 4826; x_wconf 87' lang='lat' dir='ltr'><strong><em>nullo</em></strong></span> <span class='ocrx_word' id='word_1_792' title='bbox 2773 4769 3140 4842; x_wconf 68' lang='lat' dir='ltr'><strong><em>compellatae,</em></strong></span> <span class='ocrx_word' id='word_1_793' title='bbox 3179 4769 3432 4842; x_wconf 84' lang='lat' dir='ltr'><strong><em>procedit.</em></strong></span> <span class='ocrx_word' id='word_1_794' title='bbox 3491 4769 3616 4842; x_wconf 80' lang='lat' dir='ltr'><strong><em>Ipse</em></strong></span> <span class='ocrx_word' id='word_1_795' title='bbox 3665 4774 3799 4826; x_wconf 70' lang='lat' dir='ltr'><strong><em>enim</em></strong></span> 
     </span>
    </p>
   </div>
   <div class='ocr_carea' id='block_1_100' title="bbox 2208 4841 3797 4916">
    <p class='ocr_par' dir='ltr' id='par_1_100' title="bbox 2208 4841 3797 4916">
     <span class='ocr_line' id='line_1_102' title="bbox 2208 4841 3797 4916; baseline -0.003 -17"><span class='ocrx_word' id='word_1_796' title='bbox 2208 4843 2452 4908; x_wconf 84' lang='lat' dir='ltr'><strong><em>ostendit,</em></strong></span> <span class='ocrx_word' id='word_1_797' title='bbox 2482 4842 2888 4916; x_wconf 72' lang='lat' dir='ltr'><strong><em>quidmereatur</em></strong></span> <span class='ocrx_word' id='word_1_798' title='bbox 2907 4859 2939 4916; x_wconf 84' lang='lat' dir='ltr'><strong><em>a</em></strong></span> <span class='ocrx_word' id='word_1_799' title='bbox 2965 4842 3182 4906; x_wconf 88' lang='lat' dir='ltr'><strong><em>cunctis,</em></strong></span> <span class='ocrx_word' id='word_1_800' title='bbox 3206 4841 3291 4916; x_wconf 81' lang='lat' dir='ltr'><strong><em>qui</em></strong></span> <span class='ocrx_word' id='word_1_801' title='bbox 3315 4857 3407 4894; x_wconf 88' lang='lat' dir='ltr'><strong><em>suo</em></strong></span> <span class='ocrx_word' id='word_1_802' title='bbox 3425 4841 3630 4916; x_wconf 78' lang='lat' dir='ltr'><strong><em>judicio</em></strong></span> <span class='ocrx_word' id='word_1_803' title='bbox 3651 4858 3797 4916; x_wconf 77' lang='lat' dir='ltr'><strong><em>sepa-</em></strong></span> 
     </span>
    </p>
   </div>
   <div class='ocr_carea' id='block_1_101' title="bbox 2206 4907 3794 4996">
    <p class='ocr_par' dir='ltr' id='par_1_101' title="bbox 2206 4907 3794 4996">
     <span class='ocr_line' id='line_1_103' title="bbox 2206 4907 3794 4996; baseline -0.003 -28"><span class='ocrx_word' id='word_1_804' title='bbox 2206 4924 2354 4996; x_wconf 77' lang='lat' dir='ltr'><strong><em>ratur</em></strong></span> <span class='ocrx_word' id='word_1_805' title='bbox 2388 4907 2674 4968; x_wconf 10' lang='lat' dir='ltr'><strong><em>arcunctis.</em></strong></span> <span class='ocrx_word' id='word_1_806' title='bbox 2725 4907 2866 4995; x_wconf 69' lang='lat' dir='ltr'><strong><em>Ipse,</em></strong></span> <span class='ocrx_word' id='word_1_807' title='bbox 2902 4913 3132 4996; x_wconf 69' lang='lat' dir='ltr'><strong><em>inquam,</em></strong></span> <span class='ocrx_word' id='word_1_808' title='bbox 3167 4907 3230 4965; x_wconf 52' lang='lat' dir='ltr'><strong><em>se&#39;</em></strong></span> <span class='ocrx_word' id='word_1_809' title='bbox 3256 4907 3470 4996; x_wconf 65' lang='lat' dir='ltr'><strong><em>damnat</em></strong></span> <span class='ocrx_word' id='word_1_810' title='bbox 3500 4907 3794 4996; x_wconf 60' lang='lat' dir='ltr'><strong><em>hereticus,</em></strong></span> 
     </span>
    </p>
   </div>
   <div class='ocr_carea' id='block_1_102' title="bbox 2207 4981 3794 5056">
    <p class='ocr_par' dir='ltr' id='par_1_102' title="bbox 2207 4981 3794 5056">
     <span class='ocr_line' id='line_1_104' title="bbox 2207 4981 3794 5056; baseline -0.003 -17"><span class='ocrx_word' id='word_1_811' title='bbox 2207 4981 2328 5056; x_wconf 85' lang='lat' dir='ltr'><strong><em>quia</em></strong></span> <span class='ocrx_word' id='word_1_812' title='bbox 2362 5001 2478 5056; x_wconf 73' lang='lat' dir='ltr'><strong><em>cum</em></strong></span> <span class='ocrx_word' id='word_1_813' title='bbox 2504 4999 2681 5037; x_wconf 87' lang='lat' dir='ltr'><strong><em>omnes</em></strong></span> <span class='ocrx_word' id='word_1_814' title='bbox 2720 4981 3006 5056; x_wconf 69' lang='lat' dir='ltr'><strong><em>criminasi,</em></strong></span> <span class='ocrx_word' id='word_1_815' title='bbox 3049 4981 3275 5056; x_wconf 71' lang='lat' dir='ltr'><strong><em>episcopi</em></strong></span> <span class='ocrx_word' id='word_1_816' title='bbox 3312 4981 3590 5056; x_wconf 77' lang='lat' dir='ltr'><strong><em>sententia,</em></strong></span> <span class='ocrx_word' id='word_1_817' title='bbox 3629 4983 3794 5052; x_wconf 80' lang='lat' dir='ltr'><strong><em>proji-</em></strong></span> 
     </span>
    </p>
   </div>
   <div class='ocr_carea' id='block_1_103' title="bbox 2207 5049 3798 5122">
    <p class='ocr_par' dir='ltr' id='par_1_103' title="bbox 2207 5049 3798 5122">
     <span class='ocr_line' id='line_1_105' title="bbox 2207 5049 3798 5122; baseline -0.001 -14"><span class='ocrx_word' id='word_1_818' title='bbox 2207 5049 2413 5109; x_wconf 77' lang='lat' dir='ltr'><strong><em>ciantur</em></strong></span> <span class='ocrx_word' id='word_1_819' title='bbox 2439 5053 2504 5109; x_wconf 89' lang='lat' dir='ltr'><strong><em>de</em></strong></span> <span class='ocrx_word' id='word_1_820' title='bbox 2527 5051 2786 5107; x_wconf 86' lang='lat' dir='ltr'><strong><em>consortio</em></strong></span> <span class='ocrx_word' id='word_1_821' title='bbox 2814 5049 3129 5118; x_wconf 81' lang='lat' dir='ltr'><strong><em>Christiano,</em></strong></span> <span class='ocrx_word' id='word_1_822' title='bbox 3159 5049 3430 5122; x_wconf 73' lang='lat' dir='ltr'><strong><em>hiereticus</em></strong></span> <span class='ocrx_word' id='word_1_823' title='bbox 3455 5049 3645 5122; x_wconf 55' lang='lat' dir='ltr'><strong><em>cuncta</em></strong></span> <span class='ocrx_word' id='word_1_824' title='bbox 3663 5049 3798 5122; x_wconf 74' lang='lat' dir='ltr'><strong><em>prie-</em></strong></span> 
     </span>
    </p>
   </div>
   <div class='ocr_carea' id='block_1_104' title="bbox 527 5114 3790 5194">
    <p class='ocr_par' dir='ltr' id='par_1_104' title="bbox 527 5114 3790 5194">
     <span class='ocr_line' id='line_1_106' title="bbox 527 5114 3790 5194; baseline -0.001 -18"><span class='ocrx_word' id='word_1_825' title='bbox 527 5114 610 5190; x_wconf 53' lang='lat' dir='ltr'><strong><em>‘rts</em></strong></span> <span class='ocrx_word' id='word_1_826' title='bbox 641 5117 974 5194; x_wconf 63' lang='lat' dir='ltr'><strong><em>inhaerentes,</em></strong></span> <span class='ocrx_word' id='word_1_827' title='bbox 1004 5119 1096 5194; x_wconf 71' lang='lat' dir='ltr'><strong><em>per</em></strong></span> <span class='ocrx_word' id='word_1_828' title='bbox 1124 5114 1347 5190; x_wconf 80' lang='lat' dir='ltr'><strong><em>religiosi</em></strong></span> <span class='ocrx_word' id='word_1_829' title='bbox 1375 5122 1590 5194; x_wconf 62' lang='lat' dir='ltr'><strong><em>itineris</em></strong></span> <span class='ocrx_word' id='word_1_830' title='bbox 1617 5123 1746 5187; x_wconf 89' lang='lat' dir='ltr'><strong><em>vias,</em></strong></span> <span class='ocrx_word' id='word_1_831' title='bbox 1780 5141 1847 5194; x_wconf 83' lang='lat' dir='ltr'><strong><em>ac</em></strong></span> <span class='ocrx_word' id='word_1_832' title='bbox 1875 5127 2105 5181; x_wconf 84' lang='lat' dir='ltr'><strong><em>veritatis</em></strong></span> <span class='ocrx_word' id='word_1_833' title='bbox 2203 5127 2433 5194; x_wconf 88' lang='lat' dir='ltr'><strong><em>veniens,</em></strong></span> <span class='ocrx_word' id='word_1_834' title='bbox 2463 5123 2714 5179; x_wconf 87' lang='lat' dir='ltr'><strong><em>sententia</em></strong></span> <span class='ocrx_word' id='word_1_835' title='bbox 2751 5114 3176 5194; x_wconf 13' lang='lat' dir='ltr'><strong><em>suceivoluntat&#39;is</em></strong></span> <span class='ocrx_word' id='word_1_836' title='bbox 3206 5121 3468 5194; x_wconf 88' lang='lat' dir='ltr'><strong><em>abjicitur.</em></strong></span> <span class='ocrx_word' id='word_1_837' title='bbox 3507 5119 3624 5194; x_wconf 81' lang='lat' dir='ltr'><strong><em>Tali</em></strong></span> <span class='ocrx_word' id='word_1_838' title='bbox 3663 5114 3790 5194; x_wconf 71' lang='lat' dir='ltr'><strong><em>ergo</em></strong></span> 
     </span>
    </p>
   </div>
   <div class='ocr_carea' id='block_1_105' title="bbox 525 5185 2108 5275">
    <p class='ocr_par' dir='ltr' id='par_1_105' title="bbox 525 5185 2108 5275">
     <span class='ocr_line' id='line_1_107' title="bbox 525 5185 2108 5275; baseline 0.002 -29"><span class='ocrx_word' id='word_1_839' title='bbox 525 5185 772 5275; x_wconf 42' lang='lat' dir='ltr'><strong><em>semitam.</em></strong></span> <span class='ocrx_word' id='word_1_840' title='bbox 787 5205 916 5262; x_wconf 87' lang='lat' dir='ltr'><strong><em>quas</em></strong></span> <span class='ocrx_word' id='word_1_841' title='bbox 941 5185 1179 5275; x_wconf 66' lang='lat' dir='ltr'><strong><em>pniversa</em></strong></span> <span class='ocrx_word' id='word_1_842' title='bbox 1207 5185 1624 5275; x_wconf 50' lang='lat' dir='ltr'><strong><em>tenetlEcclesia,</em></strong></span> <span class='ocrx_word' id='word_1_843' title='bbox 1637 5185 2108 5275; x_wconf 32' lang='lat' dir='ltr'><strong><em>gradientestma-</em></strong></span> 
     </span>
    </p>
   </div>
   <div class='ocr_carea' id='block_1_106' title="bbox 525 5259 2108 5334">
    <p class='ocr_par' dir='ltr' id='par_1_106' title="bbox 525 5259 2108 5334">
     <span class='ocr_line' id='line_1_108' title="bbox 525 5259 2108 5334; baseline 0.001 -16"><span class='ocrx_word' id='word_1_844' title='bbox 525 5263 608 5334; x_wconf 84' lang='lat' dir='ltr'><strong><em>gis</em></strong></span> <span class='ocrx_word' id='word_1_845' title='bbox 635 5259 897 5333; x_wconf 81' lang='lat' dir='ltr'><strong><em>magisque</em></strong></span> <span class='ocrx_word' id='word_1_846' title='bbox 932 5259 1284 5316; x_wconf 76' lang='lat' dir='ltr'><strong><em>hareticorum</em></strong></span> <span class='ocrx_word' id='word_1_847' title='bbox 1325 5261 1491 5330; x_wconf 83' lang='lat' dir='ltr'><strong><em>devia,</em></strong></span> <span class='ocrx_word' id='word_1_848' title='bbox 1530 5271 1580 5317; x_wconf 88' lang='lat' dir='ltr'><strong><em>et</em></strong></span> <span class='ocrx_word' id='word_1_849' title='bbox 1613 5259 1872 5318; x_wconf 81' lang='lat' dir='ltr'><strong><em>diabolica</em></strong></span> <span class='ocrx_word' id='word_1_850' title='bbox 1910 5259 2108 5320; x_wconf 86' lang='lat' dir='ltr'><strong><em>calcate</em></strong></span> 
     </span>
    </p>
   </div>
   <div class='ocr_carea' id='block_1_107' title="bbox 685 5339 796 5387">
    <p class='ocr_par' dir='ltr' id='par_1_107' title="bbox 685 5339 796 5387">
     <span class='ocr_line' id='line_1_109' title="bbox 685 5339 796 5387; baseline 0.009 -3"><span class='ocrx_word' id='word_1_851' title='bbox 685 5339 796 5387; x_wconf 89' lang='lat' dir='ltr'><strong><em>nta.</em></strong></span> 
     </span>
    </p>
   </div>
   <div class='ocr_carea' id='block_1_108' title="bbox 523 5334 2108 5485">
    <p class='ocr_par' dir='ltr' id='par_1_108' title="bbox 523 5334 2108 5485">
     <span class='ocr_line' id='line_1_110' title="bbox 523 5334 2108 5485; baseline 0.003 -29"><span class='ocrx_word' id='word_1_852' title='bbox 523 5334 905 5485; x_wconf 41' lang='grc' dir='ltr'><strong><em>ξᾞῖηὶῗζηιίξ.</em></strong></span> <span class='ocrx_word' id='word_1_853' title='bbox 942 5399 1032 5485; x_wconf 67' lang='grc'><strong><em>47,</em></strong></span> <span class='ocrx_word' id='word_1_854' title='bbox 1060 5395 1329 5485; x_wconf 25' lang='lat' dir='ltr'><strong><em>pagum}</em></strong></span> <span class='ocrx_word' id='word_1_855' title='bbox 1353 5422 1372 5485; x_wconf 60' lang='grc' dir='ltr'>ξ</span> <span class='ocrx_word' id='word_1_856' title='bbox 1410 5399 1526 5458; x_wconf 89' lang='lat' dir='ltr'><strong><em>Hoc</em></strong></span> <span class='ocrx_word' id='word_1_857' title='bbox 1553 5403 1803 5485; x_wconf 79' lang='lat' dir='ltr'><strong><em>sacrilegi</em></strong></span> <span class='ocrx_word' id='word_1_858' title='bbox 1833 5404 1962 5485; x_wconf 70' lang='lat' dir='ltr'><strong><em>solet</em></strong></span> <span class='ocrx_word' id='word_1_859' title='bbox 1999 5423 2108 5485; x_wconf 75' lang='lat' dir='ltr'><strong><em>esse</em></strong></span> 
     </span>
    </p>
   </div>
   <div class='ocr_carea' id='block_1_109' title="bbox 519 5469 2109 5544">
    <p class='ocr_par' dir='ltr' id='par_1_109' title="bbox 519 5469 2109 5544">
     <span class='ocr_line' id='line_1_111' title="bbox 519 5469 2109 5544; baseline 0.001 -16"><span class='ocrx_word' id='word_1_860' title='bbox 519 5469 795 5544; x_wconf 82' lang='lat' dir='ltr'><strong><em>judicium,</em></strong></span> <span class='ocrx_word' id='word_1_861' title='bbox 826 5482 884 5544; x_wconf 74' lang='lat' dir='ltr'><strong><em>et</em></strong></span> <span class='ocrx_word' id='word_1_862' title='bbox 925 5469 1168 5544; x_wconf 56' lang='lat' dir='ltr'><strong><em>cpnsiiui</em></strong></span> <span class='ocrx_word' id='word_1_863' title='bbox 1191 5471 1316 5544; x_wconf 76' lang='lat' dir='ltr'><strong><em>facti</em></strong></span> <span class='ocrx_word' id='word_1_864' title='bbox 1345 5472 1456 5544; x_wconf 83' lang='lat' dir='ltr'><strong><em>ipse</em></strong></span> <span class='ocrx_word' id='word_1_865' title='bbox 1493 5491 1548 5528; x_wconf 90' lang='lat' dir='ltr'><strong><em>se</em></strong></span> <span class='ocrx_word' id='word_1_866' title='bbox 1593 5469 1824 5544; x_wconf 60' lang='lat' dir='ltr'><strong><em>damnat,</em></strong></span> <span class='ocrx_word' id='word_1_867' title='bbox 1868 5469 1998 5530; x_wconf 84' lang='lat' dir='ltr'><strong><em>sicut</em></strong></span> <span class='ocrx_word' id='word_1_868' title='bbox 2033 5477 2109 5532; x_wconf 89' lang='lat' dir='ltr'><strong><em>ait</em></strong></span> 
     </span>
    </p>
   </div>
   <div class='ocr_carea' id='block_1_110' title="bbox 528 5538 2106 5618">
    <p class='ocr_par' dir='ltr' id='par_1_110' title="bbox 528 5538 2106 5618">
     <span class='ocr_line' id='line_1_112' title="bbox 528 5538 2106 5618; baseline 0.001 -20"><span class='ocrx_word' id='word_1_869' title='bbox 528 5538 789 5618; x_wconf 81' lang='lat' dir='ltr'><strong><em>apostolus</em></strong></span> <span class='ocrx_word' id='word_1_870' title='bbox 821 5538 1016 5618; x_wconf 78' lang='lat' dir='ltr'><strong><em>Paulus</em></strong></span> <span class='ocrx_word' id='word_1_871' title='bbox 1049 5544 1114 5598; x_wconf 87' lang='lat' dir='ltr'><strong><em>de</em></strong></span> <span class='ocrx_word' id='word_1_872' title='bbox 1149 5538 1388 5618; x_wconf 64' lang='lat' dir='ltr'><strong><em>hatretica</em></strong></span> <span class='ocrx_word' id='word_1_873' title='bbox 1416 5543 1588 5600; x_wconf 83' lang='lat' dir='ltr'><strong><em>dicens</em></strong></span> <span class='ocrx_word' id='word_1_874' title='bbox 1619 5561 1636 5599; x_wconf 90' lang='lat'><em>:</em></span> <span class='ocrx_word' id='word_1_875' title='bbox 1665 5538 1981 5618; x_wconf 76' lang='lat' dir='ltr'><strong><em>Hcereticum</em></strong></span> <span class='ocrx_word' id='word_1_876' title='bbox 2008 5547 2106 5618; x_wconf 84' lang='lat' dir='ltr'><strong><em>ho-</em></strong></span> 
     </span>
    </p>
   </div>
   <div class='ocr_carea' id='block_1_111' title="bbox 529 5613 2102 5686">
    <p class='ocr_par' dir='ltr' id='par_1_111' title="bbox 529 5613 2102 5686">
     <span class='ocr_line' id='line_1_113' title="bbox 529 5613 2102 5686; baseline 0.003 -19"><span class='ocrx_word' id='word_1_877' title='bbox 529 5613 718 5686; x_wconf 83' lang='lat' dir='ltr'><strong><em>minem</em></strong></span> <span class='ocrx_word' id='word_1_878' title='bbox 757 5613 872 5686; x_wconf 85' lang='lat' dir='ltr'><strong><em>post</em></strong></span> <span class='ocrx_word' id='word_1_879' title='bbox 906 5620 1064 5686; x_wconf 80' lang='lat' dir='ltr'><strong><em>unum</em></strong></span> <span class='ocrx_word' id='word_1_880' title='bbox 1101 5624 1150 5668; x_wconf 91' lang='lat' dir='ltr'><strong><em>et</em></strong></span> <span class='ocrx_word' id='word_1_881' title='bbox 1188 5613 1466 5686; x_wconf 77' lang='lat' dir='ltr'><strong><em>secundum</em></strong></span> <span class='ocrx_word' id='word_1_882' title='bbox 1486 5617 1877 5686; x_wconf 69' lang='lat' dir='ltr'><strong><em>surreptionem</em></strong></span> <span class='ocrx_word' id='word_1_883' title='bbox 1916 5616 2102 5686; x_wconf 76' lang='lat' dir='ltr'><strong><em>devita,</em></strong></span> 
     </span>
    </p>
   </div>
   <div class='ocr_carea' id='block_1_112' title="bbox 531 5682 2104 5757">
    <p class='ocr_par' dir='ltr' id='par_1_112' title="bbox 531 5682 2104 5757">
     <span class='ocr_line' id='line_1_114' title="bbox 531 5682 2104 5757; baseline 0.003 -19"><span class='ocrx_word' id='word_1_884' title='bbox 531 5685 696 5739; x_wconf 81' lang='lat' dir='ltr'><strong><em>sciens</em></strong></span> <span class='ocrx_word' id='word_1_885' title='bbox 734 5682 854 5757; x_wconf 78' lang='lat' dir='ltr'><strong><em>quia</em></strong></span> <span class='ocrx_word' id='word_1_886' title='bbox 893 5685 1161 5742; x_wconf 86' lang='lat' dir='ltr'><strong><em>subversus</em></strong></span> <span class='ocrx_word' id='word_1_887' title='bbox 1189 5695 1287 5754; x_wconf 76' lang='lat' dir='ltr'><strong><em>est,</em></strong></span> <span class='ocrx_word' id='word_1_888' title='bbox 1317 5682 1403 5756; x_wconf 87' lang='lat' dir='ltr'><strong><em>qui</em></strong></span> <span class='ocrx_word' id='word_1_889' title='bbox 1439 5682 1692 5756; x_wconf 85' lang='lat' dir='ltr'><strong><em>ejusmodi</em></strong></span> <span class='ocrx_word' id='word_1_890' title='bbox 1720 5694 1816 5756; x_wconf 87' lang='lat' dir='ltr'><strong><em>est,</em></strong></span> <span class='ocrx_word' id='word_1_891' title='bbox 1851 5697 1899 5740; x_wconf 88' lang='lat' dir='ltr'><strong><em>et</em></strong></span> <span class='ocrx_word' id='word_1_892' title='bbox 1936 5682 2104 5742; x_wconf 55' lang='lat' dir='ltr'><strong><em>deliné</em></strong></span> 
     </span>
    </p>
   </div>
   <div class='ocr_carea' id='block_1_113' title="bbox 2209 5189 3794 5266">
    <p class='ocr_par' dir='ltr' id='par_1_113' title="bbox 2209 5189 3794 5266">
     <span class='ocr_line' id='line_1_115' title="bbox 2209 5189 3794 5266; baseline -0.001 -18"><span class='ocrx_word' id='word_1_893' title='bbox 2209 5189 2497 5260; x_wconf 65' lang='lat' dir='ltr'><strong><em>hereticus,</em></strong></span> <span class='ocrx_word' id='word_1_894' title='bbox 2529 5194 2670 5266; x_wconf 84' lang='lat' dir='ltr'><strong><em>quali</em></strong></span> <span class='ocrx_word' id='word_1_895' title='bbox 2697 5201 2748 5248; x_wconf 91' lang='lat' dir='ltr'><strong><em>et</em></strong></span> <span class='ocrx_word' id='word_1_896' title='bbox 2771 5189 2936 5266; x_wconf 73' lang='lat' dir='ltr'><strong><em>ludas</em></strong></span> <span class='ocrx_word' id='word_1_897' title='bbox 2965 5209 3114 5266; x_wconf 66' lang='lat' dir='ltr'><strong><em>pinna</em></strong></span> <span class='ocrx_word' id='word_1_898' title='bbox 3143 5189 3442 5266; x_wconf 67' lang='lat' dir='ltr'><strong><em>damnatur,</em></strong></span> <span class='ocrx_word' id='word_1_899' title='bbox 3473 5199 3537 5266; x_wconf 75' lang='lat' dir='ltr'><strong><em>ut</em></strong></span> <span class='ocrx_word' id='word_1_900' title='bbox 3557 5191 3696 5246; x_wconf 85' lang='lat' dir='ltr'><strong><em>idem</em></strong></span> <span class='ocrx_word' id='word_1_901' title='bbox 3709 5189 3794 5266; x_wconf 70' lang='lat' dir='ltr'><strong><em>sui</em></strong></span> 
     </span>
    </p>
   </div>
   <div class='ocr_carea' id='block_1_114' title="bbox 2208 5259 3794 5336">
    <p class='ocr_par' dir='ltr' id='par_1_114' title="bbox 2208 5259 3794 5336">
     <span class='ocr_line' id='line_1_116' title="bbox 2208 5259 3794 5336; baseline 0 -18"><span class='ocrx_word' id='word_1_902' title='bbox 2208 5275 2259 5318; x_wconf 91' lang='lat' dir='ltr'><strong><em>et</em></strong></span> <span class='ocrx_word' id='word_1_903' title='bbox 2289 5283 2407 5336; x_wconf 85' lang='lat' dir='ltr'><strong><em>reus</em></strong></span> <span class='ocrx_word' id='word_1_904' title='bbox 2449 5259 2676 5332; x_wconf 85' lang='lat' dir='ltr'><strong><em>sceleris,</em></strong></span> <span class='ocrx_word' id='word_1_905' title='bbox 2721 5274 2770 5318; x_wconf 91' lang='lat' dir='ltr'><strong><em>et</em></strong></span> <span class='ocrx_word' id='word_1_906' title='bbox 2805 5259 2976 5336; x_wconf 67' lang='lat' dir='ltr'><strong><em>judesf</em></strong></span> <span class='ocrx_word' id='word_1_907' title='bbox 3012 5265 3079 5318; x_wconf 88' lang='lat' dir='ltr'><strong><em>sit</em></strong></span> <span class='ocrx_word' id='word_1_908' title='bbox 3117 5263 3349 5336; x_wconf 75' lang='lat' dir='ltr'><strong><em>ultionis.</em></strong></span> <span class='ocrx_word' id='word_1_909' title='bbox 3383 5259 3497 5336; x_wconf 82' lang='lat' dir='ltr'><strong><em>Nec</em></strong></span> <span class='ocrx_word' id='word_1_910' title='bbox 3519 5261 3794 5336; x_wconf 78' lang='lat' dir='ltr'><strong><em>immerita,</em></strong></span> 
     </span>
    </p>
   </div>
   <div class='ocr_carea' id='block_1_115' title="bbox 2210 5331 3793 5408">
    <p class='ocr_par' dir='ltr' id='par_1_115' title="bbox 2210 5331 3793 5408">
     <span class='ocr_line' id='line_1_117' title="bbox 2210 5331 3793 5408; baseline -0.004 -18"><span class='ocrx_word' id='word_1_911' title='bbox 2210 5337 2329 5408; x_wconf 86' lang='lat' dir='ltr'><strong><em>quia</em></strong></span> <span class='ocrx_word' id='word_1_912' title='bbox 2372 5331 2673 5408; x_wconf 79' lang='lat' dir='ltr'><strong><em>Dominum,</em></strong></span> <span class='ocrx_word' id='word_1_913' title='bbox 2700 5331 2850 5408; x_wconf 76' lang='lat' dir='ltr'><strong><em>quem</em></strong></span> <span class='ocrx_word' id='word_1_914' title='bbox 2887 5334 2974 5390; x_wconf 88' lang='lat' dir='ltr'><strong><em>ille</em></strong></span> <span class='ocrx_word' id='word_1_915' title='bbox 3018 5331 3266 5408; x_wconf 73' lang='lat' dir='ltr'><strong><em>vendidit,</em></strong></span> <span class='ocrx_word' id='word_1_916' title='bbox 3305 5333 3404 5408; x_wconf 74' lang='lat' dir='ltr'><strong><em>iste</em></strong></span> <span class='ocrx_word' id='word_1_917' title='bbox 3427 5331 3793 5408; x_wconf 71' lang='lat' dir='ltr'><strong><em>blasphemat;</em></strong></span> 
     </span>
    </p>
   </div>
   <div class='ocr_carea' id='block_1_116' title="bbox 2211 5399 3796 5484">
    <p class='ocr_par' dir='ltr' id='par_1_116' title="bbox 2211 5399 3796 5484">
     <span class='ocr_line' id='line_1_118' title="bbox 2211 5399 3796 5484; baseline -0.004 -23"><span class='ocrx_word' id='word_1_918' title='bbox 2211 5399 2478 5484; x_wconf 44' lang='lat' dir='ltr'><strong><em>quem_ille&#39;</em></strong></span> <span class='ocrx_word' id='word_1_919' title='bbox 2493 5399 2896 5484; x_wconf 71' lang='lat' dir='ltr'><strong><em>persecutoribus</em></strong></span> <span class='ocrx_word' id='word_1_920' title='bbox 2919 5400 3109 5484; x_wconf 76' lang='lat' dir='ltr'><strong><em>tradidi</em></strong></span> <span class='ocrx_word' id='word_1_921' title='bbox 3117 5413 3156 5472; x_wconf 89' lang='lat' dir='ltr'><strong><em>t,</em></strong></span> <span class='ocrx_word' id='word_1_922' title='bbox 3163 5399 3403 5484; x_wconf 59' lang='lat' dir='ltr'><strong><em>quotidie</em></strong></span> <span class='ocrx_word' id='word_1_923' title='bbox 3421 5405 3516 5457; x_wconf 87' lang='lat' dir='ltr'><strong><em>iste</em></strong></span> <span class='ocrx_word' id='word_1_924' title='bbox 3535 5399 3796 5484; x_wconf 64' lang='lat' dir='ltr'><strong><em>persequi-</em></strong></span> 
     </span>
    </p>
   </div>
   <div class='ocr_carea' id='block_1_117' title="bbox 2215 5472 3794 5548">
    <p class='ocr_par' dir='ltr' id='par_1_117' title="bbox 2215 5472 3794 5548">
     <span class='ocr_line' id='line_1_119' title="bbox 2215 5472 3794 5548; baseline -0.003 -18"><span class='ocrx_word' id='word_1_925' title='bbox 2215 5472 2315 5530; x_wconf 77' lang='lat' dir='ltr'><strong><em>iur.</em></strong></span> <span class='ocrx_word' id='word_1_926' title='bbox 2340 5472 2674 5548; x_wconf 77' lang='lat' dir='ltr'><strong><em>Persequitur</em></strong></span> <span class='ocrx_word' id='word_1_927' title='bbox 2693 5479 2826 5532; x_wconf 91' lang='lat' dir='ltr'><strong><em>enim</em></strong></span> <span class='ocrx_word' id='word_1_928' title='bbox 2855 5477 3122 5531; x_wconf 81' lang='lat' dir='ltr'><strong><em>Iuereticus</em></strong></span> <span class='ocrx_word' id='word_1_929' title='bbox 3155 5472 3450 5540; x_wconf 80' lang='lat' dir='ltr'><strong><em>Dominum,</em></strong></span> <span class='ocrx_word' id='word_1_930' title='bbox 3475 5489 3592 5526; x_wconf 82' lang='lat' dir='ltr'><strong><em>cum</em></strong></span> <span class='ocrx_word' id='word_1_931' title='bbox 3611 5472 3794 5528; x_wconf 81' lang='lat' dir='ltr'><strong><em>divini-</em></strong></span> 
     </span>
    </p>
   </div>
   <div class='ocr_carea' id='block_1_118' title="bbox 2216 5547 3322 5616">
    <p class='ocr_par' dir='ltr' id='par_1_118' title="bbox 2216 5547 3322 5616">
     <span class='ocr_line' id='line_1_120' title="bbox 2216 5547 3322 5616; baseline 0.001 -17"><span class='ocrx_word' id='word_1_932' title='bbox 2216 5555 2370 5601; x_wconf 89' lang='lat' dir='ltr'><strong><em>tatem</em></strong></span> <span class='ocrx_word' id='word_1_933' title='bbox 2393 5549 2440 5602; x_wconf 92' lang='lat' dir='ltr'><strong><em>ei</em></strong></span> <span class='ocrx_word' id='word_1_934' title='bbox 2467 5547 2698 5616; x_wconf 89' lang='lat' dir='ltr'><strong><em>derogat,</em></strong></span> <span class='ocrx_word' id='word_1_935' title='bbox 2729 5559 2779 5602; x_wconf 89' lang='lat' dir='ltr'><strong><em>et</em></strong></span> <span class='ocrx_word' id='word_1_936' title='bbox 2799 5548 2984 5602; x_wconf 87' lang='lat' dir='ltr'><strong><em>asserit</em></strong></span> <span class='ocrx_word' id='word_1_937' title='bbox 3013 5553 3322 5616; x_wconf 73' lang='lat' dir='ltr'><strong><em>creaturam.</em></strong></span> 
     </span>
    </p>
   </div>
   <div class='ocr_carea' id='block_1_119' title="bbox 2309 5609 3641 5688">
    <p class='ocr_par' dir='ltr' id='par_1_119' title="bbox 2309 5609 3641 5688">
     <span class='ocr_line' id='line_1_121' title="bbox 2309 5609 3641 5688; baseline -0.002 -17"><span class='ocrx_word' id='word_1_938' title='bbox 2309 5618 2363 5687; x_wconf 92' lang='lat' dir='ltr'><strong><em>h)</em></strong></span> <span class='ocrx_word' id='word_1_939' title='bbox 2390 5617 2542 5688; x_wconf 20' lang='lat' dir='ltr'><strong><em>iVide</em></strong></span> <span class='ocrx_word' id='word_1_940' title='bbox 2565 5609 2775 5688; x_wconf 66' lang='lat' dir='ltr'><strong><em>puniat.</em></strong></span> <span class='ocrx_word' id='word_1_941' title='bbox 2795 5625 3056 5688; x_wconf 79' lang='lat' dir='ltr'><strong><em>nostram,</em></strong></span> <span class='ocrx_word' id='word_1_942' title='bbox 3081 5632 3228 5677; x_wconf 68' lang='lat' dir='ltr'><strong><em>nunt.</em></strong></span> <span class='ocrx_word' id='word_1_943' title='bbox 3253 5613 3341 5675; x_wconf 77' lang='grc'><strong><em>50.</em></strong></span> <span class='ocrx_word' id='word_1_944' title='bbox 3366 5626 3488 5684; x_wconf 85' lang='lat' dir='ltr'><strong><em>pag.</em></strong></span> <span class='ocrx_word' id='word_1_945' title='bbox 3515 5609 3641 5668; x_wconf 83' lang='lat' dir='ltr'><strong><em>l07.</em></strong></span> 
     </span>
    </p>
   </div>
   <div class='ocr_carea' id='block_1_120' title="bbox 2307 5687 2849 5759">
    <p class='ocr_par' dir='ltr' id='par_1_120' title="bbox 2307 5687 2849 5759">
     <span class='ocr_line' id='line_1_122' title="bbox 2307 5687 2849 5759; baseline 0.002 -16"><span class='ocrx_word' id='word_1_946' title='bbox 2307 5689 2348 5758; x_wconf 74' lang='grc' dir='ltr'><strong><em>ί)</em></strong></span> <span class='ocrx_word' id='word_1_947' title='bbox 2385 5687 2540 5752; x_wconf 59' lang='lat' dir='ltr'><strong><em>uiis.</em></strong></span> <span class='ocrx_word' id='word_1_948' title='bbox 2566 5687 2692 5759; x_wconf 74' lang='lat' dir='ltr'><strong><em>pag.</em></strong></span> <span class='ocrx_word' id='word_1_949' title='bbox 2727 5687 2849 5744; x_wconf 78' lang='grc'><strong><em>108.</em></strong></span> 
     </span>
    </p>
   </div>
   <div class='ocr_carea' id='block_1_121' title="bbox 2144 5844 2215 5857">
    <p class='ocr_par' dir='ltr' id='par_1_121' title="bbox 2144 5844 2215 5857">
     <span class='ocr_line' id='line_1_123' title="bbox 2144 5844 2215 5857; baseline 0.014 -4"><span class='ocrx_word' id='word_1_950' title='bbox 2144 5844 2215 5857; x_wconf 68' lang='grc' dir='ltr'><strong><em>...ιο</em></strong></span> 
     </span>
    </p>
   </div>
  </div>
