4050 6356
530 391 541 397 ,
565 336 660 390 151
1658 323 1818 379 Vl'l‘A
1855 323 1912 378 S.
1956 317 2146 376 MAXll

2250 315 2703 375 l‘AURlNENSlS.
3744 318 3779 373 1
3794 317 3886 375 53

561 447 872 505 vanitatibus
919 446 1144 508 studens,
1184 441 1474 495 accumulat
1497 438 1597 493 sibi
1625 440 1862 510 graviora
1901 442 2132 506 peccato,
2164 431 2217 490 Δ
2242 429 2383 485 uisse
2414 430 2702 486 Taurinuln
2746 446 2831 497 se,
2883 446 3004 486 cum
3050 431 3211 503 plane
3254 431 3423 487 sensit
3469 446 3627 503 spem
3688 430 3877 489 illaut

559 540 697 595 unde
722 556 807 594 vos
834 537 1150 599 omnipotens
1178 530 1318 586 Deus
1347 531 1647 586 emendatos
1677 526 1852 582 liberet
1873 529 1968 598 (ιι).
1998 523 2137 578 Rur-
2243 538 2456 579 omnem
2498 522 2661 579 fuisse
2688 525 2921 578 inanem.
2962 522 3095 579 Nam
3132 523 3367 596 Comperi
3386 564 3403 592 ,
3446 523 3657 595 inquit,
3699 525 3875 596 quod

559 645 723 684 sum:
752 626 825 700 (b)
854 623 988 690 Quid
1014 621 1244 694 prodest,
1269 622 1464 693 inquit,
1497 619 1743 693 jejunare
1766 615 2060 679 visceribus,
2089 623 2145 669 et
2239 632 2331 687 per
2391 614 2675 671 absentiam
2719 631 2887 670 meam
2932 618 3010 670 ita
3055 617 3165 672 rari
3211 618 3395 690 quique
3440 616 3513 671 ad
3556 615 3870 673 ecclesiam

558 719 814 774 luxuriari
839 713 1135 780 venatibus;
1166 714 1424 770 abstinere
1452 712 1597 779 cibis,
1627 718 1678 766 et
1697 725 1872 765 errare
1895 709 2137 779 peccatis;
2238 707 2485 773 veniatis;
2514 707 2592 761 ita
2617 709 2768 779 pauci
2793 706 3071 763 admodum
3090 706 3401 779 procedatis,
3428 709 3579 780 quasi
3600 724 3697 762 me
3712 724 3866 779 prs»

555 809 808 879 castigare
854 823 1042 879 corpus
1089 807 1285 874 inedia,
1330 806 1501 859 vinum
1545 807 1685 876 forte
1726 817 1831 856 non
1872 799 2059 866 bibere,
2089 806 2140 853 et
2238 798 2516 868 ﬁciscente,
2532 814 2728 853 mecum
2745 799 2940 870 pariter
2960 799 3227 865 veneritis;
3249 806 3300 854 et
3318 800 3630 871 quasi,”
3656 814 3866 853 neces-

552 900 751 953 ebrium
771 899 1082 970 cogitatione
1107 896 1454 969 malignitatis
1472 891 1816 949 incedere}...
1843 892 1925 944 An
1945 888 2140 960 putatis
2238 890 2473 945 sitatibus
2493 907 2586 963 ego
2601 892 2893 962 pertrahor,
2909 908 2999 947 vos
3018 907 3216 946 mecum
3235 891 3454 946 nexuit
3472 892 3589 962 ipsa
3612 892 3863 945 necessi-

551 992 701 1045 illum
722 990 985 1061 jejunare,
1014 990 1226 1061 fratres,
1248 988 1336 1058 qui
1364 988 1532 1058 primo
1561 985 1787 1040 diluculo
1814 998 1918 1036 non
1944 980 2015 1034 atl
2051 995 2138 1034 ec-
2241 989 2339 1035 tas.
2362 980 2571 1035 Pariter
2588 997 2622 1036 α
2640 980 2792 1037 domo
2809 980 2912 1037 Dei
2931 981 3163 1037 absentes
3181 996 3392 1046 ulmus;
3420 981 3513 1037 sed
3533 980 3635 1037 hoc
3665 982 3862 1036 inter-

556 1082 762 1137 clesiam
807 1081 1005 1152 vigilat,
1030 1095 1149 1145 non
1195 1079 1459 1132 beatorum
1485 1085 1772 1148 martyrum
1810 1076 1927 1130 loca
1954 1078 2139 1125 sancta
2237 1079 2334 1136 est,
2363 1070 2596 1142 quodme
2621 1070 2882 1127 absentem
2918 1073 3195 1131 necessitas
3232 1071 3413 1143 eﬁcit,
3447 1089 3536 1128 vos
3564 1072 3855 1129 calanus.

557 1174 833 1244 perquirit;
888 1170 979 1223 sed
1026 1186 1240 1239 surgens
1283 1176 1563 1238 congregat
1606 1166 1861 1231 servulos,
1910 1163 2139 1234 disponit

554 1266 707 1331 retia,
730 1279 882 1317 canes
905 1260 1162 1332 producit,
1203 1261 1386 1324 saltus,
1417 1261 1670 1331 silvasque
1693 1258 1995 1329 perlustrat,
2022 1271 2137 1310 ser-

554 1356 715 1420 vulos,
746 1355 976 1424 inquam,
1006 1368 1175 1406 secum
1195 1351 1467 1420 pertraltit,
1500 1352 1723 1422 fortasse
1750 1349 1917 1420 magis
1942 1345 2015 1402 ad
2047 1361 2135 1400 ec-

556 1447 765 1502 clesiam
794 1448 963 1501 venire
1012 1446 1289 1515 cupientes,
1321 1454 1371 1499 et
1416 1442 1762 1516 voluptatibus
1790 1444 1896 1497 suis
1923 1449 2137 1513 peccata

555 1537 845 1594 accumulat
888 1538 1079 1605 aliena,
1127 1538 1353 1591 nesciens
1373 1579 1387 1602 ,
1418 1553 1561 1590 reum
1582 1552 1636 1590 se
1674 1536 1903 1606 futurum
1940 1542 2047 1602 tam
2074 1531 2139 1585 de

555 1644 649 1682 suo
677 1628 881 1694 delicto,
911 1646 1064 1698 quam
1091 1628 1154 1682 de
1189 1626 1474 1698 perditione
1491 1626 1793 1681 servorum?
1822 1624 1952 1679 Tota
1977 1626 2138 1695 igitur

557 1718 640 1774 die
681 1717 943 1773 venatibus
995 1721 1416 1774 immoratur.....
1461 1718 1609 1772 ltetus
1661 1719 1705 1771 si
1742 1716 1938 1785 aliquid
1985 1732 2132 1787 cepe-

2241 1160 2471 1217 Nescitis
2488 1204 2504 1231 ,
2542 1164 2664 1235 quia
2691 1165 2786 1218 etsi
2816 1180 2910 1234 ego
2950 1163 3022 1218 ab
3034 1164 3251 1219 ecclesia
3275 1164 3482 1230 desum,
3506 1161 3763 1219 Christus
3780 1164 3859 1219 ab

2237 1254 2476 1311 Ecclesia
2498 1273 2615 1322 sua,
2634 1257 2723 1326 qui
2746 1266 2825 1313 est
2842 1254 3048 1328 ubique,
3077 1274 3182 1312 non
3210 1257 3386 1312 deest!
3421 1255 3605 1323 Venis,
3636 1258 3853 1329 frater,

2237 1348 2309 1403 ad
2333 1348 2621 1413 ecclesiam,
2652 1366 2756 1405 non
2799 1351 2996 1405 invenis
3034 1350 3107 1411 ibi
3148 1351 3505 1421 episcoporum
3529 1350 3855 1420 episcopum

2239 1439 2602 1496 Salvatorem?
2630 1437 2772 1495 Nam
2811 1438 3136 1496 Christianus
3176 1442 3263 1513 qui
3302 1450 3422 1495 tunc
3477 1448 3693 1494 tantum
3722 1456 3853 1510 pro.

2240 1530 2373 1586 cedit
2391 1531 2461 1584 ad
2483 1532 2770 1595 ecclesiam,
2801 1531 3008 1603 quando
3035 1533 3301 1603 episcopus
3327 1546 3560 1602 praesens
3591 1539 3708 1596 est,
3739 1546 3852 1585 non

2241 1630 2347 1677 tam
2382 1621 2481 1678 Dei
2509 1639 2667 1678 causa
2711 1622 2909 1678 videtur
2932 1623 3240 1694 processisse
3263 1638 3417 1695 quam
3442 1621 3711 1688 hominis,
3750 1636 3851 1675 nee

2237 1716 2474 1787 implesse
2499 1713 2784 1770 Christiani
2814 1715 3038 1769 timentis
3077 1715 3334 1785 oﬁicium,
3362 1713 3454 1769 sed
3494 1714 3655 1768 amici
3698 1714 3850 1786 defe-

555 1812 774 1877 rit,..‘...
835 1808 1000 1864 Tanto
1047 1809 1217 1864 studio
1265 1810 1435 1880 gerit,
1493 1808 1640 1879 quasi
1705 1807 1821 1861 ideo
1890 1808 2139 1864 indictum
2169 1792 2220 1855 Β
2243 1808 2405 1862 rentis
2444 1805 2755 1879 obsequium.
2807 1796 2933 1861 Mos
2978 1821 3134 1863 versa
3181 1804 3252 1861 ad
3292 1806 3520 1863 clericos
3561 1805 3843 1869 aratione,

557 1899 758 1972 lcxux]
802 1902 1060 1972 jejunium
1112 1898 1297 1971 fuerit,
1355 1909 1411 1952 ut
1464 1906 1689 1953 venetur.
1767 1896 1833 1952 In
1888 1899 1968 1952 Itis
2020 1915 2142 1971 ergo

558 1994 800 2067 luxuriis,
829 1992 1015 2061 dicite,
1057 1992 1169 2063 quis
1196 1991 1360 2045 cultus
1387 1990 1454 2045 sit
1481 1989 1600 2055 Dei,
1640 2006 1753 2061 quia
1773 1990 1957 2044 mentis
1981 1990 2144 2061 possit

559 2100 673 2138 esse
715 2082 928 2148 devotio,
955 2083 1041 2155 qui
1068 2070 1339 2153 propterea
1361 2083 1587 2154 jejunat,
1617 2098 1720 2136 non
1759 2090 1815 2135 ut
1851 2079 1964 2136 Deo
1993 2089 2143 2154 atque

559 2171 875 2228 orationibus
902 2182 1075 2239 vacet;
1116 2173 1206 2229 sed
1251 2182 1308 2227 ut
1356 2183 1460 2229 tota
1500 2173 1583 2229 die
1629 2176 1854 2240 otiosus,
1902 2182 1952 2228 et
1994 2174 2141 2240 liber,

476 2324 479 2327 _
557 2254 797 2337 proprias
823 2274 1059 2320 exerceat
1077 2264 1393 2334 voluptates?
1416 2262 1659 2329 Quamvis
1684 2266 1859 2337 igitur,
1888 2266 1974 2337 qui
1999 2266 2143 2336 ejm.

557 2356 697 2411 modi
734 2374 816 2421 es,
858 2358 1041 2429 frater,
1083 2374 1287 2428 vespere
1325 2356 1395 2411 ad
1422 2357 1630 2411 domum
1659 2357 1869 2425 redeas,
1913 2359 2143 2428 quamvis

558 2448 850 2503 declinante
886 2448 1002 2518 jam
1038 2447 1147 2503 sole
1191 2447 1497 2514 manduces,
1547 2455 1689 2519 potes
1731 2448 1915 2503 videri
1943 2447 2144 2503 tardius

559 2542 824 2612 refecisse,
847 2557 950 2595 non
978 2548 1145 2595 tamen
1173 2539 1396 2596 Domino
1418 2541 1703 2613 jejunasse.
1733 2582 1746 2595 .
1774 2583 1787 2595 .
1820 2541 1969 2596 Scire
1994 2539 2144 2595 debe-

561 2648 693 2696 mus,
724 2633 934 2703 fratres,
965 2632 1059 2686 ltoc
1088 2642 1349 2703 acceptum
1386 2631 1496 2687 Deo
1525 2648 1635 2686 esse
1665 2632 1944 2704 jejunium,
1969 2632 2014 2686 si
2039 2647 2144 2687 non

562 2724 727 2780 solum
747 2724 1060 2778 abstinentia
1080 2725 1384 2796 castigemus
1413 2741 1649 2795 corpora,
1680 2725 1772 2779 sed
1797 2728 1953 2781 etiam
1979 2725 2146 2780 humi-

562 2815 706 2869 litate
719 2815 919 2869 animas
940 2799 1235 2870 inducimus.
1254 2812 1432 2870 Simus
1452 2815 1522 2869 ad
1540 2818 1765 2872 servulos
1784 2819 1949 2884 mites,
1967 2816 2145 2871 blandi

563 2906 629 2963 ed
675 2916 949 2961 extraneos
966 2948 980 2971 ,
1029 2905 1383 2962 trttsericordes
1430 2907 1498 2961 ad
1545 2924 1813 2979 pauperes.
1866 2907 2144 2979 Surgentes

560 3001 724 3056 mimo
775 2999 999 3055 diluculo
1045 3002 1113 3055 ad
1176 3001 1443 3055 ecclesiam
1488 3002 1783 3071 festinemus
1803 3043 1817 3067 ,
1863 3003 2145 3072 referamus

578 3091 671 3147 Deo
700 3094 927 3164 gratias,
977 3094 1197 3164 peccatis
1234 3094 1434 3147 veniam
1482 3093 1811 3164 postulemus.
1840 3132 1853 3145 .
1883 3132 1895 3145 .
1926 3134 1936 3145 .
1965 3132 1979 3145 .
2015 3090 2144 3146 Tota

2244 1912 2433 1953 eorum
2460 1897 2841 1966 negligentiam
2867 1896 3161 1954 accusavit.
3188 1896 3415 1966 Negavit
3453 1911 3515 1953 se
3567 1896 3847 1964 castigare

2244 1988 2475 2046 ﬁliorum
2496 1990 2770 2046 licentiam
2791 2004 2978 2060 posse;
3005 2004 3129 2045 cum
3150 1988 3425 2045 emendari
3445 2003 3477 2043 a
3497 2003 3559 2044 se
3585 1996 3845 2044 cerneret

2244 2081 2621 2151 negligentiam
2641 2095 2829 2136 eorum
2851 2096 2959 2136 non
2990 2094 3150 2151 posse
3187 2095 3323 2150 quos
3349 2078 3572 2135 fratrum
3601 2095 3840 2137 numam

2242 2172 2488 2229 haberet.
2544 2169 2761 2226 Addidit
2799 2185 2908 2226 non
2942 2169 3012 2227 de
3036 2170 3285 2227 omnibus
3311 2170 3458 2241 loqui
3485 2185 3564 2227 se.
3597 2168 3838 2241 Perspe»

2243 2274 2389 2321 ctum
2408 2264 2553 2326 enim
2580 2280 2699 2322 esse
2731 2272 2894 2335 atque
2920 2265 3259 2335 exploratum
3292 2263 3394 2321 sibi
3438 2279 3839 2335 eorutnoqms-

2242 2356 2369 2413 dam
2413 2356 2594 2413 colere
2628 2356 2883 2427 pietatem
2928 2356 3317 2427 diligenterque
3355 2369 3545 2425 agere,
3574 2355 3676 2411 sed
3722 2371 3837 2412 non

2242 2450 2419 2506 minus
2445 2464 2507 2505 se
2547 2449 2685 2505 scire
2716 2464 2837 2505 esse
2860 2449 2994 2506 alios
3021 2449 3377 2522 negligentes.“
3403 2446 3518 2505 Hos
3538 2448 3609 2504 ab
3632 2464 3702 2505 se
3717 2463 3838 2504 ωοο

2244 2542 2362 2597 neri
2388 2547 2448 2597 ut
2474 2542 2759 2598 consulant
2786 2541 3131 2598 conscientia:
3157 2557 3223 2598 ac
3248 2540 3409 2597 saluti
3434 2555 3566 2597 sua.

2314 2630 2444 2703 Ejus
2471 2632 2732 2688 orationis
2760 2640 2925 2689 tanta
2948 2633 3029 2690 vis
3069 2630 3187 2701 fuit,
3234 2642 3292 2689 ut
3320 2631 3700 2700 Taurinenses,
3729 2631 3833 2687 etsi

2245 2725 2420 2783 acrius
2445 2722 2674 2780 fortasse
2707 2739 2869 2795 quam
2895 2725 3153 2797 suspicari
3192 2725 3521 2797 potuissent,
3568 2733 3625 2779 at
3661 2738 3721 2779 se
3748 2732 3830 2778 ta-

2245 2832 2389 2880 men,
2420 2817 2617 2873 merito
2654 2826 2805 2874 certe
2830 2833 2948 2883 suo,
2998 2818 3357 2890 reprehensos
3401 2833 3434 2872 a
3484 2815 3541 2872 S.
3591 2815 3829 2873 antistite

2246 2908 2354 2983 [CL]
2379 2908 2779 2987 conﬁterentur.
2804 2910 2987 2981 Itaque
3026 2920 3283 2967 caverunt
3311 2925 3378 2966 ne
3398 2925 3561 2980 quam
3580 2908 3829 2978 deinceps

2246 3004 2447 3073 pastori
2467 3019 2567 3059 suo
2588 3019 2652 3060 ea
2673 3004 2742 3061 de
2763 3019 2823 3060 re
2842 3019 3057 3060 causam
3079 3004 3149 3061 ad
3169 3004 3594 3086 redarguendnm
3611 3003 3812 3059 darent.

2248 3092 2525 3162 Maximus,
2550 3096 2642 3166 qui
2664 3096 2958 3166 profecisse
2979 3096 3126 3167 ipsos
3146 3094 3442 3165 gaudebat,
3476 3111 3597 3151 cum
3619 3092 3813 3162 aliquos

570 3189 650 3242 .lie
675 3156 743 3240 sit
770 3156 919 3240 nobis
956 3156 1166 3239 assidua
1191 3185 1266 3239 vel
1295 3156 1493 3253 oratio,
1519 3187 1595 3240 vel
1621 3188 1787 3241 lectio.
1822 3183 1921 3250 Qui
1950 3186 2145 3240 litteras
2173 3156 2222 3222 ο
2251 3187 2480 3243 tristitiae
2652 3156 2935 3253 tradidisse
2963 3156 3236 3255 cerneret,
3267 3187 3406 3242 hanc
3429 3156 3493 3240 ut
3520 3185 3604 3241 vel
3633 3156 3821 3247 ﬁniret,

566 3264 744 3342 nescit,
772 3284 1007 3330 sanctum
1034 3276 1195 3329 virum
1230 3277 1547 3347 perquirens,
1588 3276 1699 3347 ejus
1734 3276 2149 3348 confabulatione

564 3377 824 3441 pascatur.
845 3366 994 3422 Nulli
1014 3376 1158 3421 actus
1180 3368 1355 3422 seaculi
1375 3378 1519 3422 actus
1540 3368 1825 3423 divinitatis
1842 3367 2147 3439 impediant,

562 3478 665 3516 non
701 3459 850 3513 ludus
880 3458 1069 3514 tabula:
1094 3467 1313 3514 mentem
1338 3452 1530 3523 avocet,
1570 3475 1674 3514 non
1702 3461 1934 3531 voluptas
1962 3476 2148 3514 canum

564 3568 740 3606 :ensus
780 3551 1030 3606 obducat.
1057 3591 1070 3605 .
1101 3593 1114 3607 .
1148 3548 1410 3620 Quidquid
1446 3553 1584 3607 enim
1620 3562 1807 3623 praeter
1844 3551 2148 3606 mandatum

567 3638 664 3693 Dei
692 3642 894 3711 feceris,
921 3643 1152 3713 quamvis
1181 3640 1460 3708 abstineas,
1508 3657 1613 3697 non
1650 3642 1880 3714 jejunus.
1926 3639 2044 3696 Hoc
2071 3648 2150 3696 est

568 3731 706 3784 enim
746 3733 973 3785 salutare
994 3731 1283 3802 jejunium,
1313 3740 1370 3785 ut
1395 3733 1533 3789 sicut
1553 3732 1834 3787 abstinetur
1874 3749 2056 3805 corpus
2082 3732 2147 3788 ab

569 3821 752 3892 epulis,
781 3822 855 3875 ita
879 3829 928 3875 et
947 3824 1123 3875 anima
1144 3823 1428 3896 refrenetur
1464 3840 1497 3876 a
1536 3823 1690 3878 vitiis.
1735 3822 1846 3879 Hac
1864 3832 1972 3879 tam
2000 3824 2151 3894 gravi

570 3911 977 3989 redargutione,
1024 3912 1215 3981 bisque
1251 3913 1469 3968 monitis
1513 3915 1658 3971 cives
1678 3915 1919 3986 plerique
1962 3900 2152 3972 omnes

570 4003 819 4073 permoti,
851 4002 1020 4058 multo
1053 4000 1260 4077 majore
1295 4002 1604 4061 assiduitate
1636 4014 1797 4075 atque
1828 4005 2148 4076 frequentia,

569 4079 725 4147 statis
751 4092 1048 4164 prtesertim
1073 4092 1282 4161 diebus,
1317 4095 1371 4150 in
1398 4095 1565 4152 tndem
1594 4113 1802 4156 sacram
1830 4111 2153 4154 concurrere

571 4181 866 4255 eruperunt.
910 4184 985 4241 Ea
1010 4174 1096 4242 res
1115 4185 1346 4243 Maximo
1374 4190 1683 4260 aliquandiu
1708 4190 1958 4246 solatitun
1996 4206 2152 4247 cura-

562 4290 691 4329 rum
728 4288 792 4331 ac
833 4275 1074 4332 laborum
1128 4275 1246 4332 fuit.
1296 4277 1404 4334 Sed
1449 4278 1678 4335 decursu
1707 4280 1998 4351 temporis,
2030 4295 2153 4337 cum

572 4366 654 4421 vir
672 4375 896 4424 sanctus
923 4368 990 4424 ad
1017 4368 1279 4441 synodum
1320 4369 1591 4441 profectus
1618 4382 1761 4428 esset
1780 4374 1978 4444 publici
2004 4390 2153 4433 com-

570 4460 716 4517 modi
745 4476 933 4527 causa,
962 4462 1271 4533 diutiusque
1316 4462 1478 4519 domo
1524 4462 1808 4531 abfuisset;
1863 4465 1938 4522 illi
1969 4467 2153 4538 (quasi

2249 3279 2336 3336 vel
2359 3278 2646 3349 mitigaret,
2677 3280 2757 3336 sic
2777 3294 2872 3336 eos
2895 3286 2980 3335 est
3006 3279 3309 3336 allocutus:
3341 3279 3583 3341 Amarior
3612 3279 3825 3349 fortasse

2250 3372 2405 3446 fuerit
2424 3371 2726 3441 prtedicatio
2753 3387 2870 3425 mea
2896 3371 3157 3443 superiore
3174 3370 3453 3436 dominica,
3472 3369 3614 3439 quod
3635 3369 3825 3438 pleros-

2250 3478 2345 3534 que
2369 3463 2432 3518 de
2449 3462 2627 3518 vestris
2655 3463 2827 3517 acrius
2854 3461 3164 3533 magisteriis
3188 3470 3238 3516 et
3256 3461 3467 3515 veritate
3488 3458 3824 3519 convenerint,

2250 3564 2301 3611 et
2343 3556 2443 3611 sim
2481 3562 2811 3627 prosecutus,
2850 3570 2965 3627 quia
3009 3553 3289 3627 aliquantis
3333 3552 3687 3608 blandimenta
3729 3566 3824 3604 non

2250 3649 2527 3721 aﬂ'errent,
2550 3648 2649 3706 sed
2691 3648 2953 3703 tristitiam
2977 3647 3288 3719 irrogarent.
3328 3643 3518 3701 Verum
3546 3643 3678 3698 nihil
3717 3656 3826 3695 mes

2248 3743 2481 3798 interest.
2524 3739 2641 3813 Ego
2667 3741 2807 3795 enim
2844 3739 3043 3812 gaudeo
3087 3739 3251 3794 sciens
3302 3737 3544 3809 discipuli
3574 3736 3826 3791 tristitiam

2250 3832 2488 3905 magistri
2529 3848 2641 3887 esse
2684 3830 2938 3887 laetitiam.
2990 3828 3132 3885 Tunc
3176 3831 3328 3885 enim-
3357 3828 3567 3898 auditor
3608 3826 3821 3899 proﬁcit,

2246 3924 2457 4001 quando
2476 3933 2764 3981 austersora
2783 3922 3062 3977 annuntiat
3086 3921 3418 3994 pradicator.
3442 3918 3588 3975 Tunc
3615 3919 3745 3973 enim
3781 3915 3828 3970 ei

2252 4015 2392 4070 salus
2419 4016 2669 4087 gignitur,
2691 4011 2895 4086 quando
2918 4012 3127 4067 tristitia
3152 4011 3528 4067 emendationis
3562 4010 3827 4084 ingeritur.

2253 4104 2396 4160 Dicit
2446 4107 2585 4161 enim
2635 4106 2812 4161 beatus
2852 4104 3129 4176 Apostolus
3163 4120 3181 4159 :
3220 4100 3362 4158 Nam
3404 4118 3519 4174 qua
3558 4100 3834 4157 secundum

2251 4196 2419 4255 Deum
2452 4207 2531 4254 est
2569 4199 2798 4265 tristitia,
2846 4196 3191 4269 pmtitentiam
3234 4196 3291 4250 in
3337 4194 3555 4250 salutem
3602 4193 3832 4249 stabilem

2251 4299 2512 4360 cperatur.
2545 4287 2702 4345 Recte
2726 4305 2849 4361 ergo
2887 4288 3055 4353 lcetor,
3074 4346 3077 4353 _
3095 4288 3214 4359 quia
3238 4288 3451 4342 salutem
3486 4303 3694 4357 operor,
3723 4300 3833 4338 cum

2253 4382 2496 4454 objurgo;
2526 4382 2644 4437 licet
2684 4391 2896 4438 maereat
2920 4381 3061 4452 ﬁlius
3098 4396 3214 4435 mea
3260 4378 3536 4435 acerbitate
3564 4376 3832 4438 sermonis.

2256 4475 2343 4545 qui
2363 4489 2479 4528 eum
2497 4473 2747 4545 proﬁcere
2767 4471 2997 4543 intelligo
3015 4488 3108 4543 per
3127 4486 3414 4526 maerorem.
3431 4468 3517 4522 Ait
3536 4468 3833 4540 Apostolus:

570 4551 804 4622 praifecti
849 4554 1088 4612 moribus
1131 4553 1295 4610 soluti
1341 4553 1566 4610 fuissent
1594 4556 1761 4625 metu)
1805 4533 2033 4611 tantum—
2052 4556 2154 4613 sibi
2178 4533 2232 4595 υ
2259 4533 2385 4629 bnis
2424 4533 2510 4620 est.
2719 4563 2857 4635 ﬁlius
3082 4579 3186 4619 non
3219 4560 3449 4617 verberat
3485 4533 3678 4632 pater!
3712 4557 3834 4615 Non

572 4643 797 4699 licentia:
824 4655 1187 4716 sumpserunt,
1227 4652 1285 4701 ut
1324 4646 1431 4702 rari
1454 4646 1524 4702 ad
1542 4647 1786 4719 synaxim
1814 4648 2150 4704 accederent.

575 4734 810 4789 Auxerat
832 4735 883 4788 id
904 4736 1103 4791 malum
1124 4737 1380 4807 segnities
1405 4746 1568 4809 atque
1589 4740 1791 4795 incuria
1813 4740 2150 4798 clericorum.

576 4820 631 4875 ld
661 4832 721 4876 ut
742 4822 1002 4879 Maximus
1045 4827 1337 4895 Augustam
1382 4828 1736 4886 Taurinorum
1764 4832 1976 4889 rediens
1996 4847 2149 4888 acce-

573 4912 671 4981 pit,
704 4913 824 4967 tulit
850 4915 1060 4971 acerbe.
1091 4916 1276 4987 ltaque
1299 4935 1405 4974 non
1427 4931 1548 4990 post
1570 4925 1738 4978 multo
1765 4926 1921 4994 plebe
1947 4927 1999 4981 in
2024 4943 2155 4983 con-

575 5006 786 5061 cionem
815 5016 1025 5073 vocata,
1046 5018 1269 5079 questus
1296 5019 1377 5065 est
1399 5014 1649 5080 graviter.
1680 5015 1871 5073 Dolere
1891 5034 1968 5084 se,
1994 5020 2148 5085 dixit,

575 5094 719 5167 quod
747 5112 868 5151 cum
898 5106 1121 5168 paterna
1148 5100 1348 5170 pietate
1397 5103 1566 5173 ipsam
1614 5120 1833 5161 monere
1881 5123 2153 5178 nunquam

576 5189 888 5254 destitisset,
920 5198 1032 5245 tum
1059 5192 1203 5248 nihil
1234 5193 1528 5263 profecisse
1556 5197 1844 5253 videretur.
1898 5198 2156 5269 Sperasse

575 5279 790 5349 quidem
819 5296 897 5349 se,
927 5280 1061 5349 fore,
1088 5293 1145 5339 ut
1171 5300 1203 5339 e
1229 5275 1419 5341 senatu
1445 5284 1663 5342 Patrum
1691 5290 1763 5359 (ιτ)
1794 5304 2056 5357 reversus,
2088 5291 2155 5348 de

576 5372 739 5429 rebus
763 5383 910 5429 esset
936 5382 1170 5443 acturus,
1214 5392 1333 5448 qum
1372 5387 1426 5435 et
1468 5379 1716 5449 jucunda:
1764 5382 1864 5437 sibi
1892 5393 1947 5438 et
1989 5394 2154 5453 grata:

577 5468 777 5542 populo
804 5477 964 5539 atque
993 5470 1149 5525 utiles
1176 5486 1295 5526 esse
1335 5482 1573 5542 possent.
1628 5473 1823 5529 Verum
1851 5475 1938 5530 vix
1967 5491 2156 5547 perve-

671 5611 727 5735 ii
750 5607 933 5735 583:?
952 5605 1357 5735 §;ngig't6§ss'

676 5683 725 5744 b)
750 5683 922 5735 Serm.
952 5683 1039 5742 25.
1102 5695 1189 5750 ag.
1214 5683 1340 5733 458.

676 5750 723 5819 c)
753 5748 946 5807 ﬂumil.
982 5695 1105 5821 ll;
1134 5764 1256 5822 pag.
1290 5750 1394 5805 575
1422 5765 1533 5825 seq.
1577 5770 1588 5807 :
1620 5752 1896 5822 Deberem,
1936 5758 2146 5823 fratres,

2246 5621 2372 5685 post
2401 5612 2494 5665 hos
2521 5610 2809 5681 complures
2835 5610 2946 5685 dies
2981 5610 3188 5685 aliquid
3212 5609 3416 5685 uberius

2258 4657 2393 4711 enim
2432 4672 2629 4728 semper
2669 4663 2815 4726 pater
2841 4654 3103 4710 osculatur
3143 4652 3329 4724 ﬁlium,
3361 4651 3452 4706 sed
3477 4660 3529 4706 et
3553 4651 3835 4724 aliquando

2256 4749 2495 4821 castigat.
2542 4746 2685 4819 Ergo
2722 4747 2927 4820 quando
2963 4746 3244 4817 castigatur
3281 4745 3370 4815 qui
3408 4743 3663 4815 diligitur,
3721 4751 3835 4796 tunc

2257 4843 2395 4897 circa
2428 4855 2543 4894 eum
2570 4840 2733 4911 pietas
2756 4846 3037 4893 exercetur.
3071 4834 3120 4890 ll
3127 4835 3241 4890 abet
3262 4836 3396 4890 enim
3416 4844 3467 4889 et
3484 4851 3635 4889 amor
3652 4835 3835 4915 plagas

2257 4950 2398 4999 suas,
2450 4947 2564 5004 qua:
2610 4930 2863 4986 dulciores
2908 4937 3045 4994 sunt,
3093 4945 3209 4983 cum
3240 4926 3469 4981 amarius
3523 4928 3834 5000 inferuntur.

2258 5023 2473 5079 Dulcior
2516 5023 2653 5077 enim
2696 5031 2775 5076 est
2818 5021 3057 5092 religiosa
3114 5020 3386 5091 castigatio
3441 5035 3595 5092 quam
3646 5017 3836 5073 blanda

2257 5115 2522 5180 remissio;
2566 5112 2701 5168 unde
2729 5113 2804 5167 ait
2848 5111 3136 5181 propheta:
3169 5110 3417 5165 Dulciora
3464 5118 3585 5164 sunt
3626 5107 3835 5163 vulnera

2259 5206 2413 5261 amici
2447 5221 2601 5276 quam
2628 5203 2915 5259 voluntaria
2943 5203 3120 5257 oscula
3148 5202 3383 5275 inimici.
3403 5199 3592 5273 Igitur,
3623 5201 3833 5272 fratres,

2259 5297 2379 5366 quia
2406 5303 2521 5367 post
2546 5302 2622 5350 tot
2648 5292 3016 5363 increpationis
3044 5308 3172 5355 mea:
3203 5292 3353 5346 utilia
3380 5288 3531 5345 verba
3573 5289 3727 5344 credo
3750 5304 3837 5343 vos

2258 5388 2570 5461 benignitate
2588 5403 2825 5442 sensuum
2852 5387 3150 5458 profecisse,
3183 5385 3246 5439 de
3262 5384 3426 5439 sacris
3451 5384 3641 5438 litteris
3662 5383 3837 5454 alimus

2258 5482 2594 5552 conferemus.
2637 5476 2783 5532 Sicut
2828 5478 2962 5532 enim
3010 5479 3146 5546 fons,
3175 5477 3260 5548 qui
3296 5491 3400 5530 non
3437 5474 3591 5529 solito
3632 5473 3838 5526 humore

2256 5621 2372 5685 post
2401 5612 2494 5665 hos
2521 5610 2809 5681 complures
2835 5610 2946 5693 dies
2981 5610 3177 5683 aliquid
3212 5609 3416 5664 uberius
3439 5607 3760 5734 Iri-rediere,
3788 5615 3838 5661 et

2256 5691 2510 5738 revertens
2533 5696 2566 5734 a
2586 5688 2731 5736 tanto
2749 5697 2987 5737 exortum
3007 5680 3347 5747 sacerdotum,
3368 5679 3435 5732 du
3457 5694 3503 5732 ct
3524 5694 3622 5733 vos
3642 5693 3838 5733 sermo-

2257 5772 2322 5808 ne
2347 5752 2576 5817 reﬁcere,
2605 5758 2711 5808 etc.

3349 5870 3386 5915 6
