4050 6356
456 297 559 352 159

1564 286 1724 342 VI'I‘A
1761 285 1819 342 S.
1862 284 2103 341 MAXIMI
2143 279 2610 339 TAURINENSIS.

3682 267 3819 322 £60

459 428 575 470 rem
596 394 908 468 familiarem
934 423 1085 465 suam
1108 407 1516 478 ampliticarent.
1549 406 1666 472 Qua
1686 420 1755 460 ex
1776 420 1837 459 re
1860 403 2033 473 conji-
2063 408 2113 467 Α
2211 400 2297 455 XI.
2330 399 2636 454 Gensericus
2687 392 2954 448 Vandalus
2998 395 3053 447 in
3097 391 3307 447 Italiam
3345 407 3460 445 cum
3501 386 3814 444 exercitu

460 522 586 563 cere
624 505 847 578 quisque
897 508 1077 573 potest
1122 484 1384 557 barbaros
1431 513 1539 555 non
1600 496 1773 553 solum
1835 496 1901 551 ab
1952 496 2035 549 in-

460 596 601 667 juria
637 597 691 652 in
737 592 1079 659 Taurinates,
1128 599 1291 661 atque
1330 605 1363 645 a
1391 587 1534 663 [CLV]
1564 587 1828 643 maleficio
1873 586 2042 642 absti-

461 686 686 752 nuisse;
738 699 923 741 verum
982 677 1147 740 etiam
1204 681 1452 738 retulisse
1500 678 1720 750 gradum
1741 720 1756 746 ,
1818 687 2046 750 postque

461 791 570 835 non
614 777 785 834 multo
826 776 895 832 ad
928 791 1057 832 suos
1101 774 1156 829 in
1190 772 1524 829 Pannoniam
1572 771 1877 827 revertisse.
1909 768 2048 825 Sunt

459 868 554 940 qui
602 866 891 924 Maximum
942 866 1014 922 ad
1060 864 1279 920 Attilam
1317 862 1560 929 venisse,
1613 862 1681 939 ab
1723 875 1897 931 eoque
1942 861 2045 915 im-

460 967 713 1032 petrasse
748 958 925 1014 ferant
946 964 1007 1013 ut
1033 972 1102 1013 ne
1128 957 1319 1013 urbem
1360 962 1699 1026 oppugnaret
1725 967 1863 1008 neve
1889 966 2048 1023 agros

467 1053 816 1110 Taurinatum
874 1051 1244 1123 popularetur.
1302 1048 1408 1105 Sed
1450 1048 1506 1103 hi
1558 1047 1852 1118 scriptores
1870 1086 1885 1113 ,
1927 1059 2047 1100 cum

463 1149 709 1198 recentes
760 1141 869 1197 sint
894 1180 910 1208 ,
969 1140 1073 1196 etsi
1118 1155 1248 1195 vera
1292 1138 1520 1195 fortasse
1566 1146 1786 1193 narrent
1809 1177 1824 1202 ,
1902 1135 2049 1191 nullo

468 1241 648 1289 tamen
692 1240 877 1288 vetere
934 1231 1177 1287 nituntur
1221 1236 1570 1287 monumento
1591 1270 1606 1295 ,
1656 1243 1763 1300 quo
1818 1227 2051 1298 probare

465 1324 716 1394 cuiquam
769 1321 917 1393 quod
961 1328 1182 1378 narrant
1225 1321 1469 1392 possint.
1499 1319 1615 1376 Hoc
1659 1324 1868 1376 certum
1920 1327 2046 1375 est:

466 1413 788 1472 Taurinates
813 1429 948 1485 pace
972 1413 1192 1478 abusos,
1226 1427 1346 1482 quae
1358 1412 1513 1467 bona
1538 1418 1727 1467 contra
1753 1410 1841 1480 jus
1868 1408 2053 1479 fasque

467 1505 686 1562 barbari
710 1503 949 1560 finitimis
977 1504 1189 1576 p0pulis
1222 1502 1598 1573 nonnullisque
1621 1503 1784 1557 etiam
1812 1499 2054 1557 fortassis

470 1612 689 1652 suorum
719 1596 917 1652 civium
943 1595 1274 1665 eripuerant,
1301 1594 1583 1649 coemisse.
1617 1591 1793 1648 Grave
1816 1591 1870 1646 id
1890 1590 2055 1647 fuisse

432 1682 435 1685 ’
471 1690 725 1746 Maximo.
756 1688 931 1757 Quare
954 1690 1126 1761 ipsum
1155 1688 1444 1744 allocutum
1474 1702 1569 1743 eos
1594 1687 1651 1742 in
1671 1687 1810 1741 hanc
1837 1692 2054 1740 sentcn-

2144 498 2299 551 venit.
2336 491 2592 547 Timentes
2613 488 2921 543 Taurinates
2945 486 3209 541 Maximus
3232 496 3289 539 ut
3316 487 3386 539 ad
3421 484 3614 539 Deum
3640 499 3814 537 cou-

2146 588 2348 659 fugiant
2408 585 2661 639 hortatur.
2704 610 2777 623 —-
2811 578 3186 634 Valentiniano
3244 576 3311 631 III
3367 577 3810 647 imperatore,

2146 676 2384 733 Petronii
2428 673 2646 728 Maximi
2680 669 2903 743 perﬁdia
2946 684 3035 725 an.
3088 667 3194 723 455
3243 667 3473 739 imperio
3516 666 3814 735 vitaque

2144 768 2374 839 privato,
2397 779 2520 821 cum
2546 762 2833 818 Petronius
2853 759 2994 817 idem
3013 760 3189 816 dictus
3208 760 3506 831 imperator
3525 757 3809 825 fuisset,

2146 857 2553 927 Eudoxiamque
2597 853 2957 909 Valentiniani
3012 852 3224 908 viduam
3272 865 3415 921 aegre
3467 849 3808 906 ferentem

2146 959 2309 1021 atque
2336 947 2557 1005 invitam
2584 947 2824 1004 duxisset
2852 946 2907 1001 in
2934 944 3355 1010 matrimonium,
3388 957 3476 1011 ea,
3507 951 3579 997 ut
3611 940 3811 1013 inju-

2147 1045 2285 1100 riam
2321 1044 2522 1099 illatam
2558 1042 2660 1098 sibi
2699 1048 3036 1109 mortemque
3064 1038 3162 1093 viri
3192 1032 3579 1102 ulcisceretur,
3618 1035 3806 1091 Car-

2152 1136 2419 1205 thaginem
2462 1134 2529 1190 ad
2577 1131 2923 1189 Gensericum
2960 1128 3322 1186 Vandalorum
3365 1142 3556 1199 regem
3606 1127 3805 1184 clam

2149 1231 2324 1286 virum
2352 1228 2455 1286 sibi
2481 1227 2797 1283 familiarem
2824 1240 2944 1282 cum
2973 1224 3166 1280 litteris
3194 1230 3439 1294 rogatum
3477 1223 3654 1278 misit
3692 1231 3795 1288 ut,

2151 1335 2346 1391 magno
2375 1319 2615 1376 exercitu
2641 1325 2851 1381 coacto,
2883 1317 3110 1373 Romam
3137 1314 3507 1381 contenderet,
3538 1315 3801 1386 ipsam—

2152 1427 2259 1483 que
2296 1412 2592 1468 vindicaret
2637 1411 2693 1466 in
2738 1398 3061 1466 libertatem.
3110 1407 3433 1466 Gensericus
3470 1424 3588 1465 non
3642 1409 3798 1479 jam

2155 1502 2406 1572 Augustae
2450 1501 2673 1573 parendi
2717 1502 3013 1569 voluntate,
3055 1500 3154 1556 sed
3192 1516 3290 1572 spe
3326 1501 3541 1572 praxim,
3580 1518 3797 1573 quam

2157 1603 2306 1652 certo
2348 1594 2570 1662 sciebat,
2617 1594 2852 1665 opimam
2880 1592 3015 1658 fore,
3045 1608 3305 1665 quantum
3347 1597 3526 1667 potuit
3572 1596 3793 1669 celer-

2156 1687 2293 1741 rime
2336 1686 2389 1741 in
2426 1685 2632 1741 Italiam
2661 1686 2973 1742 transmisit.
3002 1686 3260 1757 Cumque,
3292 1701 3356 1742 ea
3384 1703 3445 1742 re
3474 1690 3787 1755 nuntiata,

470 1787 623 1857 tiam.
644 1777 807 1840 fuisse
836 1785 913 1856 (a)
947 1803 960 1837 :
989 1783 1132 1837 Dicit
1177 1782 1450 1853 Scriptura
1477 1780 1548 1835 ad
1592 1780 1728 1852 filios
1758 1778 1929 1834 Israel
1963 1794 1979 1831 :
2009 1776 2052 1829 Α
2085 1793 2133 1854 Β
2159 1793 2188 1832 a
2215 1777 2473 1833 militibus
2490 1778 2797 1849 populoque
2822 1777 3067 1834 Romano
3086 1776 3370 1834 Petronius
3391 1780 3785 1852 interemptus

473 1875 633 1930 bestia
670 1878 877 1947 captum
905 1891 969 1929 ne
998 1874 1246 1945 tetigeris,
1269 1878 1397 1938 etc.,
1422 1881 1471 1926 et
1498 1889 1587 1943 per
1607 1871 1703 1926 hoc
1725 1870 1947 1925 deterior
1966 1869 2055 1922 be-

474 1969 573 2022 stia
599 1975 674 2021 est
700 1969 928 2039 quisquis
957 1968 1112 2022 sumit
1139 1966 1276 2038 quod
1304 1964 1481 2022 bestiae
1508 1966 1782 2036 superavit.
1825 1962 1925 2017 Dic
1951 1962 2057 2034 igio

476 2066 561 2111 tur
586 2058 733 2124 milii,
765 2068 817 2111 tu
843 2056 1156 2123 Christiane,
1200 2073 1291 2111 cur
1330 2055 1562 2127 pratdam
1602 2056 1834 2110 relictam
1857 2072 1889 2108 a
1916 2071 2057 2122 pra:-

478 2147 698 2202 donibus
724 2149 1202 2220 prwsumpsisti?...
1245 2146 1352 2203 Sed
1374 2148 1595 2218 forsitan
1623 2148 1808 2203 emisse
1832 2154 1881 2201 te
1908 2147 2056 2212 dicis,

475 2247 527 2293 et
544 2238 660 2294 ideo
679 2241 913 2295 avaritite
932 2247 986 2293 tu
1006 2241 1198 2294 crimen
1218 2238 1414 2294 evadis.
1439 2236 1567 2293 Non
1584 2240 1659 2293 ita
1672 2232 1810 2292 solet
1826 2247 2064 2294 constare

475 2329 665 2400 emptio
689 2337 842 2402 atque
869 2329 1115 2386 venditio.
1148 2328 1353 2385 Bonum
1382 2339 1459 2384 est
1493 2345 1681 2391 emere,
1712 2329 1803 2383 sed
1830 2330 1884 2383 in
1910 2343 2059 2400 pace,

477 2420 612 2492 quod
636 2424 846 2493 propria
873 2423 1136 2477 voluntate
1160 2422 1416 2488 venditur,
1444 2438 1550 2476 non
1571 2422 1627 2475 in
1656 2420 2061 2491 depraedatione.

483 2511 697 2585 Respice
746 2522 1039 2570 contractus
1101 2516 1373 2587 originem,
1429 2514 1734 2569 venditionis
1781 2522 2062 2580 auctorem,

482 2606 634 2677 pretii
653 2608 1008 2676 quantitatem,
1038 2613 1089 2661 et
1115 2606 1365 2677 intelligis
1393 2605 1587 2676 praeda:
1612 2606 1801 2676 magis,
1829 2621 1933 2658 non
1956 2620 2070 2658 ven-

485 2696 695 2752 ditionis
721 2705 1020 2769 emptorem.
1067 2696 1219 2753 Unde
1258 2698 1397 2752 enim
1433 2697 1657 2752 barbaro
1697 2697 1814 2751 auri
1848 2712 2071 2767 gemma-

485 2806 696 2862 rumque
716 2790 965 2846 monilia?
987 2790 1134 2846 Unde
1153 2791 1330 2863 pellito
1353 2792 1517 2845 serica
1537 2790 1876 2844 vestimenta?
1898 2787 2065 2856 Unde,

485 2899 628 2954 rogo,
676 2881 916 2939 Romana
962 2885 1223 2952 mancipia
1261 2884 1462 2938 sumis?
1489 2882 1695 2937 Scimus
1734 2898 1795 2935 ea
1834 2896 2071 2951 compro-

485 2974 780 3047 vincialium
802 2983 1098 3030 nostrorum
1125 2991 1253 3039 esse,
1278 2974 1356 3029 vel
1395 2974 1596 3028 civium.
1638 2971 1829 3028 Faciat
1855 2989 1979 3044 ergo
2016 2980 2072 3026 ut

488 3067 812 3122 Clariuianus
841 3077 890 3123 et
918 3069 1061 3135 civis,
1104 3068 1189 3138 qui
1223 3067 1339 3121 ideo
1379 3067 1520 3131 emit,
1552 3075 1608 3118 ut
1636 3064 1839 3119 reddat.
1879 3063 1953 3118 Ita
1985 3063 2074 3119 illc

2160 1876 2323 1934 esset,
2354 1876 2410 1923 et
2447 1867 2717 1924 Vandalus
2757 1866 2954 1924 Urbem
2992 1867 3046 1922 in
3086 1876 3408 1939 potestatem
3448 1868 3786 1939 redegisset

2161 1972 2226 2012 ac
2252 1956 2577 2027 diripuisset,
2608 1967 2666 2013 et
2710 1958 3001 2027 Augustam
3044 1958 3097 2012 in
3139 1956 3371 2013 Africam
3397 1960 3783 2016 transducere

2165 2049 2325 2105 veluti
2365 2050 2631 2121 captivam
2670 2050 3057 2115 constituisset,
3100 2050 3369 2122 plenaque
3415 2060 3562 2108 esset
3600 2054 3782 2122 regio

2162 2144 2512 2229 barbarorum
2528 2185 2544 2210 ,
2595 2144 2828 2215 indeque
2882 2160 3092 2200 rursum
3144 2143 3463 2201 Taurinates
3507 2154 3778 2201 metuere

2164 2238 2469 2309 coepissent,
2503 2237 2561 2293 S.
2600 2238 2825 2294 antistes
2870 2238 2949 2294 sic
2993 2248 3076 2294 est
3119 2239 3175 2293 in
3221 2238 3490 2308 frequenti
3517 2240 3777 2295 ecclesia

2165 2328 2422 2399 populum
2452 2329 2715 2385 allocutus
2746 2330 2820 2402 (ὁ)
2853 2348 2865 2383 :
2890 2330 2972 2383 Ad
3003 2330 3166 2385 Deum
3196 2331 3353 2385 castis
3382 2330 3640 2404 obsequiis
3665 2349 3773 2386 ac-

2165 2420 2425 2474 cedamus.
2452 2418 2566 2475 Nec
2592 2422 2835 2491 quoniam
2858 2420 3239 2492 allophylon
3278 2407 3771 2495 circumstrepenti-

2167 2516 2259 2570 bus
2286 2515 2447 2570 armis
2476 2515 2733 2587 angimur,
2765 2531 2879 2588 quae
2903 2514 3263 2569 dissidentium
3280 2532 3460 2587 regunt
3487 2518 3771 2572 suscitavit

2169 2606 2445 2671 discordia,
2475 2606 2593 2662 ideo
2622 2603 2835 2661 Natalis
2857 2606 2959 2662 diei
2979 2605 3191 2662 Domini
3220 2608 3465 2679 mysteria
3482 2625 3596 2662 cum
3619 2626 3765 2682 gau-

2169 2701 2254 2757 dio
2301 2699 2556 2755 celebrare
2597 2717 2703 2756 non
2758 2700 3033 2767 debemus;
3080 2702 3312 2772 quinimo
3357 2704 3525 2773 potius
3568 2704 3761 2757 eadem

2170 2792 2568 2864 competentibus
2595 2791 2797 2864 gaudiis
2824 2808 3137 2858 veneremur,
3172 2791 3338 2848 Deum
3373 2806 3654 2858 exerentes,
3690 2804 3761 2849 ut

2171 2882 2234 2936 ab
2263 2884 2378 2937 istis
2417 2882 2656 2952 periculis
2686 2880 2848 2956 [csvr]
2884 2899 2976 2938 nos
3005 2883 3227 2939 liberare
3265 2892 3316 2939 et
3356 2886 3607 2941 custodire
3639 2903 3753 2939 sua

2171 2980 2360 3049 pietate
2383 2977 2643 3050 dignetur.
3116 2966 3125 2971 ’

2243 3066 2353 3122 XII.
2404 3067 2631 3123 Basilica
2670 3070 2907 3141 princeps
2943 3069 3084 3124 urbis
3122 3067 3411 3125 Mediolani
3443 3072 3508 3125 ab
3542 3069 3746 3126 Hunni:

488 3158 759 3228 redarguit
798 3173 893 3213 eos
933 3158 1025 3228 qui
1070 3156 1456 3228 supellcctilem
1485 3163 1747 3211 auxerant
1774 3154 1948 3210 aliena
1974 3153 2061 3223 ja-
2090 3166 2139 3231 ρ
2170 3177 2342 3216 eversa
2371 3162 2433 3215 ab
2473 3160 2698 3225 Eusebio
2723 3163 2962 3233 episcopo
2989 3163 3294 3216 restituitur.
3330 3161 3464 3235 Ejus
3500 3166 3749 3218 accersita

491 3258 668 3317 ctura,
692 3249 986 3320 docuitque
1022 3249 1233 3305 restitui
1276 3248 1504 3303 dominis
1531 3255 1781 3317 oportere
1805 3245 1950 3316 quod
1973 3261 2069 3316 per

376 3420 381 3425 Ι
491 3342 594 3397 vin
622 3343 753 3413 ipsis
781 3341 987 3406 fuisset,
1021 3341 1377 3411 injuriamque
1404 3355 1434 3394 a
1469 3340 1708 3395 barbaris
1732 3338 2028 3424 dereptum.

560 3434 628 3491 Χ.
660 3433 741 3490 De
768 3434 994 3490 Maximi
1021 3436 1077 3489 in
1105 3442 1311 3506 egentes
1333 3434 1549 3505 pietate,
1581 3432 1741 3504 deque
1770 3433 1881 3502 ejus
1910 3431 2070 3486 virtu-

493 3528 625 3583 tibus
672 3529 894 3583 cazteris.
935 3553 1010 3565 —-
1035 3524 1137 3580 Vix
1181 3540 1371 3591 annus,
1423 3524 1690 3595 pauloque
1735 3522 1964 3593 amplius
2005 3521 2074 3578 ab

494 3618 670 3675 Attila:
716 3619 771 3673 in
815 3617 1149 3675 Pannoniam
1188 3616 1364 3673 reditu
1411 3617 1806 3682 intercesserat,
1842 3630 1965 3671 cum
2003 3616 2074 3671 ob

496 3708 863 3764 incredibilem
910 3711 1207 3765 siccitatem
1248 3709 1364 3764 Itali
1402 3709 1471 3764 ad
1509 3709 1587 3765 rei
1624 3707 1983 3764 frumentariae
2011 3723 2075 3764 ac

497 3797 707 3867 frugum
734 3798 970 3870 inopiam
1008 3797 1239 3865 adducti,
1274 3798 1468 3855 famem
1496 3800 1762 3855 sustinere
1786 3815 1892 3856 non
1916 3814 2077 3869 posse

495 3890 824 3949 viderentur.
857 3889 1028 3959 Quam
1059 3900 1186 3947 tunc
1216 3893 1454 3964 pluxerit
1485 3892 1656 3963 pietas
1694 3893 1747 3946 in
1774 3907 1902 3947 suos
1925 3907 1989 3947 ac
2012 3891 2078 3945 li-

495 3981 753 4039 beralitas
794 3970 1009 4041 Maximi
1054 3983 1272 4042 difﬁcile
1327 3994 1410 4041 est
1467 3985 1792 4040 existimare.
1840 3984 1900 4039 Id
1936 3984 2078 4040 enim

499 4077 713 4143 virtutis
738 4091 926 4147 genus,
955 4078 1102 4148 quod
1130 4079 1219 4133 ille
1242 4078 1421 4133 verbis
1449 4092 1658 4132 summo
1685 4090 1898 4146 semper
1916 4089 2080 4146 opere

498 4168 617 4225 aliis
656 4169 1076 4235 commendarat,
1120 4184 1182 4224 re
1226 4169 1405 4239 plane,
1433 4182 1594 4236 quam
1623 4168 1678 4222 in
1708 4182 1768 4223 se
1813 4174 1957 4222 esset
1984 4182 2081 4223 ex—

496 4260 717 4325 cellens,
748 4260 1001 4318 ostendit.
1051 4260 1186 4314 Nam
1233 4260 1300 4315 ad
1344 4259 1510 4325 cives,
1535 4274 1762 4328 quorum
1795 4259 2082 4330 pauperies

497 4362 641 4412 esset
666 4354 966 4422 angustior,
996 4352 1340 4418 accurrebat;
1372 4339 1535 4421 anque
1562 4351 1726 4422 ipsos,
1756 4351 2081 4422 quibuscun-

498 4459 605 4516 que
629 4446 791 4501 rebus
809 4449 1043 4515 poterat,
1067 4441 1310 4513 juvabat.
1340 4441 1523 4512 Neque
1544 4442 1596 4497 id
1622 4451 1746 4503 tunc
1772 4443 1966 4507 solum,
1987 4441 2080 4497 sed

2172 3264 2453 3328 rogataque
2478 3255 2742 3310 Maximus
2774 3257 3061 3312 orationem
3103 3257 3174 3311 ad
3210 3257 3455 3329 populum
3481 3256 3651 3311 habet.
3680 3288 3753 3299 —-

2174 3347 2381 3403 Interea
2401 3346 2622 3402 basilica
2644 3346 3055 3403 Mediolanensis
3074 3362 3235 3417 quam
3272 3347 3584 3403 Hunnorum
3605 3347 3754 3403 furor

2175 3444 2461 3501 everterat,
2492 3434 2705 3493 Eusebii
2738 3438 2977 3508 episcopi
3021 3452 3148 3494 cura
3189 3453 3253 3493 ac
3294 3438 3570 3507 diligentia
3597 3438 3752 3493 resti-

2176 3535 2292 3583 tuta
2322 3526 2437 3583 fuit.
2467 3526 2547 3583 Eo
2574 3543 2698 3584 cum
2734 3527 3016 3596 Maximus,
3040 3528 3395 3585 dedicationis
3422 3544 3601 3595 causa,
3640 3527 3749 3583 Eu-

2176 3619 2311 3675 scbii
2357 3619 2524 3690 ipsius
2559 3626 2753 3688 rogatu
2776 3620 3147 3689 accersituque
3173 3620 3429 3684 venisset,
3458 3620 3750 3675 orationem

2176 3711 2383 3778 habuit,
2410 3726 2531 3781 qua:
2550 3719 2633 3767 est
2658 3710 2913 3782 inscripta
2940 3710 3004 3765 de
3025 3710 3375 3782 Reparatione
3390 3712 3613 3768 ecclesia
3628 3710 3744 3764 Ile-

2179 3805 2492 3860 diolanensis
2519 3804 2611 3875 (c).
2652 3803 2711 3858 In
2738 3803 2842 3859 hac
2878 3802 2946 3858 de
2976 3803 3184 3873 justitia
3212 3802 3305 3859 Dei
3344 3803 3399 3859 in
3428 3811 3628 3868 sontes,
3653 3800 3749 3857 de-

2178 3909 2284 3963 que
2330 3893 2695 3950 misericordia
2743 3907 2868 3963 erga
2912 3894 3289 3964 resipiscentes
3321 3894 3601 3964 bonosque
3626 3894 3753 3963 egit.

2180 3984 2505 4041 Restitutum
2533 3986 2666 4042 dixit
2690 4001 2808 4043 esse
2833 3994 2994 4042 tantae
3019 3987 3167 4043 urbis
3187 3987 3466 4058 templum,
3492 3988 3758 4059 praecipue

2181 4072 2397 4130 Eusebii
2423 4074 2661 4144 ejusdem
2689 4090 2873 4148 opera.
2904 4075 3074 4147 Hujus
3109 4092 3397 4134 maerorem
3426 4080 3480 4133 in
3508 4078 3758 4148 gaudium

2181 4182 2396 4222 versum
2437 4169 2893 4224 commemoravit.
2940 4166 3211 4224 Orandum
3249 4169 3481 4240 denique
3528 4170 3756 4236 monuit,

2181 4270 2239 4313 ut
2261 4261 2393 4314 sicut
2410 4277 2533 4333 erga
2559 4261 2690 4315 cives
2716 4260 3038 4332 indignantis
3067 4259 3166 4316 Dei
3193 4261 3419 4316 vindicta
3443 4279 3549 4316 non
3574 4262 3758 4333 defuit,

2182 4353 2255 4407 ita
2281 4354 2408 4425 ipsis
2435 4354 2766 4424 propitiantis
2792 4355 2953 4425 pietas
2992 4339 3360 4426 perseveraret.
3400 4353 3590 4410 Redux
3636 4354 3761 4410 inde

2184 4440 2446 4498 Maximus
2489 4443 2775 4513 Augustam
2826 4443 3179 4499 Taurinorum
3237 4459 3429 4514 passus
3487 4460 3773 4515 nunquam.

500 4536 667 4592 etiam
689 4536 1047 4602 continenter,
1075 4533 1188 4606 jam
1218 4534 1343 4590 inde
1369 4533 1437 4589 ab
1469 4549 1536 4590 eo
1567 4541 1828 4605 tempore,
1862 4528 1973 4602 quo
1993 4547 2084 4590 ce-
2106 4547 2160 4609 D
2187 4544 2285 4599 est,
2316 4544 2375 4590 ut
2401 4535 2509 4591 ulla
2536 4551 2568 4590 a
2594 4550 2653 4591 se
2682 4535 2865 4606 populi
2891 4534 3119 4592 docendi
3155 4543 3408 4607 recteque
3448 4536 3761 4593 instituendi

503 4638 658 4696 perat
684 4629 1069 4701 episcopatum,
1094 4629 1390 4700 praesertim
1418 4637 1598 4685 autem
1626 4644 1769 4685 anno
1796 4625 1918 4693 450,
1944 4642 2084 4683 sum-

507 4732 598 4772 mo
627 4718 805 4774 studio
832 4727 887 4774 et
913 4736 1041 4776 cura
1067 4720 1209 4786 fecit,
1240 4737 1349 4792 quo
1377 4722 1593 4793 quidem
1622 4737 1763 4777 anno
1790 4721 1940 4776 Italia
1961 4735 2079 4777 om-

509 4806 594 4861 nis
636 4808 753 4875 pari
799 4807 1102 4865 conﬂictata
1161 4811 1334 4866 fuerat
1379 4827 1603 4869 annonae
1657 4814 1898 4869 caritate.
1944 4811 2083 4880 Quin

507 4897 670 4952 etiam
698 4913 820 4953 cum
851 4900 924 4953 ita
952 4909 1097 4955 esset
1136 4902 1427 4967 institutus,
1468 4912 1659 4958 utnon
1705 4904 1873 4974 magis
1905 4904 2084 4960 verbis

507 5004 669 5059 quam
710 4992 958 5062 exemplo
1011 4992 1158 5049 clero
1206 5009 1266 5048 se
1301 4995 1607 5064 populoque
1654 4997 1841 5064 prmire
1887 4996 2084 5052 debere

506 5081 787 5152 judicaret,
831 5085 904 5139 ita
949 5086 1100 5151 vixit,
1131 5095 1190 5140 ut
1234 5087 1512 5156 religione,
1542 5101 1723 5141 amore
1752 5088 1806 5141 in
1835 5087 2002 5142 Deum
2030 5096 2087 5145 et

512 5173 813 5244 proximos,
837 5175 1073 5245 justitia,
1110 5176 1452 5242 fortitudine,
1499 5179 1874 5248 temperantia,
1908 5179 2084 5233 conti-

511 5270 717 5336 nentia,
757 5272 1093 5340 liberalitate,
1135 5274 1335 5328 virtute
1361 5272 1592 5342 denique
1611 5274 1757 5327 omni
1786 5280 2082 5343 praestaret,

510 5366 751 5438 nihilque
787 5367 1033 5424 oratione
1078 5366 1420 5437 prmciperet,
1467 5364 1611 5435 quod
1656 5380 1764 5420 non
1806 5364 1921 5435 ipse
1961 5373 2087 5421 ante

510 5459 799 5548 perfecisse
824 5475 989 5532 opere
1019 5460 1306 5516 videretur.

582 5667 660 5804 2:}
690 5667 883 5796 an:
915 5663 1313 5805 tisse-23%

2189 4626 2513 4681 intermissio
2542 4626 2712 4682 fieret.

2260 4716 2395 4771 XIII.
2439 4716 2703 4772 Maximus
2738 4734 2878 4773 anno
2907 4717 3012 4778 465
3036 4718 3256 4775 Romam
3284 4722 3439 4785 venit,
3472 4720 3765 4790 sgnodoque

2190 4811 2253 4865 ab
2290 4809 2480 4864 Hilaro
2516 4809 2761 4880 pontifice
2790 4820 2983 4865 coacta:
3012 4811 3266 4880 interfuit.
3290 4839 3364 4849 —
3390 4809 3490 4864 An.
3524 4809 3629 4863 465
3658 4809 3766 4862 llos

2190 4917 2333 4957 mam
2360 4916 2420 4957 se
2445 4900 2512 4955 ad
2540 4900 2889 4970 apostolicam
2928 4900 3109 4956 sedem
3139 4900 3383 4956 contulit.
3413 4899 3571 4967 Cum,
3606 4907 3662 4954 ut
3698 4914 3765 4953 cx

2190 4993 2305 5062 ejus
2322 4991 2553 5047 bomiliis
2576 4990 3020 5059 sermonibusque
3038 4997 3247 5046 constat
3268 4991 3369 5061 (ά),
3388 4991 3609 5060 insignis
3626 4998 3766 5045 esset

2190 5085 2357 5154 ipsius
2376 5096 2502 5152 erga
2524 5082 2581 5137 S.
2616 5082 2830 5137 Petrum
2856 5083 3219 5153 apostolon
3246 5083 3542 5159 principem
3564 5084 3762 5153 pietas;

2189 5177 2539 5251 dubitandum
2566 5192 2675 5232 non
2712 5184 2814 5240 est,
2845 5176 2972 5247 quin
3010 5191 3153 5247 saepe
3184 5175 3251 5230 ad
3283 5176 3400 5245 ejus
3440 5167 3760 5248 sepulcrum,

2191 5271 2423 5337 cultum,
2473 5271 2764 5335 honorem,
2806 5284 2996 5340 preces
3037 5270 3402 5335 adhibiturus,
3458 5269 3759 5325 accesserit.

2192 5361 2322 5417 Erat
2346 5369 2475 5418 tunc
2494 5360 2705 5418 Hilarus
2730 5368 2931 5417 sanctae
2959 5361 3212 5416 Romana:
3234 5360 3487 5417 Ecclesiae
3508 5360 3758 5433 pontifex.

2193 5454 2245 5511 Is
2264 5455 2456 5511 litteris
2475 5455 2688 5511 Ascanii
2708 5454 3125 5512 Tarraconensis
3146 5454 3381 5527 episcopi
3400 5453 3574 5512 factus
3597 5454 3764 5511 fuerat

2264 5659 2337 5801 ἒς)
2367 5658 2562 5715 Homil.
2593 5656 2683 5722 94,
2706 5672 2826 5729 pag.
2854 5656 2960 5712 515
2984 5673 3133 5729 seqq.

2287 5731 2344 5801 ά)
2383 5729 2512 5785 Vide
2526 5729 2731 5799 praefat.
2762 5737 2957 5801 nostra:
2984 5744 3129 5783 ιιιιιη.

2287 5724 2344 5801 d)
2383 5729 2512 5785 Vide
2526 5724 2731 5799 praefat:
2762 5724 2957 5801 nostra:
2984 5724 3129 5783 num.
3159 5726 3247 5792 52,
3274 5738 3397 5799 pag.
3427 5724 3549 5782 115.
3608 5737 3612 5740 ’
