4050 6356
193 366 295 422 161

843 357 1249 415 TESTIMONIA
1286 340 1503 414 SCRIP.
1550 353 1825 410 ECCLES.
1868 353 1955 408 DE
1993 355 2050 409 S.
2096 353 2363 409 MAXIMO
2403 354 2832 410 TAURINENSI.

2047 267 2178 282 -.τ-αν

189 478 414 540 certior,
445 475 719 532 Silvanum
747 473 1029 546 przcsulem
1059 473 1606 542 Calagurritanorum,
1635 483 1780 538 spre-
1805 485 1857 545 Α
1882 483 2116 537 vereque
2144 472 2395 525 senserit.
2426 469 2503 524 De
2530 469 2650 535 hac,
2683 486 2751 525 ne
2796 456 2961 525 multa
3001 485 3313 543 persequar,
3341 489 3462 530 cum

190 571 264 626 tis
286 567 661 624 ecclesiasticis
689 566 913 634 legibus,
943 565 1192 634 sedisque
1231 561 1538 632 apostolica:
1566 560 1780 615 institu-

190 662 288 728 tis,
311 677 409 716 suo
427 659 710 723 arbitratu,
734 657 878 712 nulla
901 656 1084 711 habita
1112 652 1512 724 metropolitani
1533 651 1782 706 antistitis

190 752 430 817 ratione,
479 749 796 822 presbytero
834 748 1018 804 nescio
1045 747 1132 802 cui
1162 745 1329 801 invito
1364 760 1428 800 ac
1463 744 1782 814 repugnanti

190 859 392 900 manus
433 842 768 914 imposuisse,
801 854 1031 910 eumque
1059 839 1290 910 populis,
1316 837 1408 907 qui
1449 836 1519 891 ad
1558 836 1778 891 alteram

189 934 471 991 dimcesim
509 934 862 1005 pertinerent,
893 931 1184 1001 quidquam
1225 929 1330 984 tale
1366 944 1435 984 ne
1462 928 1781 998 suspicanti-

191 1027 301 1083 bus
327 1027 542 1098 quidem
566 1026 878 1096 episcopum
905 1023 1266 1080 constituisse.
1291 1023 1468 1088 Quare
1492 1028 1549 1076 et
1571 1020 1781 1075 muneri

193 1137 321 1188 suo,
367 1128 423 1175 et
469 1120 699 1175 Ascanio
745 1118 812 1174 ad
856 1117 1013 1173 fidem
1054 1131 1149 1172 ore
1187 1116 1486 1186 apostolico
1512 1114 1781 1169 laudatam

190 1212 546 1282 confugienti,
578 1211 928 1283 poscentique
955 1208 1298 1279 majoremin
1326 1207 1566 1273 modum,
1595 1214 1653 1262 ut
1677 1205 1780 1262 Pe-

191 1304 270 1358 tri
297 1303 452 1358 sedes
478 1317 542 1358 ea
574 1301 643 1357 de
687 1317 747 1357 re
773 1300 900 1370 quid
939 1299 1082 1355 facto
1122 1305 1266 1354 esset
1293 1314 1455 1368 opus,
1488 1305 1778 1362 statueret,

190 1393 444 1467 pontifex
491 1392 633 1448 idem
678 1390 1065 1456 satisfacturus,
1115 1389 1378 1462 synodum
1427 1387 1568 1459 apud
1614 1387 1783 1443 aedem

189 1487 371 1542 beatae
409 1485 610 1550 Mariae,
652 1484 838 1539 Flavio
875 1484 1132 1539 Basilisco
1160 1492 1215 1539 et
1245 1480 1612 1538 llerminerico
1639 1497 1782 1537 coss.

188 1590 289 1635 ινι
323 1579 423 1632 cal.
456 1577 764 1633 Decembris
785 1578 964 1646 coegit
995 1577 1093 1649 (a).
1129 1576 1308 1631 Adfuit
1335 1575 1618 1640 Maximus,
1643 1575 1788 1646 prio-

189 1686 369 1742 reque
390 1672 509 1727 loco
528 1679 651 1742 post
671 1671 929 1733 Hilarum,
953 1670 1273 1726 sententiam
1295 1676 1512 1737 rogatus
1530 1668 1666 1724 dixit
1687 1667 1784 1739 (ὁ).

191 1764 316 1830 Qua
338 1780 404 1819 ex
431 1764 697 1820 sententia
719 1763 1024 1834 perspicere
1043 1762 1270 1834 quisque
1292 1770 1490 1832 potest,
1509 1777 1670 1832 quam
1699 1762 1789 1818 ille

193 1855 273 1910 de
302 1853 530 1911 Romani
567 1855 819 1910 antistitis
847 1855 1167 1911 auctoritate
1203 1855 1495 1924 sapienter,
1537 1855 1791 1925 praeclare

277 2054 354 2178 (a)
388 2053 541 2110 Tom.
582 2053 624 2108 ll
655 2053 968 2136 Concilion,
1001 2065 1122 2123 pag.
1149 2048 1251 2103 799
1279 2065 1428 2120 seqq.
1461 2051 1588 2107 edit.
1618 2051 1790 2107 Paris.
1823 2057 1868 2119 Β

255 2142 292 2179 ι.
359 2123 482 2178 7H.
507 2123 706 2179 Confer
733 2133 896 2179 etiam
926 2124 1129 2179 nnefat.
1157 2129 1351 2176 nostra:
1373 2137 1522 2176 num.
1545 2121 1634 2179 52.
1659 2137 1780 2179 past.

191 2143 292 2180 an.

297 2195 306 2208 .
329 2121 482 2178 17H.
507 2123 706 2180 Confer
733 2125 896 2180 etiam
926 2121 1129 2195 pnefat.
1157 2129 1351 2176 nostra:
1373 2137 1522 2176 num.
1545 2121 1634 2185 52,
1659 2137 1780 2194 pag.

196 2196 558 2335 Ηῗὼιὺίόη
591 2280 711 2335 pag.
754 2265 888 2328 801,
927 2274 981 2320 et
1018 2267 1224 2336 pncfat.
1269 2256 1463 2320 nostra:
1513 2279 1656 2316 num.
1697 2263 1784 2326 52,

197 2351 334 2407 pag.
367 2335 489 2388 116.
1023 2335 1032 2336 “

283 2407 352 2476 (c)
388 2405 598 2476 Prasfat.
632 2414 828 2476 nostra:
851 2423 996 2460 nutu.
1025 2406 1114 2472 52,
1147 2421 1267 2476 pag.
1296 2405 1384 2459 26.

281 2409 352 2544 ᾖ)
388 2409 598 2460 Prasl'at.
632 2414 828 2461 nostra:
851 2423 996 2460 nutu.
1025 2409 1114 2472 52,
1135 2421 1267 2487 _pag.
1296 2409 1384 2459 26.

342 2475 358 2545 )
407 2475 750 2547 Martyrolog.
792 2475 946 2547 Rom.
992 2477 1057 2530 ad
1081 2476 1335 2547 Adtenrvn
1363 2475 1465 2547 cal.
1499 2472 1602 2547 Jul.
1631 2472 1787 2527 Card.

193 2544 403 2601 Baren.
447 2546 499 2599 in
539 2544 652 2601 not.
687 2546 753 2600 ad
787 2545 1032 2617 eumdem
1081 2545 1353 2617 Martyrol.
1390 2544 1786 2617 Rrom._locum,_

193 2617 295 2671 ubi
324 2617 487 2670 etiam
529 2617 772 2670 meminit
809 2615 949 2670 idem
991 2612 1276 2670 statuentis
1314 2616 1503 2670 Bellini
1550 2612 1792 2667 Patavini

192 2687 321 2743 0rd.
347 2685 628 2741 Eremitar.
653 2687 707 2741 S.
738 2685 1017 2754 Augustini
1047 2685 1392 2757 Martyrolog.
1424 2685 1554 2741 edit.
1594 2684 1785 2739 Venet.

1891 559 2202 628 magnitudo
2254 561 2627 615 commentarii
2673 561 2942 631 prohibet,
2997 571 3106 616 tum
3152 564 3349 630 cautio,
3398 581 3467 620 ne

1890 670 2101 708 rursum
2127 653 2195 709 de
2223 655 2288 709 iis
2314 669 2490 724 agam,
2520 668 2642 723 qua:
2667 654 2775 710 alio
2803 655 2924 711 loco
2951 655 3192 726 pluribus
3215 655 3284 728 (c)
3316 673 3466 714 com-

1888 748 2283 817 prehenderim.

1959 838 2096 893 XIV.
2121 839 2200 894 De
2217 841 2387 894 sancti
2405 838 2632 894 Maximi
2652 836 2813 894 obitu.
2835 872 2907 884 -—-
2928 840 3296 898 Decesseritne
3339 857 3468 900 vero

1887 930 2149 987 Maximus
2176 931 2366 1009 eodem
2408 947 2570 996 anno,
2613 945 2682 985 an
2725 930 2926 988 diutius
2962 932 3174 998 vixerit,
3206 932 3468 990 incertum

1887 1031 1988 1079 est.
2020 1023 2157 1079 Sunt
2176 1024 2267 1093 qui
2289 1032 2476 1095 putent
2494 1038 2617 1077 eum
2639 1038 2712 1076 vn
2732 1022 2943 1077 calend.
2971 1021 3139 1078 Julias
3161 1040 3468 1094 supremum

1887 1117 2086 1173 abiisse
2121 1117 2263 1174 diem
2299 1117 2400 1187 ((1).
2435 1113 2794 1171 Taurinenses
2821 1115 3072 1171 traditum
3110 1117 3212 1172 sibi
3239 1134 3271 1172 a
3299 1117 3469 1186 majo-

1885 1211 2031 1266 ribus
2058 1219 2279 1269 narrant
2315 1210 2371 1264 S.
2415 1208 2667 1265 antistitis
2693 1224 2891 1278 corpus
2928 1209 3195 1278 sepultum
3235 1210 3287 1265 in
3326 1218 3468 1266 tem-

1887 1305 1979 1375 plo
2023 1306 2078 1360 S.
2124 1304 2346 1360 Joannis
2372 1303 2626 1375 Baptista
2651 1302 2719 1358 de
2746 1301 2987 1371 Colegno
3021 1303 3200 1370 fuisse,
3232 1304 3300 1359 ad
3326 1304 3469 1374 quod

1886 1395 2103 1466 quidem
2134 1397 2412 1467 templum,
2445 1395 2570 1450 dum
2598 1393 2752 1459 vixit,
2801 1393 3053 1463 frequens
3079 1402 3287 1449 oratum
3321 1395 3471 1452 adire

1887 1489 2272 1546 consuevisset.
2306 1487 2477 1542 Distat
2505 1487 2551 1540 is
2583 1487 2734 1541 locus
2761 1485 2829 1539 ab
2860 1485 2994 1540 urbe
3021 1485 3255 1554 Augusta
3285 1483 3472 1540 Tauri~

1890 1596 2081 1636 norum
2110 1580 2221 1634 mil.
2255 1595 2397 1650 pass.
2430 1577 2690 1648 quinque.
2719 1577 2826 1632 Sed
2856 1577 2910 1631 in
2943 1593 3010 1632 eo
3058 1576 3261 1632 nullum
3299 1583 3471 1631 exstat

1892 1671 2111 1727 Maximi
2158 1677 2584 1726 monumentum.
2616 1668 2674 1723 id
2701 1675 2881 1723 autem
2923 1668 3091 1723 videri
3130 1683 3237 1723 non
3278 1667 3477 1723 debere

1891 1765 2106 1827 mirum,
2133 1777 2256 1817 cum
2297 1761 2350 1816 id
2395 1761 2656 1832 templum
2698 1775 2946 1815 eversqu
2975 1757 3124 1822 olim,
3157 1758 3318 1826 longo
3356 1765 3476 1827 post

1894 1864 2138 1926 tempore
2163 1853 2323 1909 fuerit
2342 1853 2668 1910 restitutum.

1896 2068 1982 2106 an.
2017 2049 2175 2104 1559.
2210 2048 2539 2105 Bollandiani
2582 2047 2804 2118 perinde
2848 2049 3010 2103 statui
3049 2047 3478 2105 animadvertunt

1895 2123 1949 2177 in
1978 2122 2164 2178 codice
2194 2116 2663 2190 Hagenoiensi,fet
2691 2135 2722 2173 a
2749 2116 2955 2190 Joanne
2985 2118 3197 2190 Nolano
3227 2119 3478 2189 tbeologo

1892 2192 2233 2262 ananiensi.
2269 2188 2362 2262 Qui
2394 2188 2653 2262 Lovanii,_
2670 2189 3002 2262 ³111101575,
3043 2188 3477 2262 Martyrologium

1894 2261 2121 2317 Usuardi
2161 2263 2272 2315 suis
2289 2259 2741 2331 'annotatmnibus
2780 2259 3098 2331 illustratum
3130 2259 3268 2331 typis
3298 2259 3480 2315 Hiero-

1896 2333 2041 2413 nymi
2083 2331 2263 2384 Vellzei
2293 2347 2377 2410 an.
2425 2329 2563 2382 1777
2593 2329 2845 2406 vulgavit.
2880 2329 2995 2408 Non
3025 2329 3246 2384 dissidet
3272 2331 3480 2411 (1³10ξί-

1896 2417 2046 2455 ntus.
2090 2408 2150 2454 ut
2197 2415 2265 2454 ex
2306 2416 2426 2455 eius
2473 2397 2748 2455 Martvrol.
2793 2398 2860 2452 ad
2909 2398 3051 2452 diem
3089 2399 3159 2452 25
3193 2399 3314 2453 Jun.
3351 2399 3480 2455 edit.

1896 2417 2046 2466 ntus,
2090 2414 2150 2454 ut
2197 2415 2265 2454 ex
2306 2416 2426 2466 ejus
2473 2414 2748 2466 martyrot.
2793 2414 2860 2452 au
2909 2414 3051 2452 atem
3089 2414 3159 2452 an
3193 2414 3314 2453 Jun.
3351 2414 3480 2455 eun.

1897 2417 2046 2466 mus,
2090 2414 2150 2454 ut
2197 2415 2265 2454 ex
2306 2416 2426 2468 ejus
2473 2414 2748 2478 martyrot.
2793 2414 2860 2452 au
2909 2414 3051 2452 atem
3089 2414 3159 2452 ιθ
3193 2414 3314 2453 Jun.
3351 2414 3480 2480 eun.

1897 2469 2117 2526 Veneta:
2163 2486 2250 2524 an.
2298 2469 2434 2524 l758
2483 2468 2644 2537 plane
2684 2469 2869 2537 liquet.
2913 2467 3111 2524 Confer
3157 2468 3481 2532 Ferrartum.

1898 2541 2141 2664 gatatog.
2172 2551 2399 2596 sanctor.
2431 2535 2560 2594 edit.
2596 2535 2811 2593 Mediol.
2844 2555 2931 2594 an.
2971 2539 3125 2604 1615,
3158 2539 3224 2594 ad
3252 2539 3394 2596 diem
3415 2539 3481 2594 25

1933 2627 2062 2664 unn.

644 2924 1267 3002 TESTIMONIA
1331 2924 1969 3003 SCRIPTORUM
2049 2925 3035 3004 ECCLESIASTICORUM

913 3081 997 3137 DE
1033 3080 1338 3139 SCRIPTIS
1375 3082 1618 3138 SANCTI
1657 3081 1906 3137 MAXIM!
1945 3082 2250 3139 EPISCOPI
2291 3082 2764 3140 TAURIN'JNSIS.

699 3373 880 3450 [cun]
909 3374 1314 3431 GENNADIUS.

506 3519 509 3524 .
548 3469 614 3524 1η
641 3469 876 3541 catalogo
903 3469 1182 3522 illustrium
1204 3470 1444 3523 virorum.

272 3565 542 3620 Maximus
571 3562 915 3616 Taurinensis
935 3560 1189 3616 Ecclesiae
1217 3561 1503 3631 cpiscopus
1528 3561 1603 3630 (a)
1635 3562 1688 3615 in
1711 3561 1791 3615 di-

195 3658 345 3714 vinis
397 3655 687 3724 Scripturis
715 3653 845 3707 satis
876 3653 1130 3715 intentus,
1164 3660 1219 3706 et
1264 3651 1333 3705 ad
1374 3651 1674 3706 docendam
1724 3665 1790 3705 ex

194 3760 449 3819 tempore
505 3745 716 3816 plebem
764 3743 1067 3808 sulliciens,
1121 3743 1425 3812 composuit
1476 3742 1527 3794 in
1578 3739 1792 3795 laudem

193 3843 576 3916 apostolorum
606 3844 890 3898 tractatus,
915 3843 971 3890 et
993 3838 1046 3889 in
1067 3834 1291 3889 Joannis
1314 3833 1568 3902 Baptista:
1585 3873 1597 3896 ,
1623 3838 1678 3885 et
1700 3845 1784 3900 ge-

192 3934 450 3990 neralem
497 3929 738 3984 omnium
795 3935 1090 3997 martyrum
1147 3924 1438 3978 homiliam.
1491 3921 1598 3977 Sed
1645 3931 1699 3978 et
1725 3923 1793 3978 (10

192 4022 458 4092 capitulis
521 4018 936 4086 Evangeliorum
1001 4024 1056 4070 et
1127 4014 1353 4069 Actuum
1427 4015 1790 4085 apostolorum

192 4115 378 4171 multa
427 4112 704 4182 sapienter
749 4108 1016 4178 exposuit.
1069 4107 1220 4163 Fecit
1263 4115 1320 4161 et
1363 4107 1498 4161 duos
1525 4107 1590 4161 de
1620 4108 1789 4162 sancti

193 4204 425 4262 Eusebii
452 4203 808 4258 Vercellensis
837 4201 1072 4271 episcopi
1096 4208 1152 4255 et
1176 4199 1498 4254 confessoris
1519 4200 1626 4254 vita
1651 4208 1790 4254 trac-

196 4304 384 4360 tatus;
411 4302 468 4349 et
508 4293 574 4348 de
619 4291 790 4347 sancti
838 4290 1088 4362 Cypriani
1129 4291 1413 4360 specialem
1441 4290 1507 4345 de
1540 4288 1788 4360 baptismi

197 4389 390 4443 Gratia
424 4387 614 4440 librum
639 4383 824 4439 edidit.
844 4383 1069 4453 Scripsit
1097 4383 1163 4438 de
1185 4383 1430 4448 avaritia,
1456 4382 1522 4437 de
1549 4383 1788 4452 hospita-

119 4481 125 4489 '
198 4479 382 4544 litate,
406 4477 475 4531 de
495 4476 706 4531 defectu
733 4476 890 4540 luna',
923 4475 988 4528 de
1012 4475 1385 4546 eleemosynis,
1417 4472 1483 4528 de
1529 4489 1595 4528 eo
1642 4473 1788 4544 quod

200 4571 462 4639 scriptum
512 4576 596 4622 est
632 4569 684 4621 in
716 4566 848 4621 Isaia
883 4585 895 4619 :
929 4567 1198 4637 Caupones
1248 4570 1318 4620 tui
1347 4568 1562 4621 miscent
1602 4584 1788 4638 aquam

197 4663 346 4723 vina;
372 4659 444 4713 de
492 4658 737 4728 passione
767 4658 1008 4722 Domini,
1042 4657 1109 4712 de
1129 4657 1334 4728 jejunio
1362 4672 1639 4712 servorum
1670 4657 1784 4724 Dei,

1817 3377 1866 3442 ο
1897 3376 1973 3446 (b)
2018 3391 2152 3445 quas
2180 3379 2407 3441 retineo.
2451 3378 2675 3434 Moritur
2703 3379 2944 3437 Honorio
2971 3390 3025 3437 et
3049 3336 3355 3439 Theodosio
3382 3383 3476 3440 Ju-

1894 3469 2048 3524 niore
2078 3471 2426 3539 regnantibus
2457 3472 2528 3544 (c)
2553 3487 2698 3527 anno
2722 3474 2790 3529 ab
2810 3475 2942 3530 orbe
2963 3475 3242 3546 redempto
3265 3476 3380 3530 420.

2164 3579 2506 3638 HONORIUS
2535 3581 3212 3641 AUGUSTODUNENSIS.

2525 3689 2742 3728 διευιο
2765 3690 2857 3728 XII.

1896 3763 1975 3818 De
2022 3763 2383 3840 Luminaribttt
2425 3764 2692 3840 cclcsitp,
2717 3769 2822 3822 sive
2847 3769 2913 3823 de
2936 3767 3289 3840 scriptoribus
3318 3777 3478 3829 eccle-

2312 3836 2557 3899 siasticis,
2590 3836 2680 3892 lib.
2706 3855 2796 3904 xx,
2827 3856 2943 3909 cap.
2972 3836 3058 3893 20.

1965 3948 2227 4004 Maximus
2273 3948 2617 4006 Taurinensis
2670 3950 2923 4008 Ecclesia:
2950 3954 3234 4025 episcopus
3255 3997 3270 4021 ,
3317 3957 3401 4012 vir
3427 3957 3479 4013 in

1893 4040 2087 4095 divinis
2110 4041 2401 4110 Scripturis
2423 4043 2554 4098 satis
2582 4042 2842 4109 intentus.
2866 4046 3171 4115 composuit
3191 4047 3243 4101 in
3269 4047 3482 4104 laudem

1894 4134 2263 4205 apostolorum
2296 4143 2574 4199 tractatus,
2607 4144 2664 4191 et
2691 4137 2748 4192 in
2771 4135 2995 4193 Joannis
3016 4137 3287 4208 Baptista,
3318 4148 3374 4195 et
3390 4155 3483 4210 ge-

1895 4225 2138 4280 neralem
2167 4226 2406 4281 omnium
2437 4234 2735 4298 martyrum
2758 4228 3054 4284 homiliam.
3085 4228 3191 4286 Sed
3215 4239 3274 4286 et
3293 4231 3361 4287 de
3388 4247 3474 4287 ca~

1891 4316 2072 4386 pitulis
2117 4314 2531 4386 Evangeliorum
2557 4326 2612 4372 et
2640 4318 2867 4374 Actuum
2894 4321 3262 4390 apostolorum
3308 4323 3476 4378 multa

1891 4408 2166 4478 sapienter
2211 4408 2477 4477 exposuit.
2528 4407 2682 4464 Fecit
2725 4417 2782 4465 et
2806 4410 2946 4467 duos
2970 4411 3039 4466 de
3066 4413 3480 4468 conversatione

1891 4498 2062 4553 sancti
2121 4496 2339 4553 Eusebii
2393 4498 2751 4555 Vercellensis
2804 4501 3044 4571 episcopi
3073 4509 3122 4556 et
3156 4501 3480 4557 confessoris

1891 4597 2171 4646 tractatus.
2204 4589 2281 4645 De
2309 4599 2499 4645 sancto
2527 4592 2822 4660 Stephano,
2845 4591 2914 4646 de
2935 4592 3184 4661 baptismi
3203 4593 3387 4648 Gratia
3414 4593 3481 4649 li-

1889 4683 2045 4737 brum
2075 4681 2266 4749 edidit,
2289 4681 2358 4738 de
2385 4681 2631 4745 avaritia,
2661 4681 2730 4736 de
2755 4681 3143 4752 hospitalitate,
3173 4682 3243 4737 de
3268 4683 3480 4742 defectu

198 4750 266 4805 de
289 4750 501 4847 jejunin
523 4748 740 4847 speciali
769 4748 1224 4847 Quadragesimm,
1251 4755 1307 4801 et
1330 4747 1606 4847 quod‘non-
1634 4747 1706 4847 sit
1731 4748 1784 4847 in
1811 4759 1867 4821 ι)
1889 4775 2051 4841 Imm,
2081 4773 2149 4828 de
2177 4747 2557 4842 eléemosynis,
2580 4771 2647 4828 de
2674 4747 2925 4843 passiohe
2955 4773 3189 4841 Domini,
3219 4775 3288 4831 de
3329 4775 3475 4847 ἰείη-

200 4856 262 4895 ea
288 4839 604 4910 jocandnm,
628 4839 694 4893 de
714 4838 846 4892 Juda
870 4839 1153 4904 traditore,
1184 4839 1250 4892 (10
1279 4854 1436 4892 cruce
1457 4839 1687 4903 Domini,
1720 4838 1788 4892 de

200 4935 454 5004 scpulcro
480 4931 596 5000 ejus
625 4931 763 4986 etde
787 4932 1183 4987 resurrectione
1228 4932 1410 5000 ipsius,
1445 4931 1512 4985 de
1537 4938 1788 4986 accusata

203 5029 257 5074 et
279 5021 539 5076 damnato
563 5021 788 5075 Domino
810 5019 948 5091 apud
972 5019 1219 5085 Pilatum,
1245 5019 1313 5074 de
1336 5019 1579 5074 kalendis
1597 5018 1790 5072 Janua-

204 5113 287 5165 rii.
313 5113 547 5183 Scripsit
575 5113 736 5167 etiam
765 5112 1013 5166 homilias
1040 5111 1108 5166 de
1132 5110 1307 5165 Natali
1333 5110 1575 5190 Domini;
1609 5109 1788 5164 homi-

205 5203 300 5259 lias
327 5204 394 5259 de
424 5203 797 5273 Theophania,
829 5211 885 5256 et
913 5202 981 5256 de
1015 5200 1241 5265 Pascha,
1267 5209 1322 5256 et
1361 5201 1427 5256 de
1469 5199 1789 5256 Pentecoste

203 5296 412 5359 multas,
467 5294 536 5348 de
567 5293 814 5348 hostibus
857 5292 1162 5347 carnalibus
1193 5308 1299 5347 non
1331 5293 1596 5356 timendis,
1628 5301 1682 5346 et
1723 5293 1789 5348 de

206 5388 382 5450 gratiis
411 5395 535 5458 post
562 5385 740 5441 cibum
787 5384 898 5438 Deo
931 5384 1169 5451 agendis,
1199 5385 1266 5440 de
1298 5386 1610 5454 paenitentia
1642 5386 1791 5442 Nini--

207 5476 452 5543 vitarum,
477 5485 535 5532 et
557 5477 752 5531 multas
771 5475 904 5529 alias
925 5474 1042 5543 ejus
1062 5473 1312 5528 homilias
1329 5475 1395 5529 de
1417 5475 1643 5530 diversis
1662 5478 1782 5545 legi,

253 5682 353 5758 _(a)
383 5681 516 5737 Cod.
563 5682 680 5736 Vat.
717 5681 845 5750 Reg.
891 5695 1011 5734 sane.
1048 5696 1134 5732 VIII
1188 5679 1345 5732 habet.
1381 5698 1388 5729 :
1427 5683 1498 5732 vir
1547 5683 1597 5744 in
1647 5683 1773 5736 diri-

213 5762 305 5809 ms,
328 5762 430 5805 etc.

281 5761 525 5884 (ἡῖιῖἀοιη
555 5823 671 5877 00(1.
707 5821 833 5889 Reg.
869 5822 995 5888 legit
1015 5819 1040 5872 ἰ
1075 5838 1202 5887 quas
1225 5837 1313 5872 nec
1345 5822 1553 5872 retineo.

1893 4866 1982 4919 nio
2011 4863 2231 4934 speciali
2253 4862 2700 4931 Quadragesimaa,
2723 4865 2792 4922 de
2817 4863 3061 4923 kalendis
3086 4865 3360 4935 Januarii;
3386 4870 3479 4925 ho-

1892 4954 2068 5026 milias
2094 4953 2162 5008 de
2189 4953 2479 5009 Nativitate
2521 4953 2752 5023 Domini,
2782 4954 2848 5011 de
2894 4955 3222 5028 Epiphania,
3261 4959 3328 5016 de
3377 4959 3477 5017 Pa-

1893 5045 2041 5110 scha,
2073 5044 2141 5101 de
2190 5044 2511 5114 Pentecoste
2559 5047 2776 5114 multas,
2805 5056 2862 5103 et
2916 5049 3020 5104 alia
3067 5051 3312 5120 plurima.
3361 5053 3476 5110 Sub

1893 5135 2200 5194 Theodosio
2213 5139 2426 5194 claruit.

2285 5228 2586 5285 JOANNES
2637 5229 3074 5288 TRITHEMIUS.

2524 5336 2740 5377 SECULO
2769 5338 2857 5377 XV.

1891 5411 1958 5467 In
1989 5412 2303 5468 Bibliotheca
2332 5416 2702 5481 ecclesiastica,
2726 5431 2841 5469 cum
2860 5416 2996 5470 notis
3019 5417 3234 5472 editoris
3255 5416 3468 5469 Λαιαιὶ

1961 5481 2017 5536 Μ
2021 5485 2154 5550 ἕνεί,
2187 5483 2234 5536 11
2243 5484 2477 5555 amburgi
2506 5483 2663 5552 1718,
2690 5485 2826 5540 inter
2853 5488 3127 5556 scriptorcs
3151 5486 3460 5540 ecclesiasti-

1961 5686 2222 5810 Mbldettn
2254 5689 2398 5754 cod.,
2434 5701 2696 5763 regnante.
2731 5690 2847 5745 Non
2893 5690 3053 5744 habet
3083 5687 3243 5741 verba
3283 5703 3294 5738 :
3326 5700 3466 5744 attito

1981 5773 2037 5808 or
2073 5773 2117 5810 (ν.
2151 5773 2180 5810 0
2207 5775 2252 5810 0.

1981 5773 2117 5820 orm',
2151 5773 2252 5812 etc.
