4050 6356
603 299 705 356 167

1431 293 1837 350 TESTIMONIA
1871 288 2311 347 SCRIPTORUM
2349 286 3022 349 ECCLESIASTICORUM

3803 295 3906 351 {68

601 423 718 484 post
745 415 912 470 cibum
931 413 1041 469 Deo
1069 386 1306 485 agendis,
1334 410 1598 482 ipsissima
1626 417 1751 465 sunt
1774 405 2038 463 Gennadii
2064 419 2188 460 ver-
2218 405 2268 464 Δ
2295 403 2408 474 ipse
2430 405 2687 476 incidere,
2709 407 2849 463 vela
2875 407 3070 479 quibus
3096 408 3277 466 hausit
3294 408 3609 482 Capreolus,
3647 409 3904 466 Vincen-

615 523 671 561 oa
716 506 794 559 De
838 505 1055 560 auaritia
1099 503 1336 570 uitanda,
1367 511 1416 557 et
1444 503 1508 556 de
1536 519 1596 557 eo
1617 501 1754 574 quod
1782 502 2035 572 scriptum
2062 506 2138 552 est
2169 513 2186 550 :

608 596 774 650 Erant
801 597 873 652 eis
901 596 1075 650 omnia
1101 597 1416 650 communia.
1452 594 1738 665 Reperitur
1781 592 1922 664 apud
1963 591 2190 646 Ambro-

605 691 740 746 sium
769 705 929 745 serm.
952 688 1022 743 24
1049 689 1131 744 De
1157 687 1323 744 verbis
1348 689 1581 760 Apostoli
1595 705 1614 753 ;
1644 702 1765 743 esse
1794 695 1975 741 tamen
2001 683 2189 754 genui-

605 798 728 837 nam
758 782 974 838 Maximi
1000 783 1275 839 bomiliam
1295 782 1551 838 discimus
1577 797 1647 836 ex
1673 777 1971 836 Gennadio.

674 875 920 932 Secunda
947 874 1028 930 De
1051 875 1229 930 eodem
1260 883 1584 944 argumento.
1614 873 1695 928 De
1715 870 2052 943 elemosynis
2079 869 2188 923 lar-

607 968 804 1041 giendis
833 968 1061 1023 homilite
1086 967 1148 1034 Ως
1171 985 1174 990 ·
1195 983 1264 1023 ex
1291 966 1590 1022 Gennadio.
1634 965 1714 1020 De
1745 963 2098 1036 hospitalitate
2124 961 2184 1027 l;

608 1076 675 1115 ex
703 1059 913 1115 eodem.
951 1059 1032 1113 De
1069 1059 1274 1131 defectu
1301 1058 1468 1124 lunae;
1507 1073 1577 1112 ex
1603 1056 1814 1112 eodem.
1847 1054 1928 1110 De
1956 1072 2017 1110 eo
2051 1052 2189 1125 quod

607 1154 851 1222 scriptum
879 1160 956 1206 est
982 1151 1039 1205 in
1080 1149 1248 1214 Isaia,
1279 1167 1396 1222 cap.
1437 1167 1455 1205 1
1487 1167 1500 1202 :
1547 1147 1818 1219 Caupones
1861 1146 1938 1200 tui
1972 1145 2190 1200 miscent

606 1262 797 1316 aquam
843 1246 980 1299 vino.
1034 1242 1269 1299 Consule
1313 1241 1682 1306 Gennadium,
1735 1239 1836 1310 qui
1880 1237 2188 1308 singulatim

607 1351 747 1410 pene
793 1352 981 1393 omnes
1028 1337 1148 1392 illas
1194 1336 1399 1405 legerat
1442 1335 1722 1400 bomilias,
1774 1341 1830 1388 ct
1879 1333 2185 1388 criticorum

609 1435 918 1484 nostrorum
945 1425 1176 1482 osbtruit
1214 1441 1296 1492 os,
1325 1423 1714 1495 audaciamque
1751 1420 2076 1492 comprimit.
2173 1425 2180 1432 '

840 1558 1138 1615 JOANNES
1173 1556 1535 1614 ALBERTUS
1572 1555 1954 1646 FéBBlClUS.

684 1652 750 1706 In
780 1650 1095 1707 Bibliotheca
1121 1651 1469 1706 ecclesiastica
1499 1650 1800 1720 Antuerpia:
1829 1666 1918 1702 an.
1957 1646 2113 1702 1659.

683 1767 908 1823 Sanctus
944 1765 1210 1822 Maximus
1237 1765 1490 1836 Augusta:
1517 1764 1873 1820 Taurinorum
1917 1764 1970 1818 in
2011 1761 2185 1818 Pede-

613 1867 867 1917 montana
904 1859 1124 1928 regione
1149 1859 1464 1929 'episcopus,
1508 1856 1890 1929 Martyrologio
1935 1856 2189 1926 vigesima

611 1954 800 2026 quinta
827 1952 968 2009 Junii
990 1951 1272 2022 ascriptus,
1300 1950 1540 2007 interfuit
1567 1950 1776 2022 synodo
1802 1947 2191 2005 Mediolanensi

613 2049 715 2104 sub
741 2045 989 2113 Eusebio,
1013 2051 1069 2100 et
1087 2043 1334 2099 Romano
1353 2042 1586 2098 concilio
1613 2041 1680 2096 ab
1709 2039 1914 2096 Hilario
1943 2055 2080 2111 papa
2101 2053 2192 2094 ce-

613 2138 841 2204 lebrato,
881 2137 1138 2194 Basilisco
1180 2143 1235 2191 et
1263 2134 1634 2192 Herminerico
1659 2150 1825 2198 coss.,
1857 2135 1962 2190 hoc
1989 2141 2071 2188 est
2099 2149 2187 2188 an.

611 2229 734 2285 465.
761 2229 1038 2284 Labuntur
1061 2241 1189 2297 ergo
1210 2227 1302 2297 qui
1332 2227 1571 2282 seribunt
1599 2225 1774 2296 ipsum
1796 2225 1994 2280 obiisse
2015 2222 2194 2279 Hono-

609 2322 691 2378 rio
719 2329 775 2377 ct
802 2319 1104 2376 Theodosio
1131 2317 1354 2374 Juniore
1395 2317 1802 2389 imperantibus.
1833 2315 1966 2372 Nam
2009 2315 2188 2370 Theo-

608 2411 793 2466 dosius
818 2409 1010 2465 Junior
1037 2408 1300 2478 regnabat
1323 2408 1704 2464 Valentiniano
1731 2405 1797 2460 ιιι
1825 2416 1880 2462 et
1907 2403 2189 2462 Gennadio

611 2503 816 2558 Avieno
836 2501 1163 2567 consulibus,
1189 2509 1326 2556 teste
1343 2499 1668 2556 Cassiodoro
1692 2500 1744 2554 in
1769 2497 2057 2554 Chronico.
2081 2497 2194 2553 Cae-

613 2604 787 2650 terum
817 2594 875 2648 S.
903 2593 1120 2648 Maximi
1148 2593 1382 2649 homilia:
1405 2591 1640 2647 Coloniae
1659 2607 1746 2646 an.
1781 2589 1940 2658 1555,
1968 2597 2026 2645 et
2054 2587 2189 2642 1564

614 2685 799 2742 Roma:
827 2685 1035 2740 fuerant
1053 2684 1356 2756 publicataa.
1376 2682 1457 2737 Ex
1479 2683 1673 2752 quibus
1701 2699 1807 2738 non
1830 2697 2011 2753 paucae
2033 2681 2189 2738 titulo

616 2777 882 2833 Ambrosii
910 2777 1044 2832 falso
1072 2783 1199 2832 sunt
1226 2775 1401 2838 editae,
1435 2782 1493 2829 ut
1519 2772 1796 2828 Costcrius
1823 2781 1878 2829 et
1906 2772 2186 2829 Bellarmi-

616 2883 714 2925 nus
743 2869 1116 2925 observarunt.

827 2956 1248 3014 FRANCISCUS
1301 2956 1749 3014 COMBEFISIUS
1799 2957 1861 3012 Ο.
1911 2956 1971 3010 Ρ.

723 3052 788 3106 In
811 3051 1125 3106 Bibliotheca
1146 3052 1532 3106 concionatoria
1553 3049 1775 3106 Parisiis
1799 3067 1890 3104 an.
1923 3048 2078 3103 1662.

687 3166 915 3223 Sanctus
935 3164 1196 3220 Maximus
1219 3163 1562 3219 Taurinensis
1583 3165 1637 3220 in
1657 3161 1965 3233 Subalpinis
1983 3161 2187 3232 cpisco-
2209 3158 2257 3222 C

617 3275 716 3330 pus
756 3257 935 3313 floruit
963 3255 1201 3313 Honorio
1240 3263 1295 3312 et
1323 3255 1627 3312 Theodosio
1659 3253 1882 3310 Juniore
1911 3252 2189 3321 regnanti-

518 3417 521 3420 _
612 3351 731 3415 bus,
765 3357 985 3405 auctore
1025 3347 1324 3414 Gennadio,
1369 3355 1429 3402 ut
1467 3362 1590 3402 eum
1629 3343 1886 3416 produxit
1929 3343 2141 3398 Mimos
2172 3360 2183 3394 :

613 3458 721 3512 quo
747 3441 953 3498 calculo
984 3441 1114 3495 nihil
1143 3446 1290 3495 vetat
1315 3440 1368 3494 in
1390 3453 1563 3494 annos
1591 3445 1736 3492 retro
1766 3435 1966 3507 plures,
1991 3433 2188 3504 produ-

611 3543 700 3591 cto
729 3533 1056 3594 sacerdotio,
1098 3531 1482 3587 Mediolanensi
1532 3529 1742 3600 synodo
1769 3527 2043 3583 Marciano
2086 3526 2187 3581 im-

611 3634 878 3696 peratore,
901 3634 957 3680 et
987 3625 1244 3680 Romanae
1273 3623 1476 3679 Hilario
1504 3638 1643 3694 papa
1671 3637 1739 3692 an
1770 3620 1922 3676 Dom.
1954 3618 2059 3674 465
2079 3619 2189 3691 (cui

612 3725 739 3787 post
765 3718 937 3786 ipsum
965 3718 1281 3787 subscripsit
1306 3718 1481 3774 :etatis
1508 3717 1690 3786 potius
1721 3730 1883 3785 quam
1914 3712 2061 3770 sedis
2078 3713 2189 3784 pri-

612 3808 843 3878 vilegio)
891 3809 1214 3864 interfuisse.
1256 3807 1385 3876 Ejus
1430 3809 1716 3879 plerosque
1766 3823 2070 3871 sermones,
2125 3821 2190 3863 ac

611 3905 878 3969 quotquot
923 3907 1303 3953 succurrerunt
1340 3900 1612 3954 memoriae
1654 3898 1961 3953 Gennadius
1995 3911 2187 3952 recen-

612 3992 1011 4064 suit;lquorum
1039 3999 1222 4046 tamen
1259 3991 1424 4061 aliqui
1446 3991 1752 4060 Augustini,
1777 3989 1941 4060 aliqui
1969 3989 2194 4045 Ambro-

610 4083 678 4138 sii
706 4081 1046 4136 sermonibus
1070 4081 1346 4136 commixti
1374 4089 1522 4147 sunt,
1547 4095 1685 4150 quos
1712 4081 1825 4136 suis
1853 4080 1988 4135 locis
2009 4078 2190 4134 studui

614 4182 894 4228 annotare.
933 4171 991 4226 ld
1028 4186 1156 4227 vero
1193 4188 1258 4228 ea
1299 4171 1497 4227 factum
1526 4173 1758 4240 ratione,
1801 4187 1906 4242 qua
1949 4169 2190 4241 pluribus

613 4267 841 4323 disserui
887 4267 941 4321 in
980 4274 1170 4322 sancto
1207 4264 1371 4321 Petro
1410 4265 1768 4337 Chrysologo,
1814 4263 1958 4335 quod
1985 4263 2190 4320 scilicet

614 4373 842 4427 qumque
870 4356 1112 4413 Ecclesia
1152 4370 1461 4412 sermonum
1509 4371 1731 4411 suorum
1777 4354 2056 4426 manipulo
2094 4368 2188 4411 eos

611 4449 712 4505 sibi
741 4448 1021 4518 deligeret,
1061 4447 1152 4519 qui
1199 4462 1271 4504 ex
1317 4462 1417 4503 usu
1463 4447 1633 4516 magis
1680 4462 1800 4502 esse
1850 4446 2182 4513 viderentur,

2291 503 2397 557 tius
2423 501 2735 569 Bandellus,
2763 510 2868 558 etc.
2899 501 3173 574 Quidquid
3199 503 3272 559 sit
3297 503 3366 559 de
3395 504 3498 560 loci
3528 505 3681 560 illius
3707 513 3906 560 aucto-

2288 595 2448 651 ritate
2475 603 2570 652 aut
2594 595 2828 652 veritate
2853 595 3240 666 inscriptionis,
3263 595 3333 652 de
3351 597 3547 668 quibus
3562 597 3751 651 nolim
3776 613 3906 652 con-

2287 687 2530 752 tendere,
2561 701 2630 742 ne
2671 687 2815 743 hunc
2848 701 2880 742 a
2916 701 3005 742 me
3053 687 3133 744 sic
3176 687 3502 760 productum
3540 703 3900 751 sermonem.
3999 681 4001 760 ἰ

2288 778 2512 849 antiquo
2553 778 2680 834 licet
2710 777 2919 844 codice,
2951 779 3124 845 ausim
3153 779 3376 835 omnino
3409 778 3651 835 Maximo
3690 779 3898 836 Tauri-

2289 872 2442 928 nensi
2476 885 2742 928 asserere.

2642 963 2806 1038 [cm]
2841 963 3280 1020 GUILLELMUS
3317 963 3515 1020 CAVE.

2289 1053 2614 1113 Scriptorum
2657 1055 3120 1113 ecclesiasticon
3173 1055 3414 1110 Historia
3459 1056 3733 1110 litteras-ia
3794 1072 3895 1110 sec.

2419 1128 2734 1182 estorianum
2755 1124 2986 1182 Coloniae
3005 1125 3338 1199 Allobrogum
3361 1125 3516 1192 ΗΞ),
3533 1143 3662 1197 pag.
3690 1124 3832 1179 260.

2361 1237 2646 1302 Maximus,
2678 1236 2822 1293 unde
2844 1237 3124 1304 oriundus,
3154 1238 3438 1304 incertum,
3463 1237 3733 1306 Augusta:
3757 1236 3895 1291 Tal-

2288 1329 2531 1385 rinorum
2559 1328 2615 1384 in
2638 1325 2813 1383 Gallia
2835 1326 3151 1398 Subalpina,
3182 1343 3346 1399 quam
3371 1326 3535 1383 hodie
3575 1324 3894 1382 Pedemon-

2289 1429 2471 1477 tanam
2501 1429 2699 1477 vocant
2719 1461 2736 1487 ,
2777 1422 3078 1493 episcopus.
3110 1421 3316 1477 Claruit
3340 1437 3428 1476 an.
3471 1418 3597 1474 422.
3625 1419 3809 1487 Idem,
3841 1431 3892 1474 ut

2289 1512 2519 1578 videtur,
2549 1511 2815 1568 Maximus
2835 1554 2851 1579 ,
2899 1513 2992 1583 qui
3038 1512 3244 1585 synodo
3283 1511 3631 1568 Arausicana‘.
3672 1513 3758 1582 (in
3788 1527 3890 1582 qua

2288 1617 2528 1660 canones
2547 1603 2754 1674 aliquot
2769 1603 3110 1675 disciplinam
3129 1603 3546 1660 ecclesiasticam
3567 1611 3889 1674 spectantes

2288 1693 2492 1748 conditi
2532 1695 2681 1762 sunt)
2731 1709 2821 1750 an.
2871 1692 2968 1747 44l
3005 1693 3275 1759 interfuit;
3306 1694 3566 1749 intererat
3596 1693 3774 1748 etiam
3800 1708 3881 1746 an.

2294 1781 2391 1837 45l
2425 1783 2632 1856 synodo
2654 1783 3068 1851 Mediolanensi;
3092 1800 3214 1840 cum
3244 1784 3484 1855 episcopi
3520 1784 3887 1854 provinciales

2293 1877 2470 1932 coacti
2490 1884 2634 1942 sunt,
2665 1883 2726 1931 ut
2751 1891 2871 1946 quae
2900 1874 3010 1933 Leo
3032 1890 3170 1948 papa
3197 1875 3264 1930 ad
3286 1875 3601 1931 Flavianum
3623 1875 3884 1931 adversus

2292 1965 2587 2039 Eutycbem
2627 1967 2934 2038 scripserat,
2965 1968 3232 2023 sententia
3259 1984 3357 2023 sua
3401 1967 3753 2023 roburarent.
3786 1967 3882 2022 De-

2292 2059 2454 2128 nique
2482 2058 2712 2114 concilio
2736 2057 2982 2113 Romano
3009 2058 3060 2112 in
3092 2058 3257 2114 natali
3278 2057 3466 2113 Hilarii
3487 2073 3642 2129 papae
3662 2073 3756 2113 an.
3783 2057 3882 2112 465

2291 2151 2590 2212 celebrato,
2621 2151 2675 2206 in
2702 2166 2810 2222 quo
2837 2150 2906 2206 de
2933 2151 3202 2221 episcopis
3223 2165 3568 2206 successores
3587 2165 3723 2205 suos
3744 2150 3879 2205 desi-

2289 2246 2578 2316 gnantibus
2603 2245 2828 2314 aliisque
2847 2245 3222 2316 episcoporum
3244 2244 3423 2300 causis
3441 2243 3722 2313 agebatur.
3749 2241 3876 2298 Huic

2291 2339 2522 2395 concilio
2562 2339 2737 2409 primo
2767 2338 2888 2394 loco
2929 2345 3053 2408 post
3081 2337 3385 2393 Romanum
3415 2336 3727 2406 pontificem
3757 2335 3877 2391 sub-

2289 2429 2505 2500 scripsit
2530 2428 2792 2485 Maximus
2819 2437 3022 2495 noster,
3066 2429 3224 2499 idque
3250 2443 3317 2483 ex
3346 2437 3527 2484 mente
3560 2427 3782 2483 Baronii
3810 2427 3874 2482 ob

2291 2520 2699 2590 prterogativam
2727 2520 2900 2575 aetatis
2928 2520 2983 2574 in
3006 2521 3321 2590 episcopatu
3342 2519 3569 2589 agentis.
3602 2518 3765 2574 Anno
3792 2534 3870 2574 se-

2290 2612 2477 2682 quenti
2499 2612 2698 2668 obiisse
2718 2611 2931 2668 dicitur.
2956 2611 3110 2679 Quod
3132 2626 3261 2668 vero
3279 2611 3461 2684 plures
3481 2609 3746 2666 Gennadii
3765 2611 3872 2666 edi-

2291 2705 2468 2760 tiones
2485 2705 2687 2761 habent
2700 2745 2715 2770 ,
2734 2706 2964 2761 moritur
2982 2703 3222 2761 Honorio
3249 2713 3307 2759 et
3328 2703 3632 2759 Theodosio
3654 2701 3871 2758 iuniore

2290 2795 2667 2864 regnantibus;
2698 2795 2911 2852 Miratus
2938 2796 2992 2851 in
3021 2811 3117 2852 sua
3160 2793 3421 2850 Gennadii
3470 2795 3724 2858 editione,
3773 2810 3870 2866 pro

2289 2887 2527 2950 moritur,
2559 2887 2928 2968 reponendum
2965 2887 3119 2943 duxit
3140 2925 3156 2952 ,
3208 2887 3421 2957 ﬂoruit;
3456 2886 3598 2956 quod
3637 2895 3693 2942 et
3741 2887 3870 2943 ante

2288 2977 2526 3035 Miraeum
2550 2987 2838 3037 monuerat
2858 2980 3150 3046 Baronius;
3180 2979 3434 3037 mendum
3467 2981 3658 3036 scilicet
3686 2979 3737 3033 in
3758 2984 3865 3035 eo!

2289 3070 2413 3127 dice
2443 3072 2741 3144 irrepsisse.
3099 3119 3103 3124 .

3004 3159 3219 3200 SCRIPTA
3229 3185 3242 3197 .

2824 3237 2874 3291 Η
2881 3237 3071 3293 omilt'te
3099 3237 3361 3294 hiemales.

2362 3351 2441 3407 De
2470 3353 2688 3407 adventu
2713 3351 2924 3408 Domini
2953 3353 3091 3408 hom.
3123 3352 3175 3408 2.

2363 3443 2429 3498 In
2451 3442 2641 3517 vigiliis
2669 3443 2884 3499 Natalis
2925 3443 3138 3500 Domini
3186 3445 3428 3511 homilia,
3473 3455 3592 3516 qua:
3637 3454 3693 3501 et
3732 3449 3866 3502 inter

2291 3537 2675 3593 Ambrosianas
2701 3538 2970 3608 reperitur
2998 3554 3144 3594 num.
3179 3538 3265 3593 15.

2363 3625 2430 3681 In
2457 3624 2646 3680 Natali
2672 3625 2884 3680 Domini
2911 3626 3138 3681 homiliaz
3175 3625 3229 3691 6,
3272 3640 3340 3682 ex
3380 3626 3465 3682 bis
3496 3628 3665 3697 prima
3694 3636 3773 3682 est
3795 3626 3866 3680 15

2289 3719 2432 3774 inter
2449 3717 2849 3782 Ambrosianas,
2866 3715 2934 3770 14
2952 3717 3093 3774 inter
3112 3717 3393 3786 Augustini
3416 3717 3485 3774 de
3505 3717 3760 3790 Tempore
3779 3726 3868 3772 est

2287 3810 2540 3867 secunda.

2362 3902 2429 3957 In
2456 3905 2844 3958 circumcisione
2871 3902 3084 3958 Domini
3111 3904 3341 3958 homilia.
3705 3967 3711 3972 ,
3753 3976 3759 3982 ⁵

2362 3992 2428 4047 1η
2456 3993 2757 4066 Epiphania
2783 3994 2995 4049 Domini
3023 3994 3163 4049 hom.
3195 3993 3249 4060 8,
3280 4009 3510 4064 quarum
3539 3995 3762 4066 septima
3781 4007 3868 4052 est

2289 4084 2358 4138 27
2382 4086 2525 4140 inter
2551 4085 2831 4155 Augustini
2853 4084 2922 4140 de
2945 4084 3231 4156 Tempore.

2361 4173 2440 4228 De
2453 4175 2659 4245 jejunio
2685 4173 3110 4246 Quadragesimce
3137 4174 3274 4229 hom.
3306 4177 3359 4228 4.

2362 4270 2426 4324 In
2451 4273 2710 4326 dominica
2742 4273 2796 4325 in
2835 4270 3010 4325 Ramis
3040 4271 3271 4337 homilia,
3299 4285 3418 4340 quae
3442 4279 3525 4327 est
3548 4273 3706 4328 tertia
3734 4273 3870 4327 inter

2290 4361 2694 4418 Ambrosianus.

2358 4453 2437 4509 De
2466 4457 2797 4510 accusatione
2835 4454 3048 4510 Domini
3087 4455 3228 4526 apud
3246 4454 3478 4510 Pilatum
3506 4457 3645 4510 hom.
3671 4444 3872 4527 {qua-

610 4542 954 4614 quantumvis
994 4541 1109 4612 ipse
1154 4540 1479 4612 manipulus,
1528 4540 1768 4608 alterius,
1817 4538 1969 4609 cujus
2004 4538 2188 4609 plures
2210 4524 2266 4587 Ῑ)
2291 4561 2410 4601 mm
2431 4547 2603 4616 prima
2633 4554 2716 4601 cst
2759 4545 2827 4599 49
2856 4547 2999 4601 inter
3027 4524 3410 4601 Ambrosianas
3434 4585 3449 4610 ,
3491 4556 3547 4602 et
3585 4524 3872 4603 ΗδΊιζωι-

610 4643 812 4699 essent,
842 4641 935 4688 aut
955 4634 1216 4704 potiores,
1243 4647 1440 4688 nomen
1461 4631 1740 4703 praeferret
1765 4649 1776 4684 :
1801 4646 2030 4700 cumque
2050 4631 2186 4684 tanti

611 4724 738 4789 sint,
768 4739 1000 4792 quorum
1027 4709 1306 4781 sermones
1343 4725 1502 4780 titulo
1530 4724 1762 4791 variant,
1791 4723 1893 4778 viri
1928 4723 2076 4778 docti
2122 4737 2187 4777 ac

613 4812 807 4878 sancti,
837 4827 938 4867 nec
964 4822 1123 4869 aetate
1159 4815 1298 4869 adeo
1327 4814 1524 4878 dissiti,
1556 4831 1744 4884 parum
1787 4813 2079 4868 admodum
2117 4826 2185 4868 ex

614 4899 926 4955 confusione
954 4902 1038 4955 his
1056 4903 1284 4958 decedit.
1317 4902 1481 4958 Plane
1506 4919 1637 4959 vero
1665 4906 1940 4972 elegantes
1967 4912 2094 4959 sunt
2122 4919 2187 4959 ac

614 4990 744 5045 culti
771 5005 1047 5047 sermones
1074 4991 1310 5047 Maximi.
1338 4991 1545 5048 Novum
1566 4994 1737 5063 adjeci
1765 4995 1834 5049 ad
1859 4995 2053 5051 festum
2077 4995 2184 5050 Na-

615 5082 836 5137 tivitatis
870 5090 1069 5138 sanctae
1095 5081 1274 5138 Maria:
1302 5097 1367 5137 ex
1409 5083 1681 5139 codicibus
1711 5086 1894 5141 Sancti
1931 5086 2185 5143 Germani

617 5171 910 5242 Pratensis,
941 5175 1097 5230 titulo
1118 5176 1171 5230 in
1205 5174 1446 5243 ejusdem
1476 5176 1874 5247 Assumptione,
1907 5194 2030 5233 cum
2071 5194 2190 5250 spe-

615 5275 729 5322 ctet
776 5268 945 5334 magis
999 5266 1065 5321 ad
1118 5267 1310 5322 festum
1364 5269 1830 5337 Annuntiationis,
1887 5272 2040 5340 cujus
2093 5287 2186 5327 oc-

614 5357 835 5414 casione
876 5372 983 5413 non
1020 5358 1162 5413 male
1205 5367 1338 5429 puto
1388 5359 1572 5426 intuli,
1613 5377 1719 5415 non
1756 5361 1875 5417 falsi
1911 5377 2186 5417 arcessen-

613 5450 742 5506 dum
770 5447 1082 5519 Cajetanum
1120 5465 1306 5521 opusc.
1339 5451 1408 5505 de
1445 5451 1703 5522 Concept.
1746 5461 1945 5510 sancta:
1985 5453 2182 5524 Mariae,

612 5543 757 5614 quod
777 5544 954 5599 locum
979 5559 1045 5599 ex
1065 5557 1316 5598 sermone
1335 5545 1506 5600 sancti
1528 5543 1744 5600 Maximi
1772 5545 1824 5600 in
1848 5546 2184 5618 Assumptio-

613 5650 738 5690 nem
764 5642 962 5690 sancta:
989 5633 1169 5690 Maria:
1201 5634 1405 5701 aflerat,
1437 5636 1529 5704 qui
1557 5652 1735 5692 sermo
1769 5638 1922 5694 nobis
1951 5655 2056 5693 non
2086 5656 2182 5698 ex-

614 5732 741 5780 stat.
772 5725 952 5785 Potuit
994 5731 1138 5789 cnim
1166 5731 1218 5786 in
1264 5744 1566 5786 sermonem
1597 5730 1672 5785 sic
1713 5737 2066 5799 praenotatum
2100 5731 2183 5786 vel

2292 4635 2574 4704 Augustini
2597 4636 2663 4691 de
2694 4637 2978 4708 Tempore,
3011 4637 3244 4694 secunda
3273 4647 3356 4693 est
3379 4637 3446 4692 50
3475 4639 3616 4694 inter
3648 4638 3870 4695 Ambro-

2286 4741 2486 4783 sranas.

2362 4817 2442 4872 De
2467 4821 2740 4889 passione,
2772 4837 2940 4884 cruce,
2986 4829 3035 4875 et
3081 4823 3347 4892 sepultura
3392 4821 3604 4878 Domini
3649 4824 3787 4877 hom.
3821 4823 3871 4888 4,

2286 4899 2517 4978 quarum
2536 4909 2708 4978 prima
2731 4918 2814 4965 est
2837 4909 2921 4976 55,
2947 4919 3004 4965 et
3030 4910 3264 4966 secunda
3283 4921 3364 4966 est
3386 4909 3472 4978 56,
3499 4911 3656 4967 tertia
3681 4920 3765 4968 est
3787 4911 3871 4978 57,

2294 5011 2351 5058 et
2372 5011 2522 5058 sexta
2549 5014 2635 5059 est
2663 5002 2729 5057 58
2758 5005 2898 5059 inter
2924 5004 3321 5061 Ambrosianas.

2367 5094 2446 5149 De
2474 5095 2534 5150 S.
2561 5096 2809 5162 Latrone,
2836 5094 2992 5150 Petro
3029 5095 3286 5166 apostolo,
3331 5106 3382 5150 et
3418 5097 3627 5150 Ancilla
3659 5098 3874 5150 ostiaria

2296 5187 2433 5242 hom.
2467 5187 2531 5252 4,
2573 5202 2692 5256 quas
2737 5189 2876 5244 inter
2923 5188 3303 5244 Ambrosianas
3342 5189 3700 5263 reperiuntur»
3724 5205 3871 5244 num.

2295 5276 2381 5343 44,
2407 5277 2502 5344 45,
2529 5276 2597 5330 46
2624 5286 2679 5334 et
2705 5277 2794 5332 47.

2802 5413 3049 5472 Homilite
3076 5416 3346 5471 wstiuales.

2369 5551 2431 5604 ln
2460 5553 2781 5606 solemnitate
2811 5551 3057 5607 Paschali
3077 5532 3212 5607 hom.
3247 5549 3308 5616 5,
3340 5565 3569 5619 quarum
3601 5549 3769 5620 prima
3794 5557 3877 5604 est

2292 5645 2382 5711 51,
2406 5644 2563 5698 tertia
2583 5652 2666 5699 est
2686 5643 2775 5710 49,
2799 5653 2988 5712 quarta
3009 5655 3093 5700 est
3109 5644 3196 5709 53,
3221 5641 3452 5700 secunda
3471 5651 3557 5699 est
3581 5640 3877 5712 52,quints

2291 5744 2371 5790 est
2402 5737 2541 5790 inter
2563 5735 2630 5789 54
2659 5735 3054 5794 Ambrosianus.
