4050 6356
112 3305 113 3308 η
220 3268 444 3331 martyr.
469 3259 678 3315 Nazarii
696 3269 752 3316 et
762 3261 906 3317 Celsi
928 3261 1068 3316 inter
1083 3261 1466 3317 Ambrosianus
1486 3261 1575 3329 52,
1591 3261 1807 3316 Maximi

229 336 333 394 169

1402 336 1486 394 DE
1521 337 1578 394 S.
1622 335 1890 392 MAXIMO
1929 335 2358 392 TAURINENSI.

3394 340 3493 398 170

298 455 366 511 In
394 456 714 512 solemnitate
751 457 1082 514 Pentecostes
1131 459 1267 514 hom.
1300 458 1354 528 5,
1397 472 1516 530 quas
1544 462 1812 512 habentur
1837 460 1890 516 Α
1916 465 2052 510 adeo
2078 455 2309 509 dilflcilis
2335 463 2418 509 est
2445 454 2513 510 de
2540 454 2605 511 iis
2625 453 2956 526 conjectura,
2979 465 3040 510 ut
3065 458 3270 514 auctori
3295 473 3394 514 suo
3423 461 3491 532 (si

221 547 366 606 inter
390 545 769 606 Ambrosianus
797 567 945 606 num.
973 550 1062 620 60,
1094 551 1156 604 61
1191 559 1246 605 et
1271 550 1355 604 62.

727 662 974 718 Humilia:
1002 663 1064 717 de
1093 665 1302 717 sanctis.

301 774 367 829 In
397 776 560 830 natali
587 777 690 831 divi
729 777 984 847 Stephani
1032 777 1280 841 homilia;
1321 777 1504 845 quinta
1546 784 1629 831 est
1668 775 1809 831 inter

223 868 508 938 Augustini
537 870 783 923 homilias
810 869 876 923 de
905 871 1118 924 sanctis.

298 960 367 1015 In
390 963 553 1016 natali
583 963 713 1018 diva:
740 963 952 1034 Agnetis
983 963 1217 1017 humilia.

299 1053 367 1107 In
391 1055 656 1108 nativitate
697 1056 800 1109 divi
821 1056 1040 1109 Joannis
1067 1055 1314 1125 Baptista:
1342 1055 1479 1109 hom.
1511 1053 1562 1108 5.

227 1175 242 1199 .-
299 1144 365 1198 In
396 1145 562 1199 natali
605 1145 711 1199 SS.
749 1145 893 1200 Petri
931 1155 979 1200 et
1008 1145 1163 1199 Pauli
1189 1146 1539 1216 apostolorum
1581 1145 1717 1198 hom.
1753 1143 1806 1211 5,

220 1253 448 1308 quarum
474 1239 659 1293 ultima
679 1246 763 1294 est
784 1239 852 1292 27
874 1241 1015 1294 inter
1034 1239 1312 1308 Augustini
1334 1238 1400 1295 de
1422 1239 1641 1304 sanctis,
1665 1244 1720 1291 et
1743 1235 1809 1288 56

219 1330 366 1386 inter
391 1318 791 1384 Ambrosianas.

295 1421 364 1475 In
392 1421 559 1475 natali
587 1408 688 1475 divi
720 1420 988 1475 Laurentii
1017 1422 1262 1491 martyris
1292 1419 1428 1473 hom.
1455 1420 1506 1473 5.

295 1513 363 1568 1η
392 1515 557 1568 natali
587 1515 689 1569 diui
723 1513 930 1568 Eusebii
966 1513 1304 1568 Vercellensis
1335 1515 1558 1585 episcopi
1587 1514 1723 1568 hom.
1750 1511 1806 1579 2,

218 1621 453 1678 quarum
478 1607 749 1676 posterior
769 1614 853 1661 est
881 1605 949 1658 69
978 1607 1121 1661 inter
1143 1607 1542 1660 Ambrosianas.

294 1698 362 1755 In
391 1700 558 1754 natali
597 1699 697 1754 divi
734 1698 981 1769 Cypriani
1009 1698 1146 1752 hom.
1177 1697 1232 1765 2,
1264 1712 1384 1767 qua:
1419 1699 1557 1750 inter
1579 1695 1808 1750 Ambro-

217 1792 401 1850 sianas
428 1800 554 1847 sunt
576 1807 721 1845 num.
756 1789 825 1843 72
850 1799 903 1844 et
933 1790 1018 1844 75.

292 1883 537 1956 Infestis
575 1883 676 1938 divi
717 1881 987 1936 Michaelis
1013 1925 1028 1949 ,
1077 1897 1194 1952 qua:
1244 1882 1383 1936 inter
1431 1880 1807 1936 Ambrosianas

217 1983 308 2030 est
337 1974 421 2029 10.

730 2045 974 2100 Humilia:
993 2045 1056 2098 de
1079 2045 1310 2099 diversis.

295 2156 373 2211 De
397 2159 720 2229 expositione
747 2157 963 2228 symboli
993 2158 1223 2212 homilia.

298 2248 374 2304 De
401 2267 505 2304 non
546 2251 831 2304 metuendis
879 2249 1175 2303 carnalibus
1217 2248 1444 2302 hostibus
1470 2290 1485 2316 ,
1533 2257 1583 2301 et
1628 2250 1808 2318 gratiis

221 2349 340 2412 post
360 2340 527 2394 cibum
551 2341 766 2412 agendis
789 2341 925 2395 hom.
942 2342 998 2408 2,
1018 2342 1159 2395 inter
1179 2340 1559 2396 Ambrosianus
1576 2356 1723 2394 num.
1743 2339 1814 2392 42

191 2470 194 2472 -
224 2442 284 2490 et
309 2433 397 2487 45.

295 2522 376 2578 De
405 2526 626 2580 avaritia
652 2525 864 2580 vitanda
891 2526 1029 2581 hom.
1058 2526 1112 2581 2.

293 2615 372 2670 De
393 2617 733 2688 eleemosgnis
754 2618 1040 2689 largiendis
1070 2621 1208 2675 hom.
1237 2620 1288 2673 2.

292 2704 373 2759 De
400 2706 753 2778 hospitalitate
784 2709 1019 2764 homilia.

292 2797 376 2853 De
400 2800 606 2872 defectu
636 2800 774 2856 lunae
794 2801 929 2856 hom.
967 2801 1017 2855 1.

290 2892 468 2963 Super
489 2893 616 2948 illud
637 2893 787 2949 Isaia:
813 2912 826 2948 :
861 2894 1129 2966 Caupones
1154 2895 1228 2948 tui
1256 2894 1468 2948 miscent
1486 2909 1673 2966 aquam
1691 2893 1807 2947 uino

221 2986 453 3041 humilia.

291 3076 480 3152 [cun]
520 3077 689 3133 Porro
717 3093 897 3154 sermo
926 3079 1068 3134 inter
1088 3079 1508 3148 Augustinianos
1531 3078 1598 3133 de
1617 3077 1807 3134 Verbis

219 3167 434 3224 Domini
464 3167 552 3236 19,
583 3177 637 3223 et
667 3167 807 3225 inter
835 3168 1216 3225 Ambrosianus
1262 3171 1293 3223 7
1317 3213 1331 3238 ,
1375 3179 1432 3224 et
1461 3169 1527 3224 de
1556 3169 1678 3224 Vita
1705 3168 1802 3224 SS.

221 3364 340 3404 esse
371 3359 679 3418 censentur,
710 3350 837 3406 licet
861 3351 1002 3406 inter
1023 3353 1188 3422 ipsius
1215 3367 1380 3422 opera
1427 3368 1535 3406 non
1579 3352 1810 3407 habean-

221 3446 328 3496 tur.
356 3437 679 3495 Prodierunt
703 3440 760 3496 S.
787 3441 1002 3497 Maximi
1021 3443 1255 3498 humilia:
1275 3442 1511 3498 Colonia:
1536 3459 1624 3498 an.
1651 3442 1807 3512 1555,

223 3528 410 3587 Roma:
430 3547 516 3586 an.
551 3532 689 3586 1564
719 3549 841 3589 cum
873 3533 1090 3603 Leonis,
1113 3533 1258 3590 Petri
1281 3534 1596 3606 Chrysologi
1617 3578 1632 3602 ,
1676 3542 1807 3600 etc.,

222 3637 375 3694 opp.,
422 3622 642 3680 Parisiis
671 3641 759 3679 an.
788 3624 925 3678 1614
951 3635 1006 3681 et
1035 3624 1207 3694 1625,
1251 3623 1495 3693 Lugduni
1536 3641 1625 3678 an.
1673 3623 1812 3676 1655

224 3729 346 3772 cum
375 3716 612 3773 homiliis
636 3719 952 3790 Chrysologi
969 3763 983 3788 ,
1007 3719 1248 3774 Colonia:
1276 3735 1364 3774 an.
1398 3717 1558 3771 1678.

291 3805 532 3877 Denique
562 3809 617 3863 in
641 3809 974 3863 Bibliotheca
1018 3809 1119 3861 PP.
1167 3810 1400 3863 humilia:
1440 3808 1494 3874 4,
1542 3807 1812 3873 videlicet,

223 3899 306 3955 De
333 3901 570 3955 barbaris
611 3918 715 3955 non
757 3901 996 3954 timendis
1042 3902 1090 3954 ei
1118 3901 1203 3971 qui
1233 3899 1398 3952 Deum
1431 3901 1608 3964 timet;
1656 3907 1703 3952 et
1751 3899 1815 3951 de

224 3987 436 4054 Eliseo;
483 3991 547 4044 de
595 3989 867 4055 Ninivitis,
909 3991 972 4043 de
1018 3990 1246 4044 colendis
1294 3989 1556 4055 Januarii,
1615 3989 1676 4042 de
1718 3989 1811 4042 de—

229 4081 367 4150 fectu
409 4079 576 4148 lunte,
620 4090 742 4134 ante
796 4081 972 4135 natale
1011 4080 1242 4145 Domini,
1293 4081 1356 4134 de
1400 4080 1573 4133 natale
1601 4078 1813 4134 Domini

227 4168 546 4240 Saluatoris,
573 4172 636 4225 de
663 4173 916 4227 hereticis
941 4183 1149 4243 peccata
1174 4171 1531 4236 vendentibus;
1553 4172 1688 4243 quod
1708 4189 1808 4226 non

225 4259 410 4316 debent
451 4264 626 4317 clerici
672 4263 929 4334 negotiari
953 4305 967 4330 ,
999 4262 1062 4315 de
1089 4275 1303 4333 carpare
1332 4261 1564 4319 Domini.
1599 4261 1706 4317 Has
1744 4277 1807 4317 ex

213 4355 450 4430 _vetustis
474 4355 748 4411 codicibus
769 4356 930 4423 emit,
953 4363 1008 4410 et
1028 4355 1262 4410 Maximo
1286 4364 1471 4410 nostro
1490 4354 1808 4422 vindicatus,

229 4445 383 4501 nobis
404 4464 572 4518 nuper
599 4447 841 4503 exhibuit
869 4463 982 4502 rev.
1012 4446 1071 4501 P.
1117 4447 1456 4502 Mabillonius
1496 4446 1634 4502 Mus.
1681 4446 1806 4501 Ital.

230 4544 359 4594 tom.
391 4539 433 4608 l,
465 4548 604 4611 part.
629 4540 684 4609 2,
709 4555 830 4610 pag.
858 4539 913 4608 1,
935 4540 1026 4595 ubi
1052 4541 1214 4596 etiam
1235 4539 1301 4595 de
1331 4540 1448 4594 aliis
1477 4538 1692 4592 Maximi
1719 4539 1812 4592 ho—

231 4631 386 4687 miliis
404 4648 524 4703 qua:
551 4634 651 4688 sub
679 4633 948 4688 Ambrosii
969 4642 1024 4687 et
1045 4633 1322 4702 Augustini
1347 4633 1562 4688 nomine
1586 4632 1814 4687 circum-

233 4721 474 4782 feruntur
502 4726 640 4795 fuse,
672 4735 731 4780 ut
758 4727 918 4790 solet,
948 4734 1002 4781 et
1031 4735 1281 4781 accurate
1310 4726 1434 4793 agit.

617 4836 914 4893 JOANNES
951 4835 1424 4893 MABlLLONlUS.

235 4945 299 5004 In
325 4949 493 5007 Musei
520 4949 694 5006 Italici
718 4961 841 5005 tom.
876 4949 928 5018 1,
957 4968 1076 5022 pag.
1113 4949 1176 5017 2,
1211 4949 1434 5003 Parisiis
1473 4965 1613 5002 anno
1653 4946 1811 5000 1687.

301 5042 351 5096 1.
393 5043 634 5099 Alteram
671 5043 896 5112 hujusce
921 5043 1207 5096 voluminis
1234 5050 1440 5112 partem
1475 5040 1818 5109 auspicamur

239 5129 395 5202 (quod
420 5134 657 5189 faustum
683 5133 1116 5202 fortunatumque
1164 5131 1254 5202 sit)
1305 5131 1370 5184 ab
1417 5129 1656 5184 homiliis
1695 5129 1815 5198 qui-

237 5218 455 5283 busdam
485 5227 702 5282 ineditis
730 5228 901 5281 sancti
927 5225 1142 5280 Maximi
1167 5225 1402 5296 episcopi
1425 5221 1773 5277 Taurinensis
1801 5240 1813 5276 :

239 5317 383 5388 cujus
403 5329 552 5376 tanta
575 5319 842 5385 facundia,
865 5327 1072 5372 tantum
1097 5317 1329 5372 studium
1353 5317 1404 5370 in
1434 5330 1548 5371 rem
1566 5313 1818 5369 Christia-

241 5419 358 5462 nam
384 5409 502 5476 fuit,
534 5419 594 5464 ut
611 5409 843 5478 vulgate
867 5409 981 5477 ejus
1009 5407 1242 5462 humilia:
1271 5406 1442 5474 digna:
1469 5406 1578 5460 sint
1606 5405 1815 5460 meliori

243 5493 375 5556 luce.
413 5503 494 5558 lta
540 5504 683 5558 enim
713 5517 842 5556 vero
883 5500 1169 5564 distractae,
1223 5506 1278 5552 et
1321 5498 1507 5552 alienis
1545 5497 1816 5553 coloribus

246 5584 511 5648 infuscata:
547 5600 691 5659 sunt,
723 5600 782 5646 ut
806 5591 925 5662 quis
954 5590 1023 5645 sit
1069 5604 1250 5643 earum
1291 5588 1558 5657 legitimus
1599 5604 1812 5660 parens,

250 5680 403 5737 etiam
440 5685 578 5756 apud
618 5685 760 5740 viros
799 5683 989 5738 doctos
1035 5681 1308 5736 dubitetur
1358 5699 1369 5732 :
1417 5680 1542 5734 dum
1589 5680 1644 5734 bi
1686 5679 1818 5735 alias

251 5766 542 5843 Ambrosio,
572 5776 648 5830 illi
677 5776 807 5829 alias
829 5774 1126 5843 Augustino
1149 5771 1407 5829 tribuunt.
1431 5769 1615 5843 Neque
1638 5777 1821 5827 tamen

517 5871 790 5934 Ριτιιοι..
837 5869 1025 5931 LVII.

1913 545 2075 600 modo
2099 546 2220 614 quis
2247 545 2558 615 diligentem
2586 562 2808 616 operam
2837 547 3128 620 adhibeat)
3158 549 3374 605 tandem
3403 566 3501 613 re-_

1913 638 2062 693 stitui
2089 654 2195 693 non
2226 639 2454 709 possint,
2485 640 2717 694 maxime
2743 640 3020 695 Gennadio
3059 641 3197 698 duce
3218 685 3233 709 ,
3279 645 3370 713 qui
3398 660 3490 700 ea-

1910 746 2029 784 rum
2052 739 2383 799 argumenta,
2414 739 2468 786 et
2494 730 2680 785 titulos
2704 747 2895 800 magna
2917 748 2984 787 ex
3002 743 3157 803 parte
3183 736 3383 793 retulit.
3414 737 3491 794 De

1911 822 2160 879 omnibus
2207 822 2310 877 illis
2340 822 2604 887 homiliis,
2645 823 2758 878 sive
2795 839 2915 893 quas
2939 825 3080 895 apud
3126 825 3487 896 Ambrosium,

1910 911 2025 966 sive
2053 928 2173 981 qum
2221 912 2361 983 apud
2407 913 2778 982 Augustinum,
2827 930 2924 969 seu
2969 930 3090 984 qua:
3128 917 3269 988 apud
3315 920 3491 990 ipsum

1913 1000 2199 1058 Maximum
2231 1010 2464 1069 exstant,
2496 1012 2801 1058 accuratam
2839 1004 3030 1061 atl‘erre
3075 1023 3357 1064 censuram
3381 1027 3489 1066 non

1910 1103 1995 1151 est
2014 1097 2184 1151 nostri
2213 1097 2456 1151 instituti.
2505 1095 2629 1151 Haec
2659 1111 2784 1152 cura
2823 1098 3016 1164 partim
3060 1109 3318 1170 occupata
3348 1109 3431 1156 est
3460 1118 3492 1155 a

1911 1187 2183 1242 sodalibus
2220 1188 2438 1253 nostris,
2489 1195 2602 1242 tum
2643 1187 2709 1242 iis
2752 1188 2845 1256 qui
2894 1188 3171 1257 Augustini
3213 1207 3493 1248 sermones

1909 1293 2032 1334 cum
2055 1285 2310 1333 accurato
2337 1278 2545 1334 delectu
2567 1279 2636 1333 ab
2661 1278 2882 1334 intrusis
2910 1286 2966 1333 et
2993 1281 3352 1350 supposititiis
3374 1283 3488 1353 jam

1911 1377 2280 1437 repurgarunt,
2315 1378 2427 1424 tum
2471 1369 2540 1424 ab
2579 1369 2715 1435 aliis,
2748 1369 2876 1424 item
2920 1371 3140 1434 nostris,
3171 1372 3263 1439 qui
3295 1389 3488 1428 novam

1911 1458 2182 1514 Ambrosii
2212 1475 2435 1530 operum
2464 1461 2756 1516 editionem
2786 1460 3050 1516 adornant
3080 1481 3093 1514 :
3135 1478 3236 1518 nos
3260 1471 3488 1530 tantum,

1910 1550 2054 1620 quod
2085 1567 2116 1605 e
2145 1567 2204 1606 re
2232 1561 2415 1608 nostra
2444 1554 2566 1619 erit,
2597 1553 2703 1610 hoc
2723 1554 2844 1611 loco
2872 1569 3241 1625 exsequemur.

1979 1640 2031 1696 2.
2073 1641 2288 1697 Maximi
2317 1643 2566 1700 homilias
2601 1644 2916 1714 plerasque,
2965 1646 3012 1700 si
3040 1662 3147 1701 non
3195 1663 3384 1704 omnes
3410 1650 3491 1704 in-

1913 1731 2158 1786 venimus
2198 1733 2254 1787 in
2298 1733 2467 1787 tribus
2513 1733 2790 1788 codicibus
2837 1736 3213 1805 perantiquis:
3264 1755 3491 1808 quorum

1835 1841 1885 1902 B
1910 1838 2050 1877 unus
2078 1822 2363 1878 Mediolani
2392 1823 2638 1890 habetur,
2672 1826 2725 1879 in
2754 1826 3078 1883 bibliotheca
3109 1827 3490 1898 Ambrosiana;

1910 1918 2046 1974 alter
2071 1917 2274 1981 Romae.
2322 1919 2376 1973 in
2415 1920 2744 1974 monasterio
2772 1919 2984 1975 Sanctae
3007 1919 3212 1987 Crucis,
3245 1925 3389 1993 quod
3439 1927 3492 1980 in

1907 2011 2198 2066 Jerusalem
2225 2011 2555 2082 appellatur;
2588 2013 2778 2067 tertius
2807 2013 2860 2066 in
2889 2011 3105 2067 abbatia
3129 2012 3312 2069 Sancti
3331 2014 3492 2084 Galli,

1909 2102 2048 2173 apud
2074 2102 2378 2166 Helvetios;
2424 2111 2730 2172 postremus
2778 2103 2866 2158 hic
2893 2104 3065 2160 codex
3089 2147 3105 2172 ,
3157 2106 3350 2162 litteris
3378 2125 3495 2164 ma-

1905 2193 2131 2263 jusculis
2159 2196 2228 2249 ab
2266 2195 2422 2248 annis
2467 2194 2613 2249 mille
2642 2203 2789 2249 totus
2819 2205 3087 2262 exaratus,
3129 2199 3369 2254 continet
3395 2200 3496 2255 bo-

1910 2285 2084 2339 milias
2109 2283 2176 2336 97
2204 2285 2302 2339 sub
2329 2285 2434 2338 hoc
2458 2285 2616 2340 titulo
2643 2302 2655 2338 :
2691 2283 2758 2338 In
2788 2282 2981 2339 Christi
3017 2287 3222 2342 nomine
3243 2290 3495 2361 incipiunt

1912 2375 2139 2430 humilia:
2166 2377 2335 2429 sancti
2358 2377 2632 2446 Augustini
2661 2379 2889 2447 episcopi
2917 2387 2967 2431 et
2995 2381 3327 2450 confessoris,
3359 2397 3496 2450 prte-

1912 2468 2076 2523 missa
2115 2468 2499 2538 capitulatione
2538 2469 2869 2554 singularum
2911 2470 3271 2527 homiliarum.
3301 2471 3496 2529 Plerze-

1910 2573 2018 2628 que
2066 2574 2132 2614 ex
2180 2560 2265 2614 his
2311 2559 2545 2614 homiliis
2571 2560 2802 2629 vulgatae
2842 2569 2968 2616 sunt
3004 2563 3144 2618 inter
3170 2578 3333 2633 opera
3368 2564 3495 2618 Am-

1907 2651 2095 2715 brosii.
2124 2651 2406 2719 Augustini
2427 2658 2482 2707 et
2505 2650 2724 2707 Maximi
2749 2653 2987 2722 praedicti
3017 2671 3029 2706 :
3056 2649 3150 2708 sed
3172 2670 3344 2724 neque
3367 2656 3494 2710 Am-

1908 2744 2168 2808 brosium,
2203 2759 2377 2814 neque
2400 2743 2753 2813 Augustinum
2776 2785 2791 2806 ,
2842 2761 3029 2800 omnes
3053 2761 3200 2810 vero,
3247 2756 3341 2802 aut
3384 2748 3496 2804 fere

1909 2850 2096 2890 omnes
2144 2833 2432 2888 Maximum
2479 2834 2680 2889 habent
2724 2844 3018 2890 auctorem.
3055 2835 3252 2905 Viginti
3281 2846 3337 2892 et
3385 2852 3491 2893 una

1908 2926 2050 2982 inter
2078 2941 2170 2980 eas
2199 2926 2413 2981 ineditze
2441 2934 2567 2981 sunt
2597 2944 2611 2979 :
2643 2941 2777 2996 quas
2799 2937 2989 2996 rogatu
3010 2936 3195 2983 nostro
3216 2929 3495 3000 descripsit

1909 3021 2194 3089 religiosus
2248 3027 2306 3075 et
2358 3019 2550 3075 doctus
2597 3019 2939 3078 Hermannus
2977 3021 3264 3082 Sbenkius.
3309 3021 3495 3079 Sancti

1910 3110 2048 3166 Galli
2073 3111 2414 3166 bibliothecas
2442 3111 2744 3182 praefectus.

1835 3207 1881 3270 ο
1983 3201 2038 3256 5.
2080 3202 2468 3258 Ambrosianus
2520 3202 2732 3268 codex,
2796 3203 2938 3258 haud
2990 3206 3168 3260 minus
3221 3206 3492 3274 antiquus,

1913 3295 2224 3350 charactere
2271 3293 2678 3363 Longobardico
2729 3304 2980 3350 exaratus
3026 3306 3146 3361 est,
3195 3297 3295 3351 sub
3342 3299 3497 3352 initio

1911 3386 2150 3441 mutilus.
2180 3383 2345 3440 Erant
2375 3387 2428 3438 in
2457 3384 2644 3439 codice
2664 3384 2900 3439 bomiliaa
2930 3385 3097 3440 ferme
3124 3385 3213 3450 80,
3243 3403 3350 3442 non
3378 3404 3498 3442 om-

1912 3492 2011 3533 nes
2053 3475 2254 3532 aedem
2297 3475 2541 3545 atquein
2592 3475 2778 3529 codice
2825 3474 3008 3530 Sancti
3037 3474 3202 3541 Galli;
3251 3477 3495 3546 quaedam

1911 3584 2034 3623 cum
2064 3569 2218 3622 titulo
2251 3585 2262 3620 :
2297 3566 2479 3622 Sancti
2515 3563 2734 3619 Maximi
2767 3565 3102 3620 Taurinensis
3131 3569 3378 3639 episcopi,
3401 3569 3494 3639 qui

1912 3675 2102 3714 revera
2131 3673 2316 3713 earum
2346 3665 2428 3712 est
2455 3656 2726 3725 legitimus
2755 3671 2967 3727 parens.

1984 3748 2036 3802 4.
2076 3749 2134 3803 1η
2159 3748 2344 3805 codice
2364 3748 2607 3803 Romano
2637 3746 2846 3804 Sancta:
2875 3747 3060 3805 Crucis
3087 3751 3180 3820 qui
3217 3749 3320 3807 fuit
3362 3753 3494 3810 olim

1914 3842 2229 3896 monasterii
2257 3840 2671 3896 Nonantulensis
2699 3848 2824 3895 ante
2847 3855 3047 3896 annum
3074 3840 3274 3898 Christi
3317 3845 3495 3900 octin-

1914 3933 2268 4000 gentesimum
2309 3932 2600 4001 acquisitus
2638 3931 2706 3986 ab
2755 3931 3010 3987 Anselmo
3055 3933 3279 4001 abbate,
3321 3935 3496 3989 conti-

1916 4033 2111 4080 nentur
2141 4024 2373 4079 humilia:
2423 4024 2509 4087 75,
2555 4039 2622 4079 ex
2660 4023 2856 4092 quibus
2899 4024 3166 4094 pleneque
3207 4027 3262 4080 in
3309 4025 3497 4084 Sancti

1913 4115 2051 4171 Galli
2106 4117 2401 4186 exemplari
2471 4117 2835 4173 continentur.
2893 4115 3213 4186 [ascriptum
3275 4126 3394 4173 erat
3441 4119 3496 4172 in

1913 4208 2092 4264 fronte
2119 4207 2319 4262 codicis
2348 4223 2544 4262 nomen
2573 4209 2828 4276 auctoris,
2858 4207 2955 4263 sed
2979 4223 3044 4263 eo
3074 4207 3290 4274 abraso,
3323 4212 3495 4264 sancti

1915 4299 2170 4354 Ambrosii
2209 4314 2408 4354 nomen
2448 4299 2816 4353 substitutum.
2870 4297 3100 4352 Maxima
3143 4315 3267 4368 pars
3313 4307 3495 4356 tamen

1913 4391 2103 4445 harum
2137 4391 2475 4445 homiliarum
2522 4397 2648 4444 sunt
2694 4389 2941 4453 Maximi,
2993 4391 3205 4444 tametsi
3253 4390 3496 4460 quasdam

1914 4483 2031 4538 aia:
2063 4482 2368 4554 Hieronymi
2398 4489 2452 4536 et
2481 4481 2757 4550 Augustini
2803 4482 2902 4535 sub
2942 4495 3129 4534 eorum
3165 4480 3381 4534 nomine
3411 4481 3497 4535 in-

1839 4585 1889 4644 ι)
1915 4585 2070 4631 serta:
2096 4583 2239 4627 sunt.

1991 4665 2042 4719 5.
2085 4665 2163 4718 Ex
2193 4664 2276 4718 his
2307 4664 2475 4716 tribus
2515 4659 2805 4724 codicibus,
2857 4660 3198 4727 quantumvis
3241 4661 3498 4732 antiquis,

1919 4773 2027 4813 non
2057 4757 2266 4810 eruitur
2288 4761 2436 4808 certa
2457 4759 2514 4806 et
2541 4751 2821 4820 explorata
2846 4751 3034 4805 notitia
3057 4752 3295 4806 omnium
3324 4756 3499 4811 sancti

1922 4847 2139 4901 Maximi
2168 4843 2585 4914 ghomiliarum,
2653 4840 2918 4910 siquidem
2983 4840 3347 4910 Sangallensis
3404 4860 3498 4900 eas

1921 4937 2022 4991 sub
2064 4934 2342 5004 Augustini
2390 4932 2522 4988 falso
2566 4931 2723 4988 titulo
2768 4931 2982 4989 adducit
3014 4952 3026 4986 :
3057 4932 3267 4989 Sanctae
3313 4935 3500 4993 Crucis

1922 5029 2113 5094 codex,
2169 5027 2348 5083 deleto
2397 5041 2526 5082 vero
2575 5027 2812 5081 auctoris
2859 5027 3098 5095 nomine,
3152 5028 3496 5084 Ambrosium

1921 5121 2134 5194 praefert
2167 5140 2179 5174 :
2212 5137 2349 5176 unus
2371 5118 2756 5175 Ambrosianus
2803 5118 3036 5176 Maximo
3077 5121 3336 5189 quasdam
3365 5121 3525 5176 assi--’

1918 5222 2068 5285 gnat,
2110 5213 2206 5269 sed
2235 5228 2453 5283 paucas,
2502 5218 2562 5265 ut
2598 5219 2788 5281 postea
2825 5211 3144 5267 videbimus.
3186 5211 3384 5267 Verum
3431 5228 3499 5267 ex

1919 5310 2036 5365 aliis
2057 5307 2286 5376 indiciis,
2316 5305 2551 5361 maxime
2581 5319 2652 5359 ex
2679 5301 2976 5371 Gennadio,
3008 5304 3353 5373 intelligimus
3381 5321 3499 5360 om-

1917 5417 2012 5457 nes
2038 5409 2130 5454 aut
2157 5396 2547 5472 propemodum
2576 5409 2786 5458 omnes,
2817 5395 3116 5465 praesertim
3160 5410 3281 5465 quae
3321 5396 3375 5449 in
3403 5410 3498 5447 co-

1919 5495 2037 5550 dice
2065 5491 2246 5548 Sancti
2274 5488 2414 5544 Galli
2443 5487 2785 5551 exhibentur,
2828 5484 3062 5541 Maximo
3087 5499 3207 5540 esse
3255 5483 3500 5536 tribuen-

1921 5588 2032 5642 das.
2066 5583 2134 5638 Et
2158 5581 2378 5654 quidem
2409 5581 2483 5634 ita
2508 5579 2668 5634 simul
2698 5593 2955 5634 connexte
2987 5586 3043 5633 et
3067 5577 3327 5642 colligatos
3355 5581 3500 5639 sunt,

1922 5687 1982 5734 ut
2004 5678 2048 5732 si
2095 5689 2323 5731 unarum
2370 5681 2556 5728 auctor
2596 5670 2907 5741 exploratus
2949 5669 3227 5732 habeatur,
3277 5665 3345 5719 de
3385 5666 3503 5723 aliis

1926 5780 2266 5836 consequens
2293 5763 2528 5819 futurum
2557 5761 2629 5816 sit
2647 5760 2928 5830 judicium.
2962 5759 3162 5812 Au:__tur
3183 5756 3382 5827 quippe
3405 5757 3508 5815 hu~

3054 5852 3095 5912 6
