4050 6356
598 309 692 367 171

1406 298 1818 364 TESTlMONlA
1855 300 2299 364 SCRIPTORUM
2336 304 3019 368 FBGLESIASTICORUM

3799 310 3916 373 ﬂ!

597 424 754 478 milia
799 419 1143 492 praecedentis
1176 419 1231 473 in
1260 418 1608 489 subsequenti
1651 419 1977 475 mentionem
2025 419 2171 475 facit.
2208 421 2251 477 Α
2278 421 2547 478 malumus
2616 423 2846 479 aliorum
2910 422 3119 494 judicio
3183 439 3348 495 quam
3398 432 3586 483 nostro

599 514 755 583 Atqui
794 513 1059 582 pleraeQue
1095 507 1386 565 Maximum
1427 511 1506 565 uti
1556 511 1851 579 legitimum
1893 521 2173 581 parentem

597 611 912 675 agnoscunt,
943 611 1152 675 utpote
1178 618 1313 675 quas
1356 602 1668 660 Gennadius
1706 602 1989 660 manifeste
2028 603 2174 659 desi~

597 698 790 766 gnavit.
822 695 938 754 Hoc
962 697 1020 751 in
1043 710 1271 752 numero
1297 710 1391 752 eas
1418 710 1537 752 esse
1573 710 1710 766 quas
1752 711 1896 751 nunc
1941 695 2175 766 primum

590 788 641 842 in
670 785 848 844 lucem
890 787 1244 860 proferimus,
1294 800 1363 843 ex
1403 787 1661 858 subjectis
1707 787 2175 844 observationibus

585 878 763 950 quivis
786 880 942 936 facile
971 880 1403 937 animadvertere
1430 882 1651 951 poterit.

653 973 708 1031 6.
740 973 1004 1031 Maximus
1030 974 1379 1031 Taurinensis
1422 974 1678 1031 Ecclesia:
1715 975 2001 1046 episcopus
2024 1016 2040 1043 ,
2086 980 2173 1030 te-

586 1076 761 1127 stante
789 1067 1093 1138 Gennadio,
1135 1067 1387 1124 bomilias
1422 1067 1637 1139 scripsit
1666 1066 1733 1122 de
1762 1066 2008 1123 hostibus
2054 1080 2172 1122 car-

544 1190 547 1191 ν
580 1159 794 1215 nalibus
835 1168 944 1214 non
968 1158 1241 1214 timendis.
1275 1158 1390 1214 Una
1422 1166 1505 1215 est
1531 1157 1636 1214 hoc
1682 1158 1843 1214 titulo
1880 1158 2022 1213 inter
2048 1158 2170 1213 vui-

582 1259 736 1321 gatas
760 1248 979 1305 Maximi
1018 1250 1286 1305 homilias.
1321 1248 1499 1304 Prima
1528 1265 1595 1305 ex
1640 1248 1927 1305 duodecim
1957 1264 1988 1303 a
2018 1248 2173 1304 nobis

583 1345 791 1402 edenda
816 1343 1059 1413 ejusdem
1087 1352 1171 1399 est
1198 1345 1519 1414 argumenti,
1563 1343 1904 1413 referturque
1929 1342 1997 1397 ad
2043 1356 2173 1413 pra:-

581 1437 884 1503 cedentem,
913 1438 995 1493 his
1018 1437 1194 1493 verbis
1243 1457 1257 1491 :
1310 1436 1462 1508 Saepe
1509 1438 1707 1492 dixisse
1736 1438 1978 1503 memini,
2035 1437 2171 1508 quod

582 1531 674 1586 hos
695 1532 939 1585 tumultus
966 1530 1172 1587 bellicos
1194 1532 1406 1586 minime
1432 1532 1612 1585 timere
1640 1530 1897 1585 debemus.
1927 1529 2006 1584 Ad
2028 1528 2168 1583 idem

582 1632 957 1692 argumentum
995 1623 1296 1680 revocanda
1335 1632 1418 1680 est
1444 1623 1665 1678 homilia
1707 1638 1827 1692 quae
1870 1612 2013 1677 inter
2038 1620 2168 1675 Am-

580 1713 861 1775 brosianus
909 1717 970 1770 de
1005 1715 1213 1772 Sanctis
1241 1723 1324 1773 est
1368 1714 1458 1781 24,
1490 1714 1545 1770 in
1593 1714 1779 1771 codice
1817 1714 2001 1769 Sancti
2026 1712 2165 1768 Galli

2276 513 2597 586 Quanquam
2668 525 2867 574 nostra;
2926 518 3049 589 plus
3108 520 3256 576 succi
3324 535 3485 592 quam
3552 523 3678 579 alite
3746 522 3911 595 ιιι-ὲ·

2279 605 2477 664 ferunt.
3092 598 3093 601 η

2350 701 2435 756 11.
2467 701 2699 758 Humilia
2744 703 2812 757 10
2858 719 2890 760 e
2929 706 3162 773 nostris,
3212 720 3333 777 qua
3369 714 3455 763 est
3488 706 3556 762 de
3600 706 3909 765 Hareticis

2275 802 2487 863 peccata
2506 791 2854 859 vendentibus,
2873 797 3141 869 reperitur
3163 796 3367 868 absque
3394 798 3637 854 auctoris
3658 801 3905 856 nomine

2276 886 2334 941 in
2362 900 2471 941 uno
2500 885 2688 942 codice
2715 886 2903 944 Sancti
2926 878 3085 955 Galli,
3117 906 3282 961 quem
3310 890 3378 945 ab
3420 890 3578 946 annis
3603 890 3769 948 mille
3799 886 3901 948 ca-

2276 977 2421 1033 lamo
2450 986 2730 1034 exaratum
2754 972 2917 1035 fuisse
2940 976 3055 1051 jam
3076 976 3330 1037 diximus.
3353 980 3565 1038 Nullam
3593 982 3711 1040 hoc
3732 985 3907 1041 titulo

2275 1062 2494 1124 Maximi
2524 1069 2801 1124 homiliam
2825 1072 3064 1141 suggerit
3090 1071 3426 1142 Gennadius,
3448 1075 3549 1130 nisi
3580 1073 3739 1132 forte
3756 1093 3903 1132 con-

2274 1161 2392 1218 fuso
2420 1163 2502 1218 his
2528 1154 2708 1219 verbis
2741 1183 2753 1217 :
2787 1160 2983 1220 Multas
3011 1169 3144 1222 alias
3175 1168 3287 1239 ejus
3334 1167 3573 1224 homilias
3610 1168 3685 1224 de
3724 1169 3904 1249 diver-

2275 1258 2349 1311 sis
2379 1257 2497 1329 legi,
2528 1274 2657 1329 quas
2679 1275 2770 1312 nec
2799 1260 3013 1315 retineo.
3045 1250 3206 1316 Certe
3235 1277 3358 1316 cum
3388 1262 3638 1332 proxime
3667 1272 3901 1321 autem.

2274 1348 2469 1404 dentes
2497 1350 2550 1404 in
2579 1351 2766 1405 codice
2795 1350 2979 1407 Sancti
2999 1352 3157 1420 Galli,
3191 1369 3255 1409 ac
3281 1356 3687 1427 subsequentes
3722 1348 3899 1414 Maxi-

2272 1456 2421 1496 mum
2449 1449 2725 1498 auctorem
2763 1443 3027 1511 habeant;
3061 1446 3203 1501 idem
3225 1448 3391 1503 etiam
3418 1448 3490 1505 de
3515 1449 3628 1506 hac
3662 1451 3893 1507 homilia

2269 1532 2533 1603 judicium
2572 1530 2854 1591 ferendum
2900 1535 3138 1606 videtur,
3181 1541 3416 1597 maxime
3461 1558 3586 1598 cum
3616 1543 3805 1616 stylus
3828 1547 3897 1600 sit

2277 1627 2576 1685 uniformis.
2610 1630 2716 1697 Qui
2740 1620 2923 1689 autem
2950 1634 3153 1689 fuerint
3181 1634 3258 1690 illi
3285 1634 3525 1693 haeretici
3550 1637 3720 1696 nobis
3748 1640 3891 1694 haud

2276 1721 2465 1791 liquet.

580 1808 836 1881 inscripta
882 1806 961 1866 De
990 1812 1218 1866 tumultis
1262 1812 1536 1866 bellicosis.
1580 1811 1811 1878 Quinam
1850 1810 2046 1865 fuerint
2091 1809 2169 1864 illi
2201 1795 2250 1855 Β
2349 1812 2433 1868 12.
2457 1813 2688 1869 Homilla
2719 1823 2900 1899 nostra
2932 1816 2991 1870 11
3018 1828 3207 1874 contra
3237 1820 3463 1876 clericos
3482 1813 3887 1892 negotiatores,

579 1899 811 1968 barbari,
852 1900 1011 1959 facile
1058 1912 1201 1959 esset
1248 1900 1493 1968 delinire,
1537 1906 1582 1960 si
1629 1902 1696 1961 de
1742 1902 1959 1957 Maximi
2005 1906 2167 1959 aetate

577 2002 871 2050 constaret.
905 1994 977 2049 At
1008 1994 1276 2051 incertum
1306 2002 1389 2051 est
1416 1994 1607 2050 mortis
1637 1995 1754 2065 ejus
1782 2002 2018 2066 tempus.
2048 1993 2138 2049 Mo
2156 2027 2168 2037 -

574 2084 733 2151 titur,
763 2087 807 2143 si
835 2084 1113 2142 Gennadio
1138 2084 1294 2157 ﬁdes,
1336 2084 1577 2143 Honorio
1610 2097 1666 2142 et
1713 2084 2024 2142 Theodosio
2071 2083 2166 2161 lu-

573 2171 727 2233 niore
757 2178 1123 2248 regnantibus,
1155 2177 1212 2233 id
1253 2182 1357 2247 est,
1396 2187 1522 2236 ante
1560 2192 1761 2235 annum
1806 2177 2004 2234 Christi
2035 2174 2161 2244 425,

570 2266 681 2340 quo
704 2264 974 2325 Honorius
1002 2270 1251 2327 decessit.
1282 2266 1496 2328 Mimans
1541 2284 1643 2342 pro
1672 2272 1895 2327 moritur
1923 2271 2166 2342 reposuit

570 2358 769 2432 ﬂoruit.
811 2361 883 2417 At
912 2363 1151 2434 priorem
1194 2364 1485 2422 lectionem
1516 2364 1737 2436 praefert
1762 2364 2164 2421 vetustissimus

570 2452 745 2511 codex
774 2466 959 2512 noster
983 2456 1347 2525 Corbeiensis,
1375 2457 1572 2514 litteris
1592 2456 2014 2528 Francogallicis
2030 2460 2165 2514 scri-

570 2554 714 2617 ptus.
772 2546 1157 2604 Verumtamen
1213 2546 1479 2606 Maximus
1531 2546 1879 2607 Taurinensis
1936 2551 2163 2606 antistes

570 2649 717 2695 anno
748 2637 845 2693 451
880 2642 1151 2712 synodica:
1177 2638 1595 2699 Mediolanensis
1647 2643 1717 2699 ad
1761 2644 2001 2701 Leonem
2047 2640 2161 2699 Ma-

574 2742 738 2802 gnum
768 2734 1009 2804 epistolae
1054 2735 1389 2807 subscripsit,
1436 2737 1546 2793 iiuo
1590 2752 1732 2795 anno
1776 2738 1881 2793 465
1929 2740 2162 2797 concilio

573 2816 823 2881 Romano
868 2827 970 2882 sub
1015 2825 1221 2884 Hilario
1265 2842 1423 2900 papa,
1454 2836 1511 2886 ‘et
1554 2831 1759 2901 primus
1802 2841 1927 2887 ante
1969 2847 2163 2889 omnes

575 2918 740 2973 etiam
769 2924 893 2973 ante
922 2919 1355 2992 archiepiscopos
1393 2908 1830 2981 Ebred'unensem
1869 2933 1924 2981 et
1951 2926 2160 2983 Medio-

572 3006 871 3066 laneusem.
897 3006 1088 3081 Itaque
1112 3011 1394 3069 dicendum
1422 3018 1507 3071 est
1530 3022 1626 3071 aut
1654 3016 1789 3073 duos
1828 3016 1993 3074 fuisse
2021 3019 2161 3090 ejus-

572 3100 696 3157 dem
724 3102 957 3157 nominis
970 3102 1166 3167 eodem
1210 3106 1408 3163 saeculo
1438 3103 1800 3163 Tauriuenses
1830 3109 2116 3181 episcopos
2140 3129 2154 3178 ;

571 3196 668 3249 aut
693 3190 738 3249 si
759 3193 946 3249 unicus
972 3191 1092 3258 fuit,
1117 3191 1454 3252 Gennadium
1480 3195 1535 3253 in
1575 3197 1908 3269 designando
1936 3200 2157 3257 Maximi

568 3281 721 3339 obitu
758 3296 789 3337 a
818 3297 945 3339 vero
973 3283 1273 3355 aberrasse,
1321 3288 1412 3357 qui
1452 3296 1634 3345 tamen
1671 3289 1776 3345 illis
1823 3290 2158 3360 temporibus

564 3373 774 3446 [cum]
802 3383 936 3429 erat.
963 3372 1279 3448 Quanquam
1308 3376 1455 3450 quod
1489 3378 1754 3438 Maximus
1797 3383 2003 3452 primus
2033 3393 2157 3454 post

566 3476 760 3536 papam
806 3466 1013 3539 synodo
1042 3466 1302 3526 Romanae
1338 3470 1672 3543 subscripsit,
1715 3474 1840 3531 inde
1887 3475 2156 3546 colligitur

566 3566 688 3612 eum
734 3558 1057 3628 antiquitate
1099 3562 1310 3617 caeteris
1352 3560 1600 3632 ejusdem
1642 3552 1834 3637 synddi
1885 3567 2155 3638 episcopis

562 3651 898 3719 superiorem
925 3651 1108 3709 fuisse.

630 3730 685 3791 ‘l.
714 3730 845 3793 Duae
883 3749 1169 3810 sequentes
1206 3742 1443 3800 homilia:
1469 3758 1604 3817 quas
1648 3746 1859 3804 ‘edimus
1899 3750 2151 3806 eumdem

561 3838 627 3884 ac
650 3828 832 3900 prima
853 3838 1129 3886 auctorem
1157 3833 1394 3902 exigunt,
1428 3843 1488 3891 ut
1524 3848 1597 3893 ex
1640 3842 2023 3896 consecutione
2051 3856 2150 3912 pa-

556 3919 657 3975 tet.
681 3914 911 3975 Exstant
938 3920 1020 3976 hac
1055 3930 1169 3978 tres
1190 3923 1426 3982 homilia:
1453 3926 1506 3981 i'n
1537 3929 1813 3985 codicibus
1842 3933 2152 3989 Ambrosia-

554 4016 631 4066 ‘no
653 4006 709 4064 et
737 4009 921 4065 Sancti
949 4011 1105 4067 Galli.

627 4097 680 4154 8.
712 4097 1020 4157 Gennadius
1059 4100 1295 4161 Maximo
1335 4115 1519 4164 nostro
1560 4112 1747 4167 tribuit
1790 4113 2041 4170 homilias
2081 4116 2149 4172 de

551 4188 873 4261 poenitentia
898 4189 1271 4250 Ninivitarum.
1305 4196 1362 4251 lu
1388 4201 1616 4269 vulgatis
1643 4220 1748 4259 una
1790 4213 1874 4261 est
1900 4206 1967 4261 de
1996 4206 2148 4262 Nini-

552 4280 698 4345 vitis,
731 4278 801 4335 ad
823 4294 985 4353 quam
1012 4293 1198 4340 nostra
1227 4288 1449 4346 homilia
1477 4290 1509 4344 b
1530 4294 1627 4349 sub
1648 4295 1753 4352 hoc
1774 4297 1932 4352 titulo
1946 4291 1969 4350 ἐ
1997 4297 2149 4353 Dixi-

548 4384 661 4429 mus
692 4376 947 4429 anteriore
976 4377 1233 4432 dominica
1260 4377 1545 4449 Ninivitas,
1591 4394 1697 4443 etc.
1730 4385 1972 4443 Habetur
1999 4398 2149 4445 utra~

547 4480 655 4538 que
682 4467 736 4521 in
767 4467 957 4524 iisdem
984 4470 1078 4541 qui
1101 4472 1262 4526 modo
1289 4472 1493 4530 laudati
1518 4486 1645 4532 sunt
1671 4480 1966 4537 codicibus.

2271 1907 2463 1978 incipit
2486 1908 2553 1962 ab
2578 1908 2662 1963 his
2679 1909 2861 1964 verbis
2886 1929 2897 1962 :
2934 1908 3371 1982 Reprehendimus
3401 1922 3521 1967 ante
3548 1914 3695 1969 diem
3725 1932 3886 1988 nego-

2272 2000 2538 2054 tiationem
2576 2000 2788 2056 clericos
2834 2012 3148 2058 exercentes.
3184 2002 3293 2058 Sed
3332 2006 3379 2060 si
3420 2015 3555 2060 recte
3583 2009 3886 2062 considera-

2270 2106 2402 2157 mus,
2428 2091 2650 2161 ofﬁcium
2672 2107 2775 2146 non
2795 2108 2909 2147 vere
2934 2095 3199 2164 negotium
3225 2104 3323 2162 est,
3354 2104 3461 2151 etc.
3492 2095 3623 2152 Haec
3652 2099 3878 2155 homilia

2267 2181 2480 2238 videtur
2502 2185 2829 2255 respondere
2850 2186 3083 2242 homilia;
3105 2185 3171 2241 56
3200 2188 3265 2243 de
3292 2187 3543 2260 Tempore
3563 2191 3715 2261 apud
3740 2192 3874 2247 Am-

2266 2273 2525 2355 brosium,
2554 2260 2611 2331 in
2641 2277 2794 2347 cujus
2822 2275 2931 2334 ﬁne
2957 2279 3075 2335 haec
3098 2280 3350 2349 leguntur
3383 2300 3395 2335 :
3427 2281 3569 2337 Nam
3600 2260 3653 2338 et
3694 2285 3878 2340 callio-

2268 2367 2398 2424 licus
2427 2371 2640 2425 clericus
2672 2371 2770 2425 hac
2788 2374 3046 2428 sententia
3068 2375 3336 2429 retinetur.
3372 2374 3433 2432 Si
3462 2378 3600 2431 enim
3620 2388 3728 2433 non
3753 2396 3878 2434 con-

2269 2470 2438 2517 tentus
2467 2464 2738 2539 stipendiis
2768 2467 2945 2537 fuerit,
2996 2483 3111 2540 qua:
3139 2468 3204 2523 de
3248 2471 3439 2537 altari,
3492 2469 3607 2527 Deo
3636 2454 3873 2543 jubente,

2268 2558 2630 2627 consequitur;
2678 2558 2770 2611 sed
2816 2570 3020 2615 exercet
3058 2564 3414 2629 mercimonio,
3475 2565 3873 2621 intercessiones

2267 2648 2460 2713 vendit,
2488 2649 2756 2705 viduarum
2785 2669 3001 2708 munera
3032 2653 3249 2711 libenter
3276 2656 3643 2728 amplectitur;
3675 2660 3759 2712 hic
3789 2678 3875 2714 ne»

2267 2742 2493 2812 gotiator
2537 2745 2705 2815 magis
2747 2754 2915 2816 potest
2961 2747 3121 2802 videri
3158 2765 3312 2820 quam
3360 2751 3593 2806 clericus.
3627 2749 3785 2818 Quod
3827 2753 3872 2806 si

2264 2831 2344 2888 ita
2390 2841 2496 2900 est,
2519 2842 2749 2907 utraque
2801 2837 3035 2896 Maximo
3089 2841 3436 2898 vindicamh.
3488 2844 3681 2900 Nostra
3717 2848 3866 2901 enim

2266 2925 2552 2983 manifeste
2592 2930 2828 2999 pertinet
2849 2930 2919 2985 ad
2947 2932 3092 2987 illam
3123 2950 3244 3004 qua:
3271 2935 3416 3007 apud
3443 2935 3724 3005 Maximum
3754 2956 3865 3013 eat-

2264 3025 2438 3074 trema
2467 3028 2573 3089 est,
2601 3022 2654 3076 iu
2675 3022 2807 3078 illud
2832 3022 2984 3080 Isaia:
3006 3044 3021 3079 :
3046 3025 3314 3100 Caupones
3345 3032 3419 3084 tui
3439 3034 3641 3103 nauem
3660 3048 3862 3104 aquam

2250 3110 2413 3187 nino,
2431 3127 2553 3183 qua:
2580 3128 2613 3169 a
2641 3106 2921 3173 Geunadio
2948 3117 3154 3193 diserte
3182 3121 3391 3189 signata
3418 3132 3524 3179 est.
3566 3122 3683 3179 ibe
3704 3123 3865 3180 enim

2260 3202 2453 3274 incipit
2476 3205 2548 3259 ab
2576 3205 2660 3262 his
2684 3208 2866 3265 verbis
2894 3228 2906 3263 :
2941 3209 3066 3267 Non
3087 3212 3412 3270 incommode
3437 3225 3561 3271 ante
3595 3216 3700 3270 dies
3726 3233 3864 3288 ρα-
3914 3279 3927 3290 _

2260 3312 2351 3352 cos
2370 3301 2629 3369 prosecuti
2646 3317 2845 3369 sanius,
2871 3305 3189 3375 [unctionem
3228 3307 3363 3362 banc
3381 3310 3760 3366 metatum
3784 3313 3863 3367 ss-

2258 3406 2371 3445 cem
2398 3393 2675 3463 quamdam
2714 3398 2913 3467 negotii
2956 3400 3197 3465 retinere,
3240 3410 3289 3454 et
3323 3409 3558 3473 questum
3600 3418 3713 3459 use
3752 3420 3860 3460 suos

2194 3536 2199 3545 ,
2260 3482 2519 3538 modicum
2548 3485 2641 3540 hoc
2663 3487 2937 3543 clericatus
2977 3491 3217 3561 oﬂicium,
3240 3506 3361 3562 quae
3388 3494 3505 3565 ipsa
3530 3494 3699 3552 verba
3732 3504 3861 3555 sunt

2258 3574 2317 3629 in
2344 3574 2566 3631 homilia
2590 3586 2777 3659 nostra
2809 3580 2895 3646 11,
2942 3581 3015 3637 ad
3043 3599 3203 3655 quam
3224 3586 3460 3656 proinde
3500 3590 3727 3661 regiicit
3770 3591 3858 3648 iu-

2260 3663 2507 3722 dubitata
2528 3668 2650 3725 haec
2679 3670 2896 3729 Maximi
2922 3674 3167 3733 homilia.

2330 3756 2418 3813 l5.
2470 3758 2702 3817 Homilia
2751 3780 2783 3820 e
2825 3768 3024 3823 nosti-'3
3078 3768 3146 3822 12
3185 3770 3427 3840 ejusdem
3464 3781 3553 3831 ea
3591 3777 3852 3833 auctoris.

2256 3849 2525 3909 Maximus
2550 3857 2750 3926 quippe
2774 3873 2845 3913 ex
2874 3859 3157 3918 Geunadio
3194 3865 3410 3935 scripsit
3449 3886 3463 3920 :
3490 3866 3561 3923 de
3598 3866 3854 3938 Sapiniam

2253 3938 2492 3998 Domini.
2518 3944 2735 4003 Maximi
2762 3948 2885 4003 libri
2913 3951 3049 4008 duas
3078 3953 3280 4011 habent
3306 3955 3537 4026 hujusce
3561 3970 3856 4027 argumen-

2250 4033 2300 4088 ti
2327 4052 2341 4087 :
2368 4035 2423 4088 in
2451 4051 2678 4106 quorum
2705 4040 2895 4109 altera,
2927 4058 3047 4113 qua:
3066 4054 3152 4101 est
3176 4046 3244 4101 de
3284 4045 3449 4103 (ἕνεκα
3480 4058 3533 4104 et
3566 4048 3855 4121 Sepultum

2255 4121 2473 4180 Domini
2515 4130 2776 4201 secunda,
2819 4132 3126 4191 referuntur
3155 4139 3433 4208 aptissima
3472 4141 3712 4198 homilia)
3748 4160 3853 4201 no-

2254 4222 2381 4271 strae
2419 4218 2588 4275 verba
2615 4222 2685 4278 ab
2718 4223 2802 4280 bis
2827 4227 3005 4283 verbis
3040 4246 3052 4281 :
3086 4228 3177 4285 sed
3210 4229 3472 4288 videamus
3498 4233 3564 4287 de
3606 4234 3705 4289 hoc
3734 4236 3853 4304 ipso

2252 4304 2470 4362 Domini
2489 4325 2726 4382 corpore,
2768 4323 2874 4371 etc.
2902 4314 3028 4373 litec
3067 4316 3136 4373 de
3158 4319 3397 4376 homiliis
3428 4322 3801 4390 sequentibus
3823 4340 3853 4379 a

2251 4399 2411 4455 nobis
2439 4401 2678 4472 edendis,
2708 4421 2843 4477 quas
2864 4423 2935 4464 ex
2961 4409 3081 4466 aliis
3108 4412 3352 4481 plurimis
3371 4414 3676 4483 selegimus.

2324 4492 2411 4547 14.
2444 4493 2504 4549 in
2526 4496 2712 4554 codice
2752 4500 3107 4558 Ambrosiam
3133 4519 3237 4558 una
3279 4514 3363 4561 est
3409 4505 3625 4562 homilia
3666 4509 3854 4569 sancti

614 4558 667 4614 9'
700 4560 930 4666 “omnia
959 4561 1009 4645 5.,
1043 4564 1109 4666 df
1133 4563 1372 4666 θαίςηάίε
1398 4568 1671 4634 Ianuariis
1700 4572 1929 4629 totidem
1959 4575 2140 4633 verbis
2167 4556 2223 4616 Β
2249 4583 2468 4642 Maximi
2490 4588 2794 4648 Taurinatis
2811 4595 3051 4666 episcopi
3076 4556 3361 4653 dativiatali

540 4742 682 4795 tituli
712 4750 767 4796 et
791 4749 1094 4813 argumenti
1118 4766 1131 4813 ;
1162 4765 1268 4804 una
1289 4753 1419 4807 item
1448 4754 1591 4825 apud
1619 4755 1981 4827 "Ambrosium,
2014 4773 2135 4829 qua:

538 4838 623 4886 est
650 4832 867 4888 homilia
896 4834 956 4887 11
991 4838 1054 4892 de
1084 4836 1349 4910 Tempore,
1374 4846 1459 4898 cui
1479 4847 1669 4903 melius
1690 4859 1873 4905 nostra
1902 4864 2132 4921 respou—

2245 4787 2447 4843 semper
2472 4774 2680 4857 Domini
2703 4776 3031 4851 subsequitur
3052 4783 3309 4853 festivitas
3331 4785 3673 4854 servulorum,
3698 4793 3847 4857 etc.,

2243 4878 2406 4933 quam
2436 4865 2489 4919 in
2535 4866 2693 4926 editis
2734 4886 2841 4926 non
2886 4871 3209 4931 invenimus.
3240 4874 3388 4932 Idem
3428 4884 3549 4948 post
3581 4878 3849 4940 homilias

537 4922 818 5043 :1“;ij
842 4929 1445 5043 qlmyaﬁfn‘“?
1464 4938 1678 5007 ιεςὶιιιτ,
1709 4941 1985 5000 auditOl'eS
2003 4959 2131 5000 SUOS
2240 4954 2377 5012 duas
2405 4959 2469 5013 de
2489 4964 2685 5017 sanctis
2706 4963 3008 5022 Alexandro
3033 4976 3084 5022 et
3112 4964 3370 5039 Sisinnio,
3395 4922 3524 5041 elo,
3546 4974 3685 5043 quos
3710 4968 3849 5042 post

534 5016 856 5084 jamdudum
882 5034 914 5074 a
936 5022 1083 5077 vitiis
1111 5022 1213 5080 illis
1233 5024 1579 5084 caie'ndarum
1599 5040 1930 5104 temperasse
1958 5045 2128 5094 testa-

537 5116 621 5160 tur
646 5125 660 5173 ;
693 5117 884 5166 contra
908 5126 1040 5169 vero
1069 5122 1183 5170 tum
1233 5122 1419 5174 nostra
1460 5126 1574 5176 tum
1603 5123 1975 5183 Ambrosiana.

2236 5052 2444 5108 obitum
2472 5058 2645 5111 sancti
2674 5056 2944 5115 Ambrosii
2964 5050 3225 5135 martyrio
3254 5062 3477 5120 allectos
3504 5062 3666 5121 fuisse
3686 5060 3846 5147 Pan-

2020 5130 2129 5187 Νο·
2232 5143 2377 5209 linus
2404 5155 2595 5204 auctor
2631 5146 2751 5205 est..
2786 5149 3021 5208 Humilia
3064 5130 3234 5210 sancti
3281 5152 3504 5211 Maximi
3548 5156 3608 5210 de

532 5206 642 5251 stra
672 5212 836 5268 porro
860 5204 1170 5274 Superiores
1197 5208 1449 5265 bomilias
1471 5217 1820 5287 consequitur
1858 5219 1912 5273 in
1941 5218 2127 5278 codice

544 5290 562 5318 ι
578 5291 884 5318 ιὶιΙι-ιΛΛεΛ-ΑΑ
952 5298 1001 5318 2.x
1038 5310 1120 5318 ν-Αμ
1137 5310 1151 5318 Α
1204 5302 1242 5318 ο.
1264 5317 1271 5318 ,
1558 5307 1615 5318 υ.

2262 5204 2459 5293 Eusebio
2480 5245 2705 5312 martyre
2744 5240 3081 5300 Vercellensi.
3112 5240 3309 5318 Incipit
3351 5266 3363 5301 :
3396 5248 3479 5302 Ad
3508 5249 3676 5303 sancti
3711 5246 3840 5304 Eu-

531 5290 907 5361 Ambrosiano,
952 5298 1006 5351 in
1038 5310 1161 5370 quo
1204 5302 1337 5357 item
1382 5307 1624 5362 succedit

1663 5326 1913 5423 sequens,
1946 5329 2122 5423 quatis
2230 5322 2361 5382 sebii
2391 5330 2596 5385 laudem
2638 5332 2836 5405 aliquid
2872 5334 3088 5402 addere,
3141 5338 3413 5412 decerpere
3455 5349 3560 5409 est,
3592 5350 3726 5413 etc.,
3766 5328 3842 5423 in

525 5382 1002 5502 0?".“3di‘iff‘iam
1019 5399 1246 5502 29m“?
1257 5388 1336 5502 fe
1364 5392 1765 5502 Ilefectunlunce.
1804 5402 1954 5461 Alius
1980 5405 2116 5463 ordo
2230 5417 2373 5488 apud
2392 5382 2738 5479 Ambrosiun;
2763 5428 2984 5499 rectius,
3008 5382 3169 5501 quam
3195 5382 3336 5502 apu’d
3366 5384 3675 5491 Maximum.
3709 5383 3843 5493 1Si:-

523 5482 605 5531 est
633 5477 687 5532 in
716 5478 989 5537 codicibus
1019 5481 1227 5540 Sanctae
1255 5484 1461 5555 Crucis,
1490 5501 1545 5546 et
1572 5491 1756 5549 Sancti
1785 5495 1941 5553 Galli.

591 5568 679 5624 10.
716 5567 964 5630 Homilies
991 5583 1103 5631 tres
1127 5577 1190 5631 de
1218 5576 1402 5635 Natali
1432 5581 1665 5651 Domini,
1708 5604 1868 5658 quem
1896 5590 2110 5649 titulum

518 5656 824 5757 Gennadius
851 5669 1105 5737 suggerit,
1136 5686 1201 5725 an
1236 5673 1583 5743 praeferenda
1603 5680 1711 5735 sint
1723 5656 1795 5737 iis
1824 5700 1942 5755 qua:
1970 5687 2110 5757 apud

517 5746 806 5811 Iuimum
836 5759 1104 5829 leguntur,
1128 5777 1198 5818 an
1238 5766 1400 5822 simul
1426 5784 1547 5824 cum
1591 5773 1692 5831 illis
1733 5746 2106 5851 admittendte,

2219 5510 2405 5579 quitur
2429 5531 2440 5565 :
2467 5512 2601 5569 Item
2620 5517 2810 5573 dictum
2844 5517 3114 5578 Venelli}.
3137 5523 3277 5579 Dum
3301 5523 3372 5579 ad
3392 5524 3822 5601 obsequia'uené-

2218 5602 2404 5660 τάπιδας
2424 5607 2803 5679 recordationis
2831 5615 3218 5688 communisque
3239 5618 3406 5688 patris
3445 5616 3617 5675 nostri
3657 5610 3842 5678 Εκέσο

2216 5693 2306 5763 bii,
2336 5696 2682 5771 confessionis
2725 5702 2838 5775 ejus
2888 5702 3085 5761 honore
3121 5708 3475 5778 convenimus,
3518 5710 3633 5770 etc.
3681 5689 3836 5775 Ile-ut

2212 5788 2281 5844 de
2303 5801 2486 5848 sancto
2510 5788 2757 5864 Eusebio,
2775 5805 2826 5854 et
2852 5797 2917 5855 de
2943 5794 3281 5860 Hachabcis.
3306 5800 3454 5863 Licet
3471 5822 3579 5875 me.
3591 5798 3853 5883 In“,
