4050 6356
203 272 301 349 illi
782 309 806 339 κ

1354 283 1441 340 DE
1479 283 1536 340 S.
1579 279 1851 340 MAXIMO
1886 273 2312 345 TAURINENSL

3383 265 3489 346 tu

193 407 424 462 Mirum
453 406 662 460 caritati
701 411 886 460 vestrm
910 401 1153 458 exhibere
1200 413 1489 456 sermonem
1529 397 1791 473 intperitia
1823 401 1870 462 Α
1897 399 2004 455 ulla
2046 399 2158 454 dies
2200 398 2613 472 Sepmageslma,
2651 401 2756 457 nisi
2801 401 2939 469 ista;
2998 418 3089 457 nec
3125 375 3488 475 Sexagesima,

200 501 460 572 pudorque
486 503 711 564 revocet,
739 506 844 552 etc.
879 493 1014 550 Item
1037 495 1100 551 de
1139 503 1320 550 sancto
1365 496 1665 566 confessore
1696 493 1798 548 Eu~

199 595 354 658 sebio,
379 601 430 647 et
451 589 796 646 Πιώώάσ.
821 589 904 643 ΑΔ
928 586 1440 658 oetebritotemlujus
1455 587 1578 652 diei,
1604 588 1794 658 fratres

140 724 150 732 .
203 683 483 747 cariosim’,
515 683 661 737 omni
699 697 798 736 suos
824 697 941 735 aut
967 679 1243 735 alacritate
1260 693 1568 734 concurrere
1592 677 1794 733 deuotio

199 774 419 847 gemina
436 773 732 847 festiuitatis
749 773 956 840 invitat,
981 781 1086 828 etc.
1133 771 1373 843 Denique
1405 769 1649 841 sequitur
1689 771 1794 826 alia

198 865 421 921 humilia
469 865 569 920 sub
613 864 720 920 hoc
771 863 1004 920 exordio
1043 881 1055 917 :
1089 860 1422 933 Quanquam,
1471 862 1796 918 dilectissimi

197 961 410 1032 fratres,
431 957 569 1012 beati
589 958 756 1027 patris
777 956 945 1012 nostri
971 956 1160 1011 summi
1187 945 1474 1011 sacerdotis
1506 964 1556 1010 et
1593 956 1796 1028 confes-

194 1053 334 1109 soris
378 1049 594 1110 Eusebii
625 1047 882 1124 indignus
928 1051 1026 1104 sim
1072 1049 1244 1120 ﬁlius,
1295 1057 1346 1103 et
1389 1048 1636 1103 minimus
1686 1063 1798 1103 ser-

193 1149 454 1212 us,etc.,
471 1142 563 1198 ubi
587 1141 654 1196 ad
674 1141 970 1211 marginem
992 1140 1299 1210 appositum
1321 1146 1406 1195 est
1421 1137 1797 1210 antiquissimo

192 1233 512 1293 charactere
536 1252 549 1286 :
583 1231 727 1288 Nota
753 1233 891 1306 quod
925 1231 1252 1286 Ver-collinus
1280 1238 1358 1286 est
1377 1231 1494 1286 iste.
1518 1228 1619 1286 llic
1641 1228 1796 1286 exhi-

193 1327 360 1385 bendi
381 1335 566 1384 essent
593 1337 717 1382 cum
738 1339 969 1380 censura
994 1323 1202 1398 indices
1228 1321 1597 1392 homiliarum,
1627 1319 1796 1392 quiin

193 1420 469 1496 praedictis
487 1420 661 1476 tribus
683 1418 958 1475 codicibus
981 1418 1354 1474 continentur.
1381 1413 1489 1472 Sed
1519 1415 1626 1472 hoc
1652 1413 1802 1492 aliud

191 1523 412 1586 tempus
435 1513 586 1568 aliud
615 1514 788 1568 otium
817 1511 1060 1583 exigunt.
1413 1577 1425 1587 _

265 1605 360 1662 lli.
374 1605 514 1663 illud
533 1613 716 1663 autem
741 1607 794 1662 in
812 1611 1126 1662 transcursu
1143 1605 1438 1661 observare
1457 1601 1611 1674 juvat
1629 1601 1798 1659 libros

192 1715 288 1760 sex
316 1701 566 1771 vulgatos
596 1697 668 1756 de
691 1699 1072 1768 sacramentis,
1109 1699 1202 1770 qui
1228 1697 1513 1754 Ambrosio
1552 1697 1606 1753 in
1635 1695 1797 1758 editis

193 1795 530 1863 meatur,
559 1794 765 1865 absque
813 1793 1054 1850 auctoris
1077 1791 1300 1848 nomine
1325 1793 1491 1849 inseri
1531 1789 1798 1849 sermoni-
1825 1795 1875 1859 Β

148 1916 154 1923 -
196 1883 302 1940 bus
325 1881 599 1955 praedictis
622 1884 676 1939 in
701 1881 890 1940 codice
909 1882 1095 1940 Sancti
1121 1882 1284 1952 Galli,
1315 1891 1479 1955 atque
1506 1883 1560 1938 in
1589 1897 1798 1940 sermo-

195 1991 296 2034 nes
321 1985 536 2048 septem
566 1975 815 2031 distribui
850 1975 954 2032 sub
993 1976 1098 2032 hoc
1126 1975 1284 2030 titulo
1320 1993 1332 2028 :
1387 1973 1582 2046 Incipit
1627 1976 1798 2046 prima

195 2069 313 2127 dies
344 2071 402 2124 in
442 2068 676 2137 Pascha,
705 2068 781 2122 ita
808 2075 868 2123 ut
896 2067 1090 2136 singuli
1118 2080 1215 2124 sex
1241 2064 1364 2124 libri
1411 2067 1653 2140 singulos
1679 2082 1798 2124 ser-

197 2175 389 2219 mones
415 2161 753 2218 constituant
779 2175 881 2230 pro
911 2158 1142 2216 totidem
1189 2157 1549 2216 hebdomadas
1586 2159 1799 2228 diebus,

193 2265 258 2312 et
284 2255 504 2327 quidem
523 2254 790 2326 septimus
813 2254 881 2309 ab
906 2261 1151 2309 extrema
1174 2261 1332 2323 parte
1358 2251 1482 2307 libri
1504 2252 1646 2308 seXti
1665 2251 1804 2308 inci-

107 2347 122 2365 ‘
195 2347 342 2419 piat,
370 2347 422 2400 id
454 2354 567 2411 est,
599 2345 668 2399 ab
691 2345 782 2400 his
803 2343 982 2400 verbis
1015 2361 1030 2398 :
1061 2341 1220 2399 Aliud
1245 2342 1580 2398 Psalmorum
1608 2341 1802 2412 David,

195 2440 326 2495 licet
351 2455 484 2494 unus
507 2437 708 2492 libellus
735 2437 825 2506 sit,
856 2445 961 2492 etc.
989 2434 1105 2492 Sed
1133 2436 1274 2492 forte
1301 2435 1522 2507 majoris
1542 2435 1804 2492 momenti

193 2529 329 2598 erit,
360 2528 507 2600 quod
533 2529 590 2584 in
619 2543 872 2585 sermone
907 2527 975 2598 4,
1003 2529 1094 2600 qui
1134 2529 1188 2583 in
1231 2528 1390 2584 editis
1433 2525 1569 2583 liber
1605 2545 1658 2582 IV
1697 2535 1802 2598 est,

189 2620 344 2678 idem
374 2621 659 2690 sermuita
683 2617 852 2676 habet
881 2635 894 2673 :
941 2617 1099 2675 Vides
1125 2637 1248 2693 ergo
1288 2635 1444 2693 quam
1474 2619 1804 2692 operatorius

195 2714 264 2770 sit
300 2727 472 2770 renuo
509 2709 725 2768 Christi.
758 2709 900 2786 Ergo
943 2714 987 2767 si
1026 2721 1174 2768 tanta
1220 2714 1296 2768 vis
1353 2721 1431 2769 est
1458 2714 1514 2767 in
1561 2728 1806 2768 sermone

194 2803 420 2862 Domini
447 2805 596 2871 Iesu,
625 2815 683 2859 ut
721 2804 1012 2877 inciperent
1039 2819 1174 2886 esse,
1205 2817 1322 2878 qum
1363 2791 1515 2860 erant
1557 2821 1575 2859 :
1609 2813 1804 2877 quanto

199 2898 382 2971 magis
409 2898 738 2970 operatorius
765 2904 866 2967 est,
895 2903 951 2951 ut
982 2897 1088 2952 sint
1117 2905 1166 2952 et
1201 2898 1256 2952 in
1297 2897 1440 2952 aliud
1483 2903 1804 2953 commuten-

189 2997 282 3045 Μ
292 3007 311 3056 ;
331 3003 460 3047 cum
475 2991 536 3044 in
556 2989 786 3059 vulgatis
798 2995 1134 3062 postremum
1149 2989 1452 3045 membrum
1470 2989 1546 3046 sic
1559 2989 1798 3060 legatur:

194 3079 266 3136 Et
311 3099 434 3157 quae
465 3084 700 3138 erantin
729 3083 876 3138 aliud
913 3090 1310 3139 commutentur.
1349 3081 1429 3138 Ex
1475 3081 1574 3158 bis;
1599 3084 1804 3140 duabus

1900 494 2002 549 nisi
2048 505 2265 566 sequens
2315 492 2598 560 dominica,
2642 511 2736 550 nec
2793 492 3253 569 Quinquagesima,
3297 493 3398 550 nisi
3427 494 3492 550 ab

1898 585 2018 642 hinc
2048 587 2220 642 tertia.
2253 583 2320 640 Et
2347 591 2496 642 certe
2522 596 2703 643 sermo
2727 585 2788 643 5|
2823 587 2887 643 de
2917 586 3168 658 Tentpore
3196 586 3494 660 Septuage-

1898 678 2093 735 simam
2131 683 2189 734 et
2229 676 2635 747 Sexagesimam
2685 677 2808 734 ideo
2854 695 2965 734 non
3013 678 3275 750 admittit,
3307 685 3367 734 ut
3409 695 3493 734 re-

1897 767 2200 843 prehendat
2227 785 2324 827 eos
2362 771 2454 840 qui
2507 768 3018 842 Quinquagesimam
3061 767 3495 842 Quadragesimae

1899 862 2188 920 addebant.
2217 861 2422 920 Similis
2452 863 2724 935 oppositio
2755 871 2936 920 exstat
2957 864 3100 921 inter
3133 879 3410 921 sermones
3427 863 3498 918 26

1899 965 1960 1016 et
1981 955 2069 1014 32.
2099 957 2160 1014 In
2186 959 2293 1016 hoc
2313 960 2456 1016 enim
2489 957 2608 1015 solo
2637 957 2894 1016 dominici
2931 957 3047 1016 dies
3077 974 3107 1014 a
3127 957 3340 1031 jejtmio
3358 973 3495 1030 qua-

1899 1049 2245 1122 dragesimali
2274 1051 2645 1123 excipiuntur;
2669 1050 2726 1107 in
2755 1050 2850 1107 illo
2871 1041 3010 1108 vero
3028 1051 3194 1110 etiam
3213 1049 3499 1110 sabbatum

1900 1141 1971 1199 ad
1990 1143 2152 1200 ritum
2183 1142 2439 1201 Ecclesia:
2461 1141 2900 1200 Mediolanensis.
2929 1141 3103 1214 Adde,
3145 1143 3298 1216 quod
3324 1144 3382 1200 in
3407 1143 3500 1200 illo

1899 1251 2152 1292 sermone
2177 1235 2248 1291 26
2279 1235 2548 1306 jejunium
2593 1236 2647 1290 in
2670 1229 3108 1307 'Quadragesima
3135 1233 3502 1308 prmscribitur

1899 1329 2165 1388 duntaxat
2191 1327 2260 1385 ad
2306 1345 2526 1400 nonam,
2565 1328 2710 1400 quod
2733 1332 2819 1385 est
2861 1337 3046 1385 contra
3078 1327 3252 1399 ipsum
3281 1327 3503 1386 Ambro-

1898 1422 2061 1492 tium,
2106 1429 2162 1479 et
2207 1429 2398 1478 contra
2435 1428 2678 1478 veterum
2703 1423 3010 1493 teniporum
3059 1419 3418 1492 disciplinam,
3447 1421 3502 1477 in

1899 1515 2095 1587 quibus
2117 1514 2385 1587 jejunium
2411 1512 2876 1588 quadragesimale
2921 1529 3031 1572 non
3055 1521 3184 1571 ante
3215 1528 3501 1586 vesperum

1899 1607 2038 1667 solvi
2064 1607 2284 1666 licebat.

2195 1743 2445 1801 LUDOV.
2486 1742 2738 1801 ANTON.
2778 1740 3250 1812 IURA'I‘OBIUS}

1991 1878 2045 1920 IN
2091 1877 2368 1920 annona
2417 1877 2464 1918 S.
2523 1877 2715 1919 MAXIM]
2767 1876 3000 1918 ινιεεοιη
3055 1873 3416 1916 τλυιιιηπειε.

2217 1955 2468 2012 Anecdot.
2497 1963 2625 2012 tom.
2661 1953 2767 2022 17,
2800 1952 2989 2011 Paton.
3033 1953 3174 2009 1715

1969 2063 2160 2126 Codex
2189 2083 2334 2136 ms.,.
2363 2067 2507 2126 unde
2537 2067 2640 2124 hos
2668 2068 2842 2125 sancti
2883 2063 3104 2123 Maximi
3148 2063 3499 2148 Taurinensis

1905 2158 2146 2230 episcopi
2188 2175 2468 2216 sermones
2491 2159 2776 2231 descripsi,
2805 2159 2886 2217 est
2930 2161 2985 2216 in
3025 2159 3381 2216 Ambrosiana
3425 2159 3480 2214 bi

1902 2249 2202 2321 hliotheca,
2224 2251 2330 2306 litt.
2362 2250 2427 2322 C,
2457 2269 2607 2308 num.
2639 2251 2731 2322 98,
2762 2251 3128 2310 venerandam
3155 2262 3338 2309 autem
3363 2252 3501 2308 auti-

1908 2345 2178 2416 quitatem
2206 2343 2411 2416 spirat;
2463 2347 2664 2418 quippe
2701 2345 2937 2418 scriptus
2975 2345 3110 2402 mihi
3138 2345 3358 2402 videtur
3383 2351 3508 2404 ants

1908 2435 2057 2492 mille
2084 2437 2298 2492 circiter
2326 2452 2518 2493 annos.
2544 2435 2902 2496 Characteres
2942 2437 3011 2495 ad
3037 2437 3508 2516 Longobardicam

1909 2529 2230 2600 scripturam
2258 2529 2481 2584 omnino
2519 2529 2806 2599 accedunt,
2847 2521 3160 2602 similemue
3201 2536 3330 2585 sunt
3371 2523 3440 2586 iis
3475 2543 3508 2584 ο

1908 2619 2106 2694 quibus
2131 2627 2348 2676 constat
2370 2618 2772 2678 vetustissimus
2798 2613 3026 2693 Iosephi
3055 2621 3228 2678 codex
3252 2619 3312 2679 in
3335 2619 3504 2695 Egy-

1907 2713 2086 2786 ptiaca
2121 2730 2328 2788 papyro
2355 2721 2630 2781 exaratus,
2661 2721 2714 2769 et
2757 2715 2812 2768 in
2839 2713 3029 2770 eadem
3055 2711 3384 2772 bibliotheca
3406 2728 3507 2772 ve-

1907 2801 2008 2862 luti
2061 2805 2270 2875 insigne
2320 2803 2658 2875 antiquitatis
2707 2814 3118 2862 monumentum
3173 2813 3502 2866 asservalns.

1907 2895 2094 2970 Neque
2123 2897 2280 2954 aliter
2307 2897 2374 2954 de
2400 2896 2567 2968 ipsius
2605 2895 2810 2955 codicis
2835 2905 3108 2956 vetustate
3145 2898 3410 2969 judicavit
3431 2898 3505 2958 cl.

1909 2993 1991 3048 vir
2015 2989 2254 3049 Joannes
2283 2991 2643 3062 Mabillonius,
2685 3000 2817 3050 tom.
2848 2992 2892 3062 Ι,
2937 3007 3062 3064 pag.
3093 2992 3149 3064 2,
3185 2992 3359 3050 Musei
3385 2991 3508 3052 Ita-

1909 3083 2017 3155 lici,
2042 3085 2098 3140 in
2121 3083 2440 3157 praefatione
2465 3084 2534 3140 ad
2552 3083 2817 3156 quasdam
2842 3085 3094 3144 homilias
3115 3084 3507 3157 ejusdanual-

187 3172 523 3230 lectionibus
551 3189 716 3230 unam
743 3173 1013 3231 conﬂabat
1039 3173 1398 3245 Berengarlus
1415 3167 1458 3230 'a
1497 3173 1801 3231 Lani‘ranco
1829 3182 1876 3261 ς]
1907 3177 1979 3233 cti
2009 3173 2229 3233 Maximi
2251 3193 2281 3232 a
2309 3192 2369 3232 se
2393 3177 2630 3248 primum
2651 3177 2844 3246 editas,
2875 3185 2932 3234 et
2959 3178 3158 3250 partim
3177 3193 3248 3236 ex
3264 3178 3508 3252 hocipoo

113 3283 126 3292 ·
193 3267 404 3324 relatus
437 3268 488 3322 in
514 3265 728 3339 dialogo
757 3275 944 3324 contra
975 3269 1173 3340 ipsum,
1195 3269 1285 3324 ubi
1322 3281 1448 3324 eum
1469 3267 1544 3322 ita
1573 3267 1802 3341 loquen—

189 3366 306 3416 tem
335 3359 548 3442 inducit
579 3379 590 3414 :
623 3359 728 3416 Per
764 3361 1209 3416 consecrationem
1258 3357 1444 3415 altaris
1485 3361 1617 3432 ﬁunt
1651 3361 1804 3433 panis
1847 3357 1852 3362 ’

189 3460 242 3507 et
260 3453 441 3508 vinum
468 3461 852 3508 sacramentum
874 3454 1141 3526 religionis
1169 3470 1187 3508 :
1219 3467 1326 3509 non
1353 3461 1410 3506 ut
1429 3452 1670 3507 desinunt
1693 3469 1806 3508 esse

192 3561 309 3620 qua:
334 3555 511 3614 erant,
541 3547 665 3602 etin
701 3546 849 3602 aliud
876 3555 1277 3617 commutentur,
1307 3545 1445 3618 quod
1467 3546 1596 3599 dicit
1627 3543 1806 3605 beatus

192 3635 504 3693 Ambrosius
540 3638 596 3692 in
633 3636 769 3693 libro
799 3638 863 3692 de
893 3635 1272 3693 Sacramentis.
1305 3635 1666 3706 Lanfrancus,
1705 3651 1805 3692 ex-

191 3729 381 3802 posito
404 3730 512 3785 hoc
539 3730 687 3799 loco,
709 3731 784 3784 ita
812 3737 876 3784 ut
902 3743 932 3784 a
951 3726 1284 3799 Berengario
1305 3729 1682 3798 objiciebatur,
1708 3727 1806 3795 ait,

194 3821 250 3877 in
293 3822 628 3892 quibusdam
654 3821 934 3878 codicibus
956 3823 1236 3894 praefatam
1275 3819 1597 3875 sententiam
1628 3817 1808 3874 verbis

191 3914 320 3970 aliis
365 3914 644 3982 inveniri;
681 3926 882 3984 nempe
923 3913 1116 3968 iisdem
1168 3912 1390 3967 omnino
1436 3909 1638 3980 verbis,
1685 3923 1808 3982 quae

192 4007 370 4062 modo
417 4005 553 4061 editi
580 4003 818 4072 habent;
844 4005 956 4076 jam
985 4019 1118 4062 vero
1147 4019 1246 4076 per
1271 4004 1327 4060 id
1364 4012 1580 4076 tempus
1613 4003 1805 4075 praedi-

147 4129 153 4132 -
189 4107 352 4156 ann
381 4114 523 4170 opus
553 4100 618 4154 de
657 4099 1016 4157 Suet-mentis
1057 4101 1115 4154 in
1137 4113 1237 4156 sex
1266 4099 1434 4159 libros
1461 4099 1804 4155 distributum

193 4201 343 4263 erat,
369 4191 676 4264 eodemque
703 4191 864 4248 modo
892 4208 923 4247 a
951 4189 1255 4247 Lanfraneo
1283 4190 1583 4247 adducitur.

264 4287 359 4342 16.
407 4283 677 4342 Revertor
699 4286 766 4341 ad
791 4285 1103 4355 Maximum,
1129 4284 1283 4356 cujus
1322 4301 1621 4356 sermones,
1642 4293 1807 4357 prout

193 4377 299 4436 sub
321 4379 448 4448 ejus
471 4379 688 4434 nomine
712 4378 915 4453 vulgati
945 4386 1092 4448 sunt,
1123 4379 1364 4450 plerique
1391 4375 1680 4434 Maximum
1702 4393 1801 4434 au-

189 4479 411 4530 ctorem
452 4471 691 4541 habent,
722 4480 885 4543 atque
925 4473 1049 4529 ideo
1084 4472 1260 4530 eidem
1306 4472 1610 4550 vindicandi
1651 4482 1806 4546 QUOIr

1910 3269 2097 3327 codice
2126 3265 2453 3341 descriptas.
2495 3268 2771 3342 Quidquid
2813 3269 2887 3326 ibi
2926 3269 3270 3328 doctissimus
3306 3269 3399 3326 ille
3424 3269 3510 3326 vir

1909 3364 2052 3420 hanc
2079 3364 2134 3420 in
2171 3379 2288 3420 rem
2323 3361 2607 3420 adnotavit
2636 3359 2859 3432 dignum
2885 3360 3046 3432 plane
3072 3359 3216 3418 foret
3245 3359 3394 3430 quod
3418 3359 3508 3418 hic

1909 3464 2268 3528 repeteretur.
2297 3452 2405 3511 Sed
2436 3454 2562 3512 illuc
2589 3467 2691 3523 ego
2721 3453 2983 3516 lectorem
3008 3452 3308 3519 dimittens,
3355 3452 3503 3526 quod

1910 3561 2092 3602 meum
2121 3547 2246 3615 erit,
2273 3543 2362 3602 hic
2389 3542 2629 3600 breviter
2650 3543 2898 3615 prodam.

1980 3638 2189 3694 Floruit
2216 3637 2480 3692 Maximus
2507 3653 2619 3694 sec.
2645 3636 2967 3694 Christiana:
2985 3651 3106 3693 term
3129 3653 3179 3693 v.
3201 3633 3340 3702 Eum
3359 3636 3497 3694 ultu

1912 3744 2113 3784 annum
2141 3729 2342 3785 Christi
2368 3726 2474 3784 465
2501 3730 2700 3786 vixisse
2728 3727 2930 3786 eruditi
2955 3745 3062 3784 non
3101 3729 3258 3801 pauci
3279 3736 3486 3802 putant,

1912 3837 2018 3877 non
2046 3821 2178 3880 satis
2221 3818 2486 3878 Gennadii
2515 3820 2792 3877 codicibus
2841 3820 3086 3888 ﬁdentes,
3123 3822 3214 3878 ubi
3255 3831 3504 3880 mortuus

1911 3913 2110 3976 dicitur
2136 3925 2263 3972 ante
2293 3933 2493 3972 annum
2544 3911 2744 3972 Christi
2791 3915 2915 3971 425.
2961 3915 3238 3998 Leguntur
3265 3917 3503 3974 homilite

1909 4009 2216 4081 complures
2245 4011 2384 4066 inter
2413 4025 2581 4080 opera
2629 4007 2728 4066 SS.
2778 4010 3052 4067 Ambrosii
3094 4019 3150 4066 et
3198 4010 3504 4082 Augustini,

1907 4118 2027 4175 quae
2053 4109 2237 4158 tamen
2288 4110 2537 4158 sanctum
2578 4101 2872 4158 Maximum
2921 4111 3198 4159 auctorem
3241 4103 3501 4162 habuere.

1906 4191 2093 4266 Neque
2121 4210 2252 4252 vero
2273 4193 2496 4252 easdem
2525 4196 2658 4252 satis
2685 4197 2963 4268 hucusque
3009 4196 3371 4252 distinxerunt
3393 4195 3497 4254 cola

1903 4287 2140 4345 lectores
2167 4303 2394 4360 operum
2421 4289 2595 4344 sancti
2621 4287 2840 4346 Maximi
2892 4309 2904 4343 :
2951 4273 3018 4344 ad
3047 4287 3194 4360 quod
3232 4300 3418 4345 tamen
3445 4294 3503 4344 et

1905 4379 2123 4438 laudata
2147 4381 2441 4437 Mabillonii
2471 4381 2744 4452 praefatio,
2787 4389 2844 4438 et
2870 4397 3000 4438 cura
3040 4382 3156 4437 haec
3183 4390 3368 4437 nostra
3393 4396 3504 4436 non

1904 4491 2095 4548 parum
2123 4476 2398 4532 inserviet.
2427 4474 2705 4546 Siquidem
2733 4491 2845 4531 non
2871 4475 3034 4532 modo
3064 4489 3347 4529 sermones
3375 4473 3508 4528 mul-

197 4571 334 4637 quot
372 4580 444 4621 ex
477 4564 563 4620 his
607 4563 891 4621 Ambrosio
920 4563 1063 4622 inter
1105 4564 1224 4639 ejus
1253 4565 1451 4640 [cum]
1483 4581 1649 4652 opera
1695 4583 1814 4638 sup-
1845 4573 1891 4634 D
1918 4577 2004 4625 tos
2023 4569 2113 4624 hic
2139 4568 2330 4624 damus
2360 4569 2600 4626 nondum
2627 4567 2932 4636 evulgatus,
2961 4565 3058 4622 sed
3086 4566 3251 4622 etiam
3279 4564 3507 4625 adnota-

198 4668 507 4732 ponuntur,
533 4659 621 4714 ubi
640 4659 800 4730 pauci
818 4658 1105 4716 admodum
1124 4658 1433 4729 Ambrosio,
1454 4659 1614 4729 longe
1629 4661 1812 4732 plures

201 4749 441 4810 Maximo
473 4752 673 4808 ascribi
700 4751 916 4808 debent.
947 4749 1269 4832 Quanquam
1297 4760 1354 4808 et
1381 4752 1470 4808 alii
1498 4760 1644 4823 sunt,
1673 4768 1810 4824 quos

199 4861 303 4903 nec
331 4846 630 4902 Ambrosio
656 4859 756 4902 nec
803 4843 1044 4902 Maximo
1073 4847 1316 4902 tribuere
1359 4861 1668 4918 possumus,
1713 4844 1810 4900 sed

201 4939 606 5008 posterioribus
635 4937 986 4994 auctoribus:
1020 4938 1210 5010 quales
1253 4945 1380 4994 sunt
1425 4936 1698 4994 secundus
1745 4953 1810 4993 ac

197 5031 397 5087 tertius
421 5029 494 5086 de
517 5028 771 5085 Adventu
797 5048 810 5084 :
841 5030 982 5087 inter
1005 5043 1288 5087 sermones
1309 5028 1381 5083 22
1403 5036 1459 5086 et
1492 5029 1584 5099 25,
1613 5028 1681 5084 de
1709 5027 1810 5085 Se-

203 5125 573 5194 ptuagesima,
623 5130 680 5178 et
713 5121 1090 5193 Sexagesima,
1135 5137 1254 5194 qua:
1288 5122 1551 5182 vocabula
1589 5120 1808 5178 Maximi

172 5201 403 5282 fnedtln
431 5216 714 5274 Ambrosii
741 5225 984 5288 tempore
1011 5217 1194 5290 ignota
1233 5223 1389 5274 erant
1421 5235 1436 5286 ;
1491 5217 1569 5274 uti
1617 5225 1673 5272 et
1712 5231 1811 5272 no-

178 5295 329 5365 'men
371 5309 668 5375 Adventus
693 5324 793 5380 pro
843 5315 995 5364 certo
1035 5309 1130 5366 illo
1168 5309 1376 5366 dierum
1407 5325 1632 5368 numero
1673 5323 1813 5382 quos

206 5408 332 5459 ante
379 5401 584 5459 Natale
631 5399 850 5460 Domini
895 5397 1158 5456 celebrari
1205 5415 1325 5456 mos
1361 5408 1464 5457 est.
1509 5397 1631 5456 Non
1681 5413 1811 5474 ergo

137 5462 159 5586 ί,
206 5495 436 5558 dixisset
461 5492 808 5586 Ambrosius,
833 5499 926 5550 aut
946 5491 1410 5586 Maximuquuod
1434 5492 1588 5551 initio
1611 5462 1815 5551 semivo—

138 5581 142 5620 λ
209 5587 292 5646 ὡ
311 5587 544 5648 secundi
573 5587 644 5644 de
665 5585 911 5644 Adventu
939 5585 1136 5656 legitur
1161 5603 1174 5638 :
1209 5581 1326 5642 Hoc
1349 5595 1549 5660 tempus
1577 5604 1682 5643 non
1705 5588 1811 5642 ἰηι-
1839 5583 1843 5586 ’

209 5683 398 5754 μετ-ἰιο
424 5682 697 5738 Adventus
743 5679 960 5738 Domini
1007 5689 1218 5738 uocatur
1248 5697 1266 5735 :
1295 5697 1472 5754 neque
1505 5681 1589 5737 his
1629 5680 1812 5737 verbis

511 5769 700 5831 ausi
731 5769 963 5836 fuissent
997 5785 1026 5828 :‘
1057 5772 1127 5832 In
1165 5782 1273 5833 toto
1300 5791 1440 5832 anno
1469 5792 1573 5832 non
1619 5771 1814 5830 dicitur

1911 4675 2050 4726 mus,
2069 4660 2160 4729 qui
2173 4660 2292 4729 jam
2309 4658 2440 4713 editi
2459 4658 2656 4713 fuerint
2675 4657 2818 4714 inter
2835 4671 3000 4727 opera
3015 4657 3192 4714 sancti
3208 4657 3499 4727 Ambrosii,

1911 4760 2003 4808 aut
2057 4749 2225 4820 ipsius
2272 4746 2446 4804 sancti
2495 4749 2732 4806 Maximi.
2787 4747 2957 4806 Porro
3009 4749 3230 4807 minime
3275 4749 3506 4823 sponde-

1912 4857 2026 4899 rem
2053 4841 2295 4910 singulos
2337 4855 2615 4900 sermones
2659 4841 2751 4912 qui
2791 4843 2849 4900 in
2893 4841 3114 4900 laudato
3149 4843 3340 4901 codice
3377 4845 3508 4904 Am-

1909 4934 2166 4992 brosiano
2189 4934 2442 5006 leguntur
2468 4933 2539 4991 ad
2577 4933 2871 4992 Maximum
2893 4933 3244 4993 Taurinatem
3274 4952 3393 4994 esse
3419 4952 3510 4994 re-

1907 5025 2182 5085 ferendos.
2207 5026 2424 5084 Mutilus
2448 5028 2504 5082 in
2525 5025 2726 5094 fronte,
2745 5029 2801 5084 in
2829 5029 3001 5098 calce,
3023 5029 3336 5104 aliisquein
3369 5030 3507 5087 locis

1915 5130 2000 5180 est
2022 5122 2214 5192 wdex,
2249 5138 2369 5194 quae
2402 5139 2564 5180 causa
2593 5122 2733 5180 forte
2761 5120 2943 5179 afferri
2979 5131 3160 5195 potest
3183 5139 3282 5182 cur
3305 5123 3510 5182 deside-

1914 5201 2104 5272 rentur
2125 5214 2357 5272 clariora
2385 5215 2708 5273 documenta
2731 5213 2801 5271 de
2827 5216 3016 5270 barum
3047 5215 3392 5274 bomiliarum
3411 5231 3509 5274 auo

1873 5379 1876 5382 g
1917 5317 2088 5366 ctore.
2119 5307 2390 5366 Praeterea
2413 5316 2540 5368 sunt
2566 5307 2788 5379 quidam
2813 5308 2926 5364 illic
2965 5323 3247 5366 sermones
3275 5309 3371 5380 qui
3406 5323 3506 5364 ox-

1916 5417 2105 5476 presso
2138 5402 2358 5460 nomine
2389 5401 2702 5458 tribuuntur
2743 5410 2924 5457 sancto
2952 5399 3188 5456 Maximo
3239 5399 3509 5456 Tant-inuti

1916 5499 2179 5568 episcopo,
2209 5503 2270 5552 ut
2295 5495 2350 5552 in
2388 5495 2509 5566 ipsa
2537 5493 2774 5552 editione
2817 5492 3136 5566 apparebit;
3177 5507 3243 5550 ac
3281 5487 3510 5563 proinde

1881 5579 1883 5583 ’
1916 5589 2152 5660 suspicio
2179 5589 2464 5659 ingeritur.
2491 5601 2563 5643 ne
2584 5585 2788 5652 eamri,
2828 5599 3065 5656 quorum
3093 5582 3212 5652 ipse
3235 5595 3349 5658 non
3373 5579 3511 5656 scri-

1915 5682 2064 5738 bitur
2091 5688 2299 5748 auctor,
2332 5678 2402 5736 ad
2431 5678 2569 5736 alios
2612 5687 2865 5735 auctores
2892 5675 3227 5746 pertineant.
3263 5670 3335 5728 Et
3357 5681 3513 5731 certe

1918 5771 2146 5832 eruditis
2181 5788 2294 5830 non
2327 5771 2572 5843 ignotum
2609 5768 2958 5826 consuevisse
2981 5773 3196 5826 veteres
3221 5782 3262 5827 α
3281 5763 3518 5829 diversis
