4050 6356
602 259 713 320 175

1133 256 1546 318 TESTIMONIA
1583 251 2024 316 SCRIPTORUM
2061 253 2339 312 ECCLES.
2382 254 2470 310 DE
2505 255 2564 312 S.
2604 251 2875 310 MAXIMO
2912 253 3344 314 TAURINENSI.

3765 257 3875 322 176

604 374 958 446 scriptoribus
985 374 1232 431 homilias
1277 376 1331 430 in
1373 392 1538 431 unum
1580 373 1825 431 codicem
1871 384 2185 440 congerere,
2215 370 2266 430 A
2292 370 2463 425 sancti
2491 370 2705 426 Maximi
2734 386 2764 424 a
2786 370 3080 427 Muratorio
3107 372 3374 428 editorum
3403 380 3714 444 contexere,
3746 391 3875 436 cm

605 469 699 538 qui
726 467 1066 524 Homiliarius
1091 477 1280 539 postea
1323 469 1605 524 dicebatur
1630 477 1688 525 et
1731 467 1797 522 ad
1829 481 2048 521 manum
2072 472 2190 519 erat

606 563 785 617 minus
809 562 1000 626 doctis,
1045 570 1138 617 aut
1178 563 1470 633 episcopis,
1504 571 1598 617 aut
1643 564 1812 618 sacris
1858 559 2187 624 oratoribus,

606 671 731 712 cum
765 653 836 708 ad
865 655 1121 725 populum
1147 655 1438 711 conciones
1459 663 1619 710 erant
1664 653 1947 717 habendae,
1981 653 2094 706 sive
2137 651 2190 704 in

605 747 881 817 Evangelii
919 750 1302 819 explicatione,
1347 750 1460 805 sive
1491 750 1543 804 in
1586 757 1898 804 sanctorum
1944 744 2192 800 laudibus
2246 788 2248 792 τ

606 829 958 908 exponendis.
986 838 1054 893 Et
1071 841 1207 899 hinc
1235 840 1394 910 plane
1430 839 1628 895 factum
1671 849 1729 895 ut
1770 840 1974 895 sanctis
2004 838 2190 906 Augu-

605 933 750 986 stino
777 973 791 996 ,
836 931 1161 998 Ambrosio,
1211 933 1617 1004 Chrysostomo,
1663 918 1890 1001 aliisque
1936 931 2192 988 Ecclesia:

606 1019 855 1076 Patribus
878 1030 960 1077 tot
990 1022 1203 1076 tributa:
1223 1037 1509 1093 progressu
1539 1023 1799 1092 temporis
1822 1022 2057 1076 homiliac
2073 1023 2191 1075 fue—

605 1113 733 1178 rint,
763 1128 883 1182 quae
913 1111 1092 1168 tamen
1121 1129 1308 1170 omnes
1337 1115 1404 1169 ab
1430 1115 1558 1186 ipsis
1589 1129 1931 1183 nequaquam
1973 1113 2190 1182 prodie-

605 1212 750 1260 rant.
781 1203 787 1210 ’

680 1296 964 1365 Utcunque
997 1297 1049 1351 id
1091 1298 1177 1362 sit,
1210 1313 1322 1353 non
1356 1313 1442 1352 me
1472 1297 1702 1368 poenitet
1730 1299 1847 1352 haec
1875 1296 2056 1352 omnia
2088 1311 2190 1366 pu-

607 1391 734 1445 blici
758 1390 893 1460 juris
922 1389 1132 1459 fecisse,
1160 1407 1332 1462 eaque
1359 1392 1458 1446 sub
1507 1393 1726 1446 nomine
1771 1392 1943 1446 sancti
1973 1390 2192 1444 Maximi

610 1482 917 1538 Taurinatis
943 1483 1191 1537 universa
1222 1482 1562 1553 produxisse,
1605 1492 1719 1537 tum
1745 1483 1891 1551 quod
1937 1482 2057 1536 alize
2105 1481 2193 1535 hic
2221 1489 2229 1496 '

609 1573 844 1628 homilize
872 1573 1368 1643 habentur,quibus
1400 1574 1678 1644 pnelixum
1707 1589 1812 1628 non
1845 1573 1946 1628 fuit
1973 1571 2193 1626 Maximi

610 1680 832 1733 nomen,
857 1674 912 1720 et
936 1667 1283 1722 nihilominus
1314 1665 1379 1720 ad
1401 1665 1651 1720 eumdem
1674 1668 1862 1735 procul
1884 1665 2049 1719 dubio
2077 1679 2196 1734 spe-

2292 463 2402 518 suis
2430 463 2564 519 locis
2594 479 2731 533 quos
2761 464 2810 518 ei
2838 463 3130 521 debeamus
3156 466 3513 523 monebimus.

2613 578 2926 636 LUDOVlC.
2953 579 3192 637 ELLlES
3215 580 3550 641 DUPlNlUS.

2293 670 2358 727 In
2386 672 2614 727 secunda
2641 682 2787 743 parte
2825 671 2926 728 III
2953 672 3227 728 voluminis
3257 673 3594 731 Bibliotheca:
3633 677 3879 738 ecclesia-

2363 745 2607 798 sticarum
2633 744 2898 815 scriptor.,
2929 744 3452 812 Monte—ﬂamonia,
3481 764 3620 804 anno
3645 749 3807 806 1691.

2355 833 2626 914 Maximus
2651 837 2935 907 episcopus
2961 837 3308 894 Taurinensis
3342 837 3527 894 ﬂoruit
3554 839 3800 898 Honorio
3825 851 3878 900 et

2295 923 2601 982 Theodosio
2626 928 3032 998 imperantibus.
3060 930 3236 984 Vitam
3259 931 3368 1000 egit
3395 947 3566 1001 usque
3592 931 3658 986 ad
3682 949 3877 991 annum

2294 1015 2437 1084 465;
2475 1019 2730 1087 quoniam
2760 1034 2826 1074 eo
2854 1036 2995 1075 anno
3029 1021 3299 1090 reperitur
3328 1020 3638 1078 interfuisse
3678 1023 3878 1078 Roma-

2294 1125 2377 1165 πω
2402 1110 2614 1181 synodo
2633 1111 2734 1165 sub
2763 1110 2966 1166 Hilario
2995 1113 3269 1181 pontilice.
3301 1111 3489 1169 Plures
3524 1122 3742 1170 exstant
3767 1115 3877 1184 ejus

2295 1203 2548 1268 homiliae,
2583 1219 2810 1272 quarum
2841 1219 2964 1273 pars
2991 1204 3165 1272 major
3187 1221 3217 1259 a
3244 1204 3525 1262 Cennadio
3546 1216 3875 1264 recensetur.

2294 1293 2372 1348 De
2394 1310 2459 1349 eo
2484 1296 2849 1352 testimonium
2876 1298 3080 1368 praebet
3099 1298 3153 1352 in
3179 1297 3372 1354 divinis
3391 1300 3585 1356 litteris
3613 1310 3876 1362 versatum

2295 1387 2459 1444 fuisse
2478 1430 2492 1454 ,
2525 1397 2582 1444 et
2625 1388 2856 1446 faciliter
2883 1371 3335 1462 extemporaneas
3363 1394 3657 1450 conciones
3684 1395 3752 1450 ad
3784 1412 3878 1467 po-

2297 1479 2481 1548 pulum
2523 1481 2793 1537 habuisse.
2832 1482 3038 1552 Aliquze
3066 1492 3192 1538 sunt
3226 1485 3288 1538 de
3320 1483 3504 1541 Natali
3548 1486 3781 1555 Domini,
3823 1493 3880 1544 de

2298 1567 2720 1638 Circumcisione,
2752 1574 2814 1628 de
2841 1574 3162 1646 Epiphania,
3196 1577 3259 1630 de
3291 1577 3572 1646 Paschate,
3606 1582 3668 1636 de
3697 1582 3880 1636 Pente-

2299 1671 2456 1729 coste,
2488 1680 2586 1733 pro
2615 1664 2821 1720 duabus
2846 1666 3130 1724 dominicis
3158 1669 3222 1722 de
3255 1670 3507 1737 Adventu,
3542 1675 3596 1726 in
3627 1673 3712 1727 die
3736 1671 3880 1728 Cine-

609 1768 774 1824 ctant,
801 1766 916 1814 tum
948 1761 1114 1815 etiam
1142 1760 1288 1830 quod
1327 1776 1445 1815 eam
1476 1759 1530 1813 in
1557 1760 1808 1814 omnibus
1845 1759 1969 1829 styli
2003 1757 2195 1812 simili-
2227 1743 2276 1806 B
2301 1774 2432 1822 rum,
2466 1759 2518 1811 in
2546 1759 2808 1814 dominica
2837 1760 3162 1827 Palmarum,
3196 1771 3251 1817 et
3277 1764 3341 1818 de
3368 1764 3624 1820 Passione
3651 1766 3878 1825 Domini.

608 1850 848 1905 tudinem
883 1851 1283 1922 deprehendere
1330 1853 1462 1906 mihi
1488 1853 1636 1909 visus
1680 1868 1822 1918 sum,
1871 1866 1990 1932 quae
2033 1866 2196 1904 unum

609 1943 966 2012 eumdemque
987 1945 1307 2015 scriptorem
1330 1945 1462 2000 satis
1482 1944 1692 2000 deceat.

680 2035 950 2091 Caeterum
975 2053 1153 2092 sermo
1178 2037 1202 2089 1
1236 2037 1288 2090 in
1313 2037 1488 2091 sancti
1515 2034 1809 2089 Alexandri
1835 2034 2006 2087 multa
2036 2032 2200 2087 habet

607 2129 916 2185 communia
943 2144 1006 2183 ac
1029 2128 1298 2183 simillima
1321 2145 1445 2183 cum
1475 2128 1647 2182 altero
1677 2141 1930 2182 sermone
1956 2123 2197 2194 ejusdem

606 2221 909 2288 argumenti
939 2221 1081 2274 inter
1108 2235 1271 2291 opera
1299 2220 1470 2274 sancti
1501 2217 1785 2287 Augustini
1821 2217 2057 2286 antiqua:
2083 2214 2199 2270 edi-

605 2310 788 2366 tionis.
819 2310 994 2365 Antea
1021 2327 1236 2381 quoque
1267 2310 1587 2382 prodierunt
1615 2325 1794 2364 sermo
1823 2308 1874 2373 6,
1907 2307 1958 2375 'l,
1999 2306 2054 2373 8,
2079 2304 2112 2357 9
2137 2306 2199 2359 de

603 2411 786 2457 sancto
814 2401 1037 2456 Eusebio
1066 2412 1295 2473 martyre
1332 2402 1667 2469 Vercellensi,
1710 2415 1904 2469 nempe
1952 2399 2006 2452 in
2054 2398 2194 2452 libro

607 2497 698 2550 cui
743 2495 930 2551 titulus
957 2517 968 2549 :
1005 2497 1347 2568 Antiquorum
1375 2497 1597 2549 Patrum
1641 2509 1898 2548 sermones
1926 2502 1975 2545 et
2005 2492 2200 2562 episto-

605 2587 695 2654 ιω,
725 2589 994 2641 de.sancto
1016 2587 1235 2641 Eusebio
1275 2587 1589 2640 Vercellensi
1624 2587 1867 2657 episcopo
1898 2593 1948 2637 et
1970 2593 2200 2653 martyre

607 2663 836 2730 collecta:
877 2677 1027 2746 jussu
1066 2675 1288 2730 Joannis
1335 2675 1609 2729 Francisci
1652 2675 1926 2729 Bonhomii
1966 2673 2196 2744 episcopi

613 2765 978 2833 Vcrcellcnsis,
1001 2785 1063 2821 ac
1105 2769 1371 2837 impressa:
1412 2766 1700 2821 Mediolani
1740 2783 1881 2820 anno
1913 2764 2069 2818 1581.
2104 2763 2197 2818 Isti

607 2871 740 2912 vero
780 2872 1058 2912 sermones
1112 2858 1165 2911 in
1215 2867 1400 2912 nostro
1447 2857 1634 2912 codice
1682 2859 1896 2912 recitati
1947 2857 2198 2911 dicuntur

618 2946 887 3015 Vercellis,
912 2958 968 3004 et
1005 2958 1294 3019 propterea
1340 2957 1614 3004 auctorem
1655 2949 1960 3017 designant,
2000 2947 2092 3017 qui
2142 2948 2196 3002 in

501 3057 508 3066 ε
609 3040 716 3095 alia
746 3055 908 3109 quam
953 3041 1008 3095 in
1048 3041 1378 3097 Vercellensi
1410 3041 1651 3098 Ecclesia
1701 3043 1938 3110 degeret.
1992 3041 2197 3098 Rursus

608 3147 904 3200 vero,cum
935 3133 988 3186 in
1008 3133 1250 3202 margine
1280 3133 1481 3189 codicis
1510 3143 1592 3188 ter
1632 3134 1950 3188 adnotatum
1979 3135 2046 3188 ad
2076 3149 2197 3188 eos-
2224 3117 2271 3182 Ο

606 3224 734 3281 dem
754 3239 1036 3280 sermones
1063 3227 1397 3295 reperiatur:
1440 3227 1785 3282 Vercellinum
1805 3245 1860 3282 se
1887 3245 1996 3282 esse
2025 3239 2198 3282 osten-

606 3316 716 3382 dit;
760 3325 884 3371 nota
922 3317 1060 3388 quod
1091 3315 1411 3372 Vercellinus
1458 3326 1534 3372 est
1588 3320 1713 3384 iste;
1762 3318 2090 3389 conjecturae
2139 3317 2198 3372 ﬁt

603 3406 760 3464 locus
783 3409 840 3464 S.
870 3408 1185 3475 Maximum,
1210 3411 1364 3479 cujus
1387 3411 1565 3480 patria
1606 3405 1902 3479 ignoratur,
1935 3411 2198 3466 Vercellis

604 3511 794 3558 natum
824 3503 1009 3574 fuisse,
1041 3505 1086 3559 si
1117 3513 1296 3560 tamen
1336 3520 1525 3561 eorum
1548 3515 1784 3577 quatuor
1811 3522 2124 3562 sermonum
2151 3507 2197 3562 is

605 3603 796 3650 auctor
815 3604 917 3651 est.

680 3686 866 3756 Neque
893 3689 1008 3743 sine
1037 3691 1215 3758 aliqua
1245 3692 1711 3748 animadversione
1749 3692 2052 3750 dimittendi
2081 3709 2196 3750 ser-

607 3793 798 3834 mones
832 3781 959 3845 duo,
995 3796 1187 3849 nempe
1225 3782 1295 3835 32
1321 3792 1376 3837 et
1404 3800 1520 3854 seq.
1557 3804 1569 3838 :
1604 3784 1683 3839 De
1716 3787 1870 3840 idolis
1898 3787 2194 3858 auferendis

607 3872 673 3926 de
690 3873 914 3942 propriis
936 3872 1364 3941 possessionibus.
1398 3873 1597 3928 Eorum
1631 3892 1734 3944 ope
1764 3879 2034 3931 sententia
2062 3894 2194 3933 con-

606 3963 854 4016 tinuatur
898 3961 1277 4017 arbitrantium
1332 3963 1453 4018 ideo
1506 3966 1606 4018 sub
1653 3967 1843 4034 primis
1901 3969 2193 4036 imperato-

606 4054 757 4110 ribus
795 4052 1115 4109 Christianis
1139 4055 1386 4109 ethnicos
1407 4068 1738 4124 paganorum
1780 4058 1999 4112 nomine
2031 4057 2194 4114 fuisse

606 4153 847 4213 notatos,
883 4144 1025 4213 quod
1063 4161 1252 4199 eorum
1299 4146 1612 4214 superstitio
1644 4163 1709 4200 ex
1758 4148 1980 4202 urbibus
2019 4149 2196 4202 elimi-

605 4247 755 4303 nata,
789 4238 1100 4307 legibusque
1126 4237 1386 4292 Cwsareis
1413 4237 1697 4292 interdicta
1717 4281 1730 4305 ,
1764 4255 1823 4294 se
1849 4241 1900 4294 in
1933 4255 2100 4308 pagos
2138 4249 2193 4294 et

605 4331 739 4388 rude
761 4331 1079 4386 rusticorum
1109 4331 1299 4399 vulgus
1348 4331 1661 4401 recepisset,
1705 4332 1844 4386 unde
1901 4349 1969 4387 ne
2018 4335 2190 4387 sancti

606 4423 822 4478 Maximi
849 4423 1065 4494 quidem
1099 4432 1260 4478 aetate
1288 4424 1448 4478 evelli
1494 4439 1720 4493 prorsus
1768 4432 2037 4494 potuerat.
2087 4425 2191 4479 lbi-

604 4516 728 4573 dem
759 4517 934 4570 adhuc
977 4517 1218 4586 aspicere
1258 4525 1376 4571 erat
1404 4532 1525 4569 aras
1570 4516 1791 4585 ligneas,
1830 4525 1879 4570 et
1909 4517 2192 4570 simulacra
2221 4499 2272 4559 υ

604 4607 812 4678 lapidea
831 4651 846 4676 ,
877 4597 1126 4678 pallentes
1157 4609 1403 4679 cespites,
1442 4617 1669 4662 mortuos
1714 4607 1984 4676 carbones,
2029 4619 2078 4663 et
2105 4627 2192 4663 sa-

606 4700 822 4768 eri/icio,
855 4708 912 4754 et
951 4701 1310 4771 lymphaticos
1357 4701 1590 4756 rusticos
1638 4703 2048 4771 suo-sanguine
2089 4701 2191 4758 diis

606 4789 753 4843 falsis
781 4791 937 4856 clam,
971 4799 1028 4845 ut
1065 4800 1213 4860 puto,
1250 4793 1484 4848 litantes.
1543 4793 1621 4847 Tu
1645 4793 1766 4849 vide
1807 4794 2096 4849 Baronium
2134 4795 2188 4848 in

605 4880 749 4934 notis
790 4881 856 4935 ad
881 4881 1157 4952 Martyrol.
1191 4883 1348 4938 Rom.
1399 4886 1486 4940 die
1514 4886 1581 4939 50
1611 4885 1868 4952 Januarii,
1907 4898 1963 4943 et
1991 4887 2191 4944 Gotho-

606 4972 814 5027 l'redum
843 4974 897 5027 in
931 4975 1070 5028 notis
1099 4976 1162 5029 ad
1195 4977 1279 5030 tit.
1305 4976 1372 5028 10
1402 4977 1492 5031 lib.
1512 4995 1598 5032 xvr
1625 4981 1744 5034 cod.
1780 4980 2051 5036 Theodos.
2071 4981 2184 5036 Me-

607 5074 851 5120 moratur
876 5064 1054 5137 [cexv]
1078 5076 1259 5120 autem
1283 5069 1337 5122 in
1360 5069 1563 5124 eisdem
1591 5073 1928 5127 sermonibus
1952 5072 2183 5128 Damne-

605 5156 742 5222 dius,
788 5158 878 5227 qui
902 5158 1031 5211 nihil
1053 5158 1196 5212 aliud
1224 5168 1343 5214 erat
1368 5175 1619 5216 sermone
1650 5175 1905 5234 corrupto
1934 5165 2073 5219 illius
2116 5181 2190 5219 ae-

601 5251 749 5316 tatis,
774 5266 935 5320 quam
965 5251 1237 5307 Dominus.
1273 5253 1383 5308 Hac
1430 5253 1619 5310 eadem
1649 5272 1781 5311 voce
1808 5273 1934 5312 usus
1964 5268 2047 5313 est
2077 5275 2185 5314 non

604 5361 712 5399 uno
758 5346 809 5399 in
842 5347 961 5401 loco
987 5355 1203 5401 sanctus
1235 5346 1487 5404 Paulinus
1526 5349 1766 5404 Nolanus
1786 5392 1799 5416 ,
1839 5352 1914 5404 uti
1942 5351 2186 5405 animad-

601 5439 739 5493 verti
767 5439 980 5495 dissert.
1015 5440 1100 5507 13,
1133 5449 1266 5495 tom.
1295 5441 1315 5494 l
1357 5442 1605 5497 Anecdot.
1649 5459 1894 5498 meorum
1917 5485 1929 5508 ,
1973 5459 2082 5512 quo
2109 5445 2184 5498 si-

601 5534 883 5602 gniﬁcaret
921 5544 1166 5591 sanctum
1209 5536 1445 5632 Felicem
1483 5537 1762 5593 dominum
1789 5553 1852 5592 ac
1894 5545 2179 5609 patronum
2213 5587 2216 5590 _

601 5640 781 5682 suum.

671 5721 1138 5796 Supervacaneum
1200 5724 1444 5783 ducimus
1505 5733 1804 5797 catarogum
1869 5741 2179 5785 sermonum

2301 1848 2446 1902 Alias
2473 1859 2736 1919 praetcrea
2765 1851 2833 1906 de
2861 1855 3081 1919 sanctis,
3123 1864 3181 1909 ut
3211 1856 3274 1909 de
3303 1857 3365 1911 S.
3410 1858 3697 1929 Stephano,
3731 1861 3796 1914 de
3822 1862 3878 1915 S.

2298 1937 2508 1993 Joanne
2534 1941 2789 2013 Baptista,
2823 1944 2888 1997 de
2921 1945 3027 2000 SS.
3052 1947 3299 2016 apostolis
3329 1947 3488 2004 Petro
3524 1960 3574 2004 et
3604 1950 3796 2017 Paulo,
3825 1955 3879 2008 de

2302 2027 2363 2084 8.
2400 2027 2700 2096 Laurentio,
2735 2033 2799 2086 de
2827 2033 2888 2088 8.
2923 2033 3207 2107 Cypriano,
3233 2038 3296 2092 de
3329 2038 3388 2094 8.
3423 2037 3649 2096 Eusebio
3681 2042 3880 2097 Vercel-

2303 2122 2452 2190 lensi,
2489 2123 2553 2178 de
2591 2124 2654 2181 8.
2691 2125 2952 2182 Hic/mele
2971 2129 3304 2201 archangelo,
3339 2132 3403 2185 de
3437 2132 3543 2186 SS.
3575 2137 3882 2206 martyribus

2305 2215 2728 2274 Taurinensibus.
2778 2219 2894 2275 Una
2923 2230 3006 2277 est
3042 2223 3108 2276 de
3141 2223 3408 2295 Symbolo,
3441 2225 3610 2282 altera
3639 2226 3705 2283 de
3747 2227 3880 2299 Vigi-

2301 2310 2465 2364 lantia
2491 2352 2506 2377 ,
2547 2330 2608 2365 ac
2647 2315 2832 2384 gratiis
2875 2315 3087 2386 agendis
3117 2325 3233 2386 post
3281 2317 3478 2382 cibum;
3523 2319 3641 2374 alia:
3679 2319 3800 2375 dua:
3827 2321 3904 2374 tle-

2301 2398 2692 2474 Eleemosynis;
2716 2421 2820 2459 una
2842 2405 2905 2459 de
2937 2404 3151 2478 Defectu
3182 2407 3337 2473 luna,
3369 2417 3426 2462 et
3452 2407 3666 2464 tandem
3695 2410 3879 2480 legitur

2301 2506 2480 2546 sermo
2509 2508 2670 2563 super
2706 2495 2859 2549 illum
2897 2495 3073 2550 locum
3115 2496 3263 2552 lsaize
3305 2515 3316 2550 :
3366 2496 3634 2568 Caupones
3675 2503 3750 2554 tui
3794 2503 3879 2555 nii-

2300 2593 2446 2638 scent
2469 2601 2658 2656 aquam
2677 2588 2816 2642 vino.
2848 2587 2986 2641 Sunt
3011 2603 3198 2643 omnes
3222 2590 3305 2643 75.
3327 2587 3514 2646 Plures
3543 2592 3881 2648 inveniuntur

2302 2677 2446 2732 inter
2463 2693 2741 2734 sermones
2765 2680 3047 2748 Augustini
3070 2689 3126 2736 et
3146 2682 3436 2749 Ambrosii,
3459 2677 3580 2754 'quze
3603 2701 3880 2756 perperam

2302 2768 2551 2826 Patribus
2580 2773 2683 2826 illis
2722 2773 2996 2828 attributa:
3041 2773 3295 2840 fuerunt,
3344 2791 3466 2831 cum
3508 2777 3567 2831 8.
3599 2777 3879 2832 Maximum

2300 2872 2582 2936 parentem
2630 2866 2886 2922 habeant.
2919 2866 3054 2921 Nam
3083 2877 3139 2922 et
3166 2869 3234 2924 de
3271 2870 3353 2925 his
3392 2871 3719 2925 mentionem
3763 2871 3879 2926 fecit

2300 2955 2628 3025 Gennadius,
2655 2967 2711 3012 et
2732 2974 2894 3013 unum
2916 2958 3271 3029 eumdemque
3297 2961 3493 3032 stylum
3517 2961 3878 3031 prtesel‘erunt.

2300 3047 2440 3102 Fieri
2469 3057 2654 3119 potest
2680 3058 2738 3104 ut
2763 3051 3035 3105 nonnullae
3060 3051 3160 3105 sub
3182 3051 3408 3106 aliorum
3431 3049 3648 3106 Patrum
3671 3054 3880 3107 nomine

2302 3139 2531 3209 vulgatae
2575 3141 2810 3196 homilia:
2859 3140 2915 3196 S.
2975 3141 3208 3197 Maximo
3259 3143 3631 3198 restituantur.
3694 3144 3881 3200 Breves

2302 3239 2429 3288 sunt
2455 3231 2573 3301 ejus
2599 3248 2896 3300 sermones,
2927 3233 3021 3288 sed
3069 3234 3342 3303 languidi,
3383 3246 3577 3290 ornatu
3606 3237 3749 3290 enim
3796 3252 3879 3292 ca—

2300 3334 2458 3392 rent,
2506 3327 2776 3396 elegantia
2814 3327 3023 3383 scilicet
3051 3335 3107 3382 et
3147 3327 3448 3384 nobilitate.
3491 3328 3727 3384 Primum
3756 3330 3878 3386 editi

2300 3427 2426 3474 sunt
2439 3417 2657 3473 Maximi
2679 3434 2959 3476 sermones
2978 3417 3221 3475 Coloniae
3241 3419 3545 3492 Agrippina:
3559 3438 3704 3477 anno
3725 3421 3876 3487 1555,

2301 3510 2609 3580 Antuerpia:
2636 3525 2777 3564 anno
2816 3508 2956 3562 1618
2981 3550 2995 3575 ,
3041 3509 3223 3564 Romae
3269 3526 3411 3566 anno
3443 3510 3578 3564 1561
3598 3555 3613 3578 ,
3646 3522 3700 3567 et
3742 3528 3880 3568 anno

2300 3601 2457 3667 15³12,
2485 3601 2700 3658 Parisiis
2729 3617 2872 3656 anno
2904 3601 3060 3668 1614,
3086 3611 3142 3657 et
3163 3618 3304 3658 anno
3328 3603 3467 3659 1625
3485 3620 3606 3658 cum
3631 3607 3881 3676 operibus

2298 3694 2356 3752 S.
2380 3693 2580 3750 Leonis
2605 3693 2802 3764 Magni,
2833 3703 2888 3748 et
2916 3695 2970 3748 in
2995 3692 3343 3750 Bibliothecis
3371 3693 3608 3750 Patrum.
3643 3695 3881 3752 Mabillo-

2298 3792 2418 3846 nius
2451 3789 2735 3845 duodecim
2761 3789 3014 3845 homilias
3041 3789 3120 3842 uti
3140 3789 3388 3844 .nondum
3423 3789 3666 3858 vulgatas
3693 3789 3878 3854 edidit,

2296 3899 2523 3955 quarum
2548 3893 2728 3940 tamen
2751 3892 2860 3939 tres
2883 3883 3022 3954 apud
3049 3882 3388 3938 Ambrosium
3412 3883 3774 3938 inveniuntur.

2404 4000 2563 4054 EDM.
2594 3999 2993 4055 MARTENIUS
3019 3998 3108 4053 ET
3143 3997 3344 4054 URSlN
3375 3997 3776 4064 DURANDUS,

2300 4090 2458 4144 Tomo
2485 4089 2566 4142 IX
2596 4091 2910 4144 collectionis
2939 4091 3490 4159 oeterumrscriptorum
3511 4100 3560 4142 et
3583 4106 3881 4145 monumen-

2619 4170 2806 4227 torum,
2835 4178 2955 4231 pag.
2990 4159 3110 4223 154,
3145 4158 3372 4214 Parisiis
3403 4159 3562 4227 1755,

2295 4267 2578 4307 OCCASIONE
2595 4268 2786 4306 EDENDI
2800 4269 2894 4306 SEX
2909 4267 3088 4306 HOMIL.
3104 4268 3148 4306 S.
3168 4269 3352 4308 MAXIM!
3366 4269 3482 4308 HAEC
3501 4270 3879 4310 PREIITTUNT.

2367 4344 2422 4399 ln
2452 4352 2762 4414 pervetusto
2805 4345 2989 4400 codice
3016 4347 3332 4401 monasterii
3361 4346 3542 4402 Sancti
3573 4345 3710 4402 Galli
3740 4349 3882 4419 apud

2295 4437 2571 4493 Helvetios
2599 4438 2666 4491 ab
2712 4438 2867 4492 annis
2896 4439 3110 4493 circiter
3157 4439 3302 4494 mille
3348 4440 3656 4508 majusculis
3685 4442 3884 4496 litteris

2300 4539 2544 4594 exarato,
2575 4531 2774 4600 reperit
2801 4531 2929 4585 olim
2949 4530 3286 4587 Mabillonius
3313 4533 3412 4587 sub
3441 4535 3657 4588 nomine
3682 4532 3740 4587 S.
3773 4535 3885 4589 Au-

2298 4624 2496 4694 gustini
2525 4623 2775 4678 homilias
2802 4621 2869 4675 97
2897 4622 2954 4677 S.
3000 4622 3216 4678 Maximi
3247 4623 3590 4678 Taurinensis
3619 4627 3883 4698 episc0pi,

2299 4716 2468 4785 cujus,
2502 4716 2692 4784 inquit,
2725 4724 2875 4770 tanta
2901 4715 3165 4780 facundia,
3189 4724 3395 4788 tantum
3425 4715 3658 4769 studium
3692 4719 3747 4773 in
3766 4735 3880 4775 rem

2299 4809 2654 4864 Christianam
2688 4807 2808 4869 fuit,
2833 4817 2892 4862 ut
2918 4808 3148 4876 vulgata:
3177 4807 3291 4876 ejus
3319 4805 3552 4860 homilize
3576 4805 3754 4875 digna:
3778 4814 3883 4867 sint

2298 4901 2509 4958 meliori
2538 4902 2674 4956 lucc.
2705 4901 2956 4968 Quamvis
2984 4900 3127 4955 enim
3169 4897 3341 4954 codex
3386 4895 3751 4964 Sangallensis
3779 4919 3880 4958 no-

2298 5011 2421 5050 men
2463 4997 2709 5066 praeferat
2750 4993 3031 5064 Augustini
3061 4993 3355 5062 legitimum
3386 4991 3729 5048 homiliarum
3762 4996 3877 5051 illa-

2298 5106 2417 5145 rum
2443 5097 2719 5159 parentem
2747 5089 2829 5143 vir
2857 5096 3046 5144 acutus
3067 5088 3248 5142 statim
3277 5085 3502 5154 detexit,
3535 5094 3644 5140 tum
3675 5103 3740 5141 ex
3771 5098 3880 5160 sty—

2298 5181 2373 5247 lo,
2406 5189 2517 5234 tum
2548 5195 2614 5236 ex
2641 5179 2918 5236 Gennadio
2941 5222 2955 5246 ,
2987 5180 3079 5250 qui
3108 5195 3295 5235 earum
3323 5179 3506 5249 plures
3546 5193 3879 5234 commemoo

2298 5279 2418 5337 rat;
2450 5271 2544 5326 sed
2589 5271 2820 5326 maxime
2867 5286 2970 5341 ope
2999 5270 3344 5326 vetustissimi
3374 5269 3574 5324 codicis
3621 5267 3878 5322 Mediola-

2298 5363 2477 5417 nensis
2505 5362 2842 5418 bibliotheca:
2890 5363 3254 5417 Ambrosiana:
3284 5359 3701 5428 Longobardicis
3744 5360 3878 5413 litte-

2295 5453 2368 5506 ris
2397 5453 2462 5506 ab
2492 5455 2645 5508 annis
2674 5454 2888 5508 circiter
2915 5454 3060 5507 mille
3090 5452 3314 5517 exarati,
3349 5452 3400 5506 in
3430 5467 3538 5519 quo
3567 5449 3622 5504 8.
3659 5449 3870 5502 Maximi

2291 5542 2635 5597 Taurinensis
2662 5545 2899 5614 episcopi
2942 5545 3127 5598 titulus
3174 5544 3383 5612 legitur.
3430 5542 3511 5596 Ex
3561 5542 3664 5595 illis
3693 5551 3871 5595 autem

2289 5636 2520 5692 homiliis
2549 5653 2674 5707 pars
2701 5637 2930 5690 maxima
2955 5635 3064 5704 jam
3096 5635 3269 5689 lucem
3290 5635 3519 5698 viderat,
3545 5642 3638 5686 aut
3667 5632 3724 5685 S.
3756 5630 3874 5683 Am-

2286 5731 2493 5800 brosio,
2522 5730 2690 5784 autS.
2723 5728 3041 5798 Augustino,
3069 5734 3161 5782 aut
3181 5729 3416 5796 genuino
3443 5743 3630 5788 eorum
3661 5731 3874 5790 auctori
