4050 6356
198 367 317 431 177

990 362 1059 419 [Ν
1094 363 1154 419 S.
1195 360 1524 418 MAXJMHM
1561 361 1839 421 NOTlTlA
1874 363 2666 423 HlSTORIO-LITTERARIA.

3389 371 3490 428 178

199 484 488 543 attributa.
528 483 763 538 lneditas
790 487 970 534 tamen
1013 478 1068 532 in
1101 477 1192 531 illo
1219 474 1402 530 Sancti
1431 475 1568 530 Galli
1612 477 1798 533 codice
1825 483 1876 542 Α
1902 482 2082 548 milia,
2117 481 2243 537 illud
2272 484 2404 538 satis
2432 483 2688 553 insinuat,
2711 484 2856 554 quod
2883 500 3071 541 earum
3116 484 3236 541 alia
3261 485 3491 542 Ambro-

199 577 267 632 21
297 575 654 648 deprehendit
699 571 1070 634 Mabillonius,
1102 585 1171 624 ex
1198 569 1391 637 quibus
1417 567 1701 623 duodecim
1735 569 1802 623 1‘2

204 668 261 723 in
291 675 425 722 tom.
458 665 479 719 l
511 664 681 719 Musei
704 663 829 717 Ital.
863 661 1154 729 evolgavit.
1177 659 1285 715 Sex
1318 668 1528 714 tantum
1556 661 1609 714 in
1647 662 1800 717 sche-

200 760 287 816 dis
315 759 416 814 viri
440 758 738 843 doctissimi
763 755 1079 826 reperimus,
1101 769 1234 825 quas
1253 754 1341 808 hic
1360 753 1490 808 dare
1511 769 1802 826 peroppor—

206 859 403 907 tunum
433 850 589 905 nobis
616 851 788 905 visum
817 856 920 903 est.

600 940 918 997 ANDREAS
951 938 1402 996 GALLANDIUS.

201 1035 354 1089 Tom.
389 1032 474 1088 IX
505 1031 750 1088 Biblioth.
784 1040 881 1087 vet.
905 1031 1145 1097 Patrum,
1175 1040 1297 1097 etc.,
1329 1047 1447 1103 cap.
1473 1031 1526 1100 9,
1561 1049 1681 1104 pag.
1707 1031 1798 1100 21,

817 1123 997 1179 Venet.
1034 1123 1194 1177 1⁵175.

278 1217 571 1288 Postquam
614 1218 935 1289 praemiserit
970 1215 1283 1271 Gallandius
1317 1231 1438 1287 qua:
1476 1217 1578 1287 ipsi
1614 1217 1802 1273 viden«

204 1319 296 1365 tur
343 1319 651 1382 opportuna
697 1311 763 1366 ad
820 1309 1204 1379 designandam
1251 1311 1480 1380 patriam
1527 1321 1583 1367 et
1622 1321 1801 1367 ortum

198 1401 423 1457 Maximi
469 1419 536 1458 ex
578 1403 695 1472 ejus
731 1402 1069 1458 sermonibus
1117 1403 1411 1472 praesertim
1457 1409 1640 1471 eruta,
1689 1405 1802 1460 haec

199 1493 272 1548 de
319 1494 438 1564 ejus
481 1495 790 1564 eloquentia
838 1502 896 1550 et
941 1494 1298 1550 concionandi
1344 1495 1655 1564 praastantia
1703 1496 1800 1550 ha-

202 1584 439 1658 betgs.

277 1677 501 1732 Dicendi
530 1677 785 1732 facultate
825 1676 1116 1746 plurimum
1162 1679 1395 1734 valuisse
1422 1689 1670 1735 sanctum
1700 1696 1799 1735 no-

201 1776 376 1822 strum
417 1767 737 1835 antistitem,
767 1783 890 1823 cum
926 1783 995 1823 ex
1021 1766 1286 1824 Gennadii
1317 1771 1649 1838 testimonio,
1682 1762 1795 1826 tum

1904 573 2007 641 sio,
2039 574 2156 628 alia:
2187 575 2486 643 Augustino
2516 576 2728 630 tributae
2755 578 3161 646 perhibeantur,
3185 583 3245 632 ut
3271 593 3339 633 ex
3363 593 3491 634 cura

1906 676 1962 721 et
2009 669 2186 724 studio
2228 670 2315 725 cll.
2350 669 2821 726 Benedictinorum
2876 672 3223 740 intelligimus
3248 715 3264 739 ,
3305 672 3394 741 qui
3437 673 3491 726 in

1903 759 2256 816 Ambrosiana
2285 769 2340 815 et
2368 761 2752 830 Augustiniana
2783 777 2949 832 opera
2978 763 3077 817 sub
3111 761 3273 817 tinem
3311 761 3506 817 saeuii-

1903 852 2195 920 superioris
2224 851 2460 908 edidere.
2497 851 2697 907 Verum
2728 861 2786 907 ut
2814 853 2880 906 ad
2916 869 3031 908 rem
3063 853 3216 908 nobis
3244 852 3498 922 proposi-I

1903 948 2014 996 tam
2057 942 2278 1013 propius
2320 941 2669 1008 accedamus,
2702 951 2897 1012 praeter
2920 942 2978 998 S.
3022 942 3241 998 Maximi
3279 956 3494 999 sermoa

1903 1050 2027 1102 nes,
2071 1035 2165 1104 qui
2203 1034 2410 1105 jamdiu
2462 1035 2619 1092 simul
2664 1035 2838 1104 juncti
2889 1035 3137 1106 prodiere
3183 1036 3236 1090 in
3281 1035 3490 1104 vulgus,

1901 1124 2103 1194 quique
2130 1134 2318 1196 postea
2346 1126 2586 1182 virorum
2615 1126 2951 1182 eruditorum
2977 1129 3208 1202 ἀκριβιία
3237 1142 3335 1182 suo
3363 1142 3491 1182 auc-

1901 1217 2006 1272 tori
2055 1217 2270 1274 fuerunt
2309 1220 2580 1288 restituti,
2637 1220 2774 1275 alios
2818 1219 3128 1289 complures
3175 1236 3208 1274 e
3255 1221 3492 1276 tenebris

1902 1319 2159 1363 eruerant
2190 1311 2288 1364 vir.
2325 1312 2412 1366 cll.
2449 1311 2819 1374 Mabillonius,
2853 1311 3268 1368 Muratorius.et
3296 1311 3494 1368 Marte-

1903 1399 2042 1467 nius,
2073 1416 2212 1470 quos
2238 1419 2342 1456 una
2371 1403 2460 1458 hic
2488 1403 2829 1470 exhibemus,
2860 1411 2965 1458 etc.

2107 1515 2518 1572 V'INCENTIUS
2549 1515 3100 1571 BELLOVACENSIS
3127 1515 3190 1571 Ο.
3207 1515 3283 1569 -P.

1900 1625 1966 1680 In
1989 1646 2142 1696 opere
2169 1630 2384 1693 inedita,
2415 1634 2498 1685 cui
2530 1632 2706 1685 titulus
2730 1631 2792 1685 de
2810 1629 3217 1684 Auctoritatibus
3246 1645 3319 1683 ss.
3355 1630 3492 1682 inter

1971 1701 2102 1753 alios
2127 1701 2232 1755 SS.
2268 1700 2476 1765 Patres,
2507 1719 2725 1772 quorum
2753 1703 3022 1756 sententiis
3050 1702 3209 1754 utitur
3230 1701 3494 1772 auctaryin

1970 1772 2290 1844 exponendis
2331 1770 2546 1826 diversis
2593 1773 2936 1844 argumentis.
2986 1775 3293 1844 mentionem
3341 1770 3494 1844 habet

201 1875 273 1914 ex
303 1860 473 1931 ipsius
509 1861 871 1928 sermonibus,
901 1876 1039 1930 quos
1075 1877 1268 1930 magna
1298 1878 1364 1917 ex
1396 1875 1548 1932 parte
1588 1880 1794 1919 memo-
1827 1865 1872 1925 Β
1969 1841 2412 1932 ίέῗιιὲξίηξίξν
2441 1861 2505 1897 επ
2535 1862 2634 1932 ίῘίΨ
2658 1840 3161 1932 *Ρίυνίζέίφξίωρξίξ-
3212 1840 3496 1932 ξξδίᾳίξβ

201 1960 290 2005 rat
317 1951 459 2008 idem
495 1953 774 2025 presbyter
810 1953 1158 2009 Massiliensis
1186 1955 1470 2010 manifeste
1499 1956 1786 2024 colligitur.

201 2044 419 2111 Quanto
447 2055 628 2103 autem
658 2048 712 2102 in
742 2047 917 2117 pretio
946 2047 1142 2102 habitas
1169 2048 1301 2103 olim
1327 2050 1525 2104 fuerint
1552 2052 1668 2122 ejus
1696 2052 1795 2107 ho-

1972 1909 2277 1966 bibliotheca
2327 1909 2690 1968 Laurentianu
2731 1915 2907 1968 codice
2951 1913 3004 1975 9,
3037 1909 3166 1982 plut.
3225 1911 3314 1975 56,
3354 1919 3492 1982 part.

1974 1983 2234 2046 dextera;
2267 1986 2388 2038 olim
2421 1984 2545 2039 bibl.
2581 1986 2796 2040 Sancta:
2825 1985 2991 2038 crucis
3021 1985 3146 2038 miri.
3178 1990 3493 2037 conventam-

1973 2056 2118 2108 liurn.
2151 2053 2361 2109 Floruit
2380 2057 2572 2111 swculo
2597 2055 2648 2109 Χ
2655 2055 2682 2109 1
2690 2053 2753 2109 II
2760 2097 2773 2110 .

688 2267 1301 2332 SCHOENEMANNI
1346 2270 1681 2331 NOTITIA
1726 2271 1805 2331 IN
1852 2272 1915 2331 S.
1963 2273 2365 2335 MAXIMUM
2409 2273 2978 2335 TAURINENSEM
3024 2350 3038 2363 θ

637 2383 646 2398 ⁸
1226 2387 1478 2450 (Bibliolh.
1506 2387 1722 2438 hist.-lit.
1748 2393 1870 2439 vett.
1895 2389 2098 2440 Patrum
2123 2389 2251 2442 Latt.
2273 2397 2388 2442 tom.
2418 2391 2506 2454 ll.)

873 2521 900 2584 §
920 2521 959 2572 Ι.
992 2521 1119 2572 Vita.

275 2611 336 2668 Si
373 2618 578 2667 tantum
625 2627 804 2667 rerum
846 2621 1119 2680 gestarum
1147 2611 1512 2681 magnitudine
1539 2620 1797 2680 quantum

199 2703 532 2777 pradicandi
559 2702 815 2760 facultate
841 2705 1122 2759 claruisset
1165 2703 1453 2767 Maximus,
1489 2713 1800 2774 tantumque

199 2795 364 2851 nobis
390 2795 564 2865 prisca
594 2796 852 2851 memoria
896 2795 965 2851 de
994 2797 1103 2850 vita
1130 2795 1247 2864 ejus
1275 2795 1580 2857 tribuisset,
1623 2811 1796 2863 quan-

206 2893 326 2940 tum
354 2884 469 2956 ipse
497 2884 548 2938 in
569 2885 783 2955 scriptis
811 2885 922 2940 suis
951 2885 1018 2941 ad
1047 2885 1246 2954 ingenii
1265 2900 1584 2954 morumque
1611 2886 1798 2954 imagi-

204 2991 337 3032 nem
391 2974 753 3046 reﬁngendam
801 2977 1040 3032 materiae
1087 2978 1333 3046 reliquit,
1383 2977 1627 3048 profecto
1689 2994 1796 3033 non

205 3069 514 3126 accusanda
543 3070 682 3125 foret
710 3072 763 3125 in
792 3071 1044 3142 praesenti
1072 3071 1424 3127 dicendorum
1455 3074 1655 3142 inopia,
1678 3088 1798 3141 qua:

204 3161 350 3217 adeo
377 3160 444 3217 de
473 3169 719 3217 accurata
749 3163 1006 3234 temporis
1031 3164 1175 3235 quod
1201 3164 1254 3218 in
1281 3165 1392 3219 vita
1422 3165 1679 3233 transegit
1699 3165 1796 3220 de-

209 3249 459 3306 ﬁnitione
506 3251 751 3307 laborare
797 3269 897 3308 nos
924 3254 1070 3309 facit.
1111 3254 1314 3324 Nempe
1359 3254 1413 3309 id
1455 3271 1618 3309 unum
1648 3264 1798 3311 certo

1905 2535 2014 2574 non
2042 2521 2338 2577 habebunt.
2383 2521 2522 2588 Quin
2554 2536 2655 2577 nec
2683 2522 2912 2577 alterum
2938 2521 3319 2588 concedimus,
3351 2521 3499 2590 quod

1903 2627 1970 2667 ex
1996 2612 2237 2668 secundo
2266 2613 2333 2668 de
2361 2613 2552 2670 iisdem
2574 2614 2898 2685 martyribus
2925 2629 3176 2669 sermone
3203 2630 3271 2668 ex
3300 2612 3497 2683 injecta

1904 2705 2196 2774 imperialis
2224 2704 2383 2760 edicti
2418 2705 2488 2759 de
2528 2704 2798 2760 idolorum
2826 2706 2962 2760 fanis
2988 2704 3312 2760 subruendis
3340 2719 3495 2759 men-

1904 2797 2050 2852 tione
2090 2795 2160 2850 ad
2200 2797 2660 2853 corroborandam
2705 2798 2939 2868 priorem
2969 2796 3336 2867 conjecturam
3366 2795 3496 2852 affe-

1905 2898 2047 2956 runt,
2072 2905 2178 2960 qua
2200 2890 2489 2947 Maximum
2514 2891 2745 2961 junioris
2770 2893 3129 2948 Valentiniani
3151 2892 3495 2947 constitutio-

1905 2977 2026 3039 nem
2051 2984 2232 3039 datam
2256 3002 2310 3040 ιιι
2329 2986 2434 3040 cal.
2457 2985 2619 3043 Mart.
2646 2985 2875 3041 Tatiano
2904 2995 2960 3041 et
2980 2986 3304 3058 Symmacho
3325 3000 3514 3054 coss",

1906 3075 1961 3130 id
1990 3084 2072 3130 est
2102 3091 2242 3131 anno
2271 3075 2394 3140 591,
2427 3078 2728 3146 respexisse
2759 3078 3071 3133 existimant
3099 3077 3191 3147 (c).
3225 3074 3382 3143 Quod
3401 3075 3495 3144 qui

1905 3166 2331 3236 amplectuntur,
2380 3167 2566 3222 volunt
2610 3183 2678 3222 eo
2726 3176 2970 3237 tempore
3022 3182 3132 3235 quo
3177 3166 3314 3219 duos
3362 3166 3495 3219 istos

1905 3273 2182 3313 sermones
2239 3259 2546 3323 habuisset,
2597 3259 2918 3329 presbyterii
2964 3258 3136 3326 gradu
3184 3256 3494 3324 insignitum

202 3342 428 3404 scimus,
456 3341 742 3397 Maximum
764 3343 1075 3414 episcopum
1097 3344 1398 3401 Taurinatis
1418 3347 1798 3416 subscripsisse
1825 3351 1871 3414 C
1903 3367 2026 3405 eum
2057 3351 2240 3415 fuisse,
2264 3367 2333 3405 ne
2362 3351 2567 3404 scilicet
2597 3351 2734 3403 ultra
2761 3350 2982 3404 modum
3013 3350 3140 3402 anni
3169 3347 3285 3415 ejus
3307 3354 3504 3416 exteng

205 3452 355 3492 anno
383 3435 479 3490 451
514 3438 755 3507 epistola:
781 3438 1053 3509 synodica:
1081 3437 1295 3494 Eusebii
1325 3440 1562 3509 episcopi
1589 3439 1798 3495 Medio-

207 3528 450 3584 lanensis
487 3528 557 3582 ad
599 3527 832 3584 Leonem
856 3529 1124 3599 Magnum,
1148 3530 1506 3600 eumdemque
1529 3547 1672 3585 anno
1693 3529 1798 3584 465

209 3619 518 3676 interfuisse
547 3621 775 3675 concilio
805 3619 1049 3675 Romano
1075 3621 1175 3676 sub
1204 3620 1407 3676 Hilario
1449 3620 1645 3676 Leonis
1673 3636 1797 3675 suc-

205 3726 426 3767 cessore
455 3720 664 3776 coacto,
688 3711 912 3782 ejusque
939 3713 1074 3767 aclis
1098 3713 1272 3782 primo
1303 3713 1423 3767 loco
1451 3722 1573 3782 post
1603 3712 1801 3766 Roma-

207 3819 342 3859 num
369 3804 683 3873 episcopum
711 3812 874 3872 atque
901 3812 1026 3858 ante
1047 3804 1421 3872 metropolitas
1443 3803 1799 3857 Ebrodunen—

207 3911 326 3951 sem
357 3904 414 3952 et
441 3895 895 3952 Mediolanensem
949 3897 1329 3965 subscripsisse
1373 3914 1384 3948 :
1437 3895 1491 3950 id
1519 3895 1665 3964 quod
1695 3912 1802 3951 non

204 3989 391 4053 sedis,
422 3986 520 4043 sed
548 3988 721 4043 aetatis
745 3989 996 4058 longaeva;
1023 3989 1388 4060 prmrogativm
1410 4030 1424 4055 ,
1458 3997 1515 4043 ut
1557 3990 1645 4058 qui
1675 3990 1801 4044 reli-

199 4082 332 4155 quis
363 4082 420 4136 in
438 4081 648 4152 synodo
676 4084 1028 4152 praasentibus
1053 4083 1320 4153 episcopis
1349 4083 1496 4152 prior
1522 4083 1802 4137 ordinatus

203 4175 424 4238 fuisset,
461 4174 808 4230 tribuendum
837 4192 946 4231 non
975 4177 1166 4246 injuria
1215 4177 1539 4231 existimant.
1590 4177 1670 4230 Ab
1699 4177 1800 4232 hac

205 4284 342 4323 vero
368 4268 547 4322 inlatis
571 4269 864 4339 exploratae
900 4279 1026 4324 nota
1073 4268 1444 4337 retrogradum
1488 4269 1686 4323 faciunt
1730 4268 1800 4323 ad

207 4358 486 4414 anteriora
516 4357 637 4413 vita:
665 4359 780 4428 ejus
819 4369 1058 4430 tempora
1081 4402 1096 4425 ,
1152 4360 1244 4429 qui
1283 4359 1491 4415 indiciis
1529 4360 1802 4428 qualibus-

210 4465 444 4521 cumque
467 4452 519 4506 in
542 4453 879 4508 sermonibus
903 4453 1017 4522 ejus
1045 4454 1217 4509 obviis
1243 4453 1541 4508 conﬁdunt.
1573 4454 1802 4521 Quibus-

211 4558 333 4597 cum
375 4558 487 4598 non
517 4543 855 4605 luctabitﬁur,
904 4545 950 4599 si
993 4562 1060 4600 ex
1089 4545 1278 4613 elogiis
1305 4546 1421 4613 ejus
1463 4545 1515 4599 in
1545 4544 1600 4600 S.
1629 4545 1801 4602 Euse-

214 4633 363 4689 bium
392 4633 810 4700 Vercellensem,
845 4636 1103 4693 Vercellis
1131 4653 1253 4693 eum
1280 4648 1460 4694 natum
1489 4639 1802 4696 educatum-

1905 3442 2120 3506 dantur,
2153 3442 2196 3495 si
2221 3441 2333 3510 jam
2363 3456 2451 3494 an.
2499 3439 2603 3493 397
2644 3439 2937 3508 episcOpali
2977 3438 3239 3504 dignitate
3278 3435 3500 3504 conspi-

1903 3550 2061 3589 cuum
2090 3534 2349 3598 facerent,
2374 3549 2535 3602 quem
2561 3547 2703 3586 anno
2729 3529 2850 3600 465
2874 3531 2927 3584 in
2969 3530 3105 3584 vivis
3133 3528 3310 3582 adhuc
3331 3527 3498 3582 fuisse

1902 3634 2238 3694 computum
2267 3632 2367 3678 est.
2401 3622 2510 3678 Sed
2551 3623 2682 3676 mihi
2722 3630 2868 3676 vetat
2923 3620 3209 3690 quominus
3254 3634 3319 3673 ea
3374 3633 3497 3688 qua:

1904 3716 2062 3770 dictis
2105 3717 2234 3768 locis
2265 3715 2457 3768 recitat
2491 3722 2613 3784 post
2641 3714 2828 3783 viginti
2866 3722 2921 3769 et
2963 3712 3194 3784 plurium
3233 3725 3502 3792 annorum.

1909 3808 2246 3862 intervallum
2276 3817 2529 3877 tanquam
2554 3810 2664 3862 suis
2710 3808 3023 3878 temporibus
3053 3814 3108 3860 et
3136 3822 3300 3874 nuper
3343 3813 3497 3873 gesta

1905 3914 2330 3955 commemorare
2370 3900 2623 3969 potuerit.
2657 3897 3125 3966 Quemadmodum
3155 3912 3223 3950 ex
3251 3911 3317 3950 eo
3351 3895 3499 3963 quod

1907 3993 1960 4046 in
1990 4007 2239 4047 sermone
2268 3991 2319 4056 4,
2364 3993 2426 4045 de
2465 3991 2769 4058 Nativitate,
2800 3993 2875 4046 ait
2900 4010 2912 4044 :
2939 3990 3197 4046 Ha'resim
3224 3987 3497 4043 Joviniam'

1904 4084 2168 4155 synodalis
2189 4093 2363 4138 noster
2391 4100 2494 4138 uno
2519 4101 2607 4138 ore
2632 4083 2896 4137 damnauit
2918 4093 3214 4147 conventus,
3239 4080 3372 4135 falso
3394 4069 3499 4134 ali-l

1903 4177 2024 4245 quis
2045 4177 2321 4244 colligeret
2355 4192 2476 4231 eum
2510 4177 2648 4230 inter
2677 4175 2865 4231 Patres
2885 4176 3212 4239 consedisse,
3239 4175 3332 4243 qui
3353 4189 3498 4228 anno

1905 4268 2011 4323 589
2039 4270 2091 4324 in
2130 4270 2359 4325 concilio
2389 4269 2777 4325 Mediolanensi
2808 4269 2952 4323 illam
2996 4267 3240 4322 haeresim
3272 4266 3499 4346 damnas

1904 4369 2045 4414 runt.
2089 4359 2197 4415 Sed
2225 4361 2272 4414 si
2309 4361 2424 4415 istis
2453 4361 2691 4415 virorum
2721 4360 3005 4416 doctorum
3034 4359 3364 4428 argumentis
3390 4372 3500 4414 non

1907 4459 2112 4506 tantum
2145 4451 2399 4508 efﬁcacia:
2429 4453 2742 4518 tribuimus,
2775 4462 3034 4521 quantum
3064 4451 3163 4520 ipsi
3195 4451 3369 4503 inesse
3398 4465 3499 4517 pu-

1905 4551 2021 4598 tant
2047 4552 2104 4598 et
2129 4545 2198 4599 ab
2227 4545 2344 4598 aliis
2365 4544 2583 4613 agnosci
2604 4544 2823 4606 volunt,
2857 4542 2957 4610 ipsi
2981 4550 3162 4594 tamen
3187 4555 3291 4592 non
3332 4552 3499 4606 nega-

1906 4653 2026 4692 mus
2062 4638 2284 4692 subesse
2323 4637 2388 4690 iis
2435 4636 2670 4704 aliquam
2710 4634 2822 4687 veri
2865 4633 3099 4702 speciem
3129 4632 3407 4695 hactenus,
3442 4639 3501 4686 ut

213 4738 342 4793 que,
366 4724 494 4778 item
525 4725 829 4780 sacerdotio
851 4726 1117 4782 initiatum
1147 4737 1202 4782 et
1221 4729 1552 4798 praedicandi
1580 4745 1804 4786 munere
1828 4732 1882 4794 ι)
1906 4728 2171 4783 Maximus
2198 4729 2416 4781 ineunte
2440 4725 2637 4779 saeculo
2657 4741 2689 4777 v
2711 4723 2794 4776 vel
2818 4723 2978 4792 paulo
3007 4730 3128 4792 post
3154 4721 3361 4776 initium
3384 4721 3501 4790 ejus

216 4815 449 4886 primum
475 4816 527 4870 in
550 4817 738 4872 eadem
760 4818 892 4873 urbe
920 4818 1255 4890 perfunctum
1281 4836 1400 4876 esse
1426 4822 1679 4890 colligant
1700 4822 1799 4893 (a).

216 4905 325 4962 Sed
351 4910 399 4963 si
429 4923 498 4963 ex
526 4909 591 4963 iis
618 4925 737 4978 qua:
767 4909 819 4964 in
856 4925 1106 4966 sermone
1135 4911 1204 4967 de
1243 4911 1456 4968 Sanctis
1482 4913 1806 4984 Martyribus

217 4999 669 5066 Anauniensibus,
715 5002 1049 5073 interemptis
1086 5018 1175 5058 an.
1219 5003 1342 5069 597,
1377 5003 1447 5058 ad
1487 5005 1801 5059 memoriam

216 5107 405 5160 eorum
452 5095 936 5150 commendandam
993 5097 1230 5166 loquitur
1287 5099 1594 5154 necessario
1663 5097 1803 5153 efﬁci

218 5187 530 5242 existimant
583 5203 890 5242 sermonem
938 5189 1086 5243 illum
1129 5197 1222 5244 aut
1285 5189 1480 5244 eodem
1526 5204 1670 5245 anno
1711 5199 1805 5244 aut

218 5277 378 5333 paulo
403 5287 530 5348 post
552 5279 620 5334 ab
649 5294 716 5334 eo
738 5279 901 5334 fuisse
928 5279 1168 5334 habitum
1200 5279 1296 5352 (ὁ),
1327 5296 1427 5336 nos
1447 5281 1802 5338 assentientes

290 5481 368 5559 (a)
394 5480 528 5559 Vide
548 5482 926 5559 sermonem],
953 5482 1063 5559 8_e_t
1088 5481 1140 5559 9,
1165 5483 1233 5559 de
1256 5485 1312 5559 S_.
1339 5484 1590 5559 Eusebio,
1607 5494 1662 5542 et
1681 5503 1798 5559 quae

220 5566 286 5607 ex
316 5551 381 5606 iis
407 5551 626 5607 adducit
652 5551 964 5608 Gallandius
990 5553 1082 5609 lib.
1117 5554 1250 5610 infra
1278 5556 1561 5612 laudando.

291 5621 656 5696 meatum;
677 5625 730 5696 in
760 5622 1006 5692 Prolegg.
1040 5625 1106 5678 ad
1149 5633 1186 5678 t.
1228 5624 1300 5679 1x
1334 5626 1467 5682 Bibl.
1500 5625 1628 5694 PP.,
1659 5646 1705 5685 c.
1745 5629 1799 5696 9,

228 5692 256 5764 §
285 5689 475 5757 {hoc
505 5693 766 5763 imprimis
796 5689 1004 5762 urgct'a
1034 5711 1092 5751 se
1120 5710 1309 5751 recens
1340 5689 1625 5769 repertum
1642 5689 1801 5770 argu;
1847 5745 1860 5760 .

227 5773 568 5906 migi‘ii'ém,
601 5835 628 5909 §
659 5835 711 5890 5.
744 5835 873 5903 Qua:
899 5847 1086 5895 contra
1113 5838 1322 5898 Brunus
1355 5840 1411 5898 in
1441 5840 1563 5899 Vita
1588 5840 1809 5900 Maximi

1909 4820 2222 4876 muneribus
2241 4817 2621 4874 ecclesiasticis
2640 4816 2786 4885 fungi
2805 4816 3032 4886 coepisse
3051 4815 3320 4883 videatur,
3334 4814 3501 4870 adeo-

1908 4926 2014 4981 que
2043 4925 2230 4964 versus
2258 4909 2418 4964 tinem
2447 4909 2626 4964 smculi
2656 4926 2708 4964 IV
2736 4919 2891 4963 natus
2911 4907 3090 4976 fuerit,
3107 4916 3164 4964 et
3188 4906 3327 4962 forte
3347 4915 3501 4964 octo-

1909 5002 2159 5070 genarius
2198 5001 2284 5056 vel
2339 5002 2731 5070 nonagenarius
2759 5002 2942 5067 etiam,
2975 5001 3118 5056 diem
3167 5018 3496 5072 supremum,
3581 5031 3594 5039 -

1909 5107 2062 5162 asque
2086 5108 2150 5149 ac
2176 5101 2370 5148 caetera
2399 5093 2640 5162 ignotum
2669 5095 2769 5166 (d),
2802 5094 3015 5150 obierit.

2572 5195 2638 5248 Il.
2662 5195 2876 5248 Scripta.

2572 5197 2638 5248 Il.
2765 5197 2778 5207 '
2865 5234 2876 5244 .

1982 5281 2244 5339 Maximus
2283 5197 2631 5340 Taurineﬁsis
2662 5199 2920 5337 ἓῖέἔὶω
2961 5282 3274 5354 episcopus,
3323 5277 3498 5348 inquit

1910 5492 2052 5615 apag.
2074 5489 2202 5571 158)
2221 5497 2426 5572 monet,
2448 5490 2686 5560 potuisse
2711 5504 2832 5570 eum
2855 5488 3014 5570 etiam
3036 5486 3305 5556 respicere
3325 5484 3500 5603 legem

1957 5561 2200 5615 heodosn
2222 5559 2460 5615 Juntorts
2483 5568 2539 5615 et
2561 5561 2919 5614 Valentiniani
2939 5558 3026 5615 Ill.
3053 5558 3233 5612 datam
3255 5568 3343 5606 an.
3406 5552 3494 5615 26,

1957 5552 2200 5616 héodosii
2222 5552 2467 5616 Junioris
2483 5568 2539 5615 et
2561 5560 2919 5614 Valentiniani
2939 5558 3026 5623 Ill,
3053 5552 3233 5612 datam
3255 5568 3343 5606 an.
3371 5552 3494 5619 £26,

1911 5631 2099 5685 iisdem
2131 5630 2433 5686 Theodosio
2466 5647 2537 5685 xu
2565 5639 2618 5685 et
2647 5630 3026 5684 Valentiniano
3051 5644 3102 5680 ιν
3131 5641 3268 5680 coss.

1986 5701 2064 5773 (tl)
2093 5700 2354 5757 Gennadii
2400 5718 2563 5773 super
2608 5703 2711 5773 hoc
2759 5714 2998 5773 errorem
3040 5705 3131 5773 aut
3162 5693 3499 5773 librariorum

1914 5763 2094 5898 Solius
2123 5773 2175 5826 in
2203 5789 2269 5828 eo
2292 5773 2412 5829 loco
2435 5763 2774 5831 oscitantiam
2799 5769 3005 5839 pridem
3029 5765 3128 5820 viri
3151 5763 3295 5818 docti
3316 5778 3498 5839 emcn’

1953 5851 2128 5898 arunt.

1953 5851 2128 5898 arunt.
