4050 6356
540 347 647 407 H9

1657 346 1726 404 IN
1761 346 1818 403 S.
1849 344 2176 404 MAXIMUM
2215 344 2698 403 TAURINENSEM

3705 341 3814 400 180

537 464 849 525 Gennadius
879 466 933 521 in
958 462 1154 521 divinis
1192 463 1483 535 Scripturis
1527 465 1658 519 satis
1706 463 1942 520 intentus
1971 472 2027 520 et
2054 464 2123 520 ad
2150 466 2197 527 Α
2227 465 2498 534 Ducangio
2526 464 2624 538 (ὁ),
2670 479 2732 519 ea
2753 478 2862 518 nec
2891 464 2949 518 in
2989 461 3342 520 Maximianos
3381 461 3678 532 quadram,
3707 480 3812 522 nec

537 558 836 616 docendam
864 573 932 613 ex
960 563 1204 627 tempore
1229 556 1441 628 plebem
1484 555 1755 614 sufﬁciens
1772 599 1787 624 ,
1819 559 2122 629 composuit

537 654 591 709 in
621 653 833 707 laudem
860 651 1230 721 apostolorum
1253 659 1512 707 tractatus
1539 661 1594 708 et
1613 653 1667 707 in
1687 651 1907 709 Joannis
1934 653 2119 724 Bapti-

535 752 648 807 sta},
675 751 730 797 et
753 742 1061 811 generalem
1100 742 1340 796 omnium
1362 753 1655 814 martyrum
1685 743 1979 798 homiliam.
2013 744 2120 799 Sed

534 844 587 890 et
609 834 677 889 de
707 834 955 904 capitulis
980 833 1392 902 Evangeliorum
1413 842 1469 888 et
1488 835 1718 890 Actunm
1739 835 2118 904 Apostolorum

533 928 699 982 multa
746 928 1018 996 sapienter
1063 927 1330 996 exposuit.
1378 925 1529 980 Fecit
1576 933 1630 980 et
1675 926 1812 981 duos
1853 925 1923 981 de
1950 927 2120 981 sancti

533 1014 748 1073 Eusebii
776 1016 1136 1074 Vercellensis
1159 1019 1400 1088 episcopi
1435 1026 1490 1073 et
1517 1018 1840 1074 confessoris
1869 1020 1976 1073 vita
2005 1026 2117 1074 tra-

534 1114 706 1167 ctatus
723 1153 738 1177 ,
770 1118 826 1165 et
852 1110 922 1166 de
950 1111 1120 1166 sancti
1147 1110 1429 1181 Cypriani;
1460 1111 1746 1181 specialem
1775 1110 1844 1165 de
1869 1111 2115 1182 baptismi

534 1205 704 1274 gratia
730 1204 931 1259 librum
972 1202 1162 1260 edidit.
1194 1203 1421 1274 Scripsit
1450 1204 1518 1258 de
1547 1205 1798 1271 avaritia;
1829 1205 1898 1260 de
1932 1206 2112 1275 hospi-

533 1299 769 1364 talitate;
821 1298 889 1354 de
938 1297 1152 1355 defectu
1195 1299 1365 1365 lunze;
1416 1297 1486 1353 de
1531 1299 1911 1371 eleemosynis;
1944 1300 2010 1355 de
2052 1315 2119 1356 eo

533 1392 678 1460 quod
724 1392 984 1463 scriptum
1028 1399 1112 1447 est
1155 1393 1208 1446 in
1254 1391 1432 1447 Isaia:
1466 1391 1737 1463 Caupones
1785 1394 1860 1446 tui
1905 1394 2122 1448 miscent

534 1501 720 1555 aquam
740 1486 856 1538 vino
867 1502 885 1550 ;
909 1483 978 1538 de
997 1485 1247 1554 passione
1269 1484 1508 1550 Domini;
1531 1483 1601 1540 de
1616 1484 1822 1552 jejunio
1840 1501 2116 1540 servorum

534 1573 657 1639 Dei;
691 1574 758 1630 de
781 1574 988 1644 jejunio
1017 1574 1237 1645 speciali
1265 1574 1713 1644 Quadragesimae,
1742 1582 1796 1630 et
1825 1575 1970 1645 quod
2008 1592 2105 1634 non

535 1670 603 1725 sit
632 1670 684 1723 in
726 1685 794 1724 eo
833 1668 1152 1737 jocandum,
1202 1669 1273 1724 de
1317 1668 1454 1724 Juda
1501 1667 1795 1735 traditore;
1846 1669 1914 1724 de
1958 1683 2111 1728 cruce

517 1760 762 1828 Domini,
788 1760 857 1817 de
883 1761 1130 1832 sepulcro
1159 1761 1292 1832 ejus,
1318 1770 1372 1816 et
1400 1761 1470 1817 de
1498 1762 1892 1817 resurrectione
1922 1762 2113 1832 ipsius;

2224 561 2441 614 omnino
2469 559 2557 614 hic
2577 557 2985 628 expetebantur.
3033 556 3235 626 Nempe
3256 571 3365 612 non
3385 562 3496 611 tam
3523 558 3806 626 quaereba-

2222 660 2310 706 tur
2335 666 2454 721 quae
2479 665 2674 706 vocum
2708 650 2776 704 sit
2803 635 3011 703 illarum
3039 647 3376 717 significatio,
3408 662 3569 717 quam
3599 649 3804 718 potius,

2220 759 2332 812 quo
2347 742 2491 812 jure,
2517 743 2780 811 quibusve
2800 742 3010 797 indiciis
3031 741 3267 811 singulas
3288 738 3564 798 orationes
3591 741 3645 795 in
3666 741 3809 798 hanc

2221 833 2432 889 illamve
2479 835 2853 889 collectionem
2898 833 3187 901 adlegerit,
3217 833 3515 902 pmsertim
3541 817 3678 888 'cum
3715 835 3809 888 vix

2220 925 2476 980 credibile
2505 925 2573 978 sit
2603 925 2770 981 libros
2810 940 2940 980 mss.
2991 925 3046 981 in
3093 925 3197 980 hoc
3233 925 3366 982 satis
3417 931 3725 982 constantes
3757 924 3808 979 ei

2219 1016 2382 1072 duces
2405 1015 2588 1075 fuisse.
2622 1015 2734 1072 Sed
2759 1018 2946 1087 accipe
2972 1016 3222 1074 unlieem.

2849 1127 2888 1168 I.
2919 1126 3152 1166 BMUE

2836 1201 2916 1256 De
2942 1211 3170 1272 tempore

2289 1293 2332 1348 I.
2361 1295 2494 1348 Ante
2522 1291 2717 1348 Natale
2743 1293 2976 1350 Domini.

2289 1386 2352 1442 II.
2386 1386 2452 1442 In
2474 1387 2706 1442 Adventu
2727 1388 2984 1444 dominico
2998 1428 3014 1454 ,
3037 1396 3090 1443 et
3117 1387 3182 1442 tle
3206 1404 3268 1443 eo
3297 1387 3433 1459 quod
3459 1387 3707 1458 scriptum
3729 1395 3811 1444 est

2219 1477 2350 1531 an.
2375 1495 2501 1532 xvu.

2287 1569 2374 1624 III.
2410 1570 2580 1640 Super
2607 1571 2785 1625 eadem
2812 1571 2962 1626 verba
2993 1571 3262 1645 Evangelii

2287 1662 2376 1725 IV,
2408 1661 2474 1717 V.
2504 1665 2636 1717 Ante
2657 1663 2852 1719 Natale
2880 1664 3112 1720 Domini.

2290 1753 2504 1809 VI-XV.
2531 1754 2608 1809 De
2627 1755 2920 1812 Nativitate
2939 1757 3172 1824 Domini,
3202 1757 3322 1814 I-X.
3349 1757 3430 1816 Ex
3456 1759 3544 1815 his.
3579 1768 3810 1830 quatuor

509 1853 602 1919 _de
631 1861 881 1911 accusato
911 1862 966 1908 et
1002 1854 1258 1910 damnato
1306 1854 1534 1911 Domino
1573 1855 1718 1924 apud
1760 1852 2019 1922 Pilatum;
2051 1855 2120 1910 de
2152 1858 2196 1916 B
2224 1848 2432 1918 priores
2459 1865 2600 1904 nunc
2627 1850 2859 1920 primum
2887 1859 3011 1906 sunt
3038 1853 3214 1908 editae.

534 1943 773 2000 calendis
795 1942 1080 1999 Ianuariis.
1133 1943 1358 2014 Scripsit
1385 1944 1549 1999 etiam
1577 1944 1826 2000 homilias
1853 1944 1924 2000 de
1953 1945 2115 2000 natali

532 2037 776 2106 Domini;
802 2037 1052 2094 homilias
1076 2037 1144 2093 de
1165 2036 1533 2108 Theophanis,
1557 2045 1611 2093 et
1634 2037 1702 2093 de
1724 2035 1947 2102 Pascha,
1973 2045 2030 2094 et
2047 2036 2117 2095 de

532 2129 852 2187 Pentecoste
873 2132 1097 2197 multas;
1118 2132 1185 2185 de
1205 2131 1449 2186 hostibus
1468 2131 1770 2186 carnalibus
1789 2147 1899 2187 non
1921 2132 2114 2222 time9-

531 2223 610 2278 dis
638 2231 691 2278 et
720 2222 790 2278 de
816 2224 1003 2293 gratiis
1047 2230 1170 2294 post
1207 2223 1384 2280 cibum
1409 2222 1522 2278 Deo
1563 2221 1817 2292 agendis;
1852 2223 1918 2278 de
1944 2221 2115 2293 paeni-

533 2316 698 2370 tentia
743 2314 1112 2383 Ninivitarum,
1136 2324 1192 2370 et
1229 2317 1425 2372 multas
1467 2316 1599 2371 alias
1628 2316 1744 2385 ejus
1773 2317 2019 2372 homilias
2048 2316 2116 2372 de

533 2409 759 2465 diversis
797 2410 931 2479 legi,
963 2425 1098 2478 quas
1136 2410 1342 2466 retineo
1370 2407 1584 2484 [forsan
1611 2407 1864 2481 reticeo].
1910 2408 2115 2466 Eadem

531 2501 711 2554 omnia
740 2499 1040 2570 eodemque
1068 2515 1206 2570 pene
1230 2500 1419 2556 ordine
1441 2508 1494 2555 et
1527 2500 1898 2569 designatione
1924 2503 2117 2558 recitat

532 2590 858 2648 Trilhemius
881 2594 976 2664 (a),
1001 2601 1262 2662 praeterea
1283 2609 1414 2650 vero
1438 2593 1507 2649 de
1527 2593 1703 2650 ofﬁcio
1726 2593 1898 2650 Missa
1918 2595 2115 2652 librum

529 2699 568 2747 ι,
612 2684 680 2739 de
699 2692 889 2740 saneto
911 2683 1201 2740 Laurentio
1220 2686 1366 2740 hom.
1391 2687 1442 2751 5,
1468 2696 1522 2741 et
1542 2686 1612 2741 de
1630 2696 1818 2743 sancto
1838 2687 2115 2759 Stephano

529 2779 672 2834 hom.
718 2776 770 2843 l,
816 2777 1009 2846 quibus
1037 2777 1284 2833 omnibus
1309 2779 1634 2835 enumeratis
1663 2778 1852 2834 addit:
1890 2779 2117 2852 Scripsit

529 2877 579 2925 et
606 2869 714 2924 alia
741 2867 942 2923 multa:
968 2884 1230 2924 sermones
1249 2880 1298 2923 et
1323 2878 1590 2938 tractatus,
1614 2872 1859 2942 epistolas
1877 2882 1928 2927 et
1948 2873 2114 2928 homi-

527 2963 650 3029 lias,
677 2977 792 3035 qua!
832 2961 902 3016 ad
948 2962 1188 3017 notitiam
1227 2979 1394 3020 meant
1436 2981 1542 3019 non
1581 2973 1934 3034 peruenerunt.
1978 2965 2115 3022 Huic

528 3069 659 3110 vero
704 3062 981 3126 postremo
1026 3055 1304 3124 utriusque
1340 3055 1440 3110 viri
1489 3065 1696 3112 asserto
1735 3063 1948 3114 veteres
1991 3057 2114 3112 libri

528 3163 659 3204 mss.
683 3149 846 3219 plane
876 3149 1258 3214 assentiuntur,
1291 3163 1359 3204 ex
1385 3149 1576 3219 quibus
1605 3151 1762 3219 longe
1788 3151 1972 3220 plures
1999 3164 2113 3206 ser-

529 3255 718 3295 mones
769 3254 931 3310 quam
970 3239 1038 3294 ab
1078 3239 1183 3294 illis
1211 3239 1407 3295 diserte
1454 3240 1658 3295 laudati
1703 3249 1876 3308 erant,
1909 3241 2116 3298 iteratis
2140 3241 2185 3304 C

526 3336 763 3393 virorum
789 3335 1073 3392 doctorum
1099 3335 1310 3402 studiis,
1325 3336 1434 3405 jam
1456 3337 1664 3407 pridem
1686 3343 1813 3391 sunt
1832 3337 1990 3402 eruti,
2015 3353 2115 3393 nu-

525 3443 626 3500 per
650 3443 780 3484 vero
810 3435 864 3482 et
896 3429 999 3482 iste
1026 3442 1282 3484 numerus
1308 3429 1447 3482 ultra
1477 3427 1759 3481 dimidium
1787 3429 1841 3482 in
1871 3427 2114 3484 Romana

526 3521 765 3578 editione
794 3521 1055 3578 adauctus
1096 3529 1198 3588 est,
1231 3522 1519 3591 omniaque
1545 3520 2031 3576 vetustissimarum
2059 3530 2116 3577 et

527 3614 848 3683 Optimarum
868 3614 1301 3669 membranarum
1324 3612 1642 3669 testimoniis
1669 3612 1743 3667 ita
1772 3621 1896 3668 sunt
1917 3615 2114 3669 contir-

525 3711 692 3769 mata,
729 3711 789 3757 ut
815 3704 883 3758 de
911 3705 1218 3759 sinceritate
1245 3719 1431 3759 eorum
1475 3710 1800 3759 tractatuum
1825 3706 1917 3774 qui
1945 3704 2114 3760 Maxi-

525 3810 616 3850 mo
640 3795 728 3849 hic
761 3805 1072 3849 asseruntur
1097 3796 1317 3850 dubium
1338 3811 1620 3865 superesse
1649 3812 1756 3851 non
1777 3798 1964 3866 possit.
1995 3796 2112 3852 Jam

525 3900 657 3957 ergo
686 3887 989 3942 novissimae
1028 3886 1186 3955 hujus
1227 3886 1475 3941 editionis
1511 3887 1744 3943 indicem
1772 3898 1827 3942 et
1855 3888 2110 3944 distribu-

2294 1939 2427 1995 XVI.
2459 1941 2539 1996 De
2556 1942 2784 1997 colendis
2801 1942 3090 2000 Ianuariis.

2292 2033 2683 2089 XVII-XXVIII.
2703 2034 2782 2090 De
2797 2035 3094 2108 Epiphania
3110 2037 3340 2105 Domini,
3356 2037 3516 2103 I—XII,
3535 2055 3602 2095 ex
3614 2040 3809 2110 quibus

2218 2125 2258 2194 I,
2294 2125 2354 2191 II,
2385 2126 2470 2193 III,
2501 2127 2568 2182 IV
2594 2135 2647 2182 et
2679 2128 2744 2182 VI
2773 2144 2802 2182 a
2831 2129 3010 2184 Bruno
3041 2131 3271 2200 primum
3313 2141 3438 2188 sunt
3481 2140 3727 2204 repertm.

2292 2216 2699 2276 XXIX-XXXV.
2717 2219 2798 2274 De
2817 2218 3068 2291 baptismo
3086 2220 3296 2290 Christi,
3313 2223 3476 2290 LVII,
3500 2240 3725 2294 quarum
3738 2224 3802 2291 II,

2218 2311 2311 2378 III,
2345 2312 2406 2367 IV
2434 2321 2490 2368 et
2517 2312 2561 2366 V
2590 2321 2748 2367 antea
2777 2321 2933 2368 erant
2961 2315 3194 2371 ineditsc.

2289 2405 2517 2461 XXXVI.
2552 2404 2618 2462 In
2648 2406 2730 2462 die
2751 2405 3008 2463 Cinerum.

2288 2500 2545 2555 XXXVII.
2578 2501 2658 2554 De
2679 2503 2883 2574 jejunio
2906 2502 3349 2576 Quadragcsimw.

2289 2592 2780 2651 XXXVIII.-XLIV.
2809 2594 2889 2651 De
2910 2592 3343 2666 Quadragssima,
3373 2593 3580 2654 II-VIIL

2289 2685 2444 2742 XLV.
2475 2685 2753 2742 Dominica
2771 2689 2830 2744 in
2846 2684 3006 2744 ramis
3031 2688 3352 2746 Palmarunt.

2289 2777 2469 2833 XLVI.
2484 2778 2563 2834 De
2581 2789 2824 2836 accusata.
2843 2791 2892 2836 et
2905 2783 3141 2854 judicato
3153 2781 3379 2842 Domino
3391 2784 3529 2856 apud
3550 2781 3798 2841 Pilatum.

2287 2871 2488 2927 XLVII.
2521 2872 2602 2928 De
2633 2873 2810 2929 eodem
2828 2875 3052 2945 judicio.

2287 2963 2510 3020 XLVIII.
2542 2965 2622 3021 De
2647 2967 2787 3021 Juda
2814 2969 3096 3040 proditore.

2286 3057 2464 3114 XLIX.
2495 3058 2575 3114 De
2604 3061 2846 3130 passione
2865 3070 2914 3115 et
2934 3077 3083 3117 cruos
3101 3060 3334 3127 Domini,
3360 3060 3398 3117 I.

2288 3151 2347 3206 L.
2382 3152 2460 3207 De
2479 3169 2627 3208 cruce
2648 3153 2879 3220 Domini,
2910 3153 2974 3208 II.

2289 3243 2372 3313 LI,
2404 3245 2512 3301 LII.
2546 3244 2622 3301 De
2644 3255 2826 3302 sancto
2851 3246 3078 3302 Latrone
3097 3245 3138 3312 I,
3162 3247 3226 3302 II.

2290 3339 2417 3393 LIII.
2451 3338 2530 3393 De
2551 3340 2848 3410 paenitentia
2868 3339 3015 3394 Petri
3031 3347 3082 3394 et
3100 3341 3318 3396 ostiaria
3338 3339 3548 3394 ancilla.

2288 3431 2418 3487 LIV.
2454 3432 2530 3486 De
2550 3432 2727 3487 eodem
2747 3431 2908 3487 Petro
2928 3433 3180 3503 apostolo.

2289 3524 2395 3578 LV.
2429 3524 2507 3579 De
2529 3528 2660 3597 festo
2691 3525 2929 3590 Pascha,
2958 3524 2998 3578 I.

2287 3615 2414 3669 LVI.
2436 3615 2511 3669 De
2527 3616 2702 3670 Maria
2715 3615 3029 3689 Magdalena
3044 3626 3091 3670 et
3107 3619 3476 3673 resurrectione
3488 3617 3722 3684 Domini,
3734 3616 3781 3673 II

2241 3727 2244 3730 '
2289 3705 2583 3763 LVII—LIX.
2614 3707 2693 3763 De
2713 3709 2894 3764 eadem
2927 3709 3146 3766 Pascha
3165 3711 3510 3775 solemnitate,
3533 3709 3689 3766 ιιι-γ.

2285 3797 2396 3852 LX.
2438 3799 2516 3854 De
2542 3799 2855 3858 Ascensione
2881 3800 3113 3856 Domini.

2282 3888 2397 3944 LXI
2413 3889 2609 3948 -LXIII.
2668 3891 2746 3947 De
2798 3893 3122 3948 solemnitate
3177 3903 3376 3949 sanctis
3434 3893 3765 3951 Pentecostes

526 3982 730 4037 tionem
771 3979 1060 4035 videamus.
1107 3979 1424 4036 Constitutae
1465 3990 1589 4035 sunt
1635 3981 1702 4035 ab
1749 3981 1958 4037 editore
2004 3990 2116 4038 tres
2214 3981 2350 4037 I-II.

526 4074 726 4130 classes
764 4087 860 4128 seu
903 4072 1272 4137 collectiones,
1301 4072 1633 4126 homiliarum
1659 4073 1881 4138 scilicet,
1910 4090 2111 4129 sermo-

525 4181 649 4219 num
669 4170 726 4220 et
745 4171 1076 4229 tractatuum,
1101 4164 1296 4231 quibus
1318 4162 1525 4231 adjecta
1551 4173 1676 4219 sunt
1701 4163 1856 4220 dubia
1882 4172 1973 4220 aut
1993 4181 2112 4236 qua:

523 4253 759 4311 Maximo
787 4255 944 4325 plane
973 4254 1296 4310 videbantur
1321 4255 1538 4324 indigna
1559 4297 1572 4320 ,
1620 4256 1759 4310 inter
1800 4272 1920 4326 qua:
1948 4259 2109 4313 etiam

523 4347 754 4418 epistolis
791 4345 924 4399 duce.
956 4344 1200 4400 Humili-ae
1226 4361 1389 4415 porro
1432 4352 1488 4398 et
1533 4361 1810 4402 sermones
1851 4347 2110 4404 trifariam

521 4439 704 4495 divisa:
732 4446 939 4494 sunt'et
966 4437 1234 4506 inscripta:
1258 4437 1322 4490 de
1352 4435 1614 4508 Tempore,
1642 4437 1705 4492 de
1734 4437 1942 4493 Sanctis
1967 4448 2022 4495 et
2049 4441 2112 4496 de

519 4531 749 4588 Diversis
792 4549 810 4585 :
859 4531 1052 4600 quibus
1100 4529 1407 4585 nominibus
1465 4529 1776 4600 plerumque
1823 4531 2108 4598 significari

2844 4079 2925 4134 De
2951 4081 3164 4136 sanctis.

2286 4167 2464 4223 LXIV.
2506 4167 2575 4223 In
2619 4169 2784 4224 natali
2823 4169 2886 4226 S.
2927 4171 3184 4244 Stephani
3212 4173 3376 4230 levita:
3413 4186 3463 4228 et
3506 4183 3796 4245 protomar-

2221 4262 2366 4314 turis.
3811 4297 3814 4299 -

2241 4278 2366 4314 iris.

2241 4278 2652 4407 JLXV-LXVII.
2688 4352 2753 4409 In
2774 4355 2857 4410 die
2882 4357 3168 4412 nativitatis
3202 4356 3263 4413 S.
3280 4357 3505 4414 Joannis
3529 4357 3799 4429 Baptistae,

2211 4446 2352 4502 LIII.

2284 4539 2746 4597 LXVIII-LXXIII.
2804 4543 2872 4597 In
2899 4545 3064 4598 natali
3116 4544 3221 4601 SS.
3257 4546 3619 4617 onstolorttnt
3648 4545 3801 4603 Petri

519 4624 694 4678 solent
721 4622 992 4677 orationes
1020 4620 1306 4675 mobilibus
1333 4620 1525 4677 diebus
1552 4619 1730 4686 festis,
1763 4622 1832 4676 de
1860 4621 2106 4678 laudibus
2131 4628 2180 4687 D
2206 4640 2255 4684 ει
2294 4630 2468 4698 Pauli,
2519 4631 2654 4699 LVI,
2705 4648 2927 4703 quarum
2986 4635 3170 4690 ultima
3211 4637 3472 4692 hactenus
3500 4636 3675 4692 fuerat
3706 4638 3795 4692 in.

518 4720 847 4776 sanctorum,
878 4719 1170 4782 martyrum
1200 4720 1254 4767 et
1282 4713 1647 4768 confessorum
1677 4713 1731 4767 in
1758 4714 1986 4769 solemni
2006 4729 2102 4769 eo-

518 4822 638 4859 rum
666 4804 830 4858 natali
871 4803 958 4857 die
1004 4804 1226 4869 habitae;
1275 4810 1331 4858 et
1375 4819 1494 4872 quae
1540 4803 1609 4858 ad
1654 4805 1830 4860 locum
1873 4806 2104 4877 aliquem

519 4911 791 4950 sacrarum
833 4893 1230 4964 Scripturarum
1273 4896 1641 4951 illustrandum
1681 4899 1984 4966 pertinent,
2015 4909 2120 4960 aut,

520 4986 849 5041 solemnibus
874 4985 1193 5056 quibusdam
1215 4987 1588 5043 occasionibus
1611 4988 1824 5044 fuerunt
1843 4993 2098 5048 recitatae.

521 5075 648 5134 Hinc
673 5077 978 5132 distributio
1005 5077 1334 5134 editionibus
1361 5081 1725 5149 superioribus
1757 5091 1838 5138 est
1865 5100 2102 5142 consona

519 5180 575 5226 et
602 5169 825 5224 debetur
862 5167 1190 5224 lectionariis
1235 5171 1490 5240 antiquis,
1540 5187 1608 5227 ex
1649 5174 1841 5242 quibus
1868 5177 2100 5245 primum

519 5259 738 5314 Maximi
787 5275 1063 5317 sermones
1091 5261 1242 5329 seligi
1271 5272 1566 5333 coeperunt.
1598 5263 1800 5331 Quibus
1827 5275 2016 5322 autem.
2035 5269 2103 5324 de

518 5353 694 5410 causis
722 5353 958 5424 priorem
987 5355 1264 5423 amplexus
1289 5355 1375 5420 sit,
1409 5371 1506 5411 nec
1546 5357 1661 5426 ipse
1689 5359 1952 5428 explicat,
2002 5377 2100 5415 nec

517 5445 657 5501 alius
681 5446 964 5514 quisquam
991 5444 1146 5502 facile
1175 5445 1409 5516 deteget.
1451 5446 1584 5507 Nam
1610 5462 1729 5518 qua:
1770 5449 1838 5505 ab
1879 5467 1943 5506 eo
1971 5450 2100 5508 alle-

517 5545 710 5594 runtur
739 5536 808 5593 de
835 5537 1179 5592 homiliarum
1223 5546 1278 5593 et
1325 5554 1629 5608 sermonum
1676 5541 1985 5600 discrimine
2030 5562 2096 5601 ex

576 5675 1150 5763 _(a)_QuemadmOdum
1173 5677 1316 5763 enim
1335 5677 1643 5763 Gennadius
1665 5683 1800 5763 alios
1821 5691 2095 5763 tractatus,

521 5745 927 5830 alias'ubomilias
960 5745 1223 5830 "appellat,
1260 5750 1349 5830 sic
1378 5750 1700 5830 Trithemius
1742 5755 1797 5808 in
1843 5755 2009 5830 libros
2045 5745 2101 5813 et

521 5819 772 5878 homilias
819 5823 867 5879 ui
901 5819 1072 5893 pescit
1116 5827 1172 5877 et
1214 5828 1442 5892 utroque
1489 5827 1706 5882 nomine
1745 5827 1962 5884 eosdem
1990 5829 2101 5885 tere

2210 4722 2377 4777 edita.

2223 4852 2230 4857 ς
2277 4814 2740 4871 LXXIV-LXXVI.
2791 4817 2855 4871 In
2896 4821 3062 4874 natali
3115 4819 3174 4874 S.
3222 4818 3486 4875 Laurentii
3534 4821 3700 4876 levita!
3747 4831 3804 4887 et

2209 4911 2472 4978 martyris,
2502 4909 2636 4963 I-III.

2278 4999 2806 5055 LXXVII-LXXVIII.
2843 5001 2909 5055 In
2941 5003 3103 5057 natali
3129 5001 3188 5058 S.
3213 5002 3426 5059 Eusebii
3457 5005 3800 5064 Vercellensis

2210 5090 2455 5160 episcopi,
2488 5090 2528 5155 I,
2569 5090 2631 5144 II.
3799 5137 3805 5142 .

2234 5230 2238 5238 .
2281 5181 2512 5250 LXXIX,
2545 5181 2754 5236 LXXX.
2789 5183 2853 5237 In
2907 5186 3074 5240 natali
3106 5187 3166 5242 S.
3198 5185 3445 5258 Cypriani
3469 5190 3698 5260 episcopi
3745 5209 3797 5246 ea

2205 5278 2466 5346 martyris.

2277 5367 2514 5433 LXXXI,
2568 5367 2630 5421 II.
2692 5367 2757 5421 In
2810 5371 2974 5424 natali
3018 5370 3122 5426 SS.
3173 5381 3457 5446 martyrum
3502 5373 3797 5431 Taurinen-

2203 5461 2336 5514 siam
2369 5457 2587 5526 Octavii,
2620 5461 2854 5516 Adventii
2882 5472 2930 5518 et
2959 5462 3235 5520 Solutoris.

2275 5549 2525 5604 LXXXII.
2561 5550 2638 5606 De
2663 5555 2854 5607 sanctis
2873 5563 3083 5624 martyr.

2200 5704 2337 5760 quos
2365 5691 2455 5746 ille
2479 5692 2751 5762 designat.

2201 5828 2206 5832 _
2273 5763 2347 5838 (ὁ)
2376 5763 2433 5816 In
2464 5760 2626 5818 Praef.
2653 5765 2679 5835 §
2712 5761 2797 5830 28,
2826 5776 2945 5833 pag.
2977 5760 3058 5818 57.
