4050 6356
397 310 498 368 185

471 513 628 580 CXV,
657 510 834 568 CXVI.
863 507 930 562 In
953 504 1171 560 adventu
1199 502 1430 567 divitum,
1455 497 1500 564 I,
1528 495 1592 563 Il,
1623 501 1746 566 post
1775 497 1976 547 tracta-

399 622 484 667 tus
505 605 773 664 collocati.

964 707 1037 746 III.
1081 700 1410 744 TRACTA'I'US.

470 836 605 892 I-III.
630 834 710 889 De
731 833 1004 903 baptismo,
1025 827 1066 894 I,
1110 825 1176 890 II,
1199 823 1286 878 Ill.

467 929 557 984 IV.
588 927 782 982 Contra
807 937 1061 994 paganos,
1091 926 1250 973 antea
1271 912 1517 970 ineditus.

471 1022 538 1075 V.
581 1018 774 1074 Contra
799 1015 1033 1079 Judteos,
1064 1019 1218 1066 antea
1243 1009 1446 1079 pariter
1483 1003 1733 1060 ineditus.

472 1115 561 1170 Vl.
593 1111 961 1183 Expositione:
991 1107 1054 1161 de
1082 1103 1333 1175 capitulis
1371 1094 1803 1171 Evangeliorum,
1827 1107 1987 1162 quem

403 1221 547 1262 nunc
572 1203 805 1274 primum
835 1199 976 1254 eruit
1003 1197 1234 1261 Brunus,
1264 1192 1511 1249 eumdem
1547 1203 1668 1244 esse
1700 1185 1990 1242 arbitratus

406 1299 499 1370 qui
527 1313 559 1352 a
589 1293 873 1352 Gennadio
901 1296 1250 1346 memoratur.

782 1449 845 1504 In
877 1446 1211 1519 appendicem
1235 1442 1456 1514 conjecti
1483 1447 1620 1494 sunt.

481 1610 772 1666 Sermones
798 1624 808 1658 :
835 1603 957 1671 1,11.
987 1602 1067 1657 De
1099 1601 1319 1656 adventu
1349 1596 1581 1661 Domini,
1601 1603 1757 1649 antea
1787 1591 1992 1647 inediti.

410 1704 498 1762 III.
523 1703 602 1756 De
637 1699 1017 1772 prtcparatione
1047 1696 1115 1749 ad
1143 1693 1358 1747 Domini
1403 1688 1760 1743 Nativitatem.
1796 1685 1882 1739 IV.
1920 1684 1997 1737 De

1477 290 1545 345 In
1580 289 1638 344 s.
1685 280 2013 342 MAXIMUM
2055 234 2542 335 TAURINENSEM

464 422 644 489 CXllI,
667 419 846 476 CXIV.
879 416 959 470 De
981 413 1302 478 Pentecoste,
1332 405 1444 475 vn,
1471 404 1604 480 VIII.
1946 374 1948 377 ’
2011 400 2057 457 Α

3555 256 3662 325 181

2641 409 2668 473 θ
2689 406 2776 458 ιιι.
2802 403 3061 458 Editiones.

2155 503 2397 561 Ilomiliae
2423 510 2479 557 et
2525 515 2802 556 sermones
2830 498 2926 556 SS.
2975 497 3195 551 Patrum
3239 496 3512 552 communi
3555 494 3667 550 fere

2082 602 2182 656 hac
2237 605 2460 653 utuntur
2505 595 2737 659 fortuna,
2791 600 2848 646 ιιι
2901 591 2970 646 de
3016 589 3324 645 auctoribus
3361 604 3548 644 earum
3576 596 3672 643 aut

2082 697 2242 768 plane
2291 692 2453 759 nulla,
2485 698 2580 746 aut
2606 689 2833 746 obscura
2861 686 3052 741 saltem
3102 694 3158 740 et
3187 686 3390 740 incerta
3435 684 3575 738 fama
3601 681 3673 736 ad

2084 804 2185 844 nos
2212 786 2390 842 delata
2417 784 2516 851 sit,
2549 783 2941 849 doctorumque
2969 779 3246 834 hominum
3272 778 3473 847 judicia
3501 777 3674 833 divisa

2089 876 2378 934 identidem
2403 874 2604 930 fuerint
2629 881 2792 941 atque
2841 872 2983 926 inter
3009 886 3069 925 se
3099 869 3478 940 discrepantia.
3509 867 3674 938 Cujus

1996 1047 1999 1052 ί
2087 969 2167 1026 rei
2186 983 2347 1024 causa
2372 965 2605 1020 maxime
2625 964 2739 1018 haec
2753 961 2870 1027 fuit,
2891 961 3033 1032 quod
3057 961 3244 1015 harum
3265 959 3680 1015 meditationum

2089 1079 2200 1118 non
2229 1077 2291 1116 ea
2320 1074 2446 1115 cura
2467 1059 2536 1113 ab
2557 1057 2687 1128 ipsis
2714 1055 3024 1111 auctoribus
3051 1054 3122 1108 sit
3146 1053 3350 1118 habita,
3371 1068 3476 1119 qua
3515 1058 3677 1106 cane-

2093 1156 2167 1212 ris
2194 1154 2306 1210 suis
2333 1152 2483 1207 libris
2514 1155 2940 1221 prospexerant,
2968 1162 3104 1216 quos
3123 1153 3179 1201 et
3204 1161 3326 1200 cum
3355 1144 3542 1199 amicis
3569 1142 3680 1198 suis

2097 1245 2520 1306 communicasse
2559 1250 2616 1298 et
2660 1240 2970 1310 frequenter
3015 1236 3402 1294 describendos
3445 1235 3682 1300 dedisse,

2095 1337 2409 1395 emendasse
2431 1336 2580 1400 item,
2609 1341 2772 1410 atque
2801 1331 2984 1396 etiam,
3017 1331 3061 1385 si
3091 1329 3282 1399 aliquis
3309 1343 3564 1384 numerus
3591 1343 3685 1383 es-

2095 1437 2197 1496 set,
2230 1429 2284 1483 in
2314 1441 2474 1482 unum
2504 1423 2784 1493 collegisse
2831 1422 3097 1478 novimus.
3128 1420 3198 1474 At
3224 1434 3519 1484 sermones,
3548 1433 3686 1487 quos

2098 1541 2168 1580 ex
2207 1532 2450 1593 tempore
2476 1521 2589 1575 fere
2617 1517 2866 1574 meditari
2914 1517 3190 1579 solebant,
3221 1513 3435 1570 nonnisi
3479 1513 3547 1568 ab
3585 1527 3683 1566 au-

2101 1614 2374 1670 dientibus
2414 1611 2823 1681 excipiebantur
2863 1616 2919 1663 et
2947 1609 3036 1663 vix
3084 1622 3318 1676 unquam
3358 1605 3458 1660 sub
3504 1605 3690 1662 oculos

2102 1715 2381 1762 auctorum
2410 1718 2629 1759 suorum
2652 1700 2917 1757 redibant.
2935 1698 3015 1752 Ex
3044 1696 3305 1767 ejusmodi
3333 1704 3514 1752 autem
3542 1711 3689 1750 com~

414 1794 602 1850 Natali
642 1791 871 1850 Domini,
921 1795 1079 1842 antea
1119 1783 1371 1839 ineditus.
1405 1781 1468 1834 V.
1513 1780 1682 1850 Super
1713 1777 1806 1831 illa
1852 1775 2002 1830 verba
2031 1770 2080 1830 B
2107 1797 2406 1861 manuriis’
2438 1795 2491 1849 in
2519 1808 2656 1863 quos
2677 1791 2816 1846 forte
2841 1806 2948 1845 non
2977 1789 3134 1843 unius
3163 1787 3403 1844 docwris
3433 1793 3690 1841 "acutus

411 1886 606 1942 Matth.
641 1901 686 1938 c.
734 1900 770 1938 ιι
803 1901 814 1935 ;
848 1881 1110 1935 Defuncto
1153 1875 1367 1931 Herode
1408 1873 1656 1944 apparuit
1701 1871 1755 1926 in
1799 1872 2001 1925 somnis

415 1979 620 2050 Joseph
648 1978 704 2032 in
735 1973 992 2045 Aﬂgypto,
1017 1979 1144 2033 etc.,
1169 1976 1326 2022 antea
1348 1965 1599 2020 ineditus.
1625 1962 1713 2017 VI.
1748 1961 1814 2016 In
1831 1962 2003 2032 vigilia

415 2073 653 2129 Bacchae.
676 2068 787 2124 VII.
822 2066 899 2120 De
919 2067 1002 2119 die
1023 2065 1296 2118 dominica:
1322 2059 1672 2122 Ascensionis,
1704 2065 1861 2110 antea
1892 2056 2005 2108 ine-

413 2165 578 2221 ditus.
603 2160 735 2216 VIII.
766 2159 845 2214 De
869 2159 1190 2212 Pentecoste.
1214 2151 1400 2219 IX,'X.
1436 2150 1513 2205 De
1551 2149 1609 2204 S.
1634 2149 1838 2204 Joanne
1869 2147 2026 2216 Bap-'

419 2260 561 2321 tista,
580 2269 806 2325 quorum
827 2252 847 2306 I
868 2258 1025 2305 antea
1048 2247 1278 2302 ineditus
1297 2245 1416 2299 fuit.
1441 2241 1533 2309 XI,
1557 2239 1668 2294 XII.
1694 2239 1774 2293 De
1792 2240 2005 2292 Assum-

416 2319 782 2419 ptione-beata:
803 2342 992 2396 Marias
1034 2339 1284 2410 Virginis,
1314 2331 1358 2400 I,
1391 2334 1453 2400 II,
1481 2348 1708 2403 quorum
1741 2330 2008 2400 posterior
2040 2319 2045 2329 ’

420 2440 680 2496 ineditus.
713 2435 830 2490 XIII
861 2443 914 2489 et
942 2432 1082 2489 XIV.
1117 2429 1183 2484 In
1217 2429 1384 2483 natali
1415 2425 1521 2482 SS.
1567 2433 1854 2494 martyrum
1892 2421 2008 2476 Na-

419 2533 551 2586 zarii
601 2537 650 2583 et
698 2527 852 2590 Celsi,
901 2523 1032 2588 1,11.
1078 2521 1195 2575 XV.
1227 2519 1306 2573 De
1353 2518 1416 2574 S.
1456 2517 1727 2570 Vincentio
1756 2520 2005 2584 martyre.

417 2619 561 2676 XVI.
595 2620 660 2672 In
703 2617 870 2672 natali
919 2617 978 2671 S.
1019 2612 1306 2675 Laurentii,
1354 2617 1512 2663 antea
1552 2607 1801 2661 ineditus.
1849 2604 2008 2658 XVII.

421 2713 503 2767 De
532 2712 830 2766 Salomone.
868 2704 1053 2768 XVIII,
1086 2701 1230 2756 XIX.
1266 2700 1333 2754 In
1374 2699 1696 2754 dedicatione
1739 2695 2008 2760 Ecclesiw,

423 2803 559 2871 1,11.
592 2801 710 2866 XX,
760 2799 898 2854 XXI.
949 2797 1026 2851 De
1074 2795 1135 2850 S.
1167 2793 1392 2847 Eusebio
1414 2793 1652 2860 episcopo
1693 2798 1738 2842 et
1788 2798 2015 2858 martyre

429 2895 769 2958 Vercellensi,
811 2892 852 2958 I,
884 2891 947 2945 11.
980 2887 1142 2952 XXII,
1177 2884 1362 2940 XXIII.
1394 2882 1474 2937 De
1500 2882 1560 2937 S.
1590 2879 1815 2935 Eusebio
1857 2889 1907 2933 et
1953 2879 2016 2933 de

427 2987 764 3049 Machabazis,
788 2983 874 3040 IlI.
899 2981 987 3044 IV,
1012 2977 1198 3033 XXIV.
1225 2975 1305 3030 De
1341 2975 1682 3038 nataliunius
1703 2972 2016 3043 confessoris

428 3081 707 3154 pontiﬁcis.
743 3074 907 3139 XXV.
943 3073 1011 3126 In
1040 3051 1367 3125 dedicatione
1409 3065 1679 3129 Ecclesiw,
1711 3072 1867 3118 antea
1896 3061 2014 3116 ine-

429 3149 589 3228 ditus.
616 3169 801 3224 XXVI.
833 3168 907 3222 De
920 3165 1162 3245 primitiis
1183 3172 1231 3218 et
1252 3151 1479 3216 decimi}.
1500 3157 1711 3213 XXVII.
1730 3158 1809 3212 De
1828 3159 2018 3212 honore
2044 3149 2087 3210 C

429 3275 480 3321 et
501 3265 564 3319 de
593 3263 865 3317 dilectione
890 3277 1012 3331 erga
1040 3265 1277 3330 parentes
1299 3263 1348 3308 et
1375 3253 1439 3306 de
1457 3252 1689 3315 decimis,
1715 3258 1871 3303 antea
1899 3250 2014 3303 ine-

430 3358 592 3414 ditus.
619 3353 853 3409 XXVIII.
883 3351 964 3406 De
995 3359 1175 3406 sancta
1195 3347 1388 3402 Christi
1410 3345 1802 3400 resurrectione.
1824 3340 2016 3396 XXIX.

431 3451 512 3507 De
566 3450 840 3522 festivitate
887 3445 946 3501 S.
983 3444 1236 3514 Stephani
1273 3440 1688 3512 protomartyris.
1737 3435 1902 3490 XXX.
1952 3435 2019 3489 In

434 3545 565 3615 festo
588 3524 930 3596 dedicationis
959 3535 1226 3589 Ecclesiw.
1271 3530 1461 3585 XXXI.
1490 3530 1556 3584 In
1596 3538 1776 3584 octava
1802 3528 1862 3583 S.
1898 3526 2019 3582 Ste-

435 3636 616 3707 phani,
634 3649 820 3689 omnes
847 3627 1111 3699 nusquam
1136 3635 1293 3682 antea
1318 3624 1536 3693 vulgati.

507 3725 781 3780 IIomilim:
808 3725 849 3778 1.
879 3723 1147 3777 Dominica
1167 3720 1202 3773 5
1221 3719 1499 3779 Adventus,
1514 3734 1666 3788 super
1688 3715 2020 3786 Evangelium

439 3816 716 3872 secundum
746 3813 1050 3868 Matthazum
1079 3829 1133 3866 II.
1165 3811 1229 3863 ll.
1263 3810 1431 3880 Super
1467 3808 1671 3878 Evang.
1710 3807 1770 3862 S.
1800 3806 2021 3860 Joannis

439 3923 496 3964 II.
529 3905 615 3962 III.
664 3905 835 3976 Super
886 3903 1090 3973 Evang.
1143 3900 1422 3954 secundum
1470 3898 1660 3951 Matth.
1705 3913 1761 3961 ιι,
1813 3897 2024 3976 inedita:

441 4010 618 4056 antea.
1957 3971 1965 3978 '

511 4093 766 4166 Epistulae
797 4110 809 4144 :
841 4089 881 4144 1.
907 4089 989 4142 Ad
1028 4089 1249 4142 amicum
1296 4094 1562 4157 wgrotum.
1596 4082 1657 4137 II.
1698 4081 1778 4135 Ad
1806 4082 2025 4134 amicum

442 4197 690 4263 aegrotum
711 4187 773 4239 de
791 4186 898 4239 viro
927 4184 1168 4254 perfecto.

513 4278 706 4333 Multas
727 4274 941 4329 Maximi
970 4273 1219 4327 homilias
1233 4277 1394 4338 atque
1413 4283 1685 4325 sermones
1698 4266 2028 4322 intercidisse

445 4387 512 4427 ex
540 4368 824 4425 luculentis
853 4364 1065 4420 indiciis
1101 4361 1319 4431 conjicit
1352 4360 1529 4415 editor
1557 4359 1845 4413 Romanus.

514 4462 1003 4524 Benedictinorum,
1021 4458 1111 4527 qui
1128 4454 1393 4510 Ambrosii
1416 4453 1666 4524 operibus
1693 4451 2023 4516 insudarunt,

443 4569 562 4617 erat
607 4559 937 4628 conjectura,
990 4553 1154 4607 libros
1197 4549 1264 4605 de
1311 4547 1699 4611 Sacramentis,
1738 4546 1828 4616 qui
1868 4545 2028 4613 vulgo
2053 4526 2106 4585 ἶ)

445 4650 713 4707 Ambrosii
766 4664 962 4706 nomen
1017 4645 1215 4710 ferunt,
1266 4643 1446 4699 forsan
1495 4657 1602 4696 non
1650 4640 1813 4694 alium
1867 4654 2028 4707 quam

445 4743 734 4797 Maximum
763 4753 1037 4797 auctorem
1081 4738 1347 4793 habuisse.
1379 4736 1478 4790 Cui
1526 4735 1702 4790 locum
1743 4731 2031 4803 prmhuisse

447 4835 656 4889 videtur
686 4833 761 4898 id,
788 4832 932 4903 quod
969 4831 1305 4885 Mabillonius
1340 4829 1503 4899 paulo
1539 4836 1664 4882 ante
1705 4827 2029 4881 observave-

447 4935 552 4990 rat,
583 4940 776 4994 nempe
805 4925 938 4979 istos
956 4923 1120 4977 libros
1150 4921 1602 4985 deSacramentis,
1629 4919 1720 4988 qui
1748 4916 2030 4972 Ambrosio

437 5019 503 5073 in
533 5014 690 5071 editis
718 5015 1054 5077 tribuuntur,
1100 5011 1299 5081 absque
1335 5010 1570 5064 auctoris
1615 5009 1830 5062 nomine
1869 5008 2032 5063 inseri

448 5105 785 5163 sermonibus
813 5103 869 5158 S.
903 5101 1119 5156 Maximi
1169 5102 1219 5154 in
1264 5100 1449 5155 codice
1478 5098 1842 5167 Sangallensi,
1873 5109 2033 5167 atque

451 5199 506 5253 in
535 5210 809 5252 sermones
847 5201 1052 5264 septem
1101 5191 1344 5247 distribui
1375 5191 1473 5245 sub
1502 5191 1607 5245 hoc
1632 5189 1808 5252 titulo,
1842 5187 2035 5258 Incipit

449 5291 621 5361 prima
650 5287 732 5340 die
760 5291 813 5340 in
838 5285 1071 5350 Pascha;
1098 5285 1171 5340 ita
1202 5292 1262 5340 ut
1292 5283 1484 5351 singuli
1512 5300 1606 5339 sex
1648 5284 1767 5339 libri
1796 5283 2035 5352 singulos

451 5396 732 5438 sermones
772 5379 1102 5435 constituant
1129 5394 1227 5448 pro
1258 5377 1478 5433 totidem
1526 5375 1877 5431 hcbdomada:
1920 5375 2034 5429 die-

449 5473 584 5540 bus;
616 5481 672 5527 et
699 5471 914 5542 quidem
939 5469 1198 5540 septimus
1220 5470 1287 5524 ab
1317 5478 1555 5525 extrema
1583 5478 1737 5540 parte
1757 5468 1877 5523 libri
1897 5467 2037 5522 sexti

453 5568 674 5638 incipiat
699 5567 767 5622 ab
795 5567 878 5622 his
901 5566 1079 5640 verbis
1106 5584 1118 5618 :
1158 5565 1316 5620 Aliud
1355 5564 1685 5619 Psalmorum
1725 5563 1896 5617 David
1920 5562 2039 5616 licet

454 5676 592 5714 nunc
613 5659 812 5715 libellus
842 5661 927 5727 sit,
960 5667 1061 5716 etc.
1089 5659 1195 5716 Sed
1224 5659 1546 5715 novissimus
1564 5658 1737 5715 editor
1759 5657 1824 5712 ad
1847 5673 1907 5713 ca
1931 5657 2038 5717 ani-

456 5767 606 5812 mum
630 5770 735 5808 non
765 5753 994 5810 advertit

2105 1887 2455 1956 colligebant,
2487 1882 2907 1940 conﬁciebantur
2943 1878 3136 1935 deinde
3171 1878 3437 1934 breviaria
3473 1893 3566 1933 seu
3615 1877 3690 1932 le.

2106 1979 2365 2036 ctionaria
2415 1977 2744 2033 diversarum
2801 1971 3146 2028 ecclesiarum
3166 2011 3182 2037 ,
3234 1969 3447 2026 delectu
3471 2009 3485 2034 ,
3536 1975 3691 2040 prout

2106 2070 2340 2125 maxime
2362 2067 2666 2126 conducere
2697 2064 3006 2120 viderentur
3024 2103 3039 2128 ,
3071 2065 3155 2117 vel
3183 2061 3480 2118 secundum
3509 2061 3690 2129 singu-

2069 2217 2079 2225 ,
2108 2162 2186 2217 las
2211 2160 2531 2225 dominicas,
2561 2158 2646 2213 vel
2675 2157 2793 2212 dies
2830 2156 2996 2212 festos
3023 2155 3248 2210 mobiles
3285 2162 3689 2219 sanetorumve,

2108 2252 2310 2307 habito.
2344 2249 2584 2317 Quorum
2631 2256 2690 2302 ut
2717 2247 2822 2302 alia
2851 2247 2968 2301 aliis
2999 2255 3152 2301 erant
3179 2245 3530 2314 locupletiora
3549 2284 3563 2312 ,
3595 2243 3690 2309 sic,

2109 2355 2169 2400 ut
2195 2345 2407 2401 occasio
2447 2343 2670 2408 ferebat,
2715 2348 2807 2396 aut
2849 2355 3036 2395 eorum
3079 2340 3172 2408 qui
3212 2339 3530 2407 colligerent
3566 2352 3692 2392 cura

2111 2439 2425 2495 socordiave
2477 2436 2714 2501 nomina.
2739 2442 3017 2490 auctorum
3065 2430 3232 2486 modo
3269 2429 3694 2492 ascribebantur,

2113 2530 2275 2586 modo
2305 2529 2500 2584 amissa
2545 2527 2792 2592 fuerunt;
2825 2525 2950 2580 alibi
2981 2539 3175 2578 nomen
3204 2522 3454 2593 potioris,
3499 2521 3552 2576 id
3593 2527 3694 2585 est,

2114 2620 2266 2690 cujus
2293 2619 2376 2674 vel
2405 2618 2647 2689 plurimm
2679 2616 2912 2673 homilim
2941 2616 3196 2680 inessent,
3229 2621 3322 2668 aut
3349 2613 3586 2668 maxime
3613 2613 3696 2667 in-

2114 2711 2310 2780 signes,
2342 2709 2600 2764 volumini
2643 2707 3070 2778 praefigebantur.
3103 2704 3378 2760 Interdum
3408 2712 3589 2760 tamen
3611 2719 3698 2759 ac-

2115 2803 2245 2858 cidit
2280 2811 2338 2857 ut
2365 2804 2584 2871 integrm
2612 2803 2774 2858 etiam
2812 2801 3033 2870 insignis
3077 2797 3302 2868 alicujus
3328 2799 3561 2854 oratoris
3587 2813 3698 2853 ser-

2117 2913 2335 2952 monmn
2357 2896 2706 2952 collectiones
2717 2895 2802 2949 vel
2825 2894 2878 2948 in
2901 2892 3251 2948 ecclesiarum
3266 2891 3352 2946 vel
3369 2891 3701 2961 privatorum

2119 3014 2272 3054 usum
2303 2997 2683 3053 conderentur.
2713 2992 2824 3048 Sed
2872 2991 3067 3062 partim
3098 2987 3306 3055 fraude,
3327 2987 3532 3059 partim
3572 2986 3701 3042 levi-

2120 3100 2232 3147 tate
2259 3089 2676 3146 describentium
2730 3087 2784 3140 in
2831 3085 2913 3138 his
2957 3082 3219 3152 imprimis
3274 3081 3544 3136 turbatum
3581 3078 3698 3133 fuit.

2122 3185 2236 3240 Prae
2257 3184 2464 3240 caeteris
2478 3181 2712 3238 confusm
2731 3187 2857 3235 sunt
2877 3187 2933 3234 et
2961 3177 3012 3232 in
3040 3193 3202 3232 unum
3220 3176 3413 3245 saepius
3440 3182 3706 3243 congesta:

2123 3274 2352 3330 humilia:
2379 3272 2680 3340 Augustini,
2704 3269 2990 3333 Ambrosii,
3016 3267 3230 3322 Maximi
3261 3273 3317 3320 et
3337 3266 3569 3328 Caesarii,
3598 3281 3707 3321 non

2121 3369 2294 3425 solum
2336 3365 2483 3435 quod
2519 3363 2966 3420 numerosissimm
2991 3367 3178 3425 erant,
3203 3359 3298 3414 sed
3329 3360 3488 3413 etiam
3521 3375 3619 3428 per
3636 3358 3710 3412 si-

2122 3457 2478 3512 militudinem
2499 3455 2787 3524 quamdam
2807 3469 2926 3523 qum
2949 3453 3001 3506 in
3016 3442 3232 3506 dicendi
3251 3451 3462 3504 ratione
3489 3449 3711 3503 alterius

2123 3566 2247 3605 cum
2291 3549 2487 3613 altero,
2535 3547 2683 3601 velut
2720 3542 2935 3598 Cmsarii
2983 3559 3104 3598 cum
3132 3541 3462 3611 Augustino,
3492 3540 3709 3595 Maximi

2124 3657 2242 3697 cum
2260 3639 2546 3696 Ambrosio
2571 3638 2735 3693 etiam
2753 3653 2894 3692 nunc
2914 3637 3255 3699 observatur,
3281 3648 3381 3686 nec
3403 3647 3564 3687 merae
3585 3631 3700 3701 opi-

2125 3735 2324 3791 nionis
2347 3749 2435 3789 res
2464 3740 2566 3799 est,
2593 3730 2690 3786 sed
2719 3737 2778 3784 ut
2806 3728 3074 3783 Ambrosii
3112 3726 3350 3782 editores
3373 3723 3708 3779 Benedictini

2125 3826 2194 3881 de
2241 3825 2475 3880 Maximo
2522 3821 2896 3885 ostenderunt,
2926 3836 2995 3874 ex
3024 3818 3321 3874 imitatione
3369 3823 3423 3870 et
3478 3814 3708 3885 quadam

2128 3918 2288 3972 veluti
2333 3917 2671 3971 aemulatione
2700 3921 2784 3968 est
2830 3913 3090 3982 profecta.
3144 3909 3429 3965 Praesentis
3472 3909 3633 3977 igitur
3657 3915 3712 3963 et:

2128 4010 2423 4080 superioris
2471 4009 2652 4063 saeculi
2681 4006 2930 4062 exeuntis
2957 4005 3296 4075 potissimum
3335 4003 3582 4058 meritum
3611 4003 3713 4057 hoc

2128 4102 2244 4166 fuit,
2276 4109 2334 4153 ut
2365 4100 2466 4154 ista
2497 4100 2564 4154 ab
2585 4099 2811 4154 invicem
2851 4096 3285 4152 discernerentur
3309 4102 3364 4150 et
3408 4095 3706 4164 cuicunque

2128 4191 2331 4248 homini
2347 4191 2459 4245 veri
2481 4205 2544 4244 ac
2569 4189 2787 4259 genuini
2813 4188 2951 4243 fetus
2971 4203 3048 4242 sm
3075 4193 3461 4249 assererentur,
3485 4185 3628 4255 quod
3656 4185 3708 4240 in

2130 4282 2361 4339 Cmsario
2382 4281 2628 4352 praestitit
2674 4279 2859 4350 Steph.
2891 4279 3166 4344 Baluzius,
3199 4278 3252 4331 in
3282 4276 3579 4344 Augustino
3609 4276 3710 4331 Bev

2130 4373 2383 4430 nedictini
2402 4414 2416 4439 ,
2449 4372 2714 4441 iidemque
2745 4372 2811 4444 in
2840 4371 3122 4426 Ambrosio
3145 4411 3160 4435 ,
3192 4385 3355 4439 porro
3402 4370 3456 4423 in
3502 4370 3714 4424 Zenone

2131 4473 2186 4520 et
2225 4463 2405 4519 Leone
2445 4462 2515 4515 M.
2541 4460 2812 4516 Ballerinii
2836 4461 3046 4525 fratres,
3087 4460 3139 4513 in
3183 4458 3419 4514 Maximo
3462 4457 3711 4528 denique,

2131 4565 2255 4628 post
2276 4572 2384 4612 non
2406 4553 3047 4622 contemnenda’aliorum
3069 4551 3370 4615 conamina,
3396 4565 3515 4619 quae
3537 4551 3716 4620 paucis

2135 4668 2276 4707 nunc
2316 4650 2578 4718 attingere
2621 4648 2816 4719 placet,
2858 4646 3039 4700 Bruno
3087 4643 3314 4699 Brunus.
3355 4643 3558 4714 Nempe
3583 4643 3718 4715 typis

2133 4745 2363 4815 primum
2388 4743 2623 4801 exscribi
2644 4750 2834 4813 empta:
2857 4747 2981 4795 sunt
3013 4736 3230 4793 Maximi
3259 4736 3491 4791 homilia:
3531 4735 3582 4789 in
3611 4733 3719 4789 Ho-

2133 4837 2363 4892 miliario
2387 4836 2690 4899 doctorum,
2720 4833 2867 4903 quod
2909 4832 3038 4887 olim
3077 4831 3229 4901 jussu
3256 4828 3435 4884 Caroli
3459 4827 3528 4880 M.
3562 4825 3722 4881 ador-

2136 4944 2290 4984 nasse
2312 4927 2548 4983 creditur
2569 4927 2768 4981 Paulus
2788 4924 3066 4985 diaconus,
3092 4922 3251 4989 vulgo
3273 4918 3545 4981 Alcuinus,
3572 4918 3723 4986 cujus

2138 5020 2507 5088 antiquissima
2523 5018 2687 5073 editio
2708 5017 2908 5088 prodiit
2919 5015 3087 5086 Spira:
3104 5012 3241 5066 1482
3255 5028 3351 5083 per
3365 5010 3509 5066 Petr.
3527 5010 3720 5074 Drach,

2139 5111 2450 5175 novissima,
2474 5108 2518 5162 si
2539 5108 2677 5162 bene
2699 5106 2940 5170 memini,
2967 5105 3204 5160 Colonia:
3233 5101 3372 5172 apud
3395 5100 3562 5155 Euch.
3595 5100 3725 5154 Cer—

2139 5203 2436 5258 vicornium
2459 5216 2548 5255 an.
2574 5197 2728 5254 1550.
2757 5197 2825 5251 At
2853 5197 2906 5250 in
2929 5195 3118 5251 eadem
3142 5194 3272 5249 urbe
3313 5210 3401 5247 an.
3437 5191 3574 5246 1555
3604 5207 3726 5260 sep-

2141 5295 2380 5362 tuaginta
2409 5299 2660 5372 _quatuor
2701 5289 2950 5345 homilias
2992 5288 3106 5357 ejus
3150 5303 3181 5340 a
3229 5285 3485 5340 Damiano
3526 5289 3727 5338 Ascen-

2139 5385 2314 5439 diensi
2339 5385 2398 5438 D.
2435 5382 2711 5439 Benedicti
2751 5380 2987 5436 Coloniae
3028 5379 3169 5450 apud
3211 5377 3267 5432 S.
3301 5376 3724 5431 Pantbaleonem
3824 5440 3830 5446 _

2139 5476 2330 5530 abbate
2359 5483 2608 5544 acceptas
2630 5473 2920 5544 separatim
2943 5470 3138 5527 excudi
3165 5467 3292 5524 fecit
3312 5467 3546 5522 Joannes
3570 5464 3730 5536 Gym-

2144 5569 2310 5632 nicus,
2357 5566 2548 5637 sacpius
2584 5566 2840 5635 deinceps
2884 5563 3044 5617 variis
3084 5563 3138 5615 in
3187 5560 3415 5616 officinis
3438 5557 3728 5613 etdiverso

2142 5659 2326 5714 habitu
2375 5658 2612 5713 ileratas.
2637 5657 2771 5712 Nam
2794 5672 2882 5710 an.
2909 5653 3048 5707 1554
3095 5653 3279 5707 Itonia:
3321 5649 3464 5721 apud
3505 5648 3728 5703 Paulum

2147 5750 2438 5808 Mamilium
2484 5751 2536 5804 in
2587 5750 2752 5804 choro
2794 5746 3116 5816 scriptorum
3165 5741 3657 5798 ecclesiasticarum
3694 5754 3727 5792 a
3752 5774 3770 5792 .
