4050 6356
319 382 427 438 185

311 583 692 648 obtinuerunt;
717 598 859 638 anno
884 582 1022 638 1579
1048 583 1285 639 Colonia:
1308 583 1608 654 Agrippinae
1650 582 1890 652 repetite

310 682 458 740 sunt,
484 672 708 743 adjectis
750 673 894 729 Petri
923 673 1238 746 Chrysologi
1261 675 1626 741 sermonibus;
1658 674 1725 729 ab
1748 689 1889 730 anno

308 782 442 822 vero
467 765 606 820 1615
625 781 747 822 cum
770 765 953 823 Leone
975 767 1045 821 M.
1065 775 1119 823 et
1141 767 1260 824 aliis
1279 767 1647 838 scriptoribus,
1661 783 1887 838 quorum

307 858 560 914 collectio
581 875 678 929 per
701 857 942 930 Theoph.
976 857 1327 930 Raynaudnm
1359 875 1447 914 an.
1485 859 1620 914 1655
1646 859 1889 928 aliosque

305 951 566 1021 deinceps
588 949 685 1006 fuit
713 951 966 1019 adaucta,
1001 949 1218 1008 Parisiis
1260 959 1316 1006 et
1353 951 1591 1021 Lugduni
1635 950 1887 1021 frequen-

307 1044 532 1108 tissime,
565 1044 849 1114 aliquoties
875 1045 1040 1100 etiam
1068 1046 1122 1100 in
1157 1043 1260 1098 PP.
1287 1045 1631 1100 Bibliothecis
1659 1045 1887 1116 impres-

303 1155 379 1192 sa:
403 1146 544 1193 sunt.
572 1137 782 1193 Interea
806 1153 893 1194 an.
927 1137 1063 1192 1684
1085 1138 1333 1194 monachi
1354 1137 1684 1194 Benedictini
1707 1156 1738 1192 e
1759 1154 1888 1193 con-

305 1246 456 1300 greg.
481 1230 666 1286 Sancti
694 1229 863 1286 Mauri
886 1229 1104 1286 Parisiis
1132 1231 1184 1285 in
1215 1238 1363 1285 tomo
1391 1230 1436 1284 V
1460 1245 1586 1300 opp.
1612 1229 1668 1284 S.
1703 1229 1873 1297 Augu-

303 1322 433 1378 stini
463 1322 722 1392 plurimos
763 1337 1037 1378 sermones
1073 1323 1232 1392 vulgo
1283 1322 1580 1392 Augustino
1627 1323 1886 1392 ascriptus

301 1414 542 1470 Maximo
583 1416 959 1482 restituerunt,
1008 1414 1358 1486 ejusdemque
1408 1430 1660 1484 congreg.
1710 1416 1886 1471 socius

299 1506 683 1562 celeberrimus
710 1506 865 1562 Joan.
896 1507 1234 1564 Mabillonius
1255 1523 1323 1563 ex
1344 1508 1616 1563 codicibus
1634 1524 1761 1562 mss.
1789 1524 1885 1578 op-

303 1598 448 1651 tima:
494 1606 634 1652 noue
682 1598 735 1652 in
779 1597 929 1652 Italia
975 1606 1031 1653 et
1054 1598 1294 1654 Helvetia
1321 1600 1566 1669 repertis,
1597 1599 1882 1654 duodecim

299 1687 521 1744 Maximi
550 1704 849 1757 sermones,
880 1706 1068 1745 omnes
1091 1690 1204 1746 fere
1242 1691 1477 1747 ineditos
1523 1700 1699 1757 antea,
1734 1693 1883 1747 evul-

298 1782 446 1851 gavit
467 1781 521 1836 in
552 1781 731 1837 Musca
763 1782 968 1848 Italico,
996 1784 1154 1852 1687,
1189 1784 1342 1854 cujus
1377 1785 1774 1841 contubernalis
1799 1786 1881 1840 sui

1405 373 1677 431 NOTITIA
1717 372 2542 432 HISTOHICO-LITTERARIA.

315 492 482 547 Petro
497 488 767 545 Galesinio
789 490 1056 546 editorum
1079 503 1381 561 proximum
1397 504 1426 542 a
1443 488 1693 543 Salviano
1716 489 1892 542 locum
1918 481 1970 546 Α

3469 379 3572 438 186

2705 491 2866 548 1496.

2065 579 2300 646 Basilem,
2333 597 2430 652 per
2456 581 2569 637 Nic.
2610 581 2840 649 Kessler,
2872 583 3046 638 in-fol.
3086 584 3142 640 S.
3177 584 3393 640 Maximi
3421 585 3565 640 Tau-

1993 673 2220 728 rinensis
2267 665 2470 743 aliquot
2516 674 2778 741 homiliae;
2833 675 2885 730 in
2943 674 3254 733 Ilomiliario
3302 677 3564 733 doctorum

1991 765 2167 822 Caroli
2196 765 2266 820 M.
2283 759 2538 838 repetita:
2566 766 2837 822 editionis.

2616 858 2744 912 Sine
2776 877 2930 914 anno.

2060 947 2318 1014 Coloniae,
2352 965 2448 1020 per
2484 947 2647 1004 Conr.
2684 949 2754 1004 de
2780 949 3105 1015 llomborcb,
3140 951 3312 1007 in-l'ol.
3346 953 3562 1010 Maximi

1989 1041 2227 1110 episcopi
2256 1041 2486 1096 homilitn
2512 1043 2736 1112 aliquot,
2774 1043 2826 1098 in
2848 1043 3040 1099 eodem
3068 1045 3413 1113 Homiliario;
3443 1063 3562 1118 qua:

1988 1135 2152 1190 editio
2183 1135 2320 1190 inter
2343 1135 2729 1204 Augustiniana
2759 1145 2842 1191 est
2867 1145 3073 1192 notata.

2597 1243 2810 1284 ςΑῑευιο
2837 1245 2944 1285 XVI.

2694 1319 2850 1374 1516.

2059 1409 2300 1480 Lugduni
2325 1453 2339 1475 ,
2380 1427 2476 1482 per
2517 1412 2652 1474 Joh.
2687 1410 2859 1468 Clein.
2911 1415 3259 1470 Alemannum
3285 1455 3300 1478 ,
3355 1417 3559 1472 in-I'ol.

1985 1501 2136 1556 Beati
2167 1502 2380 1558 Maximi
2410 1504 2648 1576 episcopi
2685 1520 2992 1574 sermones;
3024 1506 3078 1562 in
3115 1506 3427 1564 Homiliario
3467 1517 3548 1566 do-

1985 1603 2204 1648 ctorum.

2697 1687 2852 1742 1530.

2057 1777 2279 1845 Ibidem,
2303 1794 2399 1848 per
2423 1779 2671 1834 eumdem
2691 1820 2706 1845 ,
2738 1779 2912 1835 in—fol.
2944 1779 3003 1834 Β.
3033 1780 3246 1836 Maximi
3289 1797 3553 1839 sermones

296 1873 536 1942 vestigiis
580 1875 908 1941 insistentes,
960 1875 1297 1945 aliorumque
1337 1892 1464 1931 mss.
1514 1875 1659 1931 haud
1700 1893 1880 1932 rarum
1912 1863 1959 1924 Β
1987 1867 2038 1923 in
2079 1867 2270 1923 eadem
2312 1870 2631 1925 collectione
2678 1869 3035 1928 Homeliarum
3073 1871 3250 1926 denuo
3280 1873 3558 1945 impressa.

298 1978 456 2018 omen
483 1966 652 2020 secuti
675 1965 942 2021 Ambrosii
964 1966 1204 2022 editores
1223 1982 1312 2022 an.
1343 1966 1481 2022 1690
1507 1969 1696 2037 insigni
1721 1968 1882 2023 Maxi-

295 2071 443 2110 mum
472 2056 812 2112 homiliarnm
835 2059 1011 2128 copia,
1044 2059 1326 2114 Ambrosio
1369 2059 1502 2128 iure,
1554 2069 1612 2114 ut
1639 2060 1740 2116 sibi
1781 2061 1881 2116 visi

295 2159 442 2215 sunt,
470 2151 738 2222 adempta,
767 2152 1181 2221 locupletarunt.
1226 2152 1428 2207 Horum
1457 2155 1737 2209 conatibus
1759 2172 1880 2211 suc-

291 2243 458 2298 cessit
482 2242 614 2297 Lud.
646 2243 771 2298 Ant.
804 2243 1156 2311 Muratorius,
1196 2261 1426 2300 excusso
1459 2246 1640 2301 denuo
1670 2249 1878 2314 codice,

288 2348 458 2405 quem
503 2333 844 2390 Mabillonius
891 2337 1096 2404 primus
1123 2344 1470 2400 tractaverat,
1505 2337 1881 2404 Ambrosiano,

289 2425 666 2495 et-propositis
688 2441 754 2480 ex
778 2442 844 2482 eo
866 2426 1008 2481 haud
1046 2427 1232 2497 paucis
1256 2427 1466 2482 ineditis
1507 2428 1558 2482 in
1593 2429 1884 2484 Anecdoto-

288 2533 408 2570 rum
459 2527 609 2572 tomo
657 2516 725 2571 IV
754 2533 841 2572 an.
893 2517 1052 2586 1715,
1097 2519 1238 2574 sicut
1277 2534 1344 2573 ex
1390 2519 1554 2589 ipsius
1592 2520 1884 2575 Mabillonii

287 2606 507 2663 schedis
535 2609 760 2678 paucula
789 2608 967 2665 adhuc
1008 2610 1308 2665 elicuerunt
1348 2611 1480 2666 socii
1519 2611 1683 2681 ipsius
1706 2628 1880 2682 quon--

287 2698 418 2753 dam
447 2698 763 2756 Edmundus
785 2701 1026 2757 Martene
1049 2711 1104 2757 et
1141 2701 1400 2758 Martinus
1421 2704 1662 2771 Durand,
1689 2706 1743 2759 in
1767 2707 1881 2760 col-

287 2790 526 2847 lectione
555 2793 881 2863 amplissima
911 2810 1001 2848 an.
1030 2793 1171 2848 1755
1201 2795 1432 2865 prolata.
1459 2796 1615 2850 Anno
1661 2795 1789 2849 1741
1826 2806 1881 2852 et

287 2883 430 2937 1748
471 2885 685 2940 Maximi
736 2887 970 2942 humilia:
1021 2887 1212 2942 iterum
1263 2888 1502 2944 Vcnetiis
1523 2907 1735 2945 excusse
1756 2900 1880 2947 sunt

285 2993 412 3032 cum
440 2977 634 3032 Leonis
658 2977 728 3032 M.
755 2979 1028 3048 operibus,
1063 2979 1115 3033 in
1159 2979 1352 3050 quibus
1381 2980 1588 3036 duabus
1617 2981 1877 3037 editioni-

285 3067 390 3122 bus
413 3068 638 3123 fortasse
660 3069 932 3138 antiquior
962 3069 1059 3123 ista
1086 3070 1337 3126 collectio
1362 3087 1481 3126 cum
1521 3073 1668 3128 hisce
1690 3087 1877 3128 recen-

2696 1962 2850 2018 1525.

2051 2053 2295 2119 Ibidem,
2349 2071 2445 2124 per
2499 2057 2820 2112 honoratum
2874 2058 3046 2114 virum
3111 2060 3557 2132 cbalcographutn

1980 2142 2243 2199 Joannem
2275 2145 2532 2216 Crespin,
2565 2148 2766 2204 in-I'ol.
2806 2148 3094 2205 Sermones
3121 2152 3252 2206 varii
3281 2153 3421 2207 beati
3450 2151 3555 2208 Ma-

1981 2237 2113 2290 ximi
2143 2237 2411 2306 episcopi,
2461 2240 2601 2295 inter
2628 2240 2848 2295 easdem
2881 2241 3147 2297 Homelias
3183 2244 3446 2300 doctorum
3477 2263 3554 2300 ec-

1985 2328 2406 2396 clesiasticarum,
2436 2339 2542 2386 etc.

2692 2423 2713 2474 1
2727 2423 2847 2479 550.

2053 2511 2320 2580 Coloniae,
2363 2529 2429 2569 ex
2464 2514 2678 2571 ol'licina
2719 2515 2970 2572 Eucharii
3007 2517 3350 2585 Cervicorni,
3381 2518 3554 2575 in-fol.

1981 2602 2270 2658 Sermones
2299 2604 2426 2660 varii
2448 2605 2592 2660 beati
2622 2605 2835 2662 Maximi
2859 2609 3128 2680 episcopi;
3162 2610 3301 2665 inter
3322 2611 3556 2668 Itomilias

1979 2695 2526 2762 praestantissimorum
2556 2694 2805 2752 Ecclesia:
2833 2699 3127 2764 doctorum,
3167 2717 3285 2770 qua:
3313 2701 3365 2755 in
3404 2701 3555 2758 titulo

1981 2803 2115 2839 nunc
2153 2803 2218 2839 ea:
2246 2789 2599 2842 vetustissimis
2637 2789 2896 2845 codicibus
2928 2793 3214 2865 integritati
3243 2797 3488 2851 restituta:
3508 2807 3554 2852 et

1979 2880 2094 2934 aliis
2117 2890 2272 2934 antea
2301 2883 2564 2949 impressis
2586 2893 2752 2937 aucta:
2779 2883 3052 2941 dicuntur.

2684 2975 2840 3031 1555.

2047 3070 2313 3137 Colonia,
2367 3072 2509 3143 apud
2554 3073 2816 3129 Joannem
2862 3071 3200 3145 Gymnicum,
3235 3074 3370 3128 in—8.
3411 3072 3554 3145 Opus

289 3160 519 3215 tioribus
543 3160 887 3215 incrementis
917 3170 998 3216 cst
1032 3162 1341 3231 conjuncta.
1369 3163 1575 3218 Etenim
1601 3182 1630 3219 a
1657 3165 1874 3222 Gallan-
1903 3229 1946 3247 Δ
1976 3162 2181 3231 insigne
2219 3165 2556 3220 homiliarnm
2587 3167 2893 3222 hiemalium
2921 3166 3320 3247 etfestivalium
3351 3174 3454 3219 tam
3486 3166 3555 3221 de

282 3254 381 3309 dio
419 3254 471 3309 in
521 3253 656 3309 Bibl.
703 3253 806 3307 PP.
834 3255 1038 3310 Veneta
1081 3229 1168 3309 an.
1199 3257 1356 3322 1775,
1383 3259 1595 3312 nonnisi
1651 3275 1713 3314 ea
1754 3277 1872 3331 qum
1899 3229 1947 3294 c
1977 3229 2218 3324 tempore
2245 3271 2405 3325 quam
2438 3256 2506 3312 de
2534 3260 2734 3314 sanctis
2763 3258 2870 3311 divi
2901 3229 3118 3312 Maximi
3147 3259 3384 3328 episcopi
3412 3258 3552 3313 Tau-

283 3345 655 3411 Mabillonius,
684 3345 1006 3402 Muratorius
1037 3358 1197 3419 atque
1230 3348 1522 3405 Martenius
1545 3353 1875 3422 collegerunt

282 3437 527 3492 exhibita
557 3447 700 3492 sunt.
733 3438 972 3493 Tandem
1007 3440 1117 3494 hzcc
1162 3442 1341 3496 omnia
1372 3450 1534 3512 atque
1575 3445 1677 3499 alia
1705 3447 1873 3517 multa

281 3528 530 3583 nondum
562 3538 720 3584 antea
750 3531 862 3584 visa
905 3545 971 3585 ex
1015 3532 1288 3587 codicibus
1315 3549 1441 3588 mss.
1477 3534 1587 3588 fere
1626 3537 1873 3592 innume-

279 3619 364 3674 ris
390 3619 568 3676 denuo
590 3619 795 3685 eduxit,
811 3637 969 3676 «nova
990 3623 1202 3676 ratione
1222 3621 1507 3692 disposuit,
1535 3625 1875 3681 animadver-

279 3712 441 3767 sione
488 3712 704 3777 critica,
737 3713 1098 3780 argumentis,
1144 3714 1600 3769 admonitionibus
1638 3725 1692 3769 et
1736 3719 1875 3771 notis

278 3804 571 3859 uberrimis
593 3804 846 3858 instruxit
864 3803 1047 3860 Bruno
1070 3805 1280 3858 Brunus
1317 3805 1614 3870 Romanus,
1646 3807 1875 3861 clericus

276 3909 399 3965 reg.
425 3896 731 3970 scholarum
779 3895 1007 3965 piarum,
1037 3896 1090 3949 in
1132 3895 1368 3950 editione
1406 3912 1526 3966 quae
1568 3914 1756 3967 nuper,
1783 3913 1870 3952 an.

277 3988 447 4054 1784,
483 3988 670 4059 Roma:
687 3987 838 4056 jussu
861 3987 942 4042 Pii
965 3987 1030 4041 VI
1056 3988 1116 4042 P.
1141 3988 1210 4042 M.
1236 3997 1319 4042 est
1346 3989 1624 4055 adornata,
1651 4006 1874 4061 quaeque

275 4089 498 4136 tantum
513 4080 581 4135 ab
603 4079 828 4135 editoris
844 4078 1106 4134 industria
1131 4089 1286 4135 nacta
1311 4089 1392 4135 est
1412 4082 1694 4148 honorem,
1709 4099 1873 4153 quan-

275 4183 398 4230 tum
442 4172 624 4242 specie
651 4188 716 4228 ac
757 4171 1045 4242 splendore
1091 4173 1344 4243 pontiﬁce
1372 4189 1582 4229 summo
1612 4191 1675 4230 ac
1721 4189 1866 4243 rege,

276 4265 371 4322 cui
401 4266 580 4321 dicata
606 4274 708 4328 est,
736 4265 900 4334 digno
930 4266 1070 4321 inter
1091 4282 1279 4322 omnes
1305 4265 1526 4322 Patrum
1553 4267 1867 4324 Latinorum

277 4359 697 4426 fulgentissimas
727 4358 993 4414 editiones
1017 4360 1250 4415 excellit.
1279 4359 1437 4414 Plura
1462 4360 1531 4415 de
1552 4361 1655 4428 his,
1684 4362 1728 4417 si
1774 4367 1867 4417 cu;

279 4448 386 4521 pis,
411 4449 597 4505 evolve
620 4449 763 4504 hunc
791 4450 1120 4516 singularum
1144 4449 1442 4506 editionum
1467 4451 1716 4506 indicem.

907 4602 1122 4641 δαίουιο
1150 4602 1236 4640 XV.

989 4695 1144 4750 1482.

357 4810 544 4882 Spirtc,
581 4826 677 4880 per
710 4808 924 4863 Petrum
959 4808 1166 4874 Dracb,
1214 4807 1386 4863 in—l'ol.
1416 4807 1473 4864 S.
1505 4807 1722 4863 Maximi
1751 4809 1865 4878 epi-

281 4902 434 4972 scopi
454 4900 688 4956 homilitc
715 4900 897 4970 (variae
921 4899 984 4954 de
1015 4899 1314 4970 Tempore);
1346 4900 1399 4954 in
1431 4898 1744 4953 Homiliario
1771 4900 1866 4953 do-

281 5001 482 5048 ctorum
512 4991 792 5055 editionis,
840 4989 993 5060 cujus
1014 4989 1127 5060 jam
1166 4989 1232 5044 ad
1250 4989 1613 5077 Augustinum
1641 4996 1697 5043 et
1725 4988 1864 5044 Leo-

285 5099 409 5139 nem
437 5082 576 5138 facta
603 5088 686 5137 est
714 5082 936 5136 mentio.

999 5172 1156 5228 1495.

354 5266 576 5322 Basileai
599 5281 698 5337 per
721 5266 834 5321 Nic.
885 5265 1117 5332 Kessler,
1162 5265 1336 5320 in-lol.
1379 5264 1436 5320 S.
1478 5264 1693 5320 Maximi
1721 5265 1864 5337 epis-

280 5359 406 5430 copi
432 5358 697 5423 homiliaa;
730 5358 786 5412 in
813 5345 1003 5414 eodem
1030 5357 1364 5412 Homiliario.

992 5465 1149 5522 1494.

355 5561 736 5631 Norimbergaa,
765 5576 865 5633 per
893 5560 1052 5614 Anth.
1077 5557 1370 5626 Kohurger,
1396 5557 1534 5611 in.4.
1567 5556 1623 5612 S.
1646 5556 1861 5614 Maximi

241 5698 244 5699 ν
283 5655 550 5721 homiliae;
599 5654 652 5709 in
692 5652 947 5708 Homeliis
983 5652 1209 5706 omnium
1248 5651 1512 5705 doctorum
1549 5651 1612 5703 de
1647 5654 1858 5717 sanctis,

283 5760 405 5816 qua:
447 5760 586 5800 nova
631 5753 711 5800 est
757 5753 812 5800 et
857 5760 887 5798 a
937 5742 1260 5816 praecedenti
1306 5743 1464 5798 ulaue
1509 5741 1722 5824 diversa
1745 5744 1858 5799 col-

285 5837 467 5894 lectio.

1976 3345 2220 3410 rinensis,
2253 3348 2342 3416 qui
2372 3357 2426 3401 et
2456 3349 2506 3401 in
2537 3349 2769 3402 homiliis
2799 3348 3169 3403 declamandis
3197 3348 3266 3401 ad
3298 3349 3554 3417 populum

1975 3437 2072 3492 fuit
2111 3455 2236 3493 vere
2275 3442 2558 3494 maximus.
2600 3441 2806 3494 Addita:
2846 3449 2970 3496 sunt
2999 3441 3200 3508 aliquot
3229 3440 3462 3494 homiliie
3491 3440 3550 3494 D.

1973 3526 2195 3584 Joannis
2236 3529 2602 3601 Chrysostonni
2641 3530 3014 3585 eruditissima:
3049 3537 3102 3585 et
3132 3545 3298 3601 prope
3339 3529 3552 3594 divime,

1975 3624 2204 3678 antehac
2232 3640 2336 3678 non
2368 3639 2600 3678 excusze.
2631 3623 2765 3676 Cum
2796 3622 2991 3677 indice.

2047 3715 2322 3783 Inscripsit
2349 3715 2526 3769 editor
2553 3716 2870 3785 opusculum
2892 3717 3060 3770 hocce
3083 3714 3341 3770 Damiano
3363 3717 3552 3770 Ascen-

1977 3805 2141 3857 diensi
2171 3805 2369 3858 ordinis
2398 3803 2465 3858 D.
2500 3803 2765 3859 Benedicti
2805 3805 3033 3860 Colonia:
3059 3806 3198 3877 apud
3227 3803 3287 3861 S.
3315 3805 3552 3860 Pantha-

1976 3896 2190 3959 leonem,
2213 3894 2407 3961 eidem,
2439 3897 2526 3951 cui
2558 3906 2724 3951 totum
2756 3906 3033 3967 acceptum
3059 3896 3343 3962 referebat,
3365 3913 3550 3968 quem-

1973 4002 2078 4054 que
2107 4001 2297 4053 magna
2327 4003 2445 4042 cum
2475 3988 2834 4058 gratulatione
2876 3989 2945 4044 ob
2973 3989 3111 4043 hanc
3140 3989 3450 4059 praeclaram
3482 3987 3550 4043 de

1972 4079 2163 4133 studiis
2187 4079 2498 4148 theologicis
2533 4081 2671 4136 bene
2713 4080 2954 4136 merendi
2981 4082 3318 4137 occasionem
3346 4080 3548 4135 adhor-

1975 4180 2113 4227 tatus
2143 4179 2250 4236 est,
2285 4179 2342 4225 ut
2381 4172 2425 4225 si
2453 4171 2582 4243 quid
2613 4171 2769 4240 hujus
2802 4173 3078 4242 scriptoris
3117 4171 3378 4242 reliquum
3407 4169 3549 4241 apud

1971 4263 2143 4334 ipsum
2181 4272 2349 4329 esset,
2407 4280 2626 4335 operam
2657 4263 2812 4318 daret
2845 4273 2904 4318 ut
2940 4264 2994 4317 in
3031 4264 3206 4319 lucem
3236 4262 3548 4334 propediem

1970 4358 2195 4411 veniret.
2237 4354 2387 4412 IIanc
2413 4355 2636 4410 Joannis
2662 4355 2904 4428 Gymnici
2947 4355 3014 4409 ad
3043 4356 3333 4426 religiosum
3362 4364 3410 4407 et
3435 4372 3548 4408 ern-

1970 4451 2131 4503 ditum
2179 4451 2341 4503 virum
2381 4448 2697 4503 Damianum
2734 4448 3020 4518 epistolam
3065 4449 3325 4516 integram
3357 4448 3547 4502 iterum

1968 4539 2375 4594 exscribendam
2421 4539 2572 4594 dedit
2615 4539 2794 4594 Bruno
2836 4539 3045 4594 Brunus
3087 4539 3139 4592 in
3168 4536 3408 4592 editione
3443 4536 3547 4591 Ro-

1885 4603 1940 4662 Ῑ)
1964 4648 2142 4696 mana,
2175 4646 2294 4701 pag.
2330 4630 2451 4683 158.
2486 4630 2746 4696 Quocirca
2778 4631 2960 4684 nescio
2986 4629 3078 4697 qui
3120 4628 3318 4681 factum
3359 4628 3459 4690 sit,
3493 4634 3547 4682 ut

1966 4722 2108 4775 idem
2141 4721 2486 4775 doctissimus
2515 4728 2569 4774 et
2598 4719 3038 4788 diligentissimus
3069 4719 3148 4772 vir
3169 4718 3220 4771 in
3244 4717 3392 4788 praef.
3424 4733 3545 4789 pag.

1970 4811 2056 4873 14,
2090 4818 2318 4865 asseruit
2341 4849 2355 4873 ,
2403 4809 2644 4864 Damiani
2689 4811 2828 4865 hanc
2873 4808 2930 4864 S.
2963 4809 3178 4864 Maximi
3208 4809 3549 4865 homiliarnm

1966 4903 2342 4959 collectionem
2371 4903 2495 4959 ideo
2537 4903 2752 4958 demum
2795 4919 2824 4958 a
2865 4902 3071 4958 Joanne
3100 4903 3362 4976 Gymnico
3388 4903 3550 4959 Colo~

1969 4996 2071 5050 uiae
2115 5011 2201 5048 an.
2246 4994 2384 5048 1555
2426 4994 2626 5050 editam
2670 4993 2859 5061 fuisse,
2898 4993 3045 5066 quod
3071 4996 3184 5066 ipse
3213 5003 3386 5050 morte
3413 5011 3548 5067 przc-
3585 5015 3605 5044 θ

1968 5098 2152 5157 reptus
2199 5103 2316 5142 eam
2366 5089 2418 5143 in
2467 5088 2639 5144 lucem
2687 5088 2932 5144 emittere
2981 5088 3324 5157 nequivisset.
3365 5088 3550 5144 Insunt

1968 5190 2147 5236 autem
2175 5184 2338 5253 partis
2361 5181 2596 5237 hiemalis
2625 5181 2688 5236 de
2709 5191 2935 5253 tempore
2961 5181 3193 5236 homiliae
3231 5191 3546 5250 sequentes:

1968 5273 2048 5328 De
2068 5275 2302 5327 Adventu
2337 5273 2569 5338 Domini,
2596 5272 2633 5338 Ι,
2667 5272 2729 5326 II.
2768 5272 2833 5326 In
2857 5273 3043 5342 vigiliis
3079 5269 3292 5325 Natalis
3315 5271 3548 5335 Domini,

1967 5365 2004 5421 Ι.
2040 5366 2105 5420 1η
2136 5365 2321 5420 Natali
2351 5366 2582 5433 Domini,
2616 5365 2749 5421 I-VI.
2791 5364 2858 5420 In
2884 5364 3288 5420 Circumcisione
3315 5365 3549 5428 Domini,

1971 5461 2075 5514 sive
2103 5459 2164 5514 de
2185 5459 2418 5513 calendis
2439 5459 2681 5513 Januarii
2710 5461 3015 5531 increpatio,
3047 5458 3086 5513 I.
3120 5457 3184 5512 In
3214 5458 3549 5528 Theophania

1971 5554 2204 5621 Domini,
2235 5554 2416 5609 I-VIII.
2463 5554 2529 5609 In
2559 5555 2641 5610 die
2661 5555 2922 5620 Cinerum,
2952 5555 2995 5609 Ι.
3052 5554 3131 5608 De
3168 5555 3369 5627 jejunio
3408 5552 3548 5615 Qua-

1973 5648 2292 5718 dragesimw,
2319 5647 2460 5700 I-IV.
2497 5646 2772 5701 Dominica
2817 5648 2875 5700 in
2925 5645 3104 5699 Ramis
3134 5645 3458 5707 Palntarnm,
3495 5644 3547 5696 in

1974 5743 2104 5796 illud
2122 5741 2309 5812 psalmi
2335 5757 2350 5793 :
2398 5739 2567 5804 Deus,
2608 5739 2748 5795 Deus
2776 5755 2926 5795 meus
2946 5779 2960 5803 ,
2991 5737 3196 5804 respice
3232 5747 3337 5796 me,
3368 5734 3408 5787 I.
3471 5733 3547 5789 Ds

1976 5835 2303 5888 accusatione
2332 5831 2540 5886 Domini
2565 5832 2702 5900 apud
2728 5831 2978 5892 Pilatum,
3011 5826 3049 5892 I,
3081 5824 3141 5878 II.
3192 5821 3270 5879 De
3290 5821 3428 5878 Juda
3449 5834 3545 5879 (ναι
