  <div class='ocr_page' id='page_1' title='image "/cluster/home/n/w/nwhite01/storage/ocr_20150623/57/hvd.32044015471618/099.png"; bbox 0 0 4040 6324; ppageno 0'>
   <div class='ocr_carea' id='block_1_1' title="bbox 537 259 639 337">
    <p class='ocr_par' dir='ltr' id='par_1_1' title="bbox 537 259 639 337">
     <span class='ocr_line' id='line_1_1' title="bbox 537 259 639 337; baseline 0.02 -14"><span class='ocrx_word' id='word_1_1' title='bbox 537 259 639 337; x_wconf 64' lang='grc'>181</span> 
     </span>
    </p>
   </div>
   <div class='ocr_carea' id='block_1_2' title="bbox 1650 239 2701 323">
    <p class='ocr_par' dir='ltr' id='par_1_2' title="bbox 1650 239 2701 323">
     <span class='ocr_line' id='line_1_2' title="bbox 1650 239 2701 323; baseline -0.008 -17"><span class='ocrx_word' id='word_1_2' title='bbox 1650 251 1719 323; x_wconf 68' lang='lat' dir='ltr'><strong><em>in</em></strong></span> <span class='ocrx_word' id='word_1_3' title='bbox 1754 249 1815 321; x_wconf 64' lang='lat' dir='ltr'><strong><em>s_,</em></strong></span> <span class='ocrx_word' id='word_1_4' title='bbox 1853 244 2179 319; x_wconf 68' lang='lat' dir='ltr'><strong><em>maximum</em></strong></span> <span class='ocrx_word' id='word_1_5' title='bbox 2218 239 2701 301; x_wconf 77' lang='lat' dir='ltr'><strong><em>TAURINENSEM</em></strong></span> 
     </span>
    </p>
   </div>
   <div class='ocr_carea' id='block_1_3' title="bbox 3682 230 3786 284">
    <p class='ocr_par' dir='ltr' id='par_1_3' title="bbox 3682 230 3786 284">
     <span class='ocr_line' id='line_1_3' title="bbox 3682 230 3786 284; baseline 0 -1"><span class='ocrx_word' id='word_1_6' title='bbox 3682 230 3786 284; x_wconf 85' lang='lat'><strong><em>188</em></strong></span> 
     </span>
    </p>
   </div>
   <div class='ocr_carea' id='block_1_4' title="bbox 534 345 3803 449">
    <p class='ocr_par' dir='ltr' id='par_1_4' title="bbox 534 345 3803 449">
     <span class='ocr_line' id='line_1_4' title="bbox 534 345 3803 449; baseline -0.01 -15"><span class='ocrx_word' id='word_1_7' title='bbox 534 379 717 443; x_wconf 85' lang='lat' dir='ltr'><strong><em>ditare,</em></strong></span> <span class='ocrx_word' id='word_1_8' title='bbox 747 376 789 433; x_wconf 89' lang='lat' dir='ltr'><strong><em>l.</em></strong></span> <span class='ocrx_word' id='word_1_9' title='bbox 830 375 910 433; x_wconf 82' lang='lat' dir='ltr'><strong><em>De</em></strong></span> <span class='ocrx_word' id='word_1_10' title='bbox 946 382 1186 449; x_wconf 78' lang='lat' dir='ltr'><strong><em>passione</em></strong></span> <span class='ocrx_word' id='word_1_11' title='bbox 1225 381 1278 431; x_wconf 86' lang='lat' dir='ltr'><strong><em>et</em></strong></span> <span class='ocrx_word' id='word_1_12' title='bbox 1314 389 1465 441; x_wconf 74' lang='lat' dir='ltr'><strong><em>cruce</em></strong></span> <span class='ocrx_word' id='word_1_13' title='bbox 1498 380 1547 427; x_wconf 85' lang='lat' dir='ltr'><strong><em>et</em></strong></span> <span class='ocrx_word' id='word_1_14' title='bbox 1578 369 1842 443; x_wconf 75' lang='lat' dir='ltr'><strong><em>sepultura</em></strong></span> <span class='ocrx_word' id='word_1_15' title='bbox 1871 365 2106 427; x_wconf 86' lang='lat' dir='ltr'><strong><em>Domini,</em></strong></span> <span class='ocrx_word' id='word_1_16' title='bbox 2142 367 2191 425; x_wconf 80' lang='grc' dir='ltr'><strong>Α</strong></span> <span class='ocrx_word' id='word_1_17' title='bbox 2216 362 2328 418; x_wconf 87' lang='lat' dir='ltr'><strong><em>bris</em></strong></span> <span class='ocrx_word' id='word_1_18' title='bbox 2353 369 2498 426; x_wconf 89' lang='lat' dir='ltr'><strong><em>octo,</em></strong></span> <span class='ocrx_word' id='word_1_19' title='bbox 2531 359 2756 449; x_wconf 71' lang='lat' dir='ltr'><strong><em>aliisque</em></strong></span> <span class='ocrx_word' id='word_1_20' title='bbox 2783 352 3021 419; x_wconf 85' lang='lat' dir='ltr'><strong><em>Paciani,</em></strong></span> <span class='ocrx_word' id='word_1_21' title='bbox 3052 349 3275 449; x_wconf 77' lang='lat' dir='ltr'><strong><em>Sulpicii</em></strong></span> <span class='ocrx_word' id='word_1_22' title='bbox 3313 347 3529 449; x_wconf 63' lang='lat' dir='ltr'><strong><em>Severi,</em></strong></span> <span class='ocrx_word' id='word_1_23' title='bbox 3544 345 3803 449; x_wconf 51' lang='lat' dir='ltr'><strong><em>Daret-laet</em></strong></span> 
     </span>
    </p>
   </div>
   <div class='ocr_carea' id='block_1_5' title="bbox 533 455 2113 543">
    <p class='ocr_par' dir='ltr' id='par_1_5' title="bbox 533 455 2113 543">
     <span class='ocr_line' id='line_1_5' title="bbox 533 455 2113 543; baseline -0.012 -16"><span class='ocrx_word' id='word_1_24' title='bbox 533 470 670 543; x_wconf 80' lang='lat' dir='ltr'><strong><em>l-lV.</em></strong></span> <span class='ocrx_word' id='word_1_25' title='bbox 738 468 821 531; x_wconf 71' lang='lat' dir='ltr'><strong><em>De,</em></strong></span> <span class='ocrx_word' id='word_1_26' title='bbox 860 478 1039 531; x_wconf 80' lang='lat' dir='ltr'><strong><em>sancto</em></strong></span> <span class='ocrx_word' id='word_1_27' title='bbox 1072 466 1297 540; x_wconf 77' lang='lat' dir='ltr'><strong><em>latrone,</em></strong></span> <span class='ocrx_word' id='word_1_28' title='bbox 1339 463 1499 529; x_wconf 81' lang='lat' dir='ltr'><strong><em>Petro</em></strong></span> <span class='ocrx_word' id='word_1_29' title='bbox 1546 461 1778 535; x_wconf 70' lang='lat' dir='ltr'><strong><em>apostolo</em></strong></span> <span class='ocrx_word' id='word_1_30' title='bbox 1831 466 1881 513; x_wconf 88' lang='lat' dir='ltr'><strong><em>et</em></strong></span> <span class='ocrx_word' id='word_1_31' title='bbox 1918 455 2113 510; x_wconf 78' lang='lat' dir='ltr'><strong><em>ancilla</em></strong></span> 
     </span>
    </p>
   </div>
   <div class='ocr_carea' id='block_1_6' title="bbox 533 554 2115 635">
    <p class='ocr_par' dir='ltr' id='par_1_6' title="bbox 533 554 2115 635">
     <span class='ocr_line' id='line_1_6' title="bbox 533 554 2115 635; baseline -0.01 -16"><span class='ocrx_word' id='word_1_32' title='bbox 533 564 766 635; x_wconf 64' lang='lat' dir='ltr'><strong><em>ostiaria,</em></strong></span> <span class='ocrx_word' id='word_1_33' title='bbox 795 560 935 623; x_wconf 81' lang='lat' dir='ltr'><strong><em>HV.</em></strong></span> <span class='ocrx_word' id='word_1_34' title='bbox 988 557 1231 615; x_wconf 74' lang='lat' dir='ltr'><strong><em>Homilize</em></strong></span> <span class='ocrx_word' id='word_1_35' title='bbox 1259 565 1439 623; x_wconf 83' lang='lat' dir='ltr'><strong><em>autem</em></strong></span> <span class='ocrx_word' id='word_1_36' title='bbox 1468 557 1855 633; x_wconf 55' lang='lat' dir='ltr'><strong><em>partisuestivw</em></strong></span> <span class='ocrx_word' id='word_1_37' title='bbox 1893 554 1958 608; x_wconf 90' lang='lat' dir='ltr'><strong><em>de</em></strong></span> <span class='ocrx_word' id='word_1_38' title='bbox 1989 560 2115 617; x_wconf 86' lang='lat' dir='ltr'><strong><em>tem-</em></strong></span> 
     </span>
    </p>
   </div>
   <div class='ocr_carea' id='block_1_7' title="bbox 530 642 2114 726">
    <p class='ocr_par' dir='ltr' id='par_1_7' title="bbox 530 642 2114 726">
     <span class='ocr_line' id='line_1_7' title="bbox 530 642 2114 726; baseline -0.007 -16"><span class='ocrx_word' id='word_1_39' title='bbox 530 642 656 726; x_wconf 81' lang='lat' dir='ltr'><strong><em>pore</em></strong></span> <span class='ocrx_word' id='word_1_40' title='bbox 675 660 835 708; x_wconf 89' lang='lat' dir='ltr'><strong><em>sunt:</em></strong></span> <span class='ocrx_word' id='word_1_41' title='bbox 887 650 954 706; x_wconf 88' lang='lat' dir='ltr'><strong><em>In</em></strong></span> <span class='ocrx_word' id='word_1_42' title='bbox 975 652 1301 706; x_wconf 79' lang='lat' dir='ltr'><strong><em>solemnitate</em></strong></span> <span class='ocrx_word' id='word_1_43' title='bbox 1325 650 1593 723; x_wconf 80' lang='lat' dir='ltr'><strong><em>paschali,</em></strong></span> <span class='ocrx_word' id='word_1_44' title='bbox 1626 647 1739 703; x_wconf 78' lang='lat' dir='ltr'><strong><em>l-V.</em></strong></span> <span class='ocrx_word' id='word_1_45' title='bbox 1799 644 1862 701; x_wconf 83' lang='lat' dir='ltr'><strong><em>In</em></strong></span> <span class='ocrx_word' id='word_1_46' title='bbox 1890 645 2114 711; x_wconf 69' lang='lat' dir='ltr'><strong><em>laztaniis</em></strong></span> 
     </span>
    </p>
   </div>
   <div class='ocr_carea' id='block_1_8' title="bbox 529 738 2111 814">
    <p class='ocr_par' dir='ltr' id='par_1_8' title="bbox 529 738 2111 814">
     <span class='ocr_line' id='line_1_8' title="bbox 529 738 2111 814; baseline -0.005 -14"><span class='ocrx_word' id='word_1_47' title='bbox 529 754 579 800; x_wconf 84' lang='lat' dir='ltr'><strong><em>et</em></strong></span> <span class='ocrx_word' id='word_1_48' title='bbox 607 740 963 799; x_wconf 80' lang='lat' dir='ltr'><strong><em>Ninivitarum</em></strong></span> <span class='ocrx_word' id='word_1_49' title='bbox 981 744 1220 814; x_wconf 86' lang='lat' dir='ltr'><strong><em>jejuniis,</em></strong></span> <span class='ocrx_word' id='word_1_50' title='bbox 1244 741 1283 796; x_wconf 86' lang='grc' dir='ltr'>Ι.</span> <span class='ocrx_word' id='word_1_51' title='bbox 1330 740 1399 796; x_wconf 86' lang='lat' dir='ltr'><strong><em>In</em></strong></span> <span class='ocrx_word' id='word_1_52' title='bbox 1420 741 1741 799; x_wconf 89' lang='lat' dir='ltr'><strong><em>solemnitate</em></strong></span> <span class='ocrx_word' id='word_1_53' title='bbox 1759 738 2111 803; x_wconf 84' lang='lat' dir='ltr'><strong><em>Pentecostes,</em></strong></span> 
     </span>
    </p>
   </div>
   <div class='ocr_carea' id='block_1_9' title="bbox 528 816 2110 905">
    <p class='ocr_par' dir='ltr' id='par_1_9' title="bbox 528 816 2110 905">
     <span class='ocr_line' id='line_1_9' title="bbox 528 816 2110 905; baseline -0.007 -11"><span class='ocrx_word' id='word_1_54' title='bbox 528 836 665 897; x_wconf 82' lang='lat' dir='ltr'><strong><em>I-Ill.</em></strong></span> <span class='ocrx_word' id='word_1_55' title='bbox 717 835 887 899; x_wconf 86' lang='lat' dir='ltr'><strong><em>Porro</em></strong></span> <span class='ocrx_word' id='word_1_56' title='bbox 915 836 1148 905; x_wconf 73' lang='lat' dir='ltr'><strong><em>humilia:</em></strong></span> <span class='ocrx_word' id='word_1_57' title='bbox 1171 816 1414 889; x_wconf 85' lang='lat' dir='ltr'><strong><em>hiemales</em></strong></span> <span class='ocrx_word' id='word_1_58' title='bbox 1435 842 1485 888; x_wconf 90' lang='lat' dir='ltr'><strong><em>et</em></strong></span> <span class='ocrx_word' id='word_1_59' title='bbox 1516 833 1769 895; x_wconf 68' lang='lat' dir='ltr'><strong><em>wstivales</em></strong></span> <span class='ocrx_word' id='word_1_60' title='bbox 1790 831 1852 886; x_wconf 88' lang='lat' dir='ltr'><strong><em>de</em></strong></span> <span class='ocrx_word' id='word_1_61' title='bbox 1873 832 2067 885; x_wconf 87' lang='lat' dir='ltr'><strong><em>sanctis</em></strong></span> <span class='ocrx_word' id='word_1_62' title='bbox 2092 846 2110 883; x_wconf 90' lang='lat'><em>:</em></span> 
     </span>
    </p>
   </div>
   <div class='ocr_carea' id='block_1_10' title="bbox 530 916 2109 1001">
    <p class='ocr_par' dir='ltr' id='par_1_10' title="bbox 530 916 2109 1001">
     <span class='ocr_line' id='line_1_10' title="bbox 530 916 2109 1001; baseline -0.011 -7"><span class='ocrx_word' id='word_1_63' title='bbox 530 916 597 995; x_wconf 78' lang='lat' dir='ltr'><strong><em>la</em></strong></span> <span class='ocrx_word' id='word_1_64' title='bbox 626 931 788 997; x_wconf 77' lang='lat' dir='ltr'><strong><em>natali</em></strong></span> <span class='ocrx_word' id='word_1_65' title='bbox 823 930 926 993; x_wconf 75' lang='lat' dir='ltr'><strong><em>divi</em></strong></span> <span class='ocrx_word' id='word_1_66' title='bbox 959 928 1236 1001; x_wconf 84' lang='lat' dir='ltr'><strong><em>Stephani,</em></strong></span> <span class='ocrx_word' id='word_1_67' title='bbox 1266 927 1307 983; x_wconf 87' lang='grc' dir='ltr'>Ι.</span> <span class='ocrx_word' id='word_1_68' title='bbox 1358 927 1425 982; x_wconf 88' lang='lat' dir='ltr'><strong><em>In</em></strong></span> <span class='ocrx_word' id='word_1_69' title='bbox 1454 928 1619 981; x_wconf 87' lang='lat' dir='ltr'><strong><em>natali</em></strong></span> <span class='ocrx_word' id='word_1_70' title='bbox 1650 926 1778 983; x_wconf 75' lang='lat' dir='ltr'><strong><em>dira:</em></strong></span> <span class='ocrx_word' id='word_1_71' title='bbox 1812 926 2043 997; x_wconf 79' lang='lat' dir='ltr'><strong><em>Agnetis,</em></strong></span> <span class='ocrx_word' id='word_1_72' title='bbox 2068 923 2109 977; x_wconf 85' lang='grc' dir='ltr'>Ι.</span> 
     </span>
    </p>
   </div>
   <div class='ocr_carea' id='block_1_11' title="bbox 531 1012 2112 1092">
    <p class='ocr_par' dir='ltr' id='par_1_11' title="bbox 531 1012 2112 1092">
     <span class='ocr_line' id='line_1_11' title="bbox 531 1012 2112 1092; baseline -0.006 -14"><span class='ocrx_word' id='word_1_73' title='bbox 531 1012 599 1078; x_wconf 73' lang='lat' dir='ltr'><strong><em>in</em></strong></span> <span class='ocrx_word' id='word_1_74' title='bbox 632 1023 799 1077; x_wconf 80' lang='lat' dir='ltr'><strong><em>natali</em></strong></span> <span class='ocrx_word' id='word_1_75' title='bbox 839 1023 941 1076; x_wconf 80' lang='lat' dir='ltr'><strong><em>divi</em></strong></span> <span class='ocrx_word' id='word_1_76' title='bbox 983 1020 1206 1089; x_wconf 75' lang='lat' dir='ltr'><strong><em>Joannis</em></strong></span> <span class='ocrx_word' id='word_1_77' title='bbox 1242 1020 1510 1092; x_wconf 61' lang='lat' dir='ltr'><strong><em>Baptistae,</em></strong></span> <span class='ocrx_word' id='word_1_78' title='bbox 1535 1018 1669 1075; x_wconf 87' lang='lat' dir='ltr'><strong><em>l-Ill.</em></strong></span> <span class='ocrx_word' id='word_1_79' title='bbox 1720 1018 1781 1085; x_wconf 70' lang='lat' dir='ltr'><strong><em>In</em></strong></span> <span class='ocrx_word' id='word_1_80' title='bbox 1800 1018 1968 1072; x_wconf 86' lang='lat' dir='ltr'><strong><em>natali</em></strong></span> <span class='ocrx_word' id='word_1_81' title='bbox 1988 1032 2112 1071; x_wconf 84' lang='lat' dir='ltr'><strong><em>san-</em></strong></span> 
     </span>
    </p>
   </div>
   <div class='ocr_carea' id='block_1_12' title="bbox 432 1106 2114 1185">
    <p class='ocr_par' dir='ltr' id='par_1_12' title="bbox 432 1106 2114 1185">
     <span class='ocr_line' id='line_1_12' title="bbox 432 1106 2114 1185; baseline -0.005 -16"><span class='ocrx_word' id='word_1_82' title='bbox 432 1156 441 1169; x_wconf 76' lang='lat'><strong><em>.</em></strong></span> <span class='ocrx_word' id='word_1_83' title='bbox 528 1123 725 1170; x_wconf 85' lang='lat' dir='ltr'><strong><em>clarum</em></strong></span> <span class='ocrx_word' id='word_1_84' title='bbox 762 1114 911 1168; x_wconf 85' lang='lat' dir='ltr'><strong><em>Petri</em></strong></span> <span class='ocrx_word' id='word_1_85' title='bbox 961 1106 1211 1183; x_wconf 50' lang='lat' dir='ltr'><strong><em>et&#39;Pauli</em></strong></span> <span class='ocrx_word' id='word_1_86' title='bbox 1260 1112 1630 1185; x_wconf 76' lang='lat' dir='ltr'><strong><em>apostolorum,</em></strong></span> <span class='ocrx_word' id='word_1_87' title='bbox 1662 1110 1775 1165; x_wconf 83' lang='lat' dir='ltr'><strong><em>I-V.</em></strong></span> <span class='ocrx_word' id='word_1_88' title='bbox 1841 1108 1904 1163; x_wconf 82' lang='lat' dir='ltr'><strong><em>In</em></strong></span> <span class='ocrx_word' id='word_1_89' title='bbox 1948 1107 2114 1162; x_wconf 77' lang='lat' dir='ltr'><strong><em>natali</em></strong></span> 
     </span>
    </p>
   </div>
   <div class='ocr_carea' id='block_1_13' title="bbox 529 1197 2112 1276">
    <p class='ocr_par' dir='ltr' id='par_1_13' title="bbox 529 1197 2112 1276">
     <span class='ocr_line' id='line_1_13' title="bbox 529 1197 2112 1276; baseline -0.004 -17"><span class='ocrx_word' id='word_1_90' title='bbox 529 1206 631 1259; x_wconf 86' lang='lat' dir='ltr'><strong><em>divi</em></strong></span> <span class='ocrx_word' id='word_1_91' title='bbox 652 1197 942 1260; x_wconf 67' lang='lat' dir='ltr'><strong><em>&#39;Laurentii</em></strong></span> <span class='ocrx_word' id='word_1_92' title='bbox 968 1205 1236 1276; x_wconf 77' lang='lat' dir='ltr'><strong><em>martyris,</em></strong></span> <span class='ocrx_word' id='word_1_93' title='bbox 1264 1203 1400 1273; x_wconf 71' lang='lat' dir='ltr'><strong><em>Hii.</em></strong></span> <span class='ocrx_word' id='word_1_94' title='bbox 1461 1201 1529 1257; x_wconf 82' lang='lat' dir='ltr'><strong><em>In</em></strong></span> <span class='ocrx_word' id='word_1_95' title='bbox 1560 1202 1725 1256; x_wconf 83' lang='lat' dir='ltr'><strong><em>natali</em></strong></span> <span class='ocrx_word' id='word_1_96' title='bbox 1764 1201 1866 1255; x_wconf 87' lang='lat' dir='ltr'><strong><em>divi</em></strong></span> <span class='ocrx_word' id='word_1_97' title='bbox 1908 1199 2112 1254; x_wconf 78' lang='lat' dir='ltr'><strong><em>Eusebii</em></strong></span> 
     </span>
    </p>
   </div>
   <div class='ocr_carea' id='block_1_14' title="bbox 538 1290 2112 1373">
    <p class='ocr_par' dir='ltr' id='par_1_14' title="bbox 538 1290 2112 1373">
     <span class='ocr_line' id='line_1_14' title="bbox 538 1290 2112 1373; baseline -0.005 -22"><span class='ocrx_word' id='word_1_98' title='bbox 538 1296 881 1363; x_wconf 70' lang='lat' dir='ltr'><strong><em>Vercellensis</em></strong></span> <span class='ocrx_word' id='word_1_99' title='bbox 917 1292 1324 1373; x_wconf 51' lang='lat' dir='ltr'><strong><em>episcopi,l,&#39;ll.</em></strong></span> <span class='ocrx_word' id='word_1_100' title='bbox 1389 1293 1458 1365; x_wconf 74' lang='lat' dir='ltr'><strong><em>In</em></strong></span> <span class='ocrx_word' id='word_1_101' title='bbox 1502 1293 1669 1361; x_wconf 79' lang='lat' dir='ltr'><strong><em>natali</em></strong></span> <span class='ocrx_word' id='word_1_102' title='bbox 1713 1293 1816 1347; x_wconf 89' lang='lat' dir='ltr'><strong><em>divi</em></strong></span> <span class='ocrx_word' id='word_1_103' title='bbox 1863 1290 2112 1363; x_wconf 80' lang='lat' dir='ltr'><strong><em>Cypriani</em></strong></span> 
     </span>
    </p>
   </div>
   <div class='ocr_carea' id='block_1_15' title="bbox 530 1381 2105 1473">
    <p class='ocr_par' dir='ltr' id='par_1_15' title="bbox 530 1381 2105 1473">
     <span class='ocr_line' id='line_1_15' title="bbox 530 1381 2105 1473; baseline -0.004 -32"><span class='ocrx_word' id='word_1_104' title='bbox 530 1389 760 1473; x_wconf 77' lang='lat' dir='ltr'><strong><em>episcopi</em></strong></span> <span class='ocrx_word' id='word_1_105' title='bbox 780 1397 828 1442; x_wconf 87' lang='lat' dir='ltr'><strong><em>et</em></strong></span> <span class='ocrx_word' id='word_1_106' title='bbox 850 1389 1115 1462; x_wconf 79' lang='lat' dir='ltr'><strong><em>martyris,</em></strong></span> <span class='ocrx_word' id='word_1_107' title='bbox 1140 1386 1181 1457; x_wconf 72' lang='grc' dir='ltr'><strong><em>Ι,</em></strong></span> <span class='ocrx_word' id='word_1_108' title='bbox 1213 1385 1277 1442; x_wconf 86' lang='grc' dir='ltr'><strong><em>ΙΙ.</em></strong></span> <span class='ocrx_word' id='word_1_109' title='bbox 1329 1386 1395 1441; x_wconf 88' lang='lat' dir='ltr'><strong><em>In</em></strong></span> <span class='ocrx_word' id='word_1_110' title='bbox 1427 1387 1578 1459; x_wconf 83' lang='lat' dir='ltr'><strong><em>feriis</em></strong></span> <span class='ocrx_word' id='word_1_111' title='bbox 1609 1386 1713 1440; x_wconf 84' lang='lat' dir='ltr'><strong><em>divi</em></strong></span> <span class='ocrx_word' id='word_1_112' title='bbox 1744 1383 2035 1451; x_wconf 74' lang='lat' dir='ltr'><strong><em>Michaelis,</em></strong></span> <span class='ocrx_word' id='word_1_113' title='bbox 2065 1381 2105 1447; x_wconf 84' lang='lat' dir='ltr'><strong><em>l.</em></strong></span> 
     </span>
    </p>
   </div>
   <div class='ocr_carea' id='block_1_16' title="bbox 530 1472 2110 1547">
    <p class='ocr_par' dir='ltr' id='par_1_16' title="bbox 530 1472 2110 1547">
     <span class='ocr_line' id='line_1_16' title="bbox 530 1472 2110 1547; baseline -0.005 -13"><span class='ocrx_word' id='word_1_114' title='bbox 530 1474 598 1534; x_wconf 85' lang='lat' dir='ltr'><strong><em>In</em></strong></span> <span class='ocrx_word' id='word_1_115' title='bbox 620 1480 780 1534; x_wconf 85' lang='lat' dir='ltr'><strong><em>natali</em></strong></span> <span class='ocrx_word' id='word_1_116' title='bbox 815 1491 1113 1535; x_wconf 86' lang='lat' dir='ltr'><strong><em>sanctorum</em></strong></span> <span class='ocrx_word' id='word_1_117' title='bbox 1153 1478 1500 1534; x_wconf 84' lang='lat' dir='ltr'><strong><em>Taurinorum</em></strong></span> <span class='ocrx_word' id='word_1_118' title='bbox 1529 1486 1836 1547; x_wconf 80' lang='lat' dir='ltr'><strong><em>martyrum,</em></strong></span> <span class='ocrx_word' id='word_1_119' title='bbox 1867 1474 1909 1528; x_wconf 84' lang='lat' dir='ltr'><strong><em>i.</em></strong></span> <span class='ocrx_word' id='word_1_120' title='bbox 1951 1472 2110 1528; x_wconf 89' lang='lat' dir='ltr'><strong><em>Deni-</em></strong></span> 
     </span>
    </p>
   </div>
   <div class='ocr_carea' id='block_1_17' title="bbox 527 1564 2107 1642">
    <p class='ocr_par' dir='ltr' id='par_1_17' title="bbox 527 1564 2107 1642">
     <span class='ocr_line' id='line_1_17' title="bbox 527 1564 2107 1642; baseline -0.003 -15"><span class='ocrx_word' id='word_1_121' title='bbox 527 1587 632 1642; x_wconf 87' lang='lat' dir='ltr'><strong><em>que</em></strong></span> <span class='ocrx_word' id='word_1_122' title='bbox 673 1572 902 1627; x_wconf 70' lang='lat' dir='ltr'><strong><em>Itomilia:</em></strong></span> <span class='ocrx_word' id='word_1_123' title='bbox 931 1572 993 1626; x_wconf 90' lang='lat' dir='ltr'><strong><em>de</em></strong></span> <span class='ocrx_word' id='word_1_124' title='bbox 1022 1572 1278 1627; x_wconf 82' lang='lat' dir='ltr'><strong><em>diversis:</em></strong></span> <span class='ocrx_word' id='word_1_125' title='bbox 1320 1571 1399 1633; x_wconf 88' lang='lat' dir='ltr'><strong><em>De</em></strong></span> <span class='ocrx_word' id='word_1_126' title='bbox 1432 1571 1754 1641; x_wconf 73' lang='lat' dir='ltr'><strong><em>expositione</em></strong></span> <span class='ocrx_word' id='word_1_127' title='bbox 1796 1565 2043 1638; x_wconf 79' lang='lat' dir='ltr'><strong><em>symboli,</em></strong></span> <span class='ocrx_word' id='word_1_128' title='bbox 2066 1564 2107 1618; x_wconf 85' lang='grc' dir='ltr'>Ι.</span> 
     </span>
    </p>
   </div>
   <div class='ocr_carea' id='block_1_18' title="bbox 528 1659 2113 1733">
    <p class='ocr_par' dir='ltr' id='par_1_18' title="bbox 528 1659 2113 1733">
     <span class='ocr_line' id='line_1_18' title="bbox 528 1659 2113 1733; baseline -0.004 -16"><span class='ocrx_word' id='word_1_129' title='bbox 528 1662 608 1728; x_wconf 78' lang='lat' dir='ltr'><strong><em>De</em></strong></span> <span class='ocrx_word' id='word_1_130' title='bbox 642 1679 745 1729; x_wconf 60' lang='grc' dir='ltr'><strong><em>’ἔστι</em></strong></span> <span class='ocrx_word' id='word_1_131' title='bbox 786 1664 1070 1733; x_wconf 77' lang='lat' dir='ltr'><strong><em>metuendis</em></strong></span> <span class='ocrx_word' id='word_1_132' title='bbox 1107 1662 1404 1725; x_wconf 77' lang='lat' dir='ltr'><strong><em>carnalibus</em></strong></span> <span class='ocrx_word' id='word_1_133' title='bbox 1444 1660 1672 1725; x_wconf 73' lang='lat' dir='ltr'><strong><em>hostibus</em></strong></span> <span class='ocrx_word' id='word_1_134' title='bbox 1702 1670 1750 1714; x_wconf 88' lang='lat' dir='ltr'><strong><em>et</em></strong></span> <span class='ocrx_word' id='word_1_135' title='bbox 1789 1659 1971 1730; x_wconf 80' lang='lat' dir='ltr'><strong><em>gratiis</em></strong></span> <span class='ocrx_word' id='word_1_136' title='bbox 1997 1666 2113 1733; x_wconf 86' lang='lat' dir='ltr'><strong><em>post</em></strong></span> 
     </span>
    </p>
   </div>
   <div class='ocr_carea' id='block_1_19' title="bbox 2216 439 3799 523">
    <p class='ocr_par' dir='ltr' id='par_1_19' title="bbox 2216 439 3799 523">
     <span class='ocr_line' id='line_1_19' title="bbox 2216 439 3799 523; baseline -0.006 -15"><span class='ocrx_word' id='word_1_137' title='bbox 2216 460 2271 509; x_wconf 86' lang='lat' dir='ltr'><strong><em>et</em></strong></span> <span class='ocrx_word' id='word_1_138' title='bbox 2300 451 2592 523; x_wconf 76' lang='lat' dir='ltr'><strong><em>Haymonis</em></strong></span> <span class='ocrx_word' id='word_1_139' title='bbox 2619 444 3099 503; x_wconf 79' lang='lat' dir='ltr'><strong><em>Holberstattensia</em></strong></span> <span class='ocrx_word' id='word_1_140' title='bbox 3126 442 3434 514; x_wconf 70' lang='lat' dir='ltr'><strong><em>opmlis,</em></strong></span> <span class='ocrx_word' id='word_1_141' title='bbox 3464 440 3663 499; x_wconf 82' lang='lat' dir='ltr'><strong><em>edente</em></strong></span> <span class='ocrx_word' id='word_1_142' title='bbox 3696 439 3799 499; x_wconf 82' lang='lat' dir='ltr'><strong><em>Pe-</em></strong></span> 
     </span>
    </p>
   </div>
   <div class='ocr_carea' id='block_1_20' title="bbox 2218 536 2996 610">
    <p class='ocr_par' dir='ltr' id='par_1_20' title="bbox 2218 536 2996 610">
     <span class='ocr_line' id='line_1_20' title="bbox 2218 536 2996 610; baseline -0.01 -11"><span class='ocrx_word' id='word_1_143' title='bbox 2218 550 2301 599; x_wconf 89' lang='lat' dir='ltr'><strong><em>tro</em></strong></span> <span class='ocrx_word' id='word_1_144' title='bbox 2329 541 2621 606; x_wconf 86' lang='lat' dir='ltr'><strong><em>Galesinio,</em></strong></span> <span class='ocrx_word' id='word_1_145' title='bbox 2652 555 2744 610; x_wconf 86' lang='lat' dir='ltr'><strong><em>pp.</em></strong></span> <span class='ocrx_word' id='word_1_146' title='bbox 2770 536 2996 593; x_wconf 82' lang='lat'><strong><em>85-181.</em></strong></span> 
     </span>
    </p>
   </div>
   <div class='ocr_carea' id='block_1_21' title="bbox 2286 625 3807 701">
    <p class='ocr_par' dir='ltr' id='par_1_21' title="bbox 2286 625 3807 701">
     <span class='ocr_line' id='line_1_21' title="bbox 2286 625 3807 701; baseline -0.005 -11"><span class='ocrx_word' id='word_1_147' title='bbox 2286 633 2550 691; x_wconf 81' lang='lat' dir='ltr'><strong><em>Editionis</em></strong></span> <span class='ocrx_word' id='word_1_148' title='bbox 2590 631 2749 701; x_wconf 81' lang='lat' dir='ltr'><strong><em>hujus</em></strong></span> <span class='ocrx_word' id='word_1_149' title='bbox 2776 631 2889 699; x_wconf 88' lang='lat' dir='ltr'><strong><em>jam</em></strong></span> <span class='ocrx_word' id='word_1_150' title='bbox 2936 629 2993 684; x_wconf 90' lang='lat' dir='ltr'><strong><em>in</em></strong></span> <span class='ocrx_word' id='word_1_151' title='bbox 3028 628 3205 700; x_wconf 83' lang='lat' dir='ltr'><strong><em>primo</em></strong></span> <span class='ocrx_word' id='word_1_152' title='bbox 3243 634 3393 683; x_wconf 73' lang='lat' dir='ltr'><strong><em>temo</em></strong></span> <span class='ocrx_word' id='word_1_153' title='bbox 3413 625 3596 697; x_wconf 62' lang='lat' dir='ltr'><strong><em>operi</em></strong></span> <span class='ocrx_word' id='word_1_154' title='bbox 3631 626 3807 687; x_wconf 78' lang='lat' dir='ltr'><strong><em>nostri</em></strong></span> 
     </span>
    </p>
   </div>
   <div class='ocr_carea' id='block_1_22' title="bbox 2215 717 3808 785">
    <p class='ocr_par' dir='ltr' id='par_1_22' title="bbox 2215 717 3808 785">
     <span class='ocr_line' id='line_1_22' title="bbox 2215 717 3808 785; baseline -0.004 -2"><span class='ocrx_word' id='word_1_155' title='bbox 2215 728 2282 783; x_wconf 88' lang='lat' dir='ltr'><strong><em>ad</em></strong></span> <span class='ocrx_word' id='word_1_156' title='bbox 2309 726 2599 783; x_wconf 86' lang='lat' dir='ltr'><strong><em>Pacianum</em></strong></span> <span class='ocrx_word' id='word_1_157' title='bbox 2632 724 2963 780; x_wconf 68' lang='lat' dir='ltr'><strong><em>intentionem</em></strong></span> <span class='ocrx_word' id='word_1_158' title='bbox 2981 720 3222 785; x_wconf 75' lang='lat' dir='ltr'><strong><em>iecimus,</em></strong></span> <span class='ocrx_word' id='word_1_159' title='bbox 3255 734 3357 775; x_wconf 89' lang='lat' dir='ltr'><strong><em>nec</em></strong></span> <span class='ocrx_word' id='word_1_160' title='bbox 3379 732 3512 775; x_wconf 80' lang='lat' dir='ltr'><strong><em>sane</em></strong></span> <span class='ocrx_word' id='word_1_161' title='bbox 3536 717 3808 777; x_wconf 67' lang='lat' dir='ltr'><strong><em>Maximus</em></strong></span> 
     </span>
    </p>
   </div>
   <div class='ocr_carea' id='block_1_23' title="bbox 2214 809 3811 891">
    <p class='ocr_par' dir='ltr' id='par_1_23' title="bbox 2214 809 3811 891">
     <span class='ocr_line' id='line_1_23' title="bbox 2214 809 3811 891; baseline -0.008 -15"><span class='ocrx_word' id='word_1_162' title='bbox 2214 820 2333 891; x_wconf 86' lang='lat' dir='ltr'><strong><em>plus</em></strong></span> <span class='ocrx_word' id='word_1_163' title='bbox 2361 819 2427 874; x_wconf 88' lang='lat' dir='ltr'><strong><em>ab</em></strong></span> <span class='ocrx_word' id='word_1_164' title='bbox 2453 834 2519 873; x_wconf 87' lang='lat' dir='ltr'><strong><em>eo</em></strong></span> <span class='ocrx_word' id='word_1_165' title='bbox 2543 830 2704 888; x_wconf 85' lang='lat' dir='ltr'><strong><em>quam</em></strong></span> <span class='ocrx_word' id='word_1_166' title='bbox 2733 814 2995 869; x_wconf 83' lang='lat' dir='ltr'><strong><em>Pacianus</em></strong></span> <span class='ocrx_word' id='word_1_167' title='bbox 3021 812 3153 868; x_wconf 86' lang='lat' dir='ltr'><strong><em>lucri</em></strong></span> <span class='ocrx_word' id='word_1_168' title='bbox 3182 810 3324 871; x_wconf 72' lang='lat' dir='ltr'><strong><em>facit.</em></strong></span> <span class='ocrx_word' id='word_1_169' title='bbox 3366 809 3511 867; x_wconf 67' lang='lat' dir='ltr'><strong><em>Nihil</em></strong></span> <span class='ocrx_word' id='word_1_170' title='bbox 3536 810 3683 867; x_wconf 86' lang='lat' dir='ltr'><strong><em>enim</em></strong></span> <span class='ocrx_word' id='word_1_171' title='bbox 3703 825 3811 865; x_wconf 69' lang='lat' dir='ltr'><strong><em>no~</em></strong></span> 
     </span>
    </p>
   </div>
   <div class='ocr_carea' id='block_1_24' title="bbox 2215 901 3803 977">
    <p class='ocr_par' dir='ltr' id='par_1_24' title="bbox 2215 901 3803 977">
     <span class='ocr_line' id='line_1_24' title="bbox 2215 901 3803 977; baseline -0.005 -10"><span class='ocrx_word' id='word_1_172' title='bbox 2215 921 2387 967; x_wconf 87' lang='lat' dir='ltr'><strong><em>tarum</em></strong></span> <span class='ocrx_word' id='word_1_173' title='bbox 2418 909 2677 975; x_wconf 88' lang='lat' dir='ltr'><strong><em>accessit,</em></strong></span> <span class='ocrx_word' id='word_1_174' title='bbox 2720 905 2815 962; x_wconf 86' lang='lat' dir='ltr'><strong><em>sed</em></strong></span> <span class='ocrx_word' id='word_1_175' title='bbox 2842 921 2911 962; x_wconf 79' lang='lat' dir='ltr'><strong><em>ex</em></strong></span> <span class='ocrx_word' id='word_1_176' title='bbox 2937 903 3185 977; x_wconf 82' lang='lat' dir='ltr'><strong><em>Gymnici</em></strong></span> <span class='ocrx_word' id='word_1_177' title='bbox 3218 902 3456 959; x_wconf 77' lang='lat' dir='ltr'><strong><em>editione</em></strong></span> <span class='ocrx_word' id='word_1_178' title='bbox 3485 901 3803 973; x_wconf 71' lang='lat' dir='ltr'><strong><em>simpliciter</em></strong></span> 
     </span>
    </p>
   </div>
   <div class='ocr_carea' id='block_1_25' title="bbox 2214 993 3808 1073">
    <p class='ocr_par' dir='ltr' id='par_1_25' title="bbox 2214 993 3808 1073">
     <span class='ocr_line' id='line_1_25' title="bbox 2214 993 3808 1073; baseline -0.005 -15"><span class='ocrx_word' id='word_1_179' title='bbox 2214 1011 2336 1058; x_wconf 89' lang='lat' dir='ltr'><strong><em>sunt</em></strong></span> <span class='ocrx_word' id='word_1_180' title='bbox 2365 1002 2605 1073; x_wconf 67' lang='lat' dir='ltr'><strong><em>repetitae</em></strong></span> <span class='ocrx_word' id='word_1_181' title='bbox 2642 1000 2865 1071; x_wconf 69' lang='lat' dir='ltr'><strong><em>prtelixo</em></strong></span> <span class='ocrx_word' id='word_1_182' title='bbox 2902 1011 3116 1069; x_wconf 82' lang='lat' dir='ltr'><strong><em>quoque</em></strong></span> <span class='ocrx_word' id='word_1_183' title='bbox 3150 994 3343 1052; x_wconf 79' lang='lat' dir='ltr'><strong><em>eodem</em></strong></span> <span class='ocrx_word' id='word_1_184' title='bbox 3367 993 3543 1051; x_wconf 64' lang='lat' dir='ltr'><strong><em>inlice</em></strong></span> <span class='ocrx_word' id='word_1_185' title='bbox 3571 1001 3630 1051; x_wconf 84' lang='lat' dir='ltr'><strong><em>et</em></strong></span> <span class='ocrx_word' id='word_1_186' title='bbox 3653 993 3808 1051; x_wconf 77' lang='lat' dir='ltr'><strong><em>Gen-</em></strong></span> 
     </span>
    </p>
   </div>
   <div class='ocr_carea' id='block_1_26' title="bbox 2215 1084 3809 1148">
    <p class='ocr_par' dir='ltr' id='par_1_26' title="bbox 2215 1084 3809 1148">
     <span class='ocr_line' id='line_1_26' title="bbox 2215 1084 3809 1148; baseline -0.003 0"><span class='ocrx_word' id='word_1_187' title='bbox 2215 1093 2355 1148; x_wconf 88' lang='lat' dir='ltr'><strong><em>nadii</em></strong></span> <span class='ocrx_word' id='word_1_188' title='bbox 2412 1092 2739 1147; x_wconf 82' lang='lat' dir='ltr'><strong><em>testimonio.</em></strong></span> <span class='ocrx_word' id='word_1_189' title='bbox 2816 1088 3183 1144; x_wconf 78' lang='lat' dir='ltr'><strong><em>Admonemur</em></strong></span> <span class='ocrx_word' id='word_1_190' title='bbox 3226 1094 3407 1144; x_wconf 82' lang='lat' dir='ltr'><strong><em>autem</em></strong></span> <span class='ocrx_word' id='word_1_191' title='bbox 3458 1102 3492 1142; x_wconf 83' lang='lat' dir='ltr'><strong><em>a</em></strong></span> <span class='ocrx_word' id='word_1_192' title='bbox 3550 1084 3809 1147; x_wconf 71' lang='lat' dir='ltr'><strong><em>Brumae</em></strong></span> 
     </span>
    </p>
   </div>
   <div class='ocr_carea' id='block_1_27' title="bbox 2213 1176 3808 1252">
    <p class='ocr_par' dir='ltr' id='par_1_27' title="bbox 2213 1176 3808 1252">
     <span class='ocr_line' id='line_1_27' title="bbox 2213 1176 3808 1252; baseline -0.003 -11"><span class='ocrx_word' id='word_1_193' title='bbox 2213 1186 2415 1249; x_wconf 81' lang='lat' dir='ltr'><strong><em>Bruno,</em></strong></span> <span class='ocrx_word' id='word_1_194' title='bbox 2459 1183 2641 1238; x_wconf 87' lang='lat' dir='ltr'><strong><em>binam</em></strong></span> <span class='ocrx_word' id='word_1_195' title='bbox 2681 1176 2927 1252; x_wconf 74' lang='lat' dir='ltr'><strong><em>hujusce</em></strong></span> <span class='ocrx_word' id='word_1_196' title='bbox 2954 1178 3290 1237; x_wconf 79' lang='lat' dir='ltr'><strong><em>collectionis</em></strong></span> <span class='ocrx_word' id='word_1_197' title='bbox 3326 1176 3544 1239; x_wconf 80' lang='lat' dir='ltr'><strong><em>Patrum</em></strong></span> <span class='ocrx_word' id='word_1_198' title='bbox 3588 1186 3808 1237; x_wconf 55' lang='lat' dir='ltr'><strong><em>exstat!</em></strong></span> 
     </span>
    </p>
   </div>
   <div class='ocr_carea' id='block_1_28' title="bbox 2212 1270 3806 1350">
    <p class='ocr_par' dir='ltr' id='par_1_28' title="bbox 2212 1270 3806 1350">
     <span class='ocr_line' id='line_1_28' title="bbox 2212 1270 3806 1350; baseline -0.003 -17"><span class='ocrx_word' id='word_1_199' title='bbox 2212 1277 2523 1339; x_wconf 76' lang='lat' dir='ltr'><strong><em>editionem,</em></strong></span> <span class='ocrx_word' id='word_1_200' title='bbox 2546 1276 2737 1350; x_wconf 81' lang='lat' dir='ltr'><strong><em>eodem</em></strong></span> <span class='ocrx_word' id='word_1_201' title='bbox 2759 1289 2923 1340; x_wconf 92' lang='lat' dir='ltr'><strong><em>anno,</em></strong></span> <span class='ocrx_word' id='word_1_202' title='bbox 2951 1272 3143 1328; x_wconf 84' lang='lat' dir='ltr'><strong><em>eodem</em></strong></span> <span class='ocrx_word' id='word_1_203' title='bbox 3163 1272 3479 1329; x_wconf 78' lang='lat' dir='ltr'><strong><em>charactere</em></strong></span> <span class='ocrx_word' id='word_1_204' title='bbox 3496 1270 3806 1343; x_wconf 81' lang='lat' dir='ltr'><strong><em>eademque</em></strong></span> 
     </span>
    </p>
   </div>
   <div class='ocr_carea' id='block_1_29' title="bbox 2213 1364 3807 1441">
    <p class='ocr_par' dir='ltr' id='par_1_29' title="bbox 2213 1364 3807 1441">
     <span class='ocr_line' id='line_1_29' title="bbox 2213 1364 3807 1441; baseline -0.003 -16"><span class='ocrx_word' id='word_1_205' title='bbox 2213 1371 2407 1441; x_wconf 77' lang='lat' dir='ltr'><strong><em>forma,</em></strong></span> <span class='ocrx_word' id='word_1_206' title='bbox 2448 1386 2479 1426; x_wconf 89' lang='lat' dir='ltr'><strong><em>a</em></strong></span> <span class='ocrx_word' id='word_1_207' title='bbox 2512 1367 2784 1423; x_wconf 86' lang='lat' dir='ltr'><strong><em>Galesinio</em></strong></span> <span class='ocrx_word' id='word_1_208' title='bbox 2840 1367 3109 1435; x_wconf 72' lang='lat' dir='ltr'><strong><em>vulgatam</em></strong></span> <span class='ocrx_word' id='word_1_209' title='bbox 3138 1383 3151 1423; x_wconf 86' lang='lat'><strong>:</strong></span> <span class='ocrx_word' id='word_1_210' title='bbox 3184 1365 3410 1435; x_wconf 81' lang='lat' dir='ltr'><strong><em>primam</em></strong></span> <span class='ocrx_word' id='word_1_211' title='bbox 3450 1364 3596 1420; x_wconf 83' lang='lat' dir='ltr'><strong><em>enim</em></strong></span> <span class='ocrx_word' id='word_1_212' title='bbox 3633 1372 3807 1421; x_wconf 84' lang='lat' dir='ltr'><strong><em>testa-</em></strong></span> 
     </span>
    </p>
   </div>
   <div class='ocr_carea' id='block_1_30' title="bbox 2213 1456 3807 1526">
    <p class='ocr_par' dir='ltr' id='par_1_30' title="bbox 2213 1456 3807 1526">
     <span class='ocr_line' id='line_1_30' title="bbox 2213 1456 3807 1526; baseline -0.004 -7"><span class='ocrx_word' id='word_1_213' title='bbox 2213 1474 2301 1519; x_wconf 89' lang='lat' dir='ltr'><strong><em>tur</em></strong></span> <span class='ocrx_word' id='word_1_214' title='bbox 2328 1463 2428 1519; x_wconf 87' lang='lat' dir='ltr'><strong><em>sibi</em></strong></span> <span class='ocrx_word' id='word_1_215' title='bbox 2457 1462 2509 1516; x_wconf 93' lang='lat' dir='ltr'><strong><em>in</em></strong></span> <span class='ocrx_word' id='word_1_216' title='bbox 2538 1456 2913 1516; x_wconf 86' lang='lat' dir='ltr'><strong><em>concinna&#39;nda</em></strong></span> <span class='ocrx_word' id='word_1_217' title='bbox 2938 1457 3235 1513; x_wconf 76' lang='lat' dir='ltr'><strong><em>novissima</em></strong></span> <span class='ocrx_word' id='word_1_218' title='bbox 3256 1456 3579 1513; x_wconf 73' lang='lat' dir='ltr'><strong><em>colloctioue</em></strong></span> <span class='ocrx_word' id='word_1_219' title='bbox 3604 1464 3807 1526; x_wconf 59' lang='lat' dir='ltr'><strong><em>praesto</em></strong></span> 
     </span>
    </p>
   </div>
   <div class='ocr_carea' id='block_1_31' title="bbox 2215 1545 3807 1617">
    <p class='ocr_par' dir='ltr' id='par_1_31' title="bbox 2215 1545 3807 1617">
     <span class='ocr_line' id='line_1_31' title="bbox 2215 1545 3807 1617; baseline -0.006 -5"><span class='ocrx_word' id='word_1_220' title='bbox 2215 1557 2381 1612; x_wconf 83' lang='lat' dir='ltr'><strong><em>fuisse</em></strong></span> <span class='ocrx_word' id='word_1_221' title='bbox 2429 1570 2497 1610; x_wconf 76' lang='lat' dir='ltr'><strong><em>ex</em></strong></span> <span class='ocrx_word' id='word_1_222' title='bbox 2542 1552 2865 1608; x_wconf 79' lang='lat' dir='ltr'><strong><em>bibliotheca</em></strong></span> <span class='ocrx_word' id='word_1_223' title='bbox 2913 1549 3152 1604; x_wconf 75' lang='lat' dir='ltr'><strong><em>Floreat.</em></strong></span> <span class='ocrx_word' id='word_1_224' title='bbox 3213 1547 3426 1617; x_wconf 69' lang='lat' dir='ltr'><strong><em>collegii</em></strong></span> <span class='ocrx_word' id='word_1_225' title='bbox 3472 1545 3531 1605; x_wconf 82' lang='lat' dir='ltr'><strong><em>S.</em></strong></span> <span class='ocrx_word' id='word_1_226' title='bbox 3580 1546 3807 1607; x_wconf 74' lang='lat' dir='ltr'><strong><em>Joannis</em></strong></span> 
     </span>
    </p>
   </div>
   <div class='ocr_carea' id='block_1_32' title="bbox 2215 1638 3807 1715">
    <p class='ocr_par' dir='ltr' id='par_1_32' title="bbox 2215 1638 3807 1715">
     <span class='ocr_line' id='line_1_32' title="bbox 2215 1638 3807 1715; baseline -0.003 -14"><span class='ocrx_word' id='word_1_227' title='bbox 2215 1645 2588 1715; x_wconf 70' lang='lat' dir='ltr'><strong><em>Evangelistse,</em></strong></span> <span class='ocrx_word' id='word_1_228' title='bbox 2620 1644 2845 1698; x_wconf 75' lang='lat' dir='ltr'><strong><em>alteram</em></strong></span> <span class='ocrx_word' id='word_1_229' title='bbox 2874 1648 3053 1696; x_wconf 85' lang='lat' dir='ltr'><strong><em>autem</em></strong></span> <span class='ocrx_word' id='word_1_230' title='bbox 3091 1638 3263 1697; x_wconf 82' lang='lat' dir='ltr'><strong><em>multo</em></strong></span> <span class='ocrx_word' id='word_1_231' title='bbox 3305 1638 3396 1697; x_wconf 84' lang='lat' dir='ltr'><strong><em>illa</em></strong></span> <span class='ocrx_word' id='word_1_232' title='bbox 3423 1638 3807 1710; x_wconf 65' lang='lat' dir='ltr'><strong><em>perfectiora:</em></strong></span> 
     </span>
    </p>
   </div>
   <div class='ocr_carea' id='block_1_33' title="bbox 528 1730 2113 1830">
    <p class='ocr_par' dir='ltr' id='par_1_33' title="bbox 528 1730 2111 1830">
     <span class='ocr_line' id='line_1_33' title="bbox 528 1730 2111 1830; baseline -0.005 -20"><span class='ocrx_word' id='word_1_233' title='bbox 528 1746 694 1815; x_wconf 78' lang='lat' dir='ltr'><strong><em>cibum</em></strong></span> <span class='ocrx_word' id='word_1_234' title='bbox 733 1758 968 1830; x_wconf 80' lang='lat' dir='ltr'><strong><em>agendis,</em></strong></span> <span class='ocrx_word' id='word_1_235' title='bbox 1066 1757 1126 1827; x_wconf 78' lang='lat' dir='ltr'><strong><em>ll.</em></strong></span> <span class='ocrx_word' id='word_1_236' title='bbox 1180 1756 1257 1811; x_wconf 88' lang='lat' dir='ltr'><strong><em>De</em></strong></span> <span class='ocrx_word' id='word_1_237' title='bbox 1302 1756 1522 1825; x_wconf 75' lang='lat' dir='ltr'><strong><em>avaritia</em></strong></span> <span class='ocrx_word' id='word_1_238' title='bbox 1570 1753 1801 1819; x_wconf 77' lang='lat' dir='ltr'><strong><em>vitanda,</em></strong></span> <span class='ocrx_word' id='word_1_239' title='bbox 1841 1751 1881 1815; x_wconf 89' lang='lat' dir='ltr'><strong><em>l,</em></strong></span> <span class='ocrx_word' id='word_1_240' title='bbox 1925 1730 2111 1815; x_wconf 14' lang='lat' dir='ltr'><strong><em>ll.‘De</em></strong></span> 
     </span>
    </p>
   </div>
   <div class='ocr_carea' id='block_1_34' title="bbox 2220 1730 3805 1830">
    <p class='ocr_par' dir='ltr' id='par_1_34' title="bbox 2220 1730 3805 1808">
     <span class='ocr_line' id='line_1_34' title="bbox 2220 1730 3805 1808; baseline -0.006 -14"><span class='ocrx_word' id='word_1_241' title='bbox 2220 1749 2271 1794; x_wconf 91' lang='lat' dir='ltr'><strong><em>et</em></strong></span> <span class='ocrx_word' id='word_1_242' title='bbox 2289 1736 2698 1808; x_wconf 88' lang='lat' dir='ltr'><strong><em>completiorem</em></strong></span> <span class='ocrx_word' id='word_1_243' title='bbox 2725 1733 2909 1793; x_wconf 63' lang='lat' dir='ltr'><strong><em>Romae</em></strong></span> <span class='ocrx_word' id='word_1_244' title='bbox 2935 1747 3055 1791; x_wconf 82' lang='lat' dir='ltr'><strong><em>sese</em></strong></span> <span class='ocrx_word' id='word_1_245' title='bbox 3076 1738 3295 1789; x_wconf 86' lang='lat' dir='ltr'><strong><em>nactum</em></strong></span> <span class='ocrx_word' id='word_1_246' title='bbox 3319 1731 3504 1798; x_wconf 82' lang='lat' dir='ltr'><strong><em>fuisse,</em></strong></span> <span class='ocrx_word' id='word_1_247' title='bbox 3526 1730 3805 1803; x_wconf 75' lang='lat' dir='ltr'><strong><em>additque,</em></strong></span> 
     </span>
    </p>
   </div>
   <div class='ocr_carea' id='block_1_35' title="bbox 529 1841 2109 1921">
    <p class='ocr_par' dir='ltr' id='par_1_35' title="bbox 529 1841 2109 1921">
     <span class='ocr_line' id='line_1_35' title="bbox 529 1841 2109 1921; baseline -0.004 -20"><span class='ocrx_word' id='word_1_248' title='bbox 529 1849 860 1918; x_wconf 77' lang='lat' dir='ltr'><strong><em>eleemosynis</em></strong></span> <span class='ocrx_word' id='word_1_249' title='bbox 899 1850 1204 1921; x_wconf 85' lang='lat' dir='ltr'><strong><em>largiendis,</em></strong></span> <span class='ocrx_word' id='word_1_250' title='bbox 1242 1848 1281 1916; x_wconf 89' lang='lat' dir='ltr'><strong><em>l,</em></strong></span> <span class='ocrx_word' id='word_1_251' title='bbox 1314 1848 1378 1905; x_wconf 92' lang='lat' dir='ltr'><strong><em>ll.</em></strong></span> <span class='ocrx_word' id='word_1_252' title='bbox 1427 1847 1506 1901; x_wconf 88' lang='lat' dir='ltr'><strong><em>De</em></strong></span> <span class='ocrx_word' id='word_1_253' title='bbox 1541 1846 1916 1917; x_wconf 82' lang='lat' dir='ltr'><strong><em>hospitalitate,</em></strong></span> <span class='ocrx_word' id='word_1_254' title='bbox 1946 1843 1985 1897; x_wconf 87' lang='grc' dir='ltr'>Ι.</span> <span class='ocrx_word' id='word_1_255' title='bbox 2029 1841 2109 1895; x_wconf 88' lang='lat' dir='ltr'><strong><em>De</em></strong></span> 
     </span>
    </p>
   </div>
   <div class='ocr_carea' id='block_1_36' title="bbox 528 1934 2109 2013">
    <p class='ocr_par' dir='ltr' id='par_1_36' title="bbox 528 1934 2109 2013">
     <span class='ocr_line' id='line_1_36' title="bbox 528 1934 2109 2013; baseline -0.003 -21"><span class='ocrx_word' id='word_1_256' title='bbox 528 1939 732 2010; x_wconf 71' lang='lat' dir='ltr'><strong><em>defectu</em></strong></span> <span class='ocrx_word' id='word_1_257' title='bbox 780 1940 938 2008; x_wconf 64' lang='lat' dir='ltr'><strong><em>lunas,</em></strong></span> <span class='ocrx_word' id='word_1_258' title='bbox 968 1940 1008 1994; x_wconf 90' lang='grc' dir='ltr'>Ι.</span> <span class='ocrx_word' id='word_1_259' title='bbox 1078 1940 1246 2013; x_wconf 87' lang='lat' dir='ltr'><strong><em>Super</em></strong></span> <span class='ocrx_word' id='word_1_260' title='bbox 1284 1940 1415 1994; x_wconf 88' lang='lat' dir='ltr'><strong><em>illud</em></strong></span> <span class='ocrx_word' id='word_1_261' title='bbox 1454 1939 1613 1999; x_wconf 71' lang='lat' dir='ltr'><strong><em>Isaite</em></strong></span> <span class='ocrx_word' id='word_1_262' title='bbox 1646 1956 1662 1992; x_wconf 91' lang='lat'><em>:</em></span> <span class='ocrx_word' id='word_1_263' title='bbox 1704 1938 1987 2007; x_wconf 83' lang='lat' dir='ltr'><strong><em>Canpones</em></strong></span> <span class='ocrx_word' id='word_1_264' title='bbox 2033 1934 2109 1989; x_wconf 87' lang='lat' dir='ltr'><strong><em>tui</em></strong></span> 
     </span>
    </p>
   </div>
   <div class='ocr_carea' id='block_1_37' title="bbox 528 2030 2109 2109">
    <p class='ocr_par' dir='ltr' id='par_1_37' title="bbox 528 2030 2109 2109">
     <span class='ocr_line' id='line_1_37' title="bbox 528 2030 2109 2109; baseline -0.004 -20"><span class='ocrx_word' id='word_1_265' title='bbox 528 2032 754 2109; x_wconf 77' lang='lat' dir='ltr'><strong><em>miscent</em></strong></span> <span class='ocrx_word' id='word_1_266' title='bbox 806 2048 999 2103; x_wconf 87' lang='lat' dir='ltr'><strong><em>aquam</em></strong></span> <span class='ocrx_word' id='word_1_267' title='bbox 1054 2033 1213 2096; x_wconf 88' lang='lat' dir='ltr'><strong><em>vino,</em></strong></span> <span class='ocrx_word' id='word_1_268' title='bbox 1264 2032 1304 2099; x_wconf 81' lang='grc' dir='ltr'>ι.</span> <span class='ocrx_word' id='word_1_269' title='bbox 1368 2032 1586 2089; x_wconf 86' lang='lat' dir='ltr'><strong><em>Summa</em></strong></span> <span class='ocrx_word' id='word_1_270' title='bbox 1633 2030 1701 2084; x_wconf 75' lang='grc'><strong><em>74</em></strong></span> <span class='ocrx_word' id='word_1_271' title='bbox 1758 2030 2109 2095; x_wconf 84' lang='lat' dir='ltr'><strong><em>Homiliarum</em></strong></span> 
     </span>
    </p>
   </div>
   <div class='ocr_carea' id='block_1_38' title="bbox 526 2120 2107 2202">
    <p class='ocr_par' dir='ltr' id='par_1_38' title="bbox 526 2120 2107 2202">
     <span class='ocr_line' id='line_1_38' title="bbox 526 2120 2107 2202; baseline -0.002 -24"><span class='ocrx_word' id='word_1_272' title='bbox 526 2121 897 2202; x_wconf 66' lang='lat' dir='ltr'><strong><em>Chrysostomi</em></strong></span> <span class='ocrx_word' id='word_1_273' title='bbox 922 2134 1045 2182; x_wconf 90' lang='lat' dir='ltr'><strong><em>sunt</em></strong></span> <span class='ocrx_word' id='word_1_274' title='bbox 1069 2124 1155 2189; x_wconf 74' lang='lat'><strong><em>12,</em></strong></span> <span class='ocrx_word' id='word_1_275' title='bbox 1188 2140 1400 2199; x_wconf 87' lang='lat' dir='ltr'><strong><em>unaque</em></strong></span> <span class='ocrx_word' id='word_1_276' title='bbox 1430 2132 1691 2201; x_wconf 77' lang='lat' dir='ltr'><strong><em>praeterea</em></strong></span> <span class='ocrx_word' id='word_1_277' title='bbox 1711 2120 1972 2195; x_wconf 75' lang='lat' dir='ltr'><strong><em>Origcnis.</em></strong></span> <span class='ocrx_word' id='word_1_278' title='bbox 2020 2120 2107 2175; x_wconf 90' lang='lat' dir='ltr'><strong><em>ln-</em></strong></span> 
     </span>
    </p>
   </div>
   <div class='ocr_carea' id='block_1_39' title="bbox 524 2214 2108 2291">
    <p class='ocr_par' dir='ltr' id='par_1_39' title="bbox 524 2214 2108 2291">
     <span class='ocr_line' id='line_1_39' title="bbox 524 2214 2108 2291; baseline -0.001 -22"><span class='ocrx_word' id='word_1_279' title='bbox 524 2214 629 2270; x_wconf 83' lang='lat' dir='ltr'><strong><em>dex</em></strong></span> <span class='ocrx_word' id='word_1_280' title='bbox 668 2216 722 2269; x_wconf 91' lang='lat' dir='ltr'><strong><em>in</em></strong></span> <span class='ocrx_word' id='word_1_281' title='bbox 764 2216 921 2271; x_wconf 83' lang='lat' dir='ltr'><strong><em>titulo</em></strong></span> <span class='ocrx_word' id='word_1_282' title='bbox 959 2217 1251 2286; x_wconf 89' lang='lat' dir='ltr'><strong><em>promissus</em></strong></span> <span class='ocrx_word' id='word_1_283' title='bbox 1291 2233 1398 2271; x_wconf 91' lang='lat' dir='ltr'><strong><em>non</em></strong></span> <span class='ocrx_word' id='word_1_284' title='bbox 1440 2216 1575 2270; x_wconf 91' lang='lat' dir='ltr'><strong><em>alius</em></strong></span> <span class='ocrx_word' id='word_1_285' title='bbox 1609 2222 1690 2271; x_wconf 88' lang='lat' dir='ltr'><strong><em>est</em></strong></span> <span class='ocrx_word' id='word_1_286' title='bbox 1716 2230 1877 2291; x_wconf 86' lang='lat' dir='ltr'><strong><em>quam</em></strong></span> <span class='ocrx_word' id='word_1_287' title='bbox 1920 2216 2108 2270; x_wconf 85' lang='lat' dir='ltr'><strong><em>harum</em></strong></span> 
     </span>
    </p>
   </div>
   <div class='ocr_carea' id='block_1_40' title="bbox 526 2305 2108 2379">
    <p class='ocr_par' dir='ltr' id='par_1_40' title="bbox 526 2305 2108 2379">
     <span class='ocr_line' id='line_1_40' title="bbox 526 2305 2108 2379; baseline 0.002 -20"><span class='ocrx_word' id='word_1_288' title='bbox 526 2305 763 2375; x_wconf 90' lang='lat' dir='ltr'><strong><em>ipsarum</em></strong></span> <span class='ocrx_word' id='word_1_289' title='bbox 805 2308 1175 2373; x_wconf 88' lang='lat' dir='ltr'><strong><em>homiliarum,</em></strong></span> <span class='ocrx_word' id='word_1_290' title='bbox 1214 2324 1334 2379; x_wconf 76' lang='lat' dir='ltr'><strong><em>qua:</em></strong></span> <span class='ocrx_word' id='word_1_291' title='bbox 1369 2308 1543 2369; x_wconf 82' lang='lat' dir='ltr'><strong><em>verbis</em></strong></span> <span class='ocrx_word' id='word_1_292' title='bbox 1570 2308 1862 2363; x_wconf 89' lang='lat' dir='ltr'><strong><em>initialibus</em></strong></span> <span class='ocrx_word' id='word_1_293' title='bbox 1890 2308 2108 2377; x_wconf 71' lang='lat' dir='ltr'><strong><em>singula:</em></strong></span> 
     </span>
    </p>
   </div>
   <div class='ocr_carea' id='block_1_41' title="bbox 524 2397 1975 2471">
    <p class='ocr_par' dir='ltr' id='par_1_41' title="bbox 524 2397 1975 2471">
     <span class='ocr_line' id='line_1_41' title="bbox 524 2397 1975 2471; baseline 0 -19"><span class='ocrx_word' id='word_1_294' title='bbox 524 2397 909 2471; x_wconf 72' lang='lat' dir='ltr'><strong><em>signiﬁcantur.</em></strong></span> <span class='ocrx_word' id='word_1_295' title='bbox 935 2397 1282 2471; x_wconf 68' lang='lat' dir='ltr'><strong><em>Pruanittilur</em></strong></span> <span class='ocrx_word' id='word_1_296' title='bbox 1302 2397 1564 2463; x_wconf 84' lang='lat' dir='ltr'><strong><em>Geunadii</em></strong></span> <span class='ocrx_word' id='word_1_297' title='bbox 1594 2399 1975 2457; x_wconf 89' lang='lat' dir='ltr'><strong><em>testimonium.</em></strong></span> 
     </span>
    </p>
   </div>
   <div class='ocr_carea' id='block_1_42' title="bbox 528 2484 1392 2547">
    <p class='ocr_par' dir='ltr' id='par_1_42' title="bbox 528 2484 1392 2547">
     <span class='ocr_line' id='line_1_42' title="bbox 528 2484 1392 2547; baseline -0.019 11"><span class='ocrx_word' id='word_1_298' title='bbox 528 2484 533 2489; x_wconf 88' lang='grc'><em>’</em></span> <span class='ocrx_word' id='word_1_299' title='bbox 1237 2488 1392 2547; x_wconf 70' lang='grc'>1555.</span> 
     </span>
    </p>
   </div>
   <div class='ocr_carea' id='block_1_43' title="bbox 596 2578 2105 2657">
    <p class='ocr_par' dir='ltr' id='par_1_43' title="bbox 596 2578 2105 2657">
     <span class='ocr_line' id='line_1_43' title="bbox 596 2578 2105 2657; baseline -0.002 -18"><span class='ocrx_word' id='word_1_300' title='bbox 596 2579 838 2649; x_wconf 72' lang='lat' dir='ltr'><strong><em>Basilem,</em></strong></span> <span class='ocrx_word' id='word_1_301' title='bbox 872 2596 968 2657; x_wconf 86' lang='lat' dir='ltr'><strong><em>per</em></strong></span> <span class='ocrx_word' id='word_1_302' title='bbox 990 2578 1212 2651; x_wconf 74' lang='lat' dir='ltr'><strong><em>Hieron.</em></strong></span> <span class='ocrx_word' id='word_1_303' title='bbox 1247 2580 1479 2653; x_wconf 80' lang='lat' dir='ltr'><strong><em>Froben.</em></strong></span> <span class='ocrx_word' id='word_1_304' title='bbox 1512 2589 1567 2637; x_wconf 91' lang='lat' dir='ltr'><strong><em>et</em></strong></span> <span class='ocrx_word' id='word_1_305' title='bbox 1594 2581 1708 2637; x_wconf 89' lang='lat' dir='ltr'><strong><em>Nic.</em></strong></span> <span class='ocrx_word' id='word_1_306' title='bbox 1740 2580 2105 2653; x_wconf 88' lang='lat' dir='ltr'><strong><em>Episcopium,</em></strong></span> 
     </span>
    </p>
   </div>
   <div class='ocr_carea' id='block_1_44' title="bbox 526 2668 2109 2747">
    <p class='ocr_par' dir='ltr' id='par_1_44' title="bbox 526 2668 2109 2747">
     <span class='ocr_line' id='line_1_44' title="bbox 526 2668 2109 2747; baseline 0.002 -22"><span class='ocrx_word' id='word_1_307' title='bbox 526 2668 709 2741; x_wconf 67' lang='grc' dir='ltr'><strong><em>ᾔει-1⁸01.</em></strong></span> <span class='ocrx_word' id='word_1_308' title='bbox 740 2671 795 2727; x_wconf 92' lang='lat' dir='ltr'><strong><em>S.</em></strong></span> <span class='ocrx_word' id='word_1_309' title='bbox 834 2672 1050 2729; x_wconf 80' lang='lat' dir='ltr'><strong><em>Maximi</em></strong></span> <span class='ocrx_word' id='word_1_310' title='bbox 1079 2672 1424 2747; x_wconf 77' lang='lat' dir='ltr'><strong><em>Taurinensis</em></strong></span> <span class='ocrx_word' id='word_1_311' title='bbox 1461 2691 1765 2741; x_wconf 83' lang='lat' dir='ltr'><strong><em>sermones;</em></strong></span> <span class='ocrx_word' id='word_1_312' title='bbox 1811 2675 1948 2729; x_wconf 90' lang='lat' dir='ltr'><strong><em>inter</em></strong></span> <span class='ocrx_word' id='word_1_313' title='bbox 1978 2674 2109 2728; x_wconf 82' lang='lat' dir='ltr'><strong><em>Am-</em></strong></span> 
     </span>
    </p>
   </div>
   <div class='ocr_carea' id='block_1_45' title="bbox 525 2756 2109 2841">
    <p class='ocr_par' dir='ltr' id='par_1_45' title="bbox 525 2756 2109 2841">
     <span class='ocr_line' id='line_1_45' title="bbox 525 2756 2109 2841; baseline 0.001 -23"><span class='ocrx_word' id='word_1_314' title='bbox 525 2756 781 2819; x_wconf 88' lang='lat' dir='ltr'><strong><em>brosiano</em></strong></span> <span class='ocrx_word' id='word_1_315' title='bbox 813 2763 969 2833; x_wconf 82' lang='lat' dir='ltr'><strong><em>vulgo</em></strong></span> <span class='ocrx_word' id='word_1_316' title='bbox 994 2763 1167 2819; x_wconf 89' lang='lat' dir='ltr'><strong><em>dictos</em></strong></span> <span class='ocrx_word' id='word_1_317' title='bbox 1197 2764 1252 2820; x_wconf 88' lang='lat' dir='ltr'><strong><em>in</em></strong></span> <span class='ocrx_word' id='word_1_318' title='bbox 1282 2773 1430 2820; x_wconf 88' lang='lat' dir='ltr'><strong><em>tomo</em></strong></span> <span class='ocrx_word' id='word_1_319' title='bbox 1451 2764 1515 2819; x_wconf 92' lang='lat' dir='ltr'><strong><em>Ill</em></strong></span> <span class='ocrx_word' id='word_1_320' title='bbox 1537 2782 1664 2841; x_wconf 88' lang='lat' dir='ltr'><strong><em>opp.</em></strong></span> <span class='ocrx_word' id='word_1_321' title='bbox 1700 2765 1969 2821; x_wconf 86' lang='lat' dir='ltr'><strong><em>Ambrosii</em></strong></span> <span class='ocrx_word' id='word_1_322' title='bbox 1996 2764 2109 2821; x_wconf 90' lang='lat' dir='ltr'><strong><em>edi-</em></strong></span> 
     </span>
    </p>
   </div>
   <div class='ocr_carea' id='block_1_46' title="bbox 532 2858 1732 2932">
    <p class='ocr_par' dir='ltr' id='par_1_46' title="bbox 532 2858 1732 2932">
     <span class='ocr_line' id='line_1_46' title="bbox 532 2858 1732 2932; baseline -0.001 -18"><span class='ocrx_word' id='word_1_323' title='bbox 532 2860 695 2916; x_wconf 90' lang='lat' dir='ltr'><strong><em>tionis</em></strong></span> <span class='ocrx_word' id='word_1_324' title='bbox 722 2858 1347 2925; x_wconf 77' lang='lat' dir='ltr'><strong><em>Erasmo-Costerianzn.,</em></strong></span> <span class='ocrx_word' id='word_1_325' title='bbox 1378 2876 1471 2932; x_wconf 88' lang='lat' dir='ltr'><strong><em>pp.</em></strong></span> <span class='ocrx_word' id='word_1_326' title='bbox 1494 2858 1732 2914; x_wconf 69' lang='lat'><strong><em>225-525</em></strong></span> 
     </span>
    </p>
   </div>
   <div class='ocr_carea' id='block_1_47' title="bbox 522 2953 2112 3025">
    <p class='ocr_par' dir='ltr' id='par_1_47' title="bbox 522 2953 2112 3025">
     <span class='ocr_line' id='line_1_47' title="bbox 522 2953 2112 3025; baseline 0.001 -20"><span class='ocrx_word' id='word_1_327' title='bbox 522 2964 572 3017; x_wconf 75' lang='lat' dir='ltr'><strong><em>_o</em></strong></span> <span class='ocrx_word' id='word_1_328' title='bbox 596 2954 690 3011; x_wconf 89' lang='lat' dir='ltr'><strong><em>lsti</em></strong></span> <span class='ocrx_word' id='word_1_329' title='bbox 717 2954 933 3025; x_wconf 85' lang='lat' dir='ltr'><strong><em>quidem</em></strong></span> <span class='ocrx_word' id='word_1_330' title='bbox 962 2969 1241 3025; x_wconf 85' lang='lat' dir='ltr'><strong><em>sermones</em></strong></span> <span class='ocrx_word' id='word_1_331' title='bbox 1266 2970 1372 3009; x_wconf 89' lang='lat' dir='ltr'><strong><em>nou</em></strong></span> <span class='ocrx_word' id='word_1_332' title='bbox 1397 2955 1450 3009; x_wconf 91' lang='lat' dir='ltr'><strong><em>in</em></strong></span> <span class='ocrx_word' id='word_1_333' title='bbox 1481 2955 1581 3017; x_wconf 83' lang='lat' dir='ltr'><strong><em>hac</em></strong></span> <span class='ocrx_word' id='word_1_334' title='bbox 1606 2954 1822 3009; x_wconf 89' lang='lat' dir='ltr'><strong><em>demum</em></strong></span> <span class='ocrx_word' id='word_1_335' title='bbox 1843 2953 2112 3008; x_wconf 81' lang='lat' dir='ltr'><strong><em>Ambrosii</em></strong></span> 
     </span>
    </p>
   </div>
   <div class='ocr_carea' id='block_1_48' title="bbox 528 3044 2109 3125">
    <p class='ocr_par' dir='ltr' id='par_1_48' title="bbox 528 3044 2109 3125">
     <span class='ocr_line' id='line_1_48' title="bbox 528 3044 2109 3125; baseline -0.001 -22"><span class='ocrx_word' id='word_1_336' title='bbox 528 3048 761 3104; x_wconf 85' lang='lat' dir='ltr'><strong><em>editione</em></strong></span> <span class='ocrx_word' id='word_1_337' title='bbox 797 3047 991 3117; x_wconf 81' lang='lat' dir='ltr'><strong><em>prolati</em></strong></span> <span class='ocrx_word' id='word_1_338' title='bbox 1030 3055 1182 3110; x_wconf 90' lang='lat' dir='ltr'><strong><em>sunt,</em></strong></span> <span class='ocrx_word' id='word_1_339' title='bbox 1229 3046 1324 3105; x_wconf 89' lang='lat' dir='ltr'><strong><em>sed</em></strong></span> <span class='ocrx_word' id='word_1_340' title='bbox 1350 3061 1502 3116; x_wconf 66' lang='lat' dir='ltr'><strong><em>teque</em></strong></span> <span class='ocrx_word' id='word_1_341' title='bbox 1532 3047 1586 3101; x_wconf 92' lang='lat' dir='ltr'><strong><em>in</em></strong></span> <span class='ocrx_word' id='word_1_342' title='bbox 1614 3046 1784 3125; x_wconf 87' lang='lat' dir='ltr'><strong><em>prima</em></strong></span> <span class='ocrx_word' id='word_1_343' title='bbox 1810 3046 1919 3116; x_wconf 86' lang='lat' dir='ltr'><strong><em>jam</em></strong></span> <span class='ocrx_word' id='word_1_344' title='bbox 1950 3044 2109 3101; x_wconf 88' lang='lat' dir='ltr'><strong><em>Eras-</em></strong></span> 
     </span>
    </p>
   </div>
   <div class='ocr_carea' id='block_1_49' title="bbox 2214 1823 3808 1900">
    <p class='ocr_par' dir='ltr' id='par_1_49' title="bbox 2214 1823 3808 1900">
     <span class='ocr_line' id='line_1_49' title="bbox 2214 1823 3808 1900; baseline -0.004 -10"><span class='ocrx_word' id='word_1_345' title='bbox 2214 1851 2321 1890; x_wconf 91' lang='lat' dir='ltr'><strong><em>non</em></strong></span> <span class='ocrx_word' id='word_1_346' title='bbox 2350 1832 2482 1889; x_wconf 85' lang='lat' dir='ltr'><strong><em>satis</em></strong></span> <span class='ocrx_word' id='word_1_347' title='bbox 2509 1830 2761 1887; x_wconf 87' lang='lat' dir='ltr'><strong><em>admirari</em></strong></span> <span class='ocrx_word' id='word_1_348' title='bbox 2790 1828 3061 1900; x_wconf 86' lang='lat' dir='ltr'><strong><em>potuisse,</em></strong></span> <span class='ocrx_word' id='word_1_349' title='bbox 3095 1826 3240 1897; x_wconf 82' lang='lat' dir='ltr'><strong><em>quod</em></strong></span> <span class='ocrx_word' id='word_1_350' title='bbox 3278 1841 3313 1882; x_wconf 87' lang='lat' dir='ltr'><strong><em>a</em></strong></span> <span class='ocrx_word' id='word_1_351' title='bbox 3340 1823 3613 1883; x_wconf 61' lang='lat' dir='ltr'><strong><em>Galtisinio</em></strong></span> <span class='ocrx_word' id='word_1_352' title='bbox 3641 1825 3808 1883; x_wconf 75' lang='lat' dir='ltr'><strong><em>silen-</em></strong></span> 
     </span>
    </p>
   </div>
   <div class='ocr_carea' id='block_1_50' title="bbox 2210 1913 3807 1996">
    <p class='ocr_par' dir='ltr' id='par_1_50' title="bbox 2210 1913 3807 1996">
     <span class='ocr_line' id='line_1_50' title="bbox 2210 1913 3807 1996; baseline -0.004 -16"><span class='ocrx_word' id='word_1_353' title='bbox 2210 1927 2287 1980; x_wconf 86' lang='lat' dir='ltr'><strong><em>tio</em></strong></span> <span class='ocrx_word' id='word_1_354' title='bbox 2308 1922 2666 1996; x_wconf 72' lang='lat' dir='ltr'><strong><em>przetermissa</em></strong></span> <span class='ocrx_word' id='word_1_355' title='bbox 2700 1918 2879 1983; x_wconf 84' lang='lat' dir='ltr'><strong><em>fuerit,</em></strong></span> <span class='ocrx_word' id='word_1_356' title='bbox 2904 1933 3013 1981; x_wconf 88' lang='lat' dir='ltr'><strong><em>nec</em></strong></span> <span class='ocrx_word' id='word_1_357' title='bbox 3050 1918 3253 1983; x_wconf 86' lang='lat' dir='ltr'><strong><em>minus,</em></strong></span> <span class='ocrx_word' id='word_1_358' title='bbox 3297 1916 3445 1985; x_wconf 86' lang='lat' dir='ltr'><strong><em>quod</em></strong></span> <span class='ocrx_word' id='word_1_359' title='bbox 3463 1916 3532 1971; x_wconf 87' lang='lat' dir='ltr'><strong><em>de</em></strong></span> <span class='ocrx_word' id='word_1_360' title='bbox 3558 1913 3807 1988; x_wconf 86' lang='lat' dir='ltr'><strong><em>Gymnici</em></strong></span> 
     </span>
    </p>
   </div>
   <div class='ocr_carea' id='block_1_51' title="bbox 2210 2006 3802 2085">
    <p class='ocr_par' dir='ltr' id='par_1_51' title="bbox 2210 2006 3802 2085">
     <span class='ocr_line' id='line_1_51' title="bbox 2210 2006 3802 2085; baseline -0.004 -14"><span class='ocrx_word' id='word_1_361' title='bbox 2210 2016 2445 2071; x_wconf 85' lang='lat' dir='ltr'><strong><em>editione</em></strong></span> <span class='ocrx_word' id='word_1_362' title='bbox 2484 2027 2705 2085; x_wconf 85' lang='lat' dir='ltr'><strong><em>prorsus</em></strong></span> <span class='ocrx_word' id='word_1_363' title='bbox 2748 2011 2840 2065; x_wconf 90' lang='lat' dir='ltr'><strong><em>ille</em></strong></span> <span class='ocrx_word' id='word_1_364' title='bbox 2886 2017 3087 2065; x_wconf 78' lang='lat' dir='ltr'><strong><em>taceat.</em></strong></span> <span class='ocrx_word' id='word_1_365' title='bbox 3127 2008 3236 2064; x_wconf 85' lang='lat' dir='ltr'><strong><em>Sed</em></strong></span> <span class='ocrx_word' id='word_1_366' title='bbox 3280 2006 3427 2078; x_wconf 89' lang='lat' dir='ltr'><strong><em>quod</em></strong></span> <span class='ocrx_word' id='word_1_367' title='bbox 3462 2014 3802 2078; x_wconf 85' lang='lat' dir='ltr'><strong><em>postremum</em></strong></span> 
     </span>
    </p>
   </div>
   <div class='ocr_carea' id='block_1_52' title="bbox 2210 2099 3806 2173">
    <p class='ocr_par' dir='ltr' id='par_1_52' title="bbox 2210 2099 3806 2173">
     <span class='ocr_line' id='line_1_52' title="bbox 2210 2099 3806 2173; baseline -0.003 -12"><span class='ocrx_word' id='word_1_368' title='bbox 2210 2107 2406 2161; x_wconf 82' lang='lat' dir='ltr'><strong><em>attinet</em></strong></span> <span class='ocrx_word' id='word_1_369' title='bbox 2430 2121 2537 2161; x_wconf 90' lang='lat' dir='ltr'><strong><em>non</em></strong></span> <span class='ocrx_word' id='word_1_370' title='bbox 2582 2111 2867 2173; x_wconf 82' lang='lat' dir='ltr'><strong><em>tantopere</em></strong></span> <span class='ocrx_word' id='word_1_371' title='bbox 2893 2100 3178 2157; x_wconf 86' lang='lat' dir='ltr'><strong><em>mirabitur</em></strong></span> <span class='ocrx_word' id='word_1_372' title='bbox 3203 2100 3297 2170; x_wconf 79' lang='lat' dir='ltr'><strong><em>qui</em></strong></span> <span class='ocrx_word' id='word_1_373' title='bbox 3331 2099 3645 2169; x_wconf 70' lang='lat' dir='ltr'><strong><em>cognoverit</em></strong></span> <span class='ocrx_word' id='word_1_374' title='bbox 3686 2099 3806 2157; x_wconf 82' lang='lat' dir='ltr'><strong><em>nul-</em></strong></span> 
     </span>
    </p>
   </div>
   <div class='ocr_carea' id='block_1_53' title="bbox 2214 2190 3806 2265">
    <p class='ocr_par' dir='ltr' id='par_1_53' title="bbox 2214 2190 3806 2265">
     <span class='ocr_line' id='line_1_53' title="bbox 2214 2190 3806 2265; baseline -0.005 -10"><span class='ocrx_word' id='word_1_375' title='bbox 2214 2202 2314 2256; x_wconf 85' lang='lat' dir='ltr'><strong><em>lius</em></strong></span> <span class='ocrx_word' id='word_1_376' title='bbox 2348 2201 2570 2256; x_wconf 89' lang='lat' dir='ltr'><strong><em>omnino</em></strong></span> <span class='ocrx_word' id='word_1_377' title='bbox 2595 2197 2851 2254; x_wconf 84' lang='lat' dir='ltr'><strong><em>editionis</em></strong></span> <span class='ocrx_word' id='word_1_378' title='bbox 2893 2194 3185 2265; x_wconf 84' lang='lat' dir='ltr'><strong><em>superioris</em></strong></span> <span class='ocrx_word' id='word_1_379' title='bbox 3226 2193 3560 2263; x_wconf 79' lang='lat' dir='ltr'><strong><em>mentionem</em></strong></span> <span class='ocrx_word' id='word_1_380' title='bbox 3586 2207 3617 2249; x_wconf 88' lang='lat' dir='ltr'><strong><em>a</em></strong></span> <span class='ocrx_word' id='word_1_381' title='bbox 3644 2190 3806 2248; x_wconf 72' lang='lat' dir='ltr'><strong><em>Gale-</em></strong></span> 
     </span>
    </p>
   </div>
   <div class='ocr_carea' id='block_1_54' title="bbox 2210 2294 2741 2350">
    <p class='ocr_par' dir='ltr' id='par_1_54' title="bbox 2210 2294 2741 2350">
     <span class='ocr_line' id='line_1_54' title="bbox 2210 2294 2741 2350; baseline -0.004 -1"><span class='ocrx_word' id='word_1_382' title='bbox 2210 2295 2353 2349; x_wconf 89' lang='lat' dir='ltr'><strong><em>sinio</em></strong></span> <span class='ocrx_word' id='word_1_383' title='bbox 2377 2294 2572 2350; x_wconf 80' lang='lat' dir='ltr'><strong><em>iactam</em></strong></span> <span class='ocrx_word' id='word_1_384' title='bbox 2601 2307 2741 2349; x_wconf 82' lang='lat' dir='ltr'><strong><em>esse.</em></strong></span> 
     </span>
    </p>
   </div>
   <div class='ocr_carea' id='block_1_55' title="bbox 2960 2380 3088 2437">
    <p class='ocr_par' dir='ltr' id='par_1_55' title="bbox 2960 2380 3088 2437">
     <span class='ocr_line' id='line_1_55' title="bbox 2960 2380 3088 2437; baseline -0.008 0"><span class='ocrx_word' id='word_1_385' title='bbox 2960 2380 3088 2437; x_wconf 80' lang='lat'><strong><em>579.</em></strong></span> 
     </span>
    </p>
   </div>
   <div class='ocr_carea' id='block_1_56' title="bbox 2281 2491 3805 2570">
    <p class='ocr_par' dir='ltr' id='par_1_56' title="bbox 2281 2491 3805 2570">
     <span class='ocr_line' id='line_1_56' title="bbox 2281 2491 3805 2570; baseline -0.005 -14"><span class='ocrx_word' id='word_1_386' title='bbox 2281 2499 2519 2556; x_wconf 74' lang='lat' dir='ltr'><strong><em>Colonia:</em></strong></span> <span class='ocrx_word' id='word_1_387' title='bbox 2553 2497 2886 2570; x_wconf 75' lang='lat' dir='ltr'><strong><em>Agrippinae,</em></strong></span> <span class='ocrx_word' id='word_1_388' title='bbox 2919 2495 3061 2568; x_wconf 86' lang='lat' dir='ltr'><strong><em>apud</em></strong></span> <span class='ocrx_word' id='word_1_389' title='bbox 3088 2493 3243 2551; x_wconf 81' lang='lat' dir='ltr'><strong><em>Joan.</em></strong></span> <span class='ocrx_word' id='word_1_390' title='bbox 3287 2491 3543 2550; x_wconf 80' lang='lat' dir='ltr'><strong><em>Carolum</em></strong></span> <span class='ocrx_word' id='word_1_391' title='bbox 3586 2491 3805 2549; x_wconf 79' lang='lat' dir='ltr'><strong><em>Munich</em></strong></span> 
     </span>
    </p>
   </div>
   <div class='ocr_carea' id='block_1_57' title="bbox 2213 2581 3805 2659">
    <p class='ocr_par' dir='ltr' id='par_1_57' title="bbox 2213 2581 3805 2659">
     <span class='ocr_line' id='line_1_57' title="bbox 2213 2581 3805 2659; baseline -0.007 -10"><span class='ocrx_word' id='word_1_392' title='bbox 2213 2602 2267 2649; x_wconf 87' lang='lat' dir='ltr'><strong><em>et</em></strong></span> <span class='ocrx_word' id='word_1_393' title='bbox 2293 2591 2513 2659; x_wconf 85' lang='lat' dir='ltr'><strong><em>Petrum</em></strong></span> <span class='ocrx_word' id='word_1_394' title='bbox 2536 2590 2794 2657; x_wconf 84' lang='lat' dir='ltr'><strong><em>Ketteler,</em></strong></span> <span class='ocrx_word' id='word_1_395' title='bbox 2836 2586 2972 2644; x_wconf 70' lang='lat' dir='ltr'><strong><em>in-tl.</em></strong></span> <span class='ocrx_word' id='word_1_396' title='bbox 3014 2585 3070 2643; x_wconf 93' lang='lat' dir='ltr'><strong><em>S.</em></strong></span> <span class='ocrx_word' id='word_1_397' title='bbox 3098 2585 3317 2641; x_wconf 79' lang='lat' dir='ltr'><strong><em>Maximi</em></strong></span> <span class='ocrx_word' id='word_1_398' title='bbox 3349 2583 3587 2655; x_wconf 84' lang='lat' dir='ltr'><strong><em>episcopi</em></strong></span> <span class='ocrx_word' id='word_1_399' title='bbox 3610 2581 3805 2638; x_wconf 84' lang='lat' dir='ltr'><strong><em>Tauri-</em></strong></span> 
     </span>
    </p>
   </div>
   <div class='ocr_carea' id='block_1_58' title="bbox 2212 2666 3833 2753">
    <p class='ocr_par' dir='ltr' id='par_1_58' title="bbox 2212 2666 3833 2753">
     <span class='ocr_line' id='line_1_58' title="bbox 2212 2666 3833 2753; baseline -0.005 -12"><span class='ocrx_word' id='word_1_400' title='bbox 2212 2686 2393 2753; x_wconf 85' lang='lat' dir='ltr'><strong><em>nensis</em></strong></span> <span class='ocrx_word' id='word_1_401' title='bbox 2410 2684 2642 2740; x_wconf 80' lang='lat' dir='ltr'><strong><em>humilia:</em></strong></span> <span class='ocrx_word' id='word_1_402' title='bbox 2664 2683 2925 2737; x_wconf 86' lang='lat' dir='ltr'><strong><em>hiemales</em></strong></span> <span class='ocrx_word' id='word_1_403' title='bbox 2945 2688 2999 2736; x_wconf 90' lang='lat' dir='ltr'><strong><em>et</em></strong></span> <span class='ocrx_word' id='word_1_404' title='bbox 3025 2679 3290 2736; x_wconf 70' lang='lat' dir='ltr'><strong><em>mstivales</em></strong></span> <span class='ocrx_word' id='word_1_405' title='bbox 3308 2678 3513 2749; x_wconf 87' lang='lat' dir='ltr'><strong><em>pariter</em></strong></span> <span class='ocrx_word' id='word_1_406' title='bbox 3529 2676 3802 2746; x_wconf 71' lang='lat' dir='ltr'><strong><em>insignes;</em></strong></span> <span class='ocrx_word' id='word_1_407' title='bbox 3830 2666 3833 2671; x_wconf 55' lang='grc'><em>’</em></span> 
     </span>
    </p>
   </div>
   <div class='ocr_carea' id='block_1_59' title="bbox 2212 2769 3809 2846">
    <p class='ocr_par' dir='ltr' id='par_1_59' title="bbox 2212 2769 3809 2846">
     <span class='ocr_line' id='line_1_59' title="bbox 2212 2769 3809 2846; baseline -0.005 -13"><span class='ocrx_word' id='word_1_408' title='bbox 2212 2794 2336 2833; x_wconf 89' lang='lat' dir='ltr'><strong><em>cum</em></strong></span> <span class='ocrx_word' id='word_1_409' title='bbox 2365 2776 2509 2832; x_wconf 89' lang='lat' dir='ltr'><strong><em>Petri</em></strong></span> <span class='ocrx_word' id='word_1_410' title='bbox 2548 2773 2867 2846; x_wconf 80' lang='lat' dir='ltr'><strong><em>Cbrysologi</em></strong></span> <span class='ocrx_word' id='word_1_411' title='bbox 2913 2771 3257 2828; x_wconf 87' lang='lat' dir='ltr'><strong><em>sermonibus</em></strong></span> <span class='ocrx_word' id='word_1_412' title='bbox 3292 2771 3346 2824; x_wconf 90' lang='lat' dir='ltr'><strong><em>h.</em></strong></span> <span class='ocrx_word' id='word_1_413' title='bbox 3381 2785 3432 2823; x_wconf 89' lang='lat' dir='ltr'><strong><em>a.</em></strong></span> <span class='ocrx_word' id='word_1_414' title='bbox 3464 2776 3521 2825; x_wconf 88' lang='lat' dir='ltr'><strong><em>et</em></strong></span> <span class='ocrx_word' id='word_1_415' title='bbox 3544 2769 3667 2825; x_wconf 86' lang='lat' dir='ltr'><strong><em>loco</em></strong></span> <span class='ocrx_word' id='word_1_416' title='bbox 3694 2771 3809 2841; x_wconf 84' lang='lat' dir='ltr'><strong><em>pri-</em></strong></span> 
     </span>
    </p>
   </div>
   <div class='ocr_carea' id='block_1_60' title="bbox 2217 2862 3809 2926">
    <p class='ocr_par' dir='ltr' id='par_1_60' title="bbox 2217 2862 3809 2926">
     <span class='ocr_line' id='line_1_60' title="bbox 2217 2862 3809 2926; baseline -0.005 0"><span class='ocrx_word' id='word_1_417' title='bbox 2217 2886 2364 2926; x_wconf 87' lang='lat' dir='ltr'><strong><em>mum</em></strong></span> <span class='ocrx_word' id='word_1_418' title='bbox 2395 2869 2448 2924; x_wconf 92' lang='lat' dir='ltr'><strong><em>in</em></strong></span> <span class='ocrx_word' id='word_1_419' title='bbox 2478 2867 2765 2924; x_wconf 88' lang='lat' dir='ltr'><strong><em>Germania</em></strong></span> <span class='ocrx_word' id='word_1_420' title='bbox 2794 2865 2970 2923; x_wconf 88' lang='lat' dir='ltr'><strong><em>editis.</em></strong></span> <span class='ocrx_word' id='word_1_421' title='bbox 3020 2863 3182 2921; x_wconf 79' lang='lat' dir='ltr'><strong><em>Deest</em></strong></span> <span class='ocrx_word' id='word_1_422' title='bbox 3225 2863 3384 2919; x_wconf 80' lang='lat' dir='ltr'><strong><em>index</em></strong></span> <span class='ocrx_word' id='word_1_423' title='bbox 3411 2876 3722 2919; x_wconf 84' lang='lat' dir='ltr'><strong><em>sermonum</em></strong></span> <span class='ocrx_word' id='word_1_424' title='bbox 3751 2862 3809 2918; x_wconf 85' lang='lat' dir='ltr'><strong><em>in</em></strong></span> 
     </span>
    </p>
   </div>
   <div class='ocr_carea' id='block_1_61' title="bbox 2217 2960 2686 3033">
    <p class='ocr_par' dir='ltr' id='par_1_61' title="bbox 2217 2960 2686 3033">
     <span class='ocr_line' id='line_1_61' title="bbox 2217 2960 2686 3033; baseline -0.002 -17"><span class='ocrx_word' id='word_1_425' title='bbox 2217 2962 2393 3033; x_wconf 89' lang='lat' dir='ltr'><strong><em>prima</em></strong></span> <span class='ocrx_word' id='word_1_426' title='bbox 2421 2960 2686 3030; x_wconf 85' lang='lat' dir='ltr'><strong><em>adjectus.</em></strong></span> 
     </span>
    </p>
   </div>
   <div class='ocr_carea' id='block_1_62' title="bbox 2790 3046 3080 3104">
    <p class='ocr_par' dir='ltr' id='par_1_62' title="bbox 2790 3046 3080 3104">
     <span class='ocr_line' id='line_1_62' title="bbox 2790 3046 3080 3104; baseline -0.007 0"><span class='ocrx_word' id='word_1_427' title='bbox 2790 3046 2807 3055; x_wconf 74' lang='grc'><strong>“</strong></span> <span class='ocrx_word' id='word_1_428' title='bbox 2921 3048 3080 3104; x_wconf 80' lang='grc'>1581.</span> 
     </span>
    </p>
   </div>
   <div class='ocr_carea' id='block_1_63' title="bbox 528 3118 2113 3235">
    <p class='ocr_par' dir='ltr' id='par_1_63' title="bbox 528 3118 2110 3211">
     <span class='ocr_line' id='line_1_63' title="bbox 528 3118 2110 3211; baseline -0.003 -15"><span class='ocrx_word' id='word_1_429' title='bbox 528 3141 702 3207; x_wconf 84' lang='lat' dir='ltr'><strong><em>miana</em></strong></span> <span class='ocrx_word' id='word_1_430' title='bbox 743 3146 1094 3210; x_wconf 73' lang='lat' dir='ltr'><strong><em>comparent:</em></strong></span> <span class='ocrx_word' id='word_1_431' title='bbox 1137 3145 1191 3195; x_wconf 87' lang='lat' dir='ltr'><strong><em>et</em></strong></span> <span class='ocrx_word' id='word_1_432' title='bbox 1232 3138 1286 3199; x_wconf 88' lang='lat' dir='ltr'><strong><em>in</em></strong></span> <span class='ocrx_word' id='word_1_433' title='bbox 1324 3118 1689 3211; x_wconf 84' lang='lat' dir='ltr'><strong><em>superioribus</em></strong></span> <span class='ocrx_word' id='word_1_434' title='bbox 1718 3137 2110 3192; x_wconf 87' lang='lat' dir='ltr'><strong><em>Basileensibus</em></strong></span> 
     </span>
    </p>
   </div>
   <div class='ocr_carea' id='block_1_64' title="bbox 2220 3118 3810 3235">
    <p class='ocr_par' dir='ltr' id='par_1_64' title="bbox 2288 3160 3810 3235">
     <span class='ocr_line' id='line_1_64' title="bbox 2288 3160 3810 3235; baseline -0.003 -15"><span class='ocrx_word' id='word_1_435' title='bbox 2288 3165 2670 3222; x_wconf 87' lang='lat' dir='ltr'><strong><em>Mediolani...</em></strong></span> <span class='ocrx_word' id='word_1_436' title='bbox 2694 3206 2706 3219; x_wconf 95' lang='lat'><strong><em>.</em></strong></span> <span class='ocrx_word' id='word_1_437' title='bbox 2732 3206 2745 3220; x_wconf 97' lang='lat'><strong><em>.</em></strong></span> <span class='ocrx_word' id='word_1_438' title='bbox 2794 3162 2850 3221; x_wconf 88' lang='lat' dir='ltr'><strong><em>S.</em></strong></span> <span class='ocrx_word' id='word_1_439' title='bbox 2902 3162 3119 3219; x_wconf 79' lang='lat' dir='ltr'><strong><em>Maximi</em></strong></span> <span class='ocrx_word' id='word_1_440' title='bbox 3174 3161 3414 3235; x_wconf 89' lang='lat' dir='ltr'><strong><em>episcopi</em></strong></span> <span class='ocrx_word' id='word_1_441' title='bbox 3461 3160 3810 3216; x_wconf 84' lang='lat' dir='ltr'><strong><em>Taurinensis</em></strong></span> 
     </span>
    </p>
   </div>
   <div class='ocr_carea' id='block_1_65' title="bbox 527 3227 2114 3302">
    <p class='ocr_par' dir='ltr' id='par_1_65' title="bbox 527 3227 2114 3302">
     <span class='ocr_line' id='line_1_65' title="bbox 527 3227 2114 3302; baseline -0.004 -15"><span class='ocrx_word' id='word_1_442' title='bbox 527 3230 740 3287; x_wconf 75' lang='lat' dir='ltr'><strong><em>luerunt</em></strong></span> <span class='ocrx_word' id='word_1_443' title='bbox 768 3230 927 3298; x_wconf 88' lang='lat' dir='ltr'><strong><em>editi;</em></strong></span> <span class='ocrx_word' id='word_1_444' title='bbox 959 3244 1092 3302; x_wconf 83' lang='lat' dir='ltr'><strong><em>quas</em></strong></span> <span class='ocrx_word' id='word_1_445' title='bbox 1120 3244 1308 3285; x_wconf 88' lang='lat' dir='ltr'><strong><em>omnes</em></strong></span> <span class='ocrx_word' id='word_1_446' title='bbox 1332 3267 1347 3294; x_wconf 94' lang='lat'><strong><em>,</em></strong></span> <span class='ocrx_word' id='word_1_447' title='bbox 1392 3229 1438 3285; x_wconf 88' lang='lat' dir='ltr'><strong><em>si</em></strong></span> <span class='ocrx_word' id='word_1_448' title='bbox 1466 3228 1645 3296; x_wconf 87' lang='lat' dir='ltr'><strong><em>lubet,</em></strong></span> <span class='ocrx_word' id='word_1_449' title='bbox 1677 3228 1868 3300; x_wconf 86' lang='lat' dir='ltr'><strong><em>aliquis</em></strong></span> <span class='ocrx_word' id='word_1_450' title='bbox 1895 3227 2114 3281; x_wconf 75' lang='lat' dir='ltr'><strong><em>Maximi</em></strong></span> 
     </span>
    </p>
   </div>
   <div class='ocr_carea' id='block_1_66' title="bbox 526 3318 2112 3395">
    <p class='ocr_par' dir='ltr' id='par_1_66' title="bbox 526 3318 2112 3395">
     <span class='ocr_line' id='line_1_66' title="bbox 526 3318 2112 3395; baseline -0.003 -19"><span class='ocrx_word' id='word_1_451' title='bbox 526 3321 852 3383; x_wconf 87' lang='lat' dir='ltr'><strong><em>editionibus</em></strong></span> <span class='ocrx_word' id='word_1_452' title='bbox 890 3327 1190 3383; x_wconf 88' lang='lat' dir='ltr'><strong><em>accenseat.</em></strong></span> <span class='ocrx_word' id='word_1_453' title='bbox 1237 3318 1345 3381; x_wconf 83' lang='lat' dir='ltr'><strong><em>Sed</em></strong></span> <span class='ocrx_word' id='word_1_454' title='bbox 1372 3322 1497 3395; x_wconf 85' lang='lat' dir='ltr'><strong><em>quia</em></strong></span> <span class='ocrx_word' id='word_1_455' title='bbox 1533 3329 1716 3391; x_wconf 68' lang='lat' dir='ltr'><strong><em>nostra</em></strong></span> <span class='ocrx_word' id='word_1_456' title='bbox 1744 3336 1853 3375; x_wconf 90' lang='lat' dir='ltr'><strong><em>non</em></strong></span> <span class='ocrx_word' id='word_1_457' title='bbox 1885 3328 1994 3373; x_wconf 90' lang='lat' dir='ltr'><strong><em>tam</em></strong></span> <span class='ocrx_word' id='word_1_458' title='bbox 2024 3334 2112 3373; x_wconf 90' lang='lat' dir='ltr'><strong><em>re-</em></strong></span> 
     </span>
    </p>
   </div>
   <div class='ocr_carea' id='block_1_67' title="bbox 527 3411 2113 3486">
    <p class='ocr_par' dir='ltr' id='par_1_67' title="bbox 527 3411 2113 3486">
     <span class='ocr_line' id='line_1_67' title="bbox 527 3411 2113 3486; baseline -0.003 -17"><span class='ocrx_word' id='word_1_459' title='bbox 527 3413 631 3471; x_wconf 78' lang='lat' dir='ltr'><strong><em>fert</em></strong></span> <span class='ocrx_word' id='word_1_460' title='bbox 659 3416 799 3471; x_wconf 88' lang='lat' dir='ltr'><strong><em>scire</em></strong></span> <span class='ocrx_word' id='word_1_461' title='bbox 826 3414 1084 3486; x_wconf 87' lang='lat' dir='ltr'><strong><em>quidquid</em></strong></span> <span class='ocrx_word' id='word_1_462' title='bbox 1125 3430 1193 3469; x_wconf 76' lang='lat' dir='ltr'><strong><em>ex</em></strong></span> <span class='ocrx_word' id='word_1_463' title='bbox 1236 3412 1452 3471; x_wconf 79' lang='lat' dir='ltr'><strong><em>Maximi</em></strong></span> <span class='ocrx_word' id='word_1_464' title='bbox 1478 3413 1916 3468; x_wconf 84' lang='lat' dir='ltr'><strong><em>meditationibus</em></strong></span> <span class='ocrx_word' id='word_1_465' title='bbox 1948 3411 2113 3466; x_wconf 87' lang='lat' dir='ltr'><strong><em>tacito</em></strong></span> 
     </span>
    </p>
   </div>
   <div class='ocr_carea' id='block_1_68' title="bbox 516 3500 2113 3575">
    <p class='ocr_par' dir='ltr' id='par_1_68' title="bbox 516 3500 2113 3575">
     <span class='ocr_line' id='line_1_68' title="bbox 516 3500 2113 3575; baseline -0.003 -14"><span class='ocrx_word' id='word_1_466' title='bbox 516 3500 763 3562; x_wconf 75' lang='lat' dir='ltr'><strong><em>auctoris</em></strong></span> <span class='ocrx_word' id='word_1_467' title='bbox 801 3507 885 3561; x_wconf 86' lang='lat' dir='ltr'><strong><em>vel</em></strong></span> <span class='ocrx_word' id='word_1_468' title='bbox 914 3505 1051 3561; x_wconf 88' lang='lat' dir='ltr'><strong><em>adeo</em></strong></span> <span class='ocrx_word' id='word_1_469' title='bbox 1085 3506 1183 3562; x_wconf 89' lang='lat' dir='ltr'><strong><em>sub</em></strong></span> <span class='ocrx_word' id='word_1_470' title='bbox 1220 3505 1440 3565; x_wconf 89' lang='lat' dir='ltr'><strong><em>alterius</em></strong></span> <span class='ocrx_word' id='word_1_471' title='bbox 1467 3505 1684 3560; x_wconf 76' lang='lat' dir='ltr'><strong><em>nomine</em></strong></span> <span class='ocrx_word' id='word_1_472' title='bbox 1710 3505 1911 3575; x_wconf 88' lang='lat' dir='ltr'><strong><em>passim</em></strong></span> <span class='ocrx_word' id='word_1_473' title='bbox 1948 3519 2113 3559; x_wconf 82' lang='lat' dir='ltr'><strong><em>excu-</em></strong></span> 
     </span>
    </p>
   </div>
   <div class='ocr_carea' id='block_1_69' title="bbox 529 3588 2117 3673">
    <p class='ocr_par' dir='ltr' id='par_1_69' title="bbox 529 3588 2117 3673">
     <span class='ocr_line' id='line_1_69' title="bbox 529 3588 2117 3673; baseline -0.004 -20"><span class='ocrx_word' id='word_1_474' title='bbox 529 3613 650 3653; x_wconf 89' lang='lat' dir='ltr'><strong><em>sum</em></strong></span> <span class='ocrx_word' id='word_1_475' title='bbox 676 3598 766 3673; x_wconf 78' lang='lat' dir='ltr'><strong><em>sit,</em></strong></span> <span class='ocrx_word' id='word_1_476' title='bbox 791 3588 952 3669; x_wconf 78' lang='lat' dir='ltr'><strong><em>quam</em></strong></span> <span class='ocrx_word' id='word_1_477' title='bbox 973 3613 1093 3670; x_wconf 73' lang='lat' dir='ltr'><strong><em>qum</em></strong></span> <span class='ocrx_word' id='word_1_478' title='bbox 1113 3598 1197 3655; x_wconf 89' lang='lat' dir='ltr'><strong><em>vel</em></strong></span> <span class='ocrx_word' id='word_1_479' title='bbox 1216 3588 1464 3670; x_wconf 87' lang='lat' dir='ltr'><strong><em>primitus</em></strong></span> <span class='ocrx_word' id='word_1_480' title='bbox 1492 3611 1687 3652; x_wconf 90' lang='lat' dir='ltr'><strong><em>nomen</em></strong></span> <span class='ocrx_word' id='word_1_481' title='bbox 1717 3596 1833 3673; x_wconf 86' lang='lat' dir='ltr'><strong><em>ejus</em></strong></span> <span class='ocrx_word' id='word_1_482' title='bbox 1853 3595 2117 3665; x_wconf 84' lang='lat' dir='ltr'><strong><em>gesserint</em></strong></span> 
     </span>
    </p>
   </div>
   <div class='ocr_carea' id='block_1_70' title="bbox 514 3674 2116 3765">
    <p class='ocr_par' dir='ltr' id='par_1_70' title="bbox 514 3674 2116 3765">
     <span class='ocr_line' id='line_1_70' title="bbox 514 3674 2116 3765; baseline -0.003 -22"><span class='ocrx_word' id='word_1_483' title='bbox 514 3674 619 3765; x_wconf 48' lang='lat' dir='ltr'><strong><em>:vel</em></strong></span> <span class='ocrx_word' id='word_1_484' title='bbox 658 3688 858 3743; x_wconf 88' lang='lat' dir='ltr'><strong><em>sensim</em></strong></span> <span class='ocrx_word' id='word_1_485' title='bbox 904 3689 953 3742; x_wconf 89' lang='lat' dir='ltr'><strong><em>ci</em></strong></span> <span class='ocrx_word' id='word_1_486' title='bbox 1002 3687 1200 3745; x_wconf 80' lang='lat' dir='ltr'><strong><em>fuerint</em></strong></span> <span class='ocrx_word' id='word_1_487' title='bbox 1246 3689 1526 3747; x_wconf 84' lang='lat' dir='ltr'><strong><em>restituta:</em></strong></span> <span class='ocrx_word' id='word_1_488' title='bbox 1576 3687 1949 3761; x_wconf 66' lang='lat' dir='ltr'><strong><em>praetermissis</em></strong></span> <span class='ocrx_word' id='word_1_489' title='bbox 1995 3685 2116 3739; x_wconf 86' lang='lat' dir='ltr'><strong><em>aliis</em></strong></span> 
     </span>
    </p>
   </div>
   <div class='ocr_carea' id='block_1_71' title="bbox 514 3776 2115 3855">
    <p class='ocr_par' dir='ltr' id='par_1_71' title="bbox 514 3776 2115 3855">
     <span class='ocr_line' id='line_1_71' title="bbox 514 3776 2115 3855; baseline -0.002 -21"><span class='ocrx_word' id='word_1_490' title='bbox 514 3778 671 3855; x_wconf 77' lang='lat' dir='ltr'><strong><em>hanc</em></strong></span> <span class='ocrx_word' id='word_1_491' title='bbox 705 3776 1076 3845; x_wconf 85' lang='lat' dir='ltr'><strong><em>Costerianam</em></strong></span> <span class='ocrx_word' id='word_1_492' title='bbox 1115 3794 1627 3843; x_wconf 86' lang='lat' dir='ltr'><strong><em>commemoramus,</em></strong></span> <span class='ocrx_word' id='word_1_493' title='bbox 1672 3780 1725 3833; x_wconf 92' lang='lat' dir='ltr'><strong><em>in</em></strong></span> <span class='ocrx_word' id='word_1_494' title='bbox 1749 3795 1854 3851; x_wconf 83' lang='lat' dir='ltr'><strong><em>qua</em></strong></span> <span class='ocrx_word' id='word_1_495' title='bbox 1882 3778 2115 3850; x_wconf 88' lang='lat' dir='ltr'><strong><em>primum</em></strong></span> 
     </span>
    </p>
   </div>
   <div class='ocr_carea' id='block_1_72' title="bbox 528 3869 2116 3943">
    <p class='ocr_par' dir='ltr' id='par_1_72' title="bbox 528 3869 2116 3943">
     <span class='ocr_line' id='line_1_72' title="bbox 528 3869 2116 3943; baseline -0.004 -14"><span class='ocrx_word' id='word_1_496' title='bbox 528 3870 754 3943; x_wconf 73' lang='lat' dir='ltr'><strong><em>singulis</em></strong></span> <span class='ocrx_word' id='word_1_497' title='bbox 780 3869 1120 3927; x_wconf 86' lang='lat' dir='ltr'><strong><em>sermonibus</em></strong></span> <span class='ocrx_word' id='word_1_498' title='bbox 1138 3877 1324 3924; x_wconf 87' lang='lat' dir='ltr'><strong><em>auctor</em></strong></span> <span class='ocrx_word' id='word_1_499' title='bbox 1344 3884 1472 3925; x_wconf 86' lang='lat' dir='ltr'><strong><em>suus</em></strong></span> <span class='ocrx_word' id='word_1_500' title='bbox 1493 3870 1753 3940; x_wconf 87' lang='lat' dir='ltr'><strong><em>ascriptus</em></strong></span> <span class='ocrx_word' id='word_1_501' title='bbox 1782 3877 1881 3923; x_wconf 87' lang='lat' dir='ltr'><strong><em>est.</em></strong></span> <span class='ocrx_word' id='word_1_502' title='bbox 1914 3869 2116 3939; x_wconf 85' lang='lat' dir='ltr'><strong><em>Nempe</em></strong></span> 
     </span>
    </p>
   </div>
   <div class='ocr_carea' id='block_1_73' title="bbox 531 3958 2114 4039">
    <p class='ocr_par' dir='ltr' id='par_1_73' title="bbox 531 3958 2114 4039">
     <span class='ocr_line' id='line_1_73' title="bbox 531 3958 2114 4039; baseline -0.004 -21"><span class='ocrx_word' id='word_1_503' title='bbox 531 3962 645 4029; x_wconf 65' lang='lat' dir='ltr'><strong><em>hare</em></strong></span> <span class='ocrx_word' id='word_1_504' title='bbox 689 3960 918 4031; x_wconf 73' lang='lat' dir='ltr'><strong><em>Costerii</em></strong></span> <span class='ocrx_word' id='word_1_505' title='bbox 966 3976 1131 4039; x_wconf 87' lang='lat' dir='ltr'><strong><em>opera</em></strong></span> <span class='ocrx_word' id='word_1_506' title='bbox 1175 3958 1292 4024; x_wconf 80' lang='lat' dir='ltr'><strong><em>fuit,</em></strong></span> <span class='ocrx_word' id='word_1_507' title='bbox 1337 3975 1444 4014; x_wconf 89' lang='lat' dir='ltr'><strong><em>non</em></strong></span> <span class='ocrx_word' id='word_1_508' title='bbox 1465 3958 1692 4014; x_wconf 83' lang='lat' dir='ltr'><strong><em>Erasmi.</em></strong></span> <span class='ocrx_word' id='word_1_509' title='bbox 1733 3958 1791 4011; x_wconf 85' lang='lat' dir='ltr'><strong><em>lu</em></strong></span> <span class='ocrx_word' id='word_1_510' title='bbox 1815 3974 1921 4029; x_wconf 91' lang='lat' dir='ltr'><strong><em>quo</em></strong></span> <span class='ocrx_word' id='word_1_511' title='bbox 1945 3959 2114 4013; x_wconf 86' lang='lat' dir='ltr'><strong><em>corri-</em></strong></span> 
     </span>
    </p>
   </div>
   <div class='ocr_carea' id='block_1_74' title="bbox 530 4050 2117 4127">
    <p class='ocr_par' dir='ltr' id='par_1_74' title="bbox 530 4050 2117 4127">
     <span class='ocr_line' id='line_1_74' title="bbox 530 4050 2117 4127; baseline -0.002 -18"><span class='ocrx_word' id='word_1_512' title='bbox 530 4052 732 4127; x_wconf 73' lang='lat' dir='ltr'><strong><em>gendus</em></strong></span> <span class='ocrx_word' id='word_1_513' title='bbox 759 4061 843 4109; x_wconf 90' lang='lat' dir='ltr'><strong><em>est</em></strong></span> <span class='ocrx_word' id='word_1_514' title='bbox 871 4052 1192 4109; x_wconf 85' lang='lat' dir='ltr'><strong><em>novissimus</em></strong></span> <span class='ocrx_word' id='word_1_515' title='bbox 1231 4050 1404 4107; x_wconf 89' lang='lat' dir='ltr'><strong><em>editor</em></strong></span> <span class='ocrx_word' id='word_1_516' title='bbox 1434 4051 1613 4119; x_wconf 78' lang='lat' dir='ltr'><strong><em>Bruno</em></strong></span> <span class='ocrx_word' id='word_1_517' title='bbox 1642 4051 1885 4114; x_wconf 90' lang='lat' dir='ltr'><strong><em>Brunus,</em></strong></span> <span class='ocrx_word' id='word_1_518' title='bbox 1934 4052 2027 4121; x_wconf 90' lang='lat' dir='ltr'><strong><em>qui</em></strong></span> <span class='ocrx_word' id='word_1_519' title='bbox 2064 4051 2117 4106; x_wconf 90' lang='lat' dir='ltr'><strong><em>in</em></strong></span> 
     </span>
    </p>
   </div>
   <div class='ocr_carea' id='block_1_75' title="bbox 530 4143 2119 4221">
    <p class='ocr_par' dir='ltr' id='par_1_75' title="bbox 530 4143 2119 4221">
     <span class='ocr_line' id='line_1_75' title="bbox 530 4143 2119 4221; baseline -0.002 -18"><span class='ocrx_word' id='word_1_520' title='bbox 530 4145 839 4221; x_wconf 70' lang='lat' dir='ltr'><strong><em>prmfatione</em></strong></span> <span class='ocrx_word' id='word_1_521' title='bbox 873 4145 1131 4201; x_wconf 73' lang='lat' dir='ltr'><strong><em>Romana:</em></strong></span> <span class='ocrx_word' id='word_1_522' title='bbox 1181 4143 1432 4213; x_wconf 81' lang='lat' dir='ltr'><strong><em>editionis</em></strong></span> <span class='ocrx_word' id='word_1_523' title='bbox 1482 4144 1534 4219; x_wconf 82' lang='lat'><strong><em>(§</em></strong></span> <span class='ocrx_word' id='word_1_524' title='bbox 1566 4144 1619 4211; x_wconf 74' lang='grc'><strong><em>4,</em></strong></span> <span class='ocrx_word' id='word_1_525' title='bbox 1650 4161 1704 4215; x_wconf 88' lang='lat' dir='ltr'><strong><em>p.</em></strong></span> <span class='ocrx_word' id='word_1_526' title='bbox 1741 4143 1853 4215; x_wconf 85' lang='lat'><strong><em>15),</em></strong></span> <span class='ocrx_word' id='word_1_527' title='bbox 1912 4144 2119 4200; x_wconf 88' lang='lat' dir='ltr'><strong><em>Erasmi</em></strong></span> 
     </span>
    </p>
   </div>
   <div class='ocr_carea' id='block_1_76' title="bbox 531 4235 2118 4313">
    <p class='ocr_par' dir='ltr' id='par_1_76' title="bbox 531 4235 2118 4313">
     <span class='ocr_line' id='line_1_76' title="bbox 531 4235 2118 4313; baseline 0 -21"><span class='ocrx_word' id='word_1_528' title='bbox 531 4238 585 4299; x_wconf 83' lang='lat' dir='ltr'><strong><em>in</em></strong></span> <span class='ocrx_word' id='word_1_529' title='bbox 614 4236 885 4311; x_wconf 86' lang='lat' dir='ltr'><strong><em>opusculis</em></strong></span> <span class='ocrx_word' id='word_1_530' title='bbox 908 4235 1125 4303; x_wconf 81' lang='lat' dir='ltr'><strong><em>Maximi</em></strong></span> <span class='ocrx_word' id='word_1_531' title='bbox 1146 4235 1535 4313; x_wconf 71' lang='lat' dir='ltr'><strong><em>distinguendis</em></strong></span> <span class='ocrx_word' id='word_1_532' title='bbox 1557 4245 1612 4291; x_wconf 90' lang='lat' dir='ltr'><strong><em>et</em></strong></span> <span class='ocrx_word' id='word_1_533' title='bbox 1633 4236 1700 4290; x_wconf 91' lang='lat' dir='ltr'><strong><em>ad</em></strong></span> <span class='ocrx_word' id='word_1_534' title='bbox 1723 4237 2118 4306; x_wconf 83' lang='lat' dir='ltr'><strong><em>manuscriptos</em></strong></span> 
     </span>
    </p>
   </div>
   <div class='ocr_carea' id='block_1_77' title="bbox 532 4327 2117 4405">
    <p class='ocr_par' dir='ltr' id='par_1_77' title="bbox 532 4327 2117 4405">
     <span class='ocr_line' id='line_1_77' title="bbox 532 4327 2117 4405; baseline -0.003 -18"><span class='ocrx_word' id='word_1_535' title='bbox 532 4329 745 4387; x_wconf 84' lang='lat' dir='ltr'><strong><em>codices</em></strong></span> <span class='ocrx_word' id='word_1_536' title='bbox 773 4328 1053 4405; x_wconf 74' lang='lat' dir='ltr'><strong><em>exigendis</em></strong></span> <span class='ocrx_word' id='word_1_537' title='bbox 1078 4327 1260 4385; x_wconf 83' lang='lat' dir='ltr'><strong><em>laudat</em></strong></span> <span class='ocrx_word' id='word_1_538' title='bbox 1280 4327 1613 4395; x_wconf 90' lang='lat' dir='ltr'><strong><em>industriam,</em></strong></span> <span class='ocrx_word' id='word_1_539' title='bbox 1638 4328 1872 4385; x_wconf 83' lang='lat' dir='ltr'><strong><em>conlisus</em></strong></span> <span class='ocrx_word' id='word_1_540' title='bbox 1893 4329 2117 4396; x_wconf 88' lang='lat' dir='ltr'><strong><em>scilicet,</em></strong></span> 
     </span>
    </p>
   </div>
   <div class='ocr_carea' id='block_1_78' title="bbox 506 4418 2115 4497">
    <p class='ocr_par' dir='ltr' id='par_1_78' title="bbox 506 4418 2115 4497">
     <span class='ocr_line' id='line_1_78' title="bbox 506 4418 2115 4497; baseline -0.001 -20"><span class='ocrx_word' id='word_1_541' title='bbox 506 4436 639 4497; x_wconf 78' lang='lat' dir='ltr'><strong><em>non</em></strong></span> <span class='ocrx_word' id='word_1_542' title='bbox 668 4420 780 4475; x_wconf 90' lang='lat' dir='ltr'><strong><em>suis</em></strong></span> <span class='ocrx_word' id='word_1_543' title='bbox 818 4421 1016 4491; x_wconf 86' lang='lat' dir='ltr'><strong><em>oculis,</em></strong></span> <span class='ocrx_word' id='word_1_544' title='bbox 1048 4419 1142 4475; x_wconf 89' lang='lat' dir='ltr'><strong><em>sed</em></strong></span> <span class='ocrx_word' id='word_1_545' title='bbox 1179 4418 1443 4483; x_wconf 83' lang='lat' dir='ltr'><strong><em>Casimiro</em></strong></span> <span class='ocrx_word' id='word_1_546' title='bbox 1473 4420 1712 4487; x_wconf 82' lang='lat' dir='ltr'><strong><em>Oudino,</em></strong></span> <span class='ocrx_word' id='word_1_547' title='bbox 1757 4421 1907 4491; x_wconf 74' lang='lat' dir='ltr'><strong><em>(ujus</em></strong></span> <span class='ocrx_word' id='word_1_548' title='bbox 1937 4430 2115 4476; x_wconf 88' lang='lat' dir='ltr'><strong><em>tamen</em></strong></span> 
     </span>
    </p>
   </div>
   <div class='ocr_carea' id='block_1_79' title="bbox 528 4486 2194 4587">
    <p class='ocr_par' dir='ltr' id='par_1_79' title="bbox 528 4486 2194 4587">
     <span class='ocr_line' id='line_1_79' title="bbox 528 4486 2194 4587; baseline 0 -18"><span class='ocrx_word' id='word_1_549' title='bbox 528 4512 707 4569; x_wconf 86' lang='lat' dir='ltr'><strong><em>locum</em></strong></span> <span class='ocrx_word' id='word_1_550' title='bbox 734 4512 969 4587; x_wconf 82' lang='lat' dir='ltr'><strong><em>propriis</em></strong></span> <span class='ocrx_word' id='word_1_551' title='bbox 991 4486 1168 4572; x_wconf 79' lang='lat' dir='ltr'><strong><em>verbis</em></strong></span> <span class='ocrx_word' id='word_1_552' title='bbox 1210 4512 1430 4572; x_wconf 88' lang='lat' dir='ltr'><strong><em>allatum</em></strong></span> <span class='ocrx_word' id='word_1_553' title='bbox 1455 4528 1564 4579; x_wconf 86' lang='lat' dir='ltr'><strong><em>non</em></strong></span> <span class='ocrx_word' id='word_1_554' title='bbox 1595 4486 1740 4570; x_wconf 86' lang='lat' dir='ltr'><strong><em>recte</em></strong></span> <span class='ocrx_word' id='word_1_555' title='bbox 1769 4486 1929 4584; x_wconf 80' lang='lat' dir='ltr'><strong><em>cepit.</em></strong></span> <span class='ocrx_word' id='word_1_556' title='bbox 1967 4512 2117 4569; x_wconf 82' lang='lat' dir='ltr'><strong><em>Eras-</em></strong></span> <span class='ocrx_word' id='word_1_557' title='bbox 2146 4486 2194 4559; x_wconf 64' lang='grc' dir='ltr'><strong><em>ι)</em></strong></span> 
     </span>
    </p>
   </div>
   <div class='ocr_carea' id='block_1_80' title="bbox 529 4603 2116 4685">
    <p class='ocr_par' dir='ltr' id='par_1_80' title="bbox 529 4603 2116 4685">
     <span class='ocr_line' id='line_1_80' title="bbox 529 4603 2116 4685; baseline -0.001 -22"><span class='ocrx_word' id='word_1_558' title='bbox 529 4619 649 4663; x_wconf 85' lang='lat' dir='ltr'><strong><em>mus</em></strong></span> <span class='ocrx_word' id='word_1_559' title='bbox 689 4604 834 4659; x_wconf 90' lang='lat' dir='ltr'><strong><em>enim</em></strong></span> <span class='ocrx_word' id='word_1_560' title='bbox 855 4603 991 4660; x_wconf 88' lang='lat' dir='ltr'><strong><em>nihil</em></strong></span> <span class='ocrx_word' id='word_1_561' title='bbox 1018 4604 1245 4685; x_wconf 82' lang='lat' dir='ltr'><strong><em>amplius</em></strong></span> <span class='ocrx_word' id='word_1_562' title='bbox 1277 4606 1465 4661; x_wconf 88' lang='lat' dir='ltr'><strong><em>statuit</em></strong></span> <span class='ocrx_word' id='word_1_563' title='bbox 1510 4620 1670 4677; x_wconf 89' lang='lat' dir='ltr'><strong><em>quam</em></strong></span> <span class='ocrx_word' id='word_1_564' title='bbox 1699 4620 1818 4661; x_wconf 87' lang='lat' dir='ltr'><strong><em>esse</em></strong></span> <span class='ocrx_word' id='word_1_565' title='bbox 1840 4620 2116 4661; x_wconf 87' lang='lat' dir='ltr'><strong><em>sermones</em></strong></span> 
     </span>
    </p>
   </div>
   <div class='ocr_carea' id='block_1_81' title="bbox 530 4695 2113 4768">
    <p class='ocr_par' dir='ltr' id='par_1_81' title="bbox 530 4695 2113 4768">
     <span class='ocr_line' id='line_1_81' title="bbox 530 4695 2113 4768; baseline 0.003 -18"><span class='ocrx_word' id='word_1_566' title='bbox 530 4695 664 4751; x_wconf 87' lang='lat' dir='ltr'><strong><em>istos</em></strong></span> <span class='ocrx_word' id='word_1_567' title='bbox 680 4697 1048 4768; x_wconf 82' lang='lat' dir='ltr'><strong><em>supposititios</em></strong></span> <span class='ocrx_word' id='word_1_568' title='bbox 1085 4705 1139 4752; x_wconf 90' lang='lat' dir='ltr'><strong><em>et</em></strong></span> <span class='ocrx_word' id='word_1_569' title='bbox 1164 4698 1296 4763; x_wconf 81' lang='lat' dir='ltr'><strong><em>nihil</em></strong></span> <span class='ocrx_word' id='word_1_570' title='bbox 1325 4698 1525 4759; x_wconf 86' lang='lat' dir='ltr'><strong><em>habere</em></strong></span> <span class='ocrx_word' id='word_1_571' title='bbox 1551 4697 1916 4755; x_wconf 60' lang='lat' dir='ltr'><strong><em>Ambrosianus</em></strong></span> <span class='ocrx_word' id='word_1_572' title='bbox 1947 4714 2113 4763; x_wconf 64' lang='lat' dir='ltr'><strong><em>venae.</em></strong></span> 
     </span>
    </p>
   </div>
   <div class='ocr_carea' id='block_1_82' title="bbox 502 4784 2115 4863">
    <p class='ocr_par' dir='ltr' id='par_1_82' title="bbox 502 4784 2115 4863">
     <span class='ocr_line' id='line_1_82' title="bbox 502 4784 2115 4863; baseline 0.006 -24"><span class='ocrx_word' id='word_1_573' title='bbox 502 4858 507 4863; x_wconf 83' lang='lat'><strong><em>_</em></strong></span> <span class='ocrx_word' id='word_1_574' title='bbox 534 4784 808 4841; x_wconf 87' lang='lat' dir='ltr'><strong><em>Costerius</em></strong></span> <span class='ocrx_word' id='word_1_575' title='bbox 836 4803 964 4849; x_wconf 85' lang='lat' dir='ltr'><strong><em>vero</em></strong></span> <span class='ocrx_word' id='word_1_576' title='bbox 996 4789 1281 4861; x_wconf 87' lang='lat' dir='ltr'><strong><em>plerosque</em></strong></span> <span class='ocrx_word' id='word_1_577' title='bbox 1312 4789 1578 4858; x_wconf 79' lang='lat' dir='ltr'><strong><em>Maximo,</em></strong></span> <span class='ocrx_word' id='word_1_578' title='bbox 1621 4788 1736 4855; x_wconf 83' lang='lat' dir='ltr'><strong><em>tum</em></strong></span> <span class='ocrx_word' id='word_1_579' title='bbox 1764 4806 1830 4847; x_wconf 79' lang='lat' dir='ltr'><strong><em>ex</em></strong></span> <span class='ocrx_word' id='word_1_580' title='bbox 1860 4808 1987 4863; x_wconf 75' lang='lat' dir='ltr'><strong><em>mss.</em></strong></span> <span class='ocrx_word' id='word_1_581' title='bbox 2019 4807 2115 4848; x_wconf 86' lang='lat' dir='ltr'><strong><em>co-</em></strong></span> 
     </span>
    </p>
   </div>
   <div class='ocr_carea' id='block_1_83' title="bbox 535 4875 2115 4955">
    <p class='ocr_par' dir='ltr' id='par_1_83' title="bbox 535 4875 2115 4955">
     <span class='ocr_line' id='line_1_83' title="bbox 535 4875 2115 4955; baseline 0.006 -26"><span class='ocrx_word' id='word_1_582' title='bbox 535 4875 713 4939; x_wconf 84' lang='lat' dir='ltr'><strong><em>dicum</em></strong></span> <span class='ocrx_word' id='word_1_583' title='bbox 742 4876 881 4945; x_wconf 78' lang='lat' dir='ltr'><strong><em>ﬁde,</em></strong></span> <span class='ocrx_word' id='word_1_584' title='bbox 913 4887 1026 4937; x_wconf 86' lang='lat' dir='ltr'><strong><em>tum</em></strong></span> <span class='ocrx_word' id='word_1_585' title='bbox 1054 4894 1122 4933; x_wconf 80' lang='lat' dir='ltr'><strong><em>ex</em></strong></span> <span class='ocrx_word' id='word_1_586' title='bbox 1158 4880 1431 4953; x_wconf 72' lang='lat' dir='ltr'><strong><em>impressis</em></strong></span> <span class='ocrx_word' id='word_1_587' title='bbox 1469 4883 1743 4951; x_wconf 78' lang='lat' dir='ltr'><strong><em>attribuit;</em></strong></span> <span class='ocrx_word' id='word_1_588' title='bbox 1769 4884 1911 4955; x_wconf 86' lang='lat' dir='ltr'><strong><em>quod</em></strong></span> <span class='ocrx_word' id='word_1_589' title='bbox 1941 4885 2115 4955; x_wconf 88' lang='lat' dir='ltr'><strong><em>ipsum</em></strong></span> 
     </span>
    </p>
   </div>
   <div class='ocr_carea' id='block_1_84' title="bbox 536 4966 2117 5043">
    <p class='ocr_par' dir='ltr' id='par_1_84' title="bbox 536 4966 2117 5043">
     <span class='ocr_line' id='line_1_84' title="bbox 536 4966 2117 5043; baseline 0.006 -21"><span class='ocrx_word' id='word_1_590' title='bbox 536 4966 775 5025; x_wconf 86' lang='lat' dir='ltr'><strong><em>Oudinus</em></strong></span> <span class='ocrx_word' id='word_1_591' title='bbox 821 4968 966 5025; x_wconf 89' lang='lat' dir='ltr'><strong><em>dicto</em></strong></span> <span class='ocrx_word' id='word_1_592' title='bbox 1007 4970 1127 5026; x_wconf 92' lang='lat' dir='ltr'><strong><em>loco</em></strong></span> <span class='ocrx_word' id='word_1_593' title='bbox 1155 4969 1455 5038; x_wconf 84' lang='lat' dir='ltr'><strong><em>conﬁrmat,</em></strong></span> <span class='ocrx_word' id='word_1_594' title='bbox 1506 4974 1558 5027; x_wconf 87' lang='lat' dir='ltr'><strong><em>in</em></strong></span> <span class='ocrx_word' id='word_1_595' title='bbox 1604 4990 1669 5029; x_wconf 90' lang='lat' dir='ltr'><strong><em>eo</em></strong></span> <span class='ocrx_word' id='word_1_596' title='bbox 1713 4975 1885 5030; x_wconf 91' lang='lat' dir='ltr'><strong><em>solum</em></strong></span> <span class='ocrx_word' id='word_1_597' title='bbox 1932 4976 2117 5043; x_wconf 79' lang='lat' dir='ltr'><strong><em>falsus,</em></strong></span> 
     </span>
    </p>
   </div>
   <div class='ocr_carea' id='block_1_85' title="bbox 538 5060 2119 5133">
    <p class='ocr_par' dir='ltr' id='par_1_85' title="bbox 538 5060 2119 5133">
     <span class='ocr_line' id='line_1_85' title="bbox 538 5060 2119 5133; baseline 0.005 -16"><span class='ocrx_word' id='word_1_598' title='bbox 538 5060 684 5133; x_wconf 87' lang='lat' dir='ltr'><strong><em>quod</em></strong></span> <span class='ocrx_word' id='word_1_599' title='bbox 731 5078 906 5117; x_wconf 86' lang='lat' dir='ltr'><strong><em>omnes</em></strong></span> <span class='ocrx_word' id='word_1_600' title='bbox 949 5064 1168 5120; x_wconf 89' lang='lat' dir='ltr'><strong><em>omnino</em></strong></span> <span class='ocrx_word' id='word_1_601' title='bbox 1213 5063 1446 5121; x_wconf 79' lang='lat' dir='ltr'><strong><em>Maximo</em></strong></span> <span class='ocrx_word' id='word_1_602' title='bbox 1484 5068 1788 5124; x_wconf 87' lang='lat' dir='ltr'><strong><em>attribuisse</em></strong></span> <span class='ocrx_word' id='word_1_603' title='bbox 1816 5068 2119 5125; x_wconf 88' lang='lat' dir='ltr'><strong><em>Costerium</em></strong></span> 
     </span>
    </p>
   </div>
   <div class='ocr_carea' id='block_1_86' title="bbox 538 5152 2120 5225">
    <p class='ocr_par' dir='ltr' id='par_1_86' title="bbox 538 5152 2120 5225">
     <span class='ocr_line' id='line_1_86' title="bbox 538 5152 2120 5225; baseline 0.007 -18"><span class='ocrx_word' id='word_1_604' title='bbox 538 5152 703 5208; x_wconf 90' lang='lat' dir='ltr'><strong><em>dicat.</em></strong></span> <span class='ocrx_word' id='word_1_605' title='bbox 751 5152 1015 5210; x_wconf 65' lang='lat' dir='ltr'><strong><em>Caeterum</em></strong></span> <span class='ocrx_word' id='word_1_606' title='bbox 1055 5165 1313 5225; x_wconf 89' lang='lat' dir='ltr'><strong><em>quantum</em></strong></span> <span class='ocrx_word' id='word_1_607' title='bbox 1362 5158 1605 5215; x_wconf 86' lang='lat' dir='ltr'><strong><em>Costerio</em></strong></span> <span class='ocrx_word' id='word_1_608' title='bbox 1646 5160 1981 5218; x_wconf 79' lang='lat' dir='ltr'><strong><em>Coloniensis</em></strong></span> <span class='ocrx_word' id='word_1_609' title='bbox 2009 5163 2120 5218; x_wconf 82' lang='lat' dir='ltr'><strong><em>Ma-</em></strong></span> 
     </span>
    </p>
   </div>
   <div class='ocr_carea' id='block_1_87' title="bbox 541 5246 2118 5327">
    <p class='ocr_par' dir='ltr' id='par_1_87' title="bbox 541 5246 2118 5327">
     <span class='ocr_line' id='line_1_87' title="bbox 541 5246 2118 5327; baseline 0.006 -26"><span class='ocrx_word' id='word_1_610' title='bbox 541 5246 671 5302; x_wconf 78' lang='lat' dir='ltr'><strong><em>ximi</em></strong></span> <span class='ocrx_word' id='word_1_611' title='bbox 711 5262 1020 5319; x_wconf 85' lang='lat' dir='ltr'><strong><em>sermonum</em></strong></span> <span class='ocrx_word' id='word_1_612' title='bbox 1060 5249 1222 5305; x_wconf 90' lang='lat' dir='ltr'><strong><em>editio</em></strong></span> <span class='ocrx_word' id='word_1_613' title='bbox 1249 5250 1512 5321; x_wconf 82' lang='lat' dir='ltr'><strong><em>profuerit</em></strong></span> <span class='ocrx_word' id='word_1_614' title='bbox 1538 5267 1768 5327; x_wconf 83' lang='lat' dir='ltr'><strong><em>quamve</em></strong></span> <span class='ocrx_word' id='word_1_615' title='bbox 1801 5254 2026 5323; x_wconf 78' lang='lat' dir='ltr'><strong><em>diligens</em></strong></span> <span class='ocrx_word' id='word_1_616' title='bbox 2064 5256 2118 5310; x_wconf 94' lang='lat' dir='ltr'><strong><em>in</em></strong></span> 
     </span>
    </p>
   </div>
   <div class='ocr_carea' id='block_1_88' title="bbox 498 5339 2052 5413">
    <p class='ocr_par' dir='ltr' id='par_1_88' title="bbox 498 5339 2052 5413">
     <span class='ocr_line' id='line_1_88' title="bbox 498 5339 2052 5413; baseline 0.003 -17"><span class='ocrx_word' id='word_1_617' title='bbox 498 5342 505 5347; x_wconf 84' lang='grc'><em>’</em></span> <span class='ocrx_word' id='word_1_618' title='bbox 539 5339 852 5403; x_wconf 85' lang='lat' dir='ltr'><strong><em>evolvendis</em></strong></span> <span class='ocrx_word' id='word_1_619' title='bbox 874 5356 1000 5405; x_wconf 78' lang='lat' dir='ltr'><strong><em>mss.</em></strong></span> <span class='ocrx_word' id='word_1_620' title='bbox 1032 5343 1180 5409; x_wconf 81' lang='lat' dir='ltr'><strong><em>libris</em></strong></span> <span class='ocrx_word' id='word_1_621' title='bbox 1206 5344 1307 5399; x_wconf 89' lang='lat' dir='ltr'><strong><em>hac</em></strong></span> <span class='ocrx_word' id='word_1_622' title='bbox 1338 5345 1389 5401; x_wconf 92' lang='lat' dir='ltr'><strong><em>in</em></strong></span> <span class='ocrx_word' id='word_1_623' title='bbox 1418 5360 1477 5400; x_wconf 92' lang='lat' dir='ltr'><strong><em>re</em></strong></span> <span class='ocrx_word' id='word_1_624' title='bbox 1502 5345 1677 5413; x_wconf 79' lang='lat' dir='ltr'><strong><em>fuerit,</em></strong></span> <span class='ocrx_word' id='word_1_625' title='bbox 1703 5346 1790 5405; x_wconf 87' lang='lat' dir='ltr'><strong><em>alii</em></strong></span> <span class='ocrx_word' id='word_1_626' title='bbox 1822 5347 2052 5401; x_wconf 87' lang='lat' dir='ltr'><strong><em>videant.</em></strong></span> 
     </span>
    </p>
   </div>
   <div class='ocr_carea' id='block_1_89' title="bbox 1254 5435 1408 5493">
    <p class='ocr_par' dir='ltr' id='par_1_89' title="bbox 1254 5435 1408 5493">
     <span class='ocr_line' id='line_1_89' title="bbox 1254 5435 1408 5493; baseline 0.006 -4"><span class='ocrx_word' id='word_1_627' title='bbox 1254 5435 1408 5493; x_wconf 66' lang='grc'>1566.</span> 
     </span>
    </p>
   </div>
   <div class='ocr_carea' id='block_1_90' title="bbox 612 5504 2124 5601">
    <p class='ocr_par' dir='ltr' id='par_1_90' title="bbox 612 5504 2124 5601">
     <span class='ocr_line' id='line_1_90' title="bbox 612 5504 2124 5601; baseline 0.004 -20"><span class='ocrx_word' id='word_1_628' title='bbox 612 5525 814 5601; x_wconf 73' lang='lat' dir='ltr'><strong><em>Romm,</em></strong></span> <span class='ocrx_word' id='word_1_629' title='bbox 847 5526 987 5599; x_wconf 74' lang='lat' dir='ltr'><strong><em>apud</em></strong></span> <span class='ocrx_word' id='word_1_630' title='bbox 1011 5504 1233 5591; x_wconf 73' lang='lat' dir='ltr'><strong><em>Paulum</em></strong></span> <span class='ocrx_word' id='word_1_631' title='bbox 1262 5528 1552 5587; x_wconf 87' lang='lat' dir='ltr'><strong><em>Manutium</em></strong></span> <span class='ocrx_word' id='word_1_632' title='bbox 1583 5529 1720 5589; x_wconf 83' lang='lat' dir='ltr'><strong><em>Aldi.</em></strong></span> <span class='ocrx_word' id='word_1_633' title='bbox 1756 5528 1816 5584; x_wconf 87' lang='lat' dir='ltr'><strong><em>F.</em></strong></span> <span class='ocrx_word' id='word_1_634' title='bbox 1848 5531 1900 5585; x_wconf 92' lang='lat' dir='ltr'><strong><em>in</em></strong></span> <span class='ocrx_word' id='word_1_635' title='bbox 1924 5529 2124 5587; x_wconf 60' lang='lat' dir='ltr'><strong><em>aedibus</em></strong></span> 
     </span>
    </p>
   </div>
   <div class='ocr_carea' id='block_1_91' title="bbox 541 5617 2117 5690">
    <p class='ocr_par' dir='ltr' id='par_1_91' title="bbox 541 5617 2117 5690">
     <span class='ocr_line' id='line_1_91' title="bbox 541 5617 2117 5690; baseline 0.001 -15"><span class='ocrx_word' id='word_1_636' title='bbox 541 5619 727 5690; x_wconf 86' lang='lat' dir='ltr'><strong><em>populi</em></strong></span> <span class='ocrx_word' id='word_1_637' title='bbox 755 5617 1005 5684; x_wconf 84' lang='lat' dir='ltr'><strong><em>Romani,</em></strong></span> <span class='ocrx_word' id='word_1_638' title='bbox 1041 5618 1217 5673; x_wconf 86' lang='lat' dir='ltr'><strong><em>in-iol.</em></strong></span> <span class='ocrx_word' id='word_1_639' title='bbox 1249 5619 1466 5677; x_wconf 77' lang='lat' dir='ltr'><strong><em>Maximi</em></strong></span> <span class='ocrx_word' id='word_1_640' title='bbox 1499 5620 1841 5676; x_wconf 80' lang='lat' dir='ltr'><strong><em>Taurinensis</em></strong></span> <span class='ocrx_word' id='word_1_641' title='bbox 1870 5623 2117 5687; x_wconf 67' lang='lat' dir='ltr'><strong><em>homilire,</em></strong></span> 
     </span>
    </p>
   </div>
   <div class='ocr_carea' id='block_1_92' title="bbox 545 5704 2121 5781">
    <p class='ocr_par' dir='ltr' id='par_1_92' title="bbox 545 5704 2121 5781">
     <span class='ocr_line' id='line_1_92' title="bbox 545 5704 2121 5781; baseline 0.004 -18"><span class='ocrx_word' id='word_1_642' title='bbox 545 5704 667 5764; x_wconf 72' lang='lat' dir='ltr'><strong><em>cum</em></strong></span> <span class='ocrx_word' id='word_1_643' title='bbox 710 5707 943 5773; x_wconf 71' lang='lat' dir='ltr'><strong><em>Salviani</em></strong></span> <span class='ocrx_word' id='word_1_644' title='bbox 994 5711 1060 5771; x_wconf 81' lang='lat' dir='ltr'><strong><em>de</em></strong></span> <span class='ocrx_word' id='word_1_645' title='bbox 1092 5726 1215 5781; x_wconf 81' lang='lat' dir='ltr'><strong><em>vero</em></strong></span> <span class='ocrx_word' id='word_1_646' title='bbox 1243 5711 1449 5769; x_wconf 81' lang='lat' dir='ltr'><strong><em>Judicio</em></strong></span> <span class='ocrx_word' id='word_1_647' title='bbox 1479 5722 1533 5769; x_wconf 89' lang='lat' dir='ltr'><strong><em>et</em></strong></span> <span class='ocrx_word' id='word_1_648' title='bbox 1563 5711 1903 5769; x_wconf 77' lang='lat' dir='ltr'><strong><em>Providentia</em></strong></span> <span class='ocrx_word' id='word_1_649' title='bbox 1934 5715 2029 5770; x_wconf 89' lang='lat' dir='ltr'><strong><em>Dei</em></strong></span> <span class='ocrx_word' id='word_1_650' title='bbox 2059 5717 2121 5771; x_wconf 88' lang='lat' dir='ltr'><strong><em>li-</em></strong></span> 
     </span>
    </p>
   </div>
   <div class='ocr_carea' id='block_1_93' title="bbox 2216 3254 3809 3332">
    <p class='ocr_par' dir='ltr' id='par_1_93' title="bbox 2216 3254 3809 3332">
     <span class='ocr_line' id='line_1_93' title="bbox 2216 3254 3809 3332; baseline -0.005 -15"><span class='ocrx_word' id='word_1_651' title='bbox 2216 3276 2494 3321; x_wconf 79' lang='lat' dir='ltr'><strong><em>sermones</em></strong></span> <span class='ocrx_word' id='word_1_652' title='bbox 2514 3268 2745 3332; x_wconf 87' lang='lat' dir='ltr'><strong><em>quatuor</em></strong></span> <span class='ocrx_word' id='word_1_653' title='bbox 2773 3259 2841 3315; x_wconf 90' lang='lat' dir='ltr'><strong><em>de</em></strong></span> <span class='ocrx_word' id='word_1_654' title='bbox 2868 3266 3055 3314; x_wconf 87' lang='lat' dir='ltr'><strong><em>sancto</em></strong></span> <span class='ocrx_word' id='word_1_655' title='bbox 3072 3255 3312 3315; x_wconf 82' lang='lat' dir='ltr'><strong><em>Eusebio‘</em></strong></span> <span class='ocrx_word' id='word_1_656' title='bbox 3330 3262 3565 3331; x_wconf 74' lang='lat' dir='ltr'><strong><em>martyre</em></strong></span> <span class='ocrx_word' id='word_1_657' title='bbox 3594 3254 3809 3323; x_wconf 83' lang='lat' dir='ltr'><strong><em>Vercel-</em></strong></span> 
     </span>
    </p>
   </div>
   <div class='ocr_carea' id='block_1_94' title="bbox 2217 3349 3810 3424">
    <p class='ocr_par' dir='ltr' id='par_1_94' title="bbox 2217 3349 3810 3424">
     <span class='ocr_line' id='line_1_94' title="bbox 2217 3349 3810 3424; baseline -0.001 -17"><span class='ocrx_word' id='word_1_658' title='bbox 2217 3353 2379 3417; x_wconf 85' lang='lat' dir='ltr'><strong><em>lensi;</em></strong></span> <span class='ocrx_word' id='word_1_659' title='bbox 2413 3354 2467 3409; x_wconf 90' lang='lat' dir='ltr'><strong><em>in</em></strong></span> <span class='ocrx_word' id='word_1_660' title='bbox 2492 3352 2847 3424; x_wconf 83' lang='lat' dir='ltr'><strong><em>Antiquorum</em></strong></span> <span class='ocrx_word' id='word_1_661' title='bbox 2875 3349 3094 3407; x_wconf 87' lang='lat' dir='ltr'><strong><em>Patrum</em></strong></span> <span class='ocrx_word' id='word_1_662' title='bbox 3122 3352 3461 3415; x_wconf 87' lang='lat' dir='ltr'><strong><em>sermonibus</em></strong></span> <span class='ocrx_word' id='word_1_663' title='bbox 3481 3361 3535 3405; x_wconf 90' lang='lat' dir='ltr'><strong><em>et</em></strong></span> <span class='ocrx_word' id='word_1_664' title='bbox 3562 3349 3810 3423; x_wconf 85' lang='lat' dir='ltr'><strong><em>epistolis</em></strong></span> 
     </span>
    </p>
   </div>
   <div class='ocr_carea' id='block_1_95' title="bbox 2217 3442 3807 3515">
    <p class='ocr_par' dir='ltr' id='par_1_95' title="bbox 2217 3442 3807 3515">
     <span class='ocr_line' id='line_1_95' title="bbox 2217 3442 3807 3515; baseline -0.003 -14"><span class='ocrx_word' id='word_1_665' title='bbox 2217 3444 2377 3505; x_wconf 88' lang='lat' dir='ltr'><strong><em>de‘S.</em></strong></span> <span class='ocrx_word' id='word_1_666' title='bbox 2413 3442 2645 3503; x_wconf 85' lang='lat' dir='ltr'><strong><em>Eusebio</em></strong></span> <span class='ocrx_word' id='word_1_667' title='bbox 2668 3442 2994 3499; x_wconf 82' lang='lat' dir='ltr'><strong><em>Vercellensi</em></strong></span> <span class='ocrx_word' id='word_1_668' title='bbox 3035 3444 3291 3515; x_wconf 89' lang='lat' dir='ltr'><strong><em>episcopo</em></strong></span> <span class='ocrx_word' id='word_1_669' title='bbox 3322 3451 3376 3498; x_wconf 90' lang='lat' dir='ltr'><strong><em>et</em></strong></span> <span class='ocrx_word' id='word_1_670' title='bbox 3402 3450 3660 3515; x_wconf 75' lang='lat' dir='ltr'><strong><em>martyre,</em></strong></span> <span class='ocrx_word' id='word_1_671' title='bbox 3689 3443 3807 3498; x_wconf 89' lang='lat' dir='ltr'><strong><em>col-</em></strong></span> 
     </span>
    </p>
   </div>
   <div class='ocr_carea' id='block_1_96' title="bbox 2216 3532 3803 3617">
    <p class='ocr_par' dir='ltr' id='par_1_96' title="bbox 2216 3532 3803 3617">
     <span class='ocr_line' id='line_1_96' title="bbox 2216 3532 3803 3617; baseline -0.001 -27"><span class='ocrx_word' id='word_1_672' title='bbox 2216 3534 2369 3599; x_wconf 83' lang='lat' dir='ltr'><strong><em>lectis</em></strong></span> <span class='ocrx_word' id='word_1_673' title='bbox 2391 3533 2544 3603; x_wconf 87' lang='lat' dir='ltr'><strong><em>jussu</em></strong></span> <span class='ocrx_word' id='word_1_674' title='bbox 2561 3532 2782 3589; x_wconf 83' lang='lat' dir='ltr'><strong><em>Joannis</em></strong></span> <span class='ocrx_word' id='word_1_675' title='bbox 2807 3533 3078 3591; x_wconf 84' lang='lat' dir='ltr'><strong><em>Francisci</em></strong></span> <span class='ocrx_word' id='word_1_676' title='bbox 3098 3533 3384 3617; x_wconf 76' lang='lat' dir='ltr'><strong><em>Bonhomii</em></strong></span> <span class='ocrx_word' id='word_1_677' title='bbox 3405 3533 3645 3613; x_wconf 80' lang='lat' dir='ltr'><strong><em>episcOpi</em></strong></span> <span class='ocrx_word' id='word_1_678' title='bbox 3677 3532 3803 3593; x_wconf 76' lang='lat' dir='ltr'><strong><em>Ver-</em></strong></span> 
     </span>
    </p>
   </div>
   <div class='ocr_carea' id='block_1_97' title="bbox 2217 3626 2481 3683">
    <p class='ocr_par' dir='ltr' id='par_1_97' title="bbox 2217 3626 2481 3683">
     <span class='ocr_line' id='line_1_97' title="bbox 2217 3626 2481 3683; baseline -0.015 0"><span class='ocrx_word' id='word_1_679' title='bbox 2217 3626 2481 3683; x_wconf 86' lang='lat' dir='ltr'><strong><em>cellensis.</em></strong></span> 
     </span>
    </p>
   </div>
   <div class='ocr_carea' id='block_1_98' title="bbox 2288 3714 3804 3789">
    <p class='ocr_par' dir='ltr' id='par_1_98' title="bbox 2288 3714 3804 3789">
     <span class='ocr_line' id='line_1_98' title="bbox 2288 3714 3804 3789; baseline 0 -18"><span class='ocrx_word' id='word_1_680' title='bbox 2288 3716 2499 3783; x_wconf 87' lang='lat' dir='ltr'><strong><em>Laudat</em></strong></span> <span class='ocrx_word' id='word_1_681' title='bbox 2544 3716 2681 3770; x_wconf 82' lang='lat' dir='ltr'><strong><em>banc</em></strong></span> <span class='ocrx_word' id='word_1_682' title='bbox 2729 3714 3020 3785; x_wconf 85' lang='lat' dir='ltr'><strong><em>editionem</em></strong></span> <span class='ocrx_word' id='word_1_683' title='bbox 3071 3715 3393 3773; x_wconf 86' lang='lat' dir='ltr'><strong><em>Muratorius</em></strong></span> <span class='ocrx_word' id='word_1_684' title='bbox 3453 3717 3505 3775; x_wconf 91' lang='lat' dir='ltr'><strong><em>in</em></strong></span> <span class='ocrx_word' id='word_1_685' title='bbox 3554 3716 3701 3789; x_wconf 69' lang='lat' dir='ltr'><strong><em>prmi.</em></strong></span> <span class='ocrx_word' id='word_1_686' title='bbox 3737 3716 3804 3771; x_wconf 86' lang='lat' dir='ltr'><strong><em>ad</em></strong></span> 
     </span>
    </p>
   </div>
   <div class='ocr_carea' id='block_1_99' title="bbox 2216 3807 3807 3883">
    <p class='ocr_par' dir='ltr' id='par_1_99' title="bbox 2216 3807 3807 3883">
     <span class='ocr_line' id='line_1_99' title="bbox 2216 3807 3807 3883; baseline -0.002 -19"><span class='ocrx_word' id='word_1_687' title='bbox 2216 3824 2496 3864; x_wconf 90' lang='lat' dir='ltr'><strong><em>sermones</em></strong></span> <span class='ocrx_word' id='word_1_688' title='bbox 2539 3823 2571 3861; x_wconf 89' lang='lat' dir='ltr'><strong><em>a</em></strong></span> <span class='ocrx_word' id='word_1_689' title='bbox 2609 3822 2667 3863; x_wconf 89' lang='lat' dir='ltr'><strong><em>se</em></strong></span> <span class='ocrx_word' id='word_1_690' title='bbox 2705 3807 2879 3863; x_wconf 87' lang='lat' dir='ltr'><strong><em>editus</em></strong></span> <span class='ocrx_word' id='word_1_691' title='bbox 2907 3808 2961 3862; x_wconf 87' lang='lat' dir='ltr'><strong><em>in</em></strong></span> <span class='ocrx_word' id='word_1_692' title='bbox 2989 3808 3267 3863; x_wconf 79' lang='lat' dir='ltr'><strong><em>Anecdotis</em></strong></span> <span class='ocrx_word' id='word_1_693' title='bbox 3291 3850 3305 3874; x_wconf 93' lang='lat'><strong><em>,</em></strong></span> <span class='ocrx_word' id='word_1_694' title='bbox 3338 3810 3478 3862; x_wconf 90' lang='lat' dir='ltr'><strong><em>inter</em></strong></span> <span class='ocrx_word' id='word_1_695' title='bbox 3505 3823 3643 3881; x_wconf 83' lang='lat' dir='ltr'><strong><em>quos</em></strong></span> <span class='ocrx_word' id='word_1_696' title='bbox 3670 3823 3807 3883; x_wconf 79' lang='lat' dir='ltr'><strong><em>qua-</em></strong></span> 
     </span>
    </p>
   </div>
   <div class='ocr_carea' id='block_1_100' title="bbox 2216 3898 3803 3966">
    <p class='ocr_par' dir='ltr' id='par_1_100' title="bbox 2216 3898 3803 3966">
     <span class='ocr_line' id='line_1_100' title="bbox 2216 3898 3803 3966; baseline 0 -12"><span class='ocrx_word' id='word_1_697' title='bbox 2216 3909 2341 3961; x_wconf 86' lang='lat' dir='ltr'><strong><em>tuor</em></strong></span> <span class='ocrx_word' id='word_1_698' title='bbox 2370 3901 2442 3955; x_wconf 89' lang='lat' dir='ltr'><strong><em>illi</em></strong></span> <span class='ocrx_word' id='word_1_699' title='bbox 2467 3908 2590 3963; x_wconf 82' lang='lat' dir='ltr'><strong><em>sunt</em></strong></span> <span class='ocrx_word' id='word_1_700' title='bbox 2618 3898 2685 3955; x_wconf 90' lang='lat' dir='ltr'><strong><em>de</em></strong></span> <span class='ocrx_word' id='word_1_701' title='bbox 2712 3900 2912 3957; x_wconf 89' lang='lat' dir='ltr'><strong><em>sanctis</em></strong></span> <span class='ocrx_word' id='word_1_702' title='bbox 2938 3899 3025 3966; x_wconf 85' lang='lat' dir='ltr'><strong><em>Vl,</em></strong></span> <span class='ocrx_word' id='word_1_703' title='bbox 3056 3899 3164 3965; x_wconf 73' lang='grc' dir='ltr'><strong><em>γη,</em></strong></span> <span class='ocrx_word' id='word_1_704' title='bbox 3190 3899 3302 3954; x_wconf 84' lang='lat' dir='ltr'><strong>VIII</strong></span> <span class='ocrx_word' id='word_1_705' title='bbox 3330 3908 3385 3955; x_wconf 90' lang='lat' dir='ltr'><strong><em>et</em></strong></span> <span class='ocrx_word' id='word_1_706' title='bbox 3409 3898 3497 3953; x_wconf 85' lang='lat' dir='ltr'><strong><em>IX.</em></strong></span> <span class='ocrx_word' id='word_1_707' title='bbox 3542 3899 3600 3959; x_wconf 82' lang='lat' dir='ltr'><strong><em>In</em></strong></span> <span class='ocrx_word' id='word_1_708' title='bbox 3626 3900 3803 3963; x_wconf 72' lang='lat' dir='ltr'><strong><em>novis~</em></strong></span> 
     </span>
    </p>
   </div>
   <div class='ocr_carea' id='block_1_101' title="bbox 2216 3991 3803 4065">
    <p class='ocr_par' dir='ltr' id='par_1_101' title="bbox 2216 3991 3803 4065">
     <span class='ocr_line' id='line_1_101' title="bbox 2216 3991 3803 4065; baseline 0.001 -17"><span class='ocrx_word' id='word_1_709' title='bbox 2216 3994 2353 4057; x_wconf 82' lang='lat' dir='ltr'><strong><em>sima</em></strong></span> <span class='ocrx_word' id='word_1_710' title='bbox 2376 3991 2621 4057; x_wconf 85' lang='lat' dir='ltr'><strong><em>Romana</em></strong></span> <span class='ocrx_word' id='word_1_711' title='bbox 2650 3991 2886 4047; x_wconf 89' lang='lat' dir='ltr'><strong><em>editione</em></strong></span> <span class='ocrx_word' id='word_1_712' title='bbox 2914 4000 3094 4047; x_wconf 89' lang='lat' dir='ltr'><strong><em>autem</em></strong></span> <span class='ocrx_word' id='word_1_713' title='bbox 3125 3992 3337 4057; x_wconf 85' lang='lat' dir='ltr'><strong><em>nonnisi</em></strong></span> <span class='ocrx_word' id='word_1_714' title='bbox 3364 4007 3500 4047; x_wconf 89' lang='lat' dir='ltr'><strong><em>unus</em></strong></span> <span class='ocrx_word' id='word_1_715' title='bbox 3528 4006 3596 4046; x_wconf 81' lang='lat' dir='ltr'><strong><em>ex</em></strong></span> <span class='ocrx_word' id='word_1_716' title='bbox 3618 3992 3803 4065; x_wconf 84' lang='lat' dir='ltr'><strong><em>iisdem</em></strong></span> 
     </span>
    </p>
   </div>
   <div class='ocr_carea' id='block_1_102' title="bbox 2221 4080 3801 4153">
    <p class='ocr_par' dir='ltr' id='par_1_102' title="bbox 2221 4080 3801 4153">
     <span class='ocr_line' id='line_1_102' title="bbox 2221 4080 3801 4153; baseline 0.001 -19"><span class='ocrx_word' id='word_1_717' title='bbox 2221 4082 2359 4145; x_wconf 87' lang='lat' dir='ltr'><strong><em>inter</em></strong></span> <span class='ocrx_word' id='word_1_718' title='bbox 2373 4081 2634 4153; x_wconf 78' lang='lat' dir='ltr'><strong><em>genuinos</em></strong></span> <span class='ocrx_word' id='word_1_719' title='bbox 2658 4082 2837 4138; x_wconf 92' lang='lat' dir='ltr'><strong><em>locum</em></strong></span> <span class='ocrx_word' id='word_1_720' title='bbox 2858 4081 3159 4152; x_wconf 87' lang='lat' dir='ltr'><strong><em>occnpavit,</em></strong></span> <span class='ocrx_word' id='word_1_721' title='bbox 3184 4097 3363 4137; x_wconf 87' lang='lat' dir='ltr'><strong><em>sermo</em></strong></span> <span class='ocrx_word' id='word_1_722' title='bbox 3390 4080 3451 4135; x_wconf 88' lang='lat'><strong><em>81</em></strong></span> <span class='ocrx_word' id='word_1_723' title='bbox 3478 4081 3544 4137; x_wconf 88' lang='lat' dir='ltr'><strong><em>de</em></strong></span> <span class='ocrx_word' id='word_1_724' title='bbox 3572 4080 3801 4146; x_wconf 89' lang='lat' dir='ltr'><strong><em>Sanctis,</em></strong></span> 
     </span>
    </p>
   </div>
   <div class='ocr_carea' id='block_1_103' title="bbox 2221 4170 3805 4242">
    <p class='ocr_par' dir='ltr' id='par_1_103' title="bbox 2221 4170 3805 4242">
     <span class='ocr_line' id='line_1_103' title="bbox 2221 4170 3805 4242; baseline 0.001 -17"><span class='ocrx_word' id='word_1_725' title='bbox 2221 4171 2504 4242; x_wconf 80' lang='lat' dir='ltr'><strong><em>inscriptus</em></strong></span> <span class='ocrx_word' id='word_1_726' title='bbox 2549 4171 2603 4224; x_wconf 87' lang='lat' dir='ltr'><strong><em>in</em></strong></span> <span class='ocrx_word' id='word_1_727' title='bbox 2645 4171 2812 4225; x_wconf 88' lang='lat' dir='ltr'><strong><em>natali</em></strong></span> <span class='ocrx_word' id='word_1_728' title='bbox 2843 4170 2948 4226; x_wconf 86' lang='lat' dir='ltr'><strong><em>SS.</em></strong></span> <span class='ocrx_word' id='word_1_729' title='bbox 2984 4170 3406 4233; x_wconf 73' lang='lat' dir='ltr'><strong><em>Macltabworum</em></strong></span> <span class='ocrx_word' id='word_1_730' title='bbox 3429 4181 3480 4226; x_wconf 92' lang='lat' dir='ltr'><strong><em>et</em></strong></span> <span class='ocrx_word' id='word_1_731' title='bbox 3510 4171 3570 4227; x_wconf 89' lang='lat' dir='ltr'><strong><em>S.</em></strong></span> <span class='ocrx_word' id='word_1_732' title='bbox 3596 4170 3805 4241; x_wconf 73' lang='lat' dir='ltr'><strong><em>Eusebii</em></strong></span> 
     </span>
    </p>
   </div>
   <div class='ocr_carea' id='block_1_104' title="bbox 2230 4259 3802 4333">
    <p class='ocr_par' dir='ltr' id='par_1_104' title="bbox 2230 4259 3802 4333">
     <span class='ocr_line' id='line_1_104' title="bbox 2230 4259 3802 4333; baseline 0.002 -18"><span class='ocrx_word' id='word_1_733' title='bbox 2230 4261 2290 4315; x_wconf 83' lang='lat' dir='ltr'><strong><em>V.</em></strong></span> <span class='ocrx_word' id='word_1_734' title='bbox 2324 4259 2391 4317; x_wconf 84' lang='lat' dir='ltr'><strong><em>E.</em></strong></span> <span class='ocrx_word' id='word_1_735' title='bbox 2418 4271 2469 4319; x_wconf 89' lang='lat' dir='ltr'><strong><em>et</em></strong></span> <span class='ocrx_word' id='word_1_736' title='bbox 2496 4260 2600 4326; x_wconf 65' lang='grc' dir='ltr'><strong><em>Νη</em></strong></span> <span class='ocrx_word' id='word_1_737' title='bbox 2636 4259 2896 4333; x_wconf 85' lang='lat' dir='ltr'><strong><em>incipiens</em></strong></span> <span class='ocrx_word' id='word_1_738' title='bbox 2934 4277 2965 4315; x_wconf 87' lang='lat' dir='ltr'><strong><em>a</em></strong></span> <span class='ocrx_word' id='word_1_739' title='bbox 2994 4262 3171 4317; x_wconf 83' lang='lat' dir='ltr'><strong><em>verbis</em></strong></span> <span class='ocrx_word' id='word_1_740' title='bbox 3192 4261 3273 4316; x_wconf 79' lang='lat' dir='ltr'><strong><em>Ad</em></strong></span> <span class='ocrx_word' id='word_1_741' title='bbox 3293 4263 3643 4317; x_wconf 80' lang='lat' dir='ltr'><strong><em>celebritatem</em></strong></span> <span class='ocrx_word' id='word_1_742' title='bbox 3671 4280 3802 4333; x_wconf 70' lang='lat' dir='ltr'><strong><em>prc-</em></strong></span> 
     </span>
    </p>
   </div>
   <div class='ocr_carea' id='block_1_105' title="bbox 2219 4352 3804 4427">
    <p class='ocr_par' dir='ltr' id='par_1_105' title="bbox 2219 4352 3804 4427">
     <span class='ocr_line' id='line_1_105' title="bbox 2219 4352 3804 4427; baseline 0.002 -20"><span class='ocrx_word' id='word_1_743' title='bbox 2219 4353 2379 4427; x_wconf 75' lang='lat' dir='ltr'><strong><em>sentis</em></strong></span> <span class='ocrx_word' id='word_1_744' title='bbox 2408 4352 2537 4417; x_wconf 84' lang='lat' dir='ltr'><strong><em>diei;</em></strong></span> <span class='ocrx_word' id='word_1_745' title='bbox 2580 4353 2771 4421; x_wconf 82' lang='lat' dir='ltr'><strong><em>reliqui</em></strong></span> <span class='ocrx_word' id='word_1_746' title='bbox 2813 4361 2922 4421; x_wconf 83' lang='lat' dir='ltr'><strong><em>tres</em></strong></span> <span class='ocrx_word' id='word_1_747' title='bbox 2960 4353 3015 4408; x_wconf 93' lang='lat' dir='ltr'><strong><em>in</em></strong></span> <span class='ocrx_word' id='word_1_748' title='bbox 3046 4353 3397 4425; x_wconf 89' lang='lat' dir='ltr'><strong><em>appendicem</em></strong></span> <span class='ocrx_word' id='word_1_749' title='bbox 3427 4362 3554 4408; x_wconf 89' lang='lat' dir='ltr'><strong><em>sunt</em></strong></span> <span class='ocrx_word' id='word_1_750' title='bbox 3580 4354 3804 4422; x_wconf 76' lang='lat' dir='ltr'><strong><em>relegati</em></strong></span> 
     </span>
    </p>
   </div>
   <div class='ocr_carea' id='block_1_106' title="bbox 2220 4444 3803 4517">
    <p class='ocr_par' dir='ltr' id='par_1_106' title="bbox 2220 4444 3803 4517">
     <span class='ocr_line' id='line_1_106' title="bbox 2220 4444 3803 4517; baseline 0.001 -18"><span class='ocrx_word' id='word_1_751' title='bbox 2220 4462 2273 4499; x_wconf 79' lang='grc' dir='ltr'>υ.</span> <span class='ocrx_word' id='word_1_752' title='bbox 2305 4444 2394 4511; x_wconf 74' lang='grc'><strong><em>21,</em></strong></span> <span class='ocrx_word' id='word_1_753' title='bbox 2427 4444 2514 4508; x_wconf 70' lang='grc'><strong><em>22,</em></strong></span> <span class='ocrx_word' id='word_1_754' title='bbox 2544 4444 2633 4511; x_wconf 71' lang='grc'><strong><em>25,</em></strong></span> <span class='ocrx_word' id='word_1_755' title='bbox 2663 4445 2976 4515; x_wconf 84' lang='lat' dir='ltr'><strong><em>incipientes</em></strong></span> <span class='ocrx_word' id='word_1_756' title='bbox 3016 4447 3227 4513; x_wconf 85' lang='lat' dir='ltr'><strong><em>verbis,</em></strong></span> <span class='ocrx_word' id='word_1_757' title='bbox 3277 4445 3409 4499; x_wconf 89' lang='lat' dir='ltr'><strong><em>Dum</em></strong></span> <span class='ocrx_word' id='word_1_758' title='bbox 3445 4446 3514 4499; x_wconf 82' lang='lat' dir='ltr'><strong><em>ad</em></strong></span> <span class='ocrx_word' id='word_1_759' title='bbox 3542 4447 3803 4517; x_wconf 77' lang='lat' dir='ltr'><strong><em>obsequia,</em></strong></span> 
     </span>
    </p>
   </div>
   <div class='ocr_carea' id='block_1_107' title="bbox 2221 4537 3803 4610">
    <p class='ocr_par' dir='ltr' id='par_1_107' title="bbox 2221 4537 3803 4610">
     <span class='ocr_line' id='line_1_107' title="bbox 2221 4537 3803 4610; baseline 0 -17"><span class='ocrx_word' id='word_1_760' title='bbox 2221 4548 2356 4603; x_wconf 88' lang='lat' dir='ltr'><strong><em>etc.;</em></strong></span> <span class='ocrx_word' id='word_1_761' title='bbox 2408 4537 2551 4592; x_wconf 83' lang='lat' dir='ltr'><strong><em>Licet</em></strong></span> <span class='ocrx_word' id='word_1_762' title='bbox 2595 4555 2675 4593; x_wconf 87' lang='lat' dir='ltr'><strong><em>me</em></strong></span> <span class='ocrx_word' id='word_1_763' title='bbox 2697 4580 2711 4606; x_wconf 95' lang='lat'><strong><em>,</em></strong></span> <span class='ocrx_word' id='word_1_764' title='bbox 2745 4542 2936 4610; x_wconf 77' lang='lat' dir='ltr'><strong><em>fratres</em></strong></span> <span class='ocrx_word' id='word_1_765' title='bbox 2961 4578 2977 4603; x_wconf 95' lang='lat'><strong><em>,</em></strong></span> <span class='ocrx_word' id='word_1_766' title='bbox 3018 4540 3260 4595; x_wconf 59' lang='lat' dir='ltr'><strong><em>claritati</em></strong></span> <span class='ocrx_word' id='word_1_767' title='bbox 3284 4546 3488 4595; x_wconf 73' lang='lat' dir='ltr'><strong><em>&#39;restrat</em></strong></span> <span class='ocrx_word' id='word_1_768' title='bbox 3510 4579 3525 4605; x_wconf 94' lang='lat'><strong><em>,</em></strong></span> <span class='ocrx_word' id='word_1_769' title='bbox 3559 4547 3700 4605; x_wconf 90' lang='lat' dir='ltr'><strong><em>etc.;</em></strong></span> <span class='ocrx_word' id='word_1_770' title='bbox 3748 4546 3803 4594; x_wconf 90' lang='lat' dir='ltr'><strong><em>et</em></strong></span> 
     </span>
    </p>
   </div>
   <div class='ocr_carea' id='block_1_108' title="bbox 2222 4626 3266 4705">
    <p class='ocr_par' dir='ltr' id='par_1_108' title="bbox 2222 4626 3266 4705">
     <span class='ocr_line' id='line_1_108' title="bbox 2222 4626 3266 4705; baseline 0.002 -22"><span class='ocrx_word' id='word_1_771' title='bbox 2222 4626 2546 4701; x_wconf 76' lang='lat' dir='ltr'><strong><em>Quanquam,</em></strong></span> <span class='ocrx_word' id='word_1_772' title='bbox 2574 4630 2896 4685; x_wconf 86' lang='lat' dir='ltr'><strong><em>dilectissimi</em></strong></span> <span class='ocrx_word' id='word_1_773' title='bbox 2919 4632 3132 4705; x_wconf 72' lang='lat' dir='ltr'><strong><em>fratres,</em></strong></span> <span class='ocrx_word' id='word_1_774' title='bbox 3163 4639 3266 4686; x_wconf 91' lang='lat' dir='ltr'><strong><em>etc.</em></strong></span> 
     </span>
    </p>
   </div>
   <div class='ocr_carea' id='block_1_109' title="bbox 2936 4760 3097 4818">
    <p class='ocr_par' dir='ltr' id='par_1_109' title="bbox 2936 4760 3097 4818">
     <span class='ocr_line' id='line_1_109' title="bbox 2936 4760 3097 4818; baseline 0 -1"><span class='ocrx_word' id='word_1_775' title='bbox 2936 4760 3097 4818; x_wconf 73' lang='grc'>1588.</span> 
     </span>
    </p>
   </div>
   <div class='ocr_carea' id='block_1_110' title="bbox 2295 4870 3806 4944">
    <p class='ocr_par' dir='ltr' id='par_1_110' title="bbox 2295 4870 3806 4944">
     <span class='ocr_line' id='line_1_110' title="bbox 2295 4870 3806 4944; baseline 0.002 -17"><span class='ocrx_word' id='word_1_776' title='bbox 2295 4872 2567 4944; x_wconf 77' lang='lat' dir='ltr'><strong><em>Lugduni,</em></strong></span> <span class='ocrx_word' id='word_1_777' title='bbox 2592 4888 2661 4929; x_wconf 84' lang='lat' dir='ltr'><strong><em>ex</em></strong></span> <span class='ocrx_word' id='word_1_778' title='bbox 2689 4872 2902 4929; x_wconf 71' lang='lat' dir='ltr'><strong><em>olilcina</em></strong></span> <span class='ocrx_word' id='word_1_779' title='bbox 2928 4871 3262 4938; x_wconf 79' lang='lat' dir='ltr'><strong><em>Junctarum,</em></strong></span> <span class='ocrx_word' id='word_1_780' title='bbox 3293 4871 3464 4928; x_wconf 80' lang='lat' dir='ltr'><strong><em>in-fol.</em></strong></span> <span class='ocrx_word' id='word_1_781' title='bbox 3497 4870 3554 4929; x_wconf 88' lang='lat' dir='ltr'><strong><em>S.</em></strong></span> <span class='ocrx_word' id='word_1_782' title='bbox 3587 4871 3806 4930; x_wconf 80' lang='lat' dir='ltr'><strong><em>Maximi</em></strong></span> 
     </span>
    </p>
   </div>
   <div class='ocr_carea' id='block_1_111' title="bbox 2223 4966 3806 5037">
    <p class='ocr_par' dir='ltr' id='par_1_111' title="bbox 2223 4966 3806 5037">
     <span class='ocr_line' id='line_1_111' title="bbox 2223 4966 3806 5037; baseline 0.002 -16"><span class='ocrx_word' id='word_1_783' title='bbox 2223 4966 2568 5022; x_wconf 88' lang='lat' dir='ltr'><strong><em>Taurinensis</em></strong></span> <span class='ocrx_word' id='word_1_784' title='bbox 2608 4982 2693 5037; x_wconf 86' lang='lat' dir='ltr'><strong><em>ep.</em></strong></span> <span class='ocrx_word' id='word_1_785' title='bbox 2725 4966 2991 5033; x_wconf 64' lang='lat' dir='ltr'><strong><em>homilire;</em></strong></span> <span class='ocrx_word' id='word_1_786' title='bbox 3020 4967 3073 5021; x_wconf 92' lang='lat' dir='ltr'><strong><em>in</em></strong></span> <span class='ocrx_word' id='word_1_787' title='bbox 3104 4966 3442 5023; x_wconf 81' lang='lat' dir='ltr'><strong><em>Bibliotheca</em></strong></span> <span class='ocrx_word' id='word_1_788' title='bbox 3461 4967 3806 5025; x_wconf 86' lang='lat' dir='ltr'><strong><em>homiliarum</em></strong></span> 
     </span>
    </p>
   </div>
   <div class='ocr_carea' id='block_1_112' title="bbox 2222 5057 3808 5137">
    <p class='ocr_par' dir='ltr' id='par_1_112' title="bbox 2222 5057 3808 5137">
     <span class='ocr_line' id='line_1_112' title="bbox 2222 5057 3808 5137; baseline 0 -24"><span class='ocrx_word' id='word_1_789' title='bbox 2222 5066 2277 5113; x_wconf 85' lang='lat' dir='ltr'><strong><em>et</em></strong></span> <span class='ocrx_word' id='word_1_790' title='bbox 2327 5073 2635 5114; x_wconf 86' lang='lat' dir='ltr'><strong><em>sermonum</em></strong></span> <span class='ocrx_word' id='word_1_791' title='bbox 2681 5058 2987 5137; x_wconf 84' lang='lat' dir='ltr'><strong><em>priscorum</em></strong></span> <span class='ocrx_word' id='word_1_792' title='bbox 3028 5057 3285 5129; x_wconf 70' lang='lat' dir='ltr'><strong><em>Ecclesia:</em></strong></span> <span class='ocrx_word' id='word_1_793' title='bbox 3328 5057 3549 5114; x_wconf 81' lang='lat' dir='ltr'><strong><em>Patrum</em></strong></span> <span class='ocrx_word' id='word_1_794' title='bbox 3574 5101 3590 5127; x_wconf 89' lang='lat'><strong><em>,</em></strong></span> <span class='ocrx_word' id='word_1_795' title='bbox 3644 5058 3808 5113; x_wconf 85' lang='lat' dir='ltr'><strong><em>Laur.</em></strong></span> 
     </span>
    </p>
   </div>
   <div class='ocr_carea' id='block_1_113' title="bbox 2222 5148 3806 5221">
    <p class='ocr_par' dir='ltr' id='par_1_113' title="bbox 2222 5148 3806 5221">
     <span class='ocr_line' id='line_1_113' title="bbox 2222 5148 3806 5221; baseline -0.001 -16"><span class='ocrx_word' id='word_1_796' title='bbox 2222 5148 2433 5206; x_wconf 89' lang='lat' dir='ltr'><strong><em>Cumdii</em></strong></span> <span class='ocrx_word' id='word_1_797' title='bbox 2454 5158 2509 5205; x_wconf 90' lang='lat' dir='ltr'><strong><em>et</em></strong></span> <span class='ocrx_word' id='word_1_798' title='bbox 2529 5149 2753 5205; x_wconf 88' lang='lat' dir='ltr'><strong><em>Gcrardi</em></strong></span> <span class='ocrx_word' id='word_1_799' title='bbox 2782 5148 3007 5213; x_wconf 86' lang='lat' dir='ltr'><strong><em>Mosani,</em></strong></span> <span class='ocrx_word' id='word_1_800' title='bbox 3040 5165 3137 5221; x_wconf 89' lang='lat' dir='ltr'><strong><em>per</em></strong></span> <span class='ocrx_word' id='word_1_801' title='bbox 3168 5158 3337 5206; x_wconf 90' lang='lat' dir='ltr'><strong><em>totum</em></strong></span> <span class='ocrx_word' id='word_1_802' title='bbox 3367 5165 3505 5221; x_wconf 90' lang='lat' dir='ltr'><strong><em>opus</em></strong></span> <span class='ocrx_word' id='word_1_803' title='bbox 3525 5151 3806 5221; x_wconf 65' lang='lat' dir='ltr'><strong><em>dispersu.</em></strong></span> 
     </span>
    </p>
   </div>
   <div class='ocr_carea' id='block_1_114' title="bbox 2827 5274 3213 5349">
    <p class='ocr_par' dir='ltr' id='par_1_114' title="bbox 2827 5274 3213 5349">
     <span class='ocr_line' id='line_1_114' title="bbox 2827 5274 3213 5349; baseline -0.003 -6"><span class='ocrx_word' id='word_1_804' title='bbox 2827 5298 3041 5345; x_wconf 55' lang='lat' dir='ltr'><strong><em>secum</em></strong></span> <span class='ocrx_word' id='word_1_805' title='bbox 3075 5274 3213 5349; x_wconf 62' lang='lat' dir='ltr'><strong><em>xvu.</em></strong></span> 
     </span>
    </p>
   </div>
   <div class='ocr_carea' id='block_1_115' title="bbox 2928 5397 3082 5457">
    <p class='ocr_par' dir='ltr' id='par_1_115' title="bbox 2928 5397 3082 5457">
     <span class='ocr_line' id='line_1_115' title="bbox 2928 5397 3082 5457; baseline 0 -4"><span class='ocrx_word' id='word_1_806' title='bbox 2928 5397 3020 5453; x_wconf 82' lang='grc'>161</span> <span class='ocrx_word' id='word_1_807' title='bbox 3030 5398 3082 5457; x_wconf 76' lang='grc' dir='ltr'>ὅ.</span> 
     </span>
    </p>
   </div>
   <div class='ocr_carea' id='block_1_116' title="bbox 2296 5517 3803 5611">
    <p class='ocr_par' dir='ltr' id='par_1_116' title="bbox 2296 5517 3803 5611">
     <span class='ocr_line' id='line_1_116' title="bbox 2296 5517 3803 5611; baseline 0.008 -27"><span class='ocrx_word' id='word_1_808' title='bbox 2296 5530 2661 5599; x_wconf 88' lang='lat' dir='ltr'><strong><em>Parisiis,....</em></strong></span> <span class='ocrx_word' id='word_1_809' title='bbox 2715 5533 2916 5591; x_wconf 79' lang='lat' dir='ltr'><strong><em>in-fol.</em></strong></span> <span class='ocrx_word' id='word_1_810' title='bbox 2964 5535 3019 5589; x_wconf 91' lang='lat' dir='ltr'><strong><em>S.</em></strong></span> <span class='ocrx_word' id='word_1_811' title='bbox 3067 5535 3285 5593; x_wconf 81' lang='lat' dir='ltr'><strong><em>Maximi</em></strong></span> <span class='ocrx_word' id='word_1_812' title='bbox 3326 5517 3679 5594; x_wconf 68' lang='lat' dir='ltr'><strong><em>Taurinensii</em></strong></span> <span class='ocrx_word' id='word_1_813' title='bbox 3715 5554 3803 5611; x_wconf 73' lang='lat' dir='ltr'><strong><em>cp;</em></strong></span> 
     </span>
    </p>
   </div>
   <div class='ocr_carea' id='block_1_117' title="bbox 2176 5626 3799 5705">
    <p class='ocr_par' dir='ltr' id='par_1_117' title="bbox 2176 5626 3799 5705">
     <span class='ocr_line' id='line_1_117' title="bbox 2176 5626 3799 5705; baseline 0.004 -24"><span class='ocrx_word' id='word_1_814' title='bbox 2176 5640 2183 5655; x_wconf 85' lang='lat'>&#39;</span> <span class='ocrx_word' id='word_1_815' title='bbox 2224 5626 2475 5693; x_wconf 63' lang='lat' dir='ltr'><strong><em>bomiliae,</em></strong></span> <span class='ocrx_word' id='word_1_816' title='bbox 2504 5644 2628 5683; x_wconf 91' lang='lat' dir='ltr'><strong><em>cum</em></strong></span> <span class='ocrx_word' id='word_1_817' title='bbox 2650 5627 2847 5685; x_wconf 89' lang='lat' dir='ltr'><strong><em>Leonis</em></strong></span> <span class='ocrx_word' id='word_1_818' title='bbox 2892 5628 2961 5683; x_wconf 88' lang='lat' dir='ltr'><strong><em>M.</em></strong></span> <span class='ocrx_word' id='word_1_819' title='bbox 2995 5636 3049 5685; x_wconf 91' lang='lat' dir='ltr'><strong><em>et</em></strong></span> <span class='ocrx_word' id='word_1_820' title='bbox 3078 5630 3225 5687; x_wconf 87' lang='lat' dir='ltr'><strong><em>Petri</em></strong></span> <span class='ocrx_word' id='word_1_821' title='bbox 3268 5628 3587 5704; x_wconf 64' lang='lat' dir='ltr'><strong><em>Chrysologi</em></strong></span> <span class='ocrx_word' id='word_1_822' title='bbox 3624 5630 3799 5705; x_wconf 64' lang='lat' dir='ltr'><strong><em>operi</em></strong></span> 
     </span>
    </p>
   </div>
   <div class='ocr_carea' id='block_1_118' title="bbox 2224 5721 3119 5777">
    <p class='ocr_par' dir='ltr' id='par_1_118' title="bbox 2224 5721 3119 5777">
     <span class='ocr_line' id='line_1_118' title="bbox 2224 5721 3119 5777; baseline 0 -2"><span class='ocrx_word' id='word_1_823' title='bbox 2224 5721 2340 5777; x_wconf 86' lang='lat' dir='ltr'><strong><em>bus.</em></strong></span> <span class='ocrx_word' id='word_1_824' title='bbox 2373 5721 2462 5777; x_wconf 89' lang='lat' dir='ltr'><strong><em>Sic</em></strong></span> <span class='ocrx_word' id='word_1_825' title='bbox 2484 5721 2661 5777; x_wconf 88' lang='lat' dir='ltr'><strong><em>Bruno</em></strong></span> <span class='ocrx_word' id='word_1_826' title='bbox 2688 5721 2893 5776; x_wconf 72' lang='lat' dir='ltr'><strong><em>Bi&#39;unus</em></strong></span> <span class='ocrx_word' id='word_1_827' title='bbox 2914 5724 3119 5777; x_wconf 86' lang='lat' dir='ltr'><strong><em>asserit.</em></strong></span> 
     </span>
    </p>
   </div>
  </div>
