  <div class='ocr_page' id='page_1' title='image "/cluster/home/n/w/nwhite01/storage/ocr_20150623/57/hvd.32044015471618/100.png"; bbox 0 0 4040 6324; ppageno 0'>
   <div class='ocr_carea' id='block_1_1' title="bbox 270 539 1863 631">
    <p class='ocr_par' dir='ltr' id='par_1_1' title="bbox 270 539 1863 631">
     <span class='ocr_line' id='line_1_1' title="bbox 270 539 1863 631; baseline 0 -12"><span class='ocrx_word' id='word_1_1' title='bbox 270 539 278 547; x_wconf 83' lang='grc'><strong>’</strong></span> <span class='ocrx_word' id='word_1_2' title='bbox 357 556 597 625; x_wconf 80' lang='lat' dir='ltr'><strong>Parisiis,</strong></span> <span class='ocrx_word' id='word_1_3' title='bbox 618 556 761 631; x_wconf 87' lang='lat' dir='ltr'><strong>apud</strong></span> <span class='ocrx_word' id='word_1_4' title='bbox 778 555 1061 619; x_wconf 81' lang='lat' dir='ltr'><strong>Claudium</strong></span> <span class='ocrx_word' id='word_1_5' title='bbox 1080 557 1384 623; x_wconf 67' lang='lat' dir='ltr'><strong>Morenum.</strong></span> <span class='ocrx_word' id='word_1_6' title='bbox 1413 556 1587 621; x_wconf 71' lang='lat' dir='ltr'><strong>ill-fol.</strong></span> <span class='ocrx_word' id='word_1_7' title='bbox 1621 557 1863 626; x_wconf 70' lang='lat' dir='ltr'><strong>Eaedem;</strong></span> 
     </span>
    </p>
   </div>
   <div class='ocr_carea' id='block_1_2' title="bbox 272 649 1131 723">
    <p class='ocr_par' dir='ltr' id='par_1_2' title="bbox 272 649 1131 723">
     <span class='ocr_line' id='line_1_2' title="bbox 272 649 1131 723; baseline -0.003 -14"><span class='ocrx_word' id='word_1_8' title='bbox 272 666 408 722; x_wconf 74' lang='lat' dir='ltr'><strong>cum</strong></span> <span class='ocrx_word' id='word_1_9' title='bbox 429 649 643 715; x_wconf 77' lang='lat' dir='ltr'><strong>iisdem.</strong></span> <span class='ocrx_word' id='word_1_10' title='bbox 665 649 803 709; x_wconf 74' lang='lat' dir='ltr'><strong>Vide</strong></span> <span class='ocrx_word' id='word_1_11' title='bbox 826 657 1131 723; x_wconf 84' lang='lat' dir='ltr'><strong>sequentes.</strong></span> 
     </span>
    </p>
   </div>
   <div class='ocr_carea' id='block_1_3' title="bbox 996 740 1135 799">
    <p class='ocr_par' dir='ltr' id='par_1_3' title="bbox 996 740 1135 799">
     <span class='ocr_line' id='line_1_3' title="bbox 996 740 1135 799; baseline 0.007 -3"><span class='ocrx_word' id='word_1_12' title='bbox 996 740 1135 799; x_wconf 84' lang='grc'><strong>1618</strong></span> 
     </span>
    </p>
   </div>
   <div class='ocr_carea' id='block_1_4' title="bbox 176 832 1865 913">
    <p class='ocr_par' dir='ltr' id='par_1_4' title="bbox 176 832 1865 913">
     <span class='ocr_line' id='line_1_4' title="bbox 176 832 1865 913; baseline 0.002 -24"><span class='ocrx_word' id='word_1_13' title='bbox 176 900 191 913; x_wconf 43' lang='grc' dir='ltr'><strong><em>ο</em></strong></span> <span class='ocrx_word' id='word_1_14' title='bbox 352 833 605 902; x_wconf 79' lang='lat' dir='ltr'><strong>Parisiis,</strong></span> <span class='ocrx_word' id='word_1_15' title='bbox 648 834 950 906; x_wconf 77' lang='lat' dir='ltr'><strong>sumptibus</strong></span> <span class='ocrx_word' id='word_1_16' title='bbox 1003 833 1214 891; x_wconf 89' lang='lat' dir='ltr'><strong>Sebast.</strong></span> <span class='ocrx_word' id='word_1_17' title='bbox 1245 832 1544 907; x_wconf 84' lang='lat' dir='ltr'><strong>Cramoisy.</strong></span> <span class='ocrx_word' id='word_1_18' title='bbox 1589 833 1678 891; x_wconf 83' lang='lat' dir='ltr'><strong>via</strong></span> <span class='ocrx_word' id='word_1_19' title='bbox 1704 832 1865 893; x_wconf 82' lang='lat' dir='ltr'><strong>Jaco-</strong></span> 
     </span>
    </p>
   </div>
   <div class='ocr_carea' id='block_1_5' title="bbox 280 925 1864 997">
    <p class='ocr_par' dir='ltr' id='par_1_5' title="bbox 280 925 1864 997">
     <span class='ocr_line' id='line_1_5' title="bbox 280 925 1864 997; baseline 0.001 -13"><span class='ocrx_word' id='word_1_20' title='bbox 280 928 415 994; x_wconf 71' lang='lat' dir='ltr'><strong>baea,</strong></span> <span class='ocrx_word' id='word_1_21' title='bbox 447 926 629 983; x_wconf 75' lang='lat' dir='ltr'><strong>in-lol.</strong></span> <span class='ocrx_word' id='word_1_22' title='bbox 662 925 717 982; x_wconf 98' lang='grc'><strong>8.</strong></span> <span class='ocrx_word' id='word_1_23' title='bbox 744 925 961 991; x_wconf 83' lang='lat' dir='ltr'><strong>Maximi</strong></span> <span class='ocrx_word' id='word_1_24' title='bbox 982 925 1325 987; x_wconf 83' lang='lat' dir='ltr'><strong>Tanrinensis</strong></span> <span class='ocrx_word' id='word_1_25' title='bbox 1352 926 1589 997; x_wconf 77' lang='lat' dir='ltr'><strong>episcopi</strong></span> <span class='ocrx_word' id='word_1_26' title='bbox 1610 925 1864 995; x_wconf 69' lang='lat' dir='ltr'><strong>homilize,</strong></span> 
     </span>
    </p>
   </div>
   <div class='ocr_carea' id='block_1_6' title="bbox 280 1015 1866 1092">
    <p class='ocr_par' dir='ltr' id='par_1_6' title="bbox 280 1015 1866 1092">
     <span class='ocr_line' id='line_1_6' title="bbox 280 1015 1866 1092; baseline 0.001 -19"><span class='ocrx_word' id='word_1_27' title='bbox 280 1034 403 1074; x_wconf 89' lang='lat' dir='ltr'><strong>cum</strong></span> <span class='ocrx_word' id='word_1_28' title='bbox 434 1015 631 1077; x_wconf 84' lang='lat' dir='ltr'><strong>Leonis</strong></span> <span class='ocrx_word' id='word_1_29' title='bbox 660 1016 731 1075; x_wconf 84' lang='lat' dir='ltr'><strong>M.</strong></span> <span class='ocrx_word' id='word_1_30' title='bbox 764 1024 820 1075; x_wconf 90' lang='lat' dir='ltr'><strong>et</strong></span> <span class='ocrx_word' id='word_1_31' title='bbox 848 1018 993 1079; x_wconf 84' lang='lat' dir='ltr'><strong>Petri</strong></span> <span class='ocrx_word' id='word_1_32' title='bbox 1022 1016 1338 1092; x_wconf 66' lang='grc' dir='ltr'><strong>ωλι-γεωοεί</strong></span> <span class='ocrx_word' id='word_1_33' title='bbox 1372 1018 1651 1088; x_wconf 84' lang='lat' dir='ltr'><strong>operibus,</strong></span> <span class='ocrx_word' id='word_1_34' title='bbox 1681 1018 1866 1077; x_wconf 88' lang='lat' dir='ltr'><strong>medio</strong></span> 
     </span>
    </p>
   </div>
   <div class='ocr_carea' id='block_1_7' title="bbox 276 1108 1867 1183">
    <p class='ocr_par' dir='ltr' id='par_1_7' title="bbox 276 1108 1867 1183">
     <span class='ocr_line' id='line_1_7' title="bbox 276 1108 1867 1183; baseline -0.003 -16"><span class='ocrx_word' id='word_1_35' title='bbox 276 1111 423 1175; x_wconf 86' lang='lat' dir='ltr'><strong>loco,</strong></span> <span class='ocrx_word' id='word_1_36' title='bbox 457 1126 547 1183; x_wconf 91' lang='lat' dir='ltr'><strong>pp.</strong></span> <span class='ocrx_word' id='word_1_37' title='bbox 580 1108 829 1165; x_wconf 83' lang='lat'><strong>550-706.</strong></span> <span class='ocrx_word' id='word_1_38' title='bbox 862 1108 1089 1171; x_wconf 71' lang='lat' dir='ltr'><strong>Additus</strong></span> <span class='ocrx_word' id='word_1_39' title='bbox 1114 1117 1197 1167; x_wconf 89' lang='lat' dir='ltr'><strong>est</strong></span> <span class='ocrx_word' id='word_1_40' title='bbox 1223 1109 1385 1169; x_wconf 86' lang='lat' dir='ltr'><strong>index</strong></span> <span class='ocrx_word' id='word_1_41' title='bbox 1403 1126 1585 1171; x_wconf 86' lang='lat' dir='ltr'><strong>rerum</strong></span> <span class='ocrx_word' id='word_1_42' title='bbox 1615 1108 1784 1167; x_wconf 87' lang='lat' dir='ltr'><strong>Leoni</strong></span> <span class='ocrx_word' id='word_1_43' title='bbox 1812 1117 1867 1168; x_wconf 90' lang='lat' dir='ltr'><strong>et</strong></span> 
     </span>
    </p>
   </div>
   <div class='ocr_carea' id='block_1_8' title="bbox 278 1199 1864 1263">
    <p class='ocr_par' dir='ltr' id='par_1_8' title="bbox 278 1199 1864 1263">
     <span class='ocr_line' id='line_1_8' title="bbox 278 1199 1864 1263; baseline 0.003 -10"><span class='ocrx_word' id='word_1_44' title='bbox 278 1199 520 1261; x_wconf 83' lang='lat' dir='ltr'><strong>Maximo</strong></span> <span class='ocrx_word' id='word_1_45' title='bbox 563 1200 883 1263; x_wconf 79' lang='lat' dir='ltr'><strong>communis.</strong></span> <span class='ocrx_word' id='word_1_46' title='bbox 933 1199 1115 1263; x_wconf 85' lang='lat' dir='ltr'><strong>Bruno</strong></span> <span class='ocrx_word' id='word_1_47' title='bbox 1162 1199 1372 1263; x_wconf 86' lang='lat' dir='ltr'><strong>Brunus</strong></span> <span class='ocrx_word' id='word_1_48' title='bbox 1413 1200 1468 1259; x_wconf 90' lang='lat' dir='ltr'><strong>in</strong></span> <span class='ocrx_word' id='word_1_49' title='bbox 1495 1200 1864 1261; x_wconf 86' lang='lat' dir='ltr'><strong>recentissima</strong></span> 
     </span>
    </p>
   </div>
   <div class='ocr_carea' id='block_1_9' title="bbox 278 1290 1863 1359">
    <p class='ocr_par' dir='ltr' id='par_1_9' title="bbox 278 1290 1863 1359">
     <span class='ocr_line' id='line_1_9' title="bbox 278 1290 1863 1359; baseline 0.003 -14"><span class='ocrx_word' id='word_1_50' title='bbox 278 1291 499 1353; x_wconf 80' lang='lat' dir='ltr'><strong>Maximi</strong></span> <span class='ocrx_word' id='word_1_51' title='bbox 530 1292 789 1359; x_wconf 81' lang='lat' dir='ltr'><strong>editione,</strong></span> <span class='ocrx_word' id='word_1_52' title='bbox 833 1292 1061 1353; x_wconf 82' lang='lat' dir='ltr'><strong>alteram</strong></span> <span class='ocrx_word' id='word_1_53' title='bbox 1089 1293 1283 1353; x_wconf 86' lang='lat' dir='ltr'><strong>horum</strong></span> <span class='ocrx_word' id='word_1_54' title='bbox 1324 1290 1542 1355; x_wconf 82' lang='lat' dir='ltr'><strong>Patrum</strong></span> <span class='ocrx_word' id='word_1_55' title='bbox 1572 1290 1863 1351; x_wconf 80' lang='lat' dir='ltr'><strong>editionem</strong></span> 
     </span>
    </p>
   </div>
   <div class='ocr_carea' id='block_1_10' title="bbox 274 1383 1845 1458">
    <p class='ocr_par' dir='ltr' id='par_1_10' title="bbox 274 1383 1845 1458">
     <span class='ocr_line' id='line_1_10' title="bbox 274 1383 1845 1458; baseline -0.003 -17"><span class='ocrx_word' id='word_1_56' title='bbox 274 1383 586 1458; x_wconf 71' lang='lat' dir='ltr'><strong>Antuerpia:</strong></span> <span class='ocrx_word' id='word_1_57' title='bbox 617 1383 754 1443; x_wconf 72' lang='grc'><strong>1698</strong></span> <span class='ocrx_word' id='word_1_58' title='bbox 776 1383 972 1453; x_wconf 80' lang='lat' dir='ltr'><strong>factam</strong></span> <span class='ocrx_word' id='word_1_59' title='bbox 1000 1399 1119 1445; x_wconf 89' lang='lat' dir='ltr'><strong>esse</strong></span> <span class='ocrx_word' id='word_1_60' title='bbox 1144 1384 1342 1457; x_wconf 86' lang='lat' dir='ltr'><strong>prodit.</strong></span> <span class='ocrx_word' id='word_1_61' title='bbox 1556 1420 1567 1424; x_wconf 83' lang='lat'><strong><em>-</em></strong></span> <span class='ocrx_word' id='word_1_62' title='bbox 1840 1390 1845 1395; x_wconf 84' lang='grc'><strong>·</strong></span> 
     </span>
    </p>
   </div>
   <div class='ocr_carea' id='block_1_11' title="bbox 266 1473 1859 1549">
    <p class='ocr_par' dir='ltr' id='par_1_11' title="bbox 266 1473 1859 1549">
     <span class='ocr_line' id='line_1_11' title="bbox 266 1473 1859 1549; baseline -0.001 -16"><span class='ocrx_word' id='word_1_63' title='bbox 266 1541 275 1549; x_wconf 27' lang='grc' dir='ltr'>ν</span> <span class='ocrx_word' id='word_1_64' title='bbox 343 1475 540 1537; x_wconf 88' lang='lat' dir='ltr'><strong>Colon.</strong></span> <span class='ocrx_word' id='word_1_65' title='bbox 587 1476 834 1548; x_wconf 77' lang='lat' dir='ltr'><strong>Agripp.,</strong></span> <span class='ocrx_word' id='word_1_66' title='bbox 888 1484 1084 1547; x_wconf 79' lang='lat' dir='ltr'><strong>sumpt.</strong></span> <span class='ocrx_word' id='word_1_67' title='bbox 1134 1474 1261 1537; x_wconf 85' lang='lat' dir='ltr'><strong>Ant,</strong></span> <span class='ocrx_word' id='word_1_68' title='bbox 1312 1473 1547 1545; x_wconf 77' lang='lat' dir='ltr'><strong>Hierat.,</strong></span> <span class='ocrx_word' id='word_1_69' title='bbox 1580 1475 1755 1541; x_wconf 86' lang='lat' dir='ltr'><strong>in-fol.</strong></span> <span class='ocrx_word' id='word_1_70' title='bbox 1803 1475 1859 1532; x_wconf 91' lang='lat' dir='ltr'><strong>S.</strong></span> 
     </span>
    </p>
   </div>
   <div class='ocr_carea' id='block_1_12' title="bbox 276 1566 1860 1637">
    <p class='ocr_par' dir='ltr' id='par_1_12' title="bbox 276 1566 1860 1637">
     <span class='ocr_line' id='line_1_12' title="bbox 276 1566 1860 1637; baseline 0.003 -16"><span class='ocrx_word' id='word_1_71' title='bbox 276 1566 505 1622; x_wconf 92' lang='lat' dir='ltr'><strong>Maximi</strong></span> <span class='ocrx_word' id='word_1_72' title='bbox 527 1566 871 1623; x_wconf 88' lang='lat' dir='ltr'><strong>Tanrinensis</strong></span> <span class='ocrx_word' id='word_1_73' title='bbox 884 1568 1118 1624; x_wconf 76' lang='lat' dir='ltr'><strong>homiliae</strong></span> <span class='ocrx_word' id='word_1_74' title='bbox 1132 1584 1199 1624; x_wconf 87' lang='lat' dir='ltr'><strong>ex</strong></span> <span class='ocrx_word' id='word_1_75' title='bbox 1229 1568 1467 1637; x_wconf 74' lang='lat' dir='ltr'><strong>editione</strong></span> <span class='ocrx_word' id='word_1_76' title='bbox 1493 1567 1736 1633; x_wconf 83' lang='lat' dir='ltr'><strong>Romana</strong></span> <span class='ocrx_word' id='word_1_77' title='bbox 1762 1584 1860 1635; x_wconf 79' lang='lat' dir='ltr'><strong>ex-</strong></span> 
     </span>
    </p>
   </div>
   <div class='ocr_carea' id='block_1_13' title="bbox 275 1652 1589 1731">
    <p class='ocr_par' dir='ltr' id='par_1_13' title="bbox 275 1652 1589 1731">
     <span class='ocr_line' id='line_1_13' title="bbox 275 1652 1589 1731; baseline -0.001 -15"><span class='ocrx_word' id='word_1_78' title='bbox 275 1674 475 1730; x_wconf 73' lang='lat' dir='ltr'><strong>pressa:</strong></span> <span class='ocrx_word' id='word_1_79' title='bbox 502 1660 558 1716; x_wconf 90' lang='lat' dir='ltr'><strong>in</strong></span> <span class='ocrx_word' id='word_1_80' title='bbox 586 1670 733 1716; x_wconf 79' lang='lat' dir='ltr'><strong>torno</strong></span> <span class='ocrx_word' id='word_1_81' title='bbox 763 1659 828 1727; x_wconf 84' lang='lat' dir='ltr'><strong>V,</strong></span> <span class='ocrx_word' id='word_1_82' title='bbox 858 1669 998 1731; x_wconf 90' lang='lat' dir='ltr'><strong>part.</strong></span> <span class='ocrx_word' id='word_1_83' title='bbox 1028 1659 1083 1730; x_wconf 87' lang='grc'><strong>1,</strong></span> <span class='ocrx_word' id='word_1_84' title='bbox 1113 1652 1457 1719; x_wconf 67' lang='lat' dir='ltr'><strong>Bibliotheca:</strong></span> <span class='ocrx_word' id='word_1_85' title='bbox 1484 1656 1589 1715; x_wconf 85' lang='lat' dir='ltr'><strong>PP.</strong></span> 
     </span>
    </p>
   </div>
   <div class='ocr_carea' id='block_1_14' title="bbox 985 1750 1142 1811">
    <p class='ocr_par' dir='ltr' id='par_1_14' title="bbox 985 1750 1142 1811">
     <span class='ocr_line' id='line_1_14' title="bbox 985 1750 1142 1811; baseline 0.006 -7"><span class='ocrx_word' id='word_1_86' title='bbox 985 1750 1142 1811; x_wconf 71' lang='grc'><strong>1622.</strong></span> 
     </span>
    </p>
   </div>
   <div class='ocr_carea' id='block_1_15' title="bbox 1894 465 3550 549">
    <p class='ocr_par' dir='ltr' id='par_1_15' title="bbox 1894 465 3550 549">
     <span class='ocr_line' id='line_1_15' title="bbox 1894 465 3550 549; baseline -0.005 -2"><span class='ocrx_word' id='word_1_87' title='bbox 1894 485 1945 549; x_wconf 79' lang='grc' dir='ltr'><strong>Δ</strong></span> <span class='ocrx_word' id='word_1_88' title='bbox 1971 467 2212 539; x_wconf 65' lang='lat' dir='ltr'><strong>episcopi</strong></span> <span class='ocrx_word' id='word_1_89' title='bbox 2246 465 2594 525; x_wconf 77' lang='lat' dir='ltr'><strong>Taurinensis</strong></span> <span class='ocrx_word' id='word_1_90' title='bbox 2617 468 2883 541; x_wconf 71' lang='lat' dir='ltr'><strong>homiliis.</strong></span> <span class='ocrx_word' id='word_1_91' title='bbox 2915 484 3045 539; x_wconf 67' lang='lat' dir='ltr'><strong>cum.</strong></span> <span class='ocrx_word' id='word_1_92' title='bbox 3076 468 3330 545; x_wconf 52' lang='grc' dir='ltr'><strong>θυσίη</strong></span> <span class='ocrx_word' id='word_1_93' title='bbox 3352 468 3550 539; x_wconf 57' lang='lat' dir='ltr'><strong>uouit</strong></span> 
     </span>
    </p>
   </div>
   <div class='ocr_carea' id='block_1_16' title="bbox 1968 561 3542 636">
    <p class='ocr_par' dir='ltr' id='par_1_16' title="bbox 1968 561 3542 636">
     <span class='ocr_line' id='line_1_16' title="bbox 1968 561 3542 636; baseline 0.006 -20"><span class='ocrx_word' id='word_1_94' title='bbox 1968 561 2065 633; x_wconf 85' lang='lat' dir='ltr'><strong>M.,</strong></span> <span class='ocrx_word' id='word_1_95' title='bbox 2094 569 2224 631; x_wconf 89' lang='lat' dir='ltr'><strong>etc.,</strong></span> <span class='ocrx_word' id='word_1_96' title='bbox 2270 562 2326 619; x_wconf 90' lang='lat' dir='ltr'><strong>in</strong></span> <span class='ocrx_word' id='word_1_97' title='bbox 2366 568 2521 618; x_wconf 77' lang='lat' dir='ltr'><strong>aucta</strong></span> <span class='ocrx_word' id='word_1_98' title='bbox 2557 562 2837 636; x_wconf 79' lang='lat' dir='ltr'><strong>Raynaudi</strong></span> <span class='ocrx_word' id='word_1_99' title='bbox 2880 564 3205 621; x_wconf 80' lang='lat' dir='ltr'><strong>collectione</strong></span> <span class='ocrx_word' id='word_1_100' title='bbox 3237 564 3293 621; x_wconf 87' lang='lat' dir='ltr'><strong>h.</strong></span> <span class='ocrx_word' id='word_1_101' title='bbox 3339 564 3375 619; x_wconf 92' lang='lat' dir='ltr'><strong>l.</strong></span> <span class='ocrx_word' id='word_1_102' title='bbox 3404 571 3462 625; x_wconf 80' lang='lat' dir='ltr'><strong>et</strong></span> <span class='ocrx_word' id='word_1_103' title='bbox 3487 581 3542 631; x_wconf 66' lang='grc' dir='ltr'><strong>α.</strong></span> 
     </span>
    </p>
   </div>
   <div class='ocr_carea' id='block_1_17' title="bbox 1970 652 3546 725">
    <p class='ocr_par' dir='ltr' id='par_1_17' title="bbox 1970 652 3546 725">
     <span class='ocr_line' id='line_1_17' title="bbox 1970 652 3546 725; baseline 0.005 -15"><span class='ocrx_word' id='word_1_104' title='bbox 1970 655 2190 711; x_wconf 85' lang='lat' dir='ltr'><strong>reousis.</strong></span> <span class='ocrx_word' id='word_1_105' title='bbox 2229 652 2562 710; x_wconf 80' lang='lat' dir='ltr'><strong>Novissimus</strong></span> <span class='ocrx_word' id='word_1_106' title='bbox 2615 653 2790 715; x_wconf 83' lang='lat' dir='ltr'><strong>editor</strong></span> <span class='ocrx_word' id='word_1_107' title='bbox 2832 654 3178 715; x_wconf 68' lang='lat' dir='ltr'><strong>heminarum</strong></span> <span class='ocrx_word' id='word_1_108' title='bbox 3219 653 3281 711; x_wconf 79' lang='lat' dir='ltr'><strong>S.r</strong></span> <span class='ocrx_word' id='word_1_109' title='bbox 3328 652 3546 725; x_wconf 62' lang='lat' dir='ltr'><strong>Maximi</strong></span> 
     </span>
    </p>
   </div>
   <div class='ocr_carea' id='block_1_18' title="bbox 1970 746 3546 820">
    <p class='ocr_par' dir='ltr' id='par_1_18' title="bbox 1970 746 3546 820">
     <span class='ocr_line' id='line_1_18' title="bbox 1970 746 3546 820; baseline 0.004 -15"><span class='ocrx_word' id='word_1_110' title='bbox 1970 748 2126 805; x_wconf 73' lang='lat' dir='ltr'><strong>aliam</strong></span> <span class='ocrx_word' id='word_1_111' title='bbox 2155 748 2372 820; x_wconf 84' lang='lat' dir='ltr'><strong>insuper</strong></span> <span class='ocrx_word' id='word_1_112' title='bbox 2399 746 2625 817; x_wconf 75' lang='lat' dir='ltr'><strong>huiusce</strong></span> <span class='ocrx_word' id='word_1_113' title='bbox 2650 747 2987 807; x_wconf 73' lang='lat' dir='ltr'><strong>collectionis</strong></span> <span class='ocrx_word' id='word_1_114' title='bbox 3009 748 3303 817; x_wconf 72' lang='lat' dir='ltr'><strong>editionem</strong></span> 
     </span>
    </p>
   </div>
   <div class='ocr_carea' id='block_1_19' title="bbox 1966 836 3260 910">
    <p class='ocr_par' dir='ltr' id='par_1_19' title="bbox 1966 836 3260 910">
     <span class='ocr_line' id='line_1_19' title="bbox 1966 836 3260 910; baseline 0 -15"><span class='ocrx_word' id='word_1_115' title='bbox 1966 853 2056 895; x_wconf 86' lang='lat' dir='ltr'><strong>an.</strong></span> <span class='ocrx_word' id='word_1_116' title='bbox 2086 836 2227 895; x_wconf 74' lang='grc'><strong>1672</strong></span> <span class='ocrx_word' id='word_1_117' title='bbox 2248 837 2447 898; x_wconf 85' lang='lat' dir='ltr'><strong>factam</strong></span> <span class='ocrx_word' id='word_1_118' title='bbox 2473 846 2658 908; x_wconf 79' lang='lat' dir='ltr'><strong>notat;</strong></span> <span class='ocrx_word' id='word_1_119' title='bbox 2689 854 2853 909; x_wconf 87' lang='lat' dir='ltr'><strong>quam</strong></span> <span class='ocrx_word' id='word_1_120' title='bbox 2877 854 3029 910; x_wconf 73' lang='lat' dir='ltr'><strong>vero,</strong></span> <span class='ocrx_word' id='word_1_121' title='bbox 3056 840 3260 897; x_wconf 77' lang='lat' dir='ltr'><strong>nescio.</strong></span> 
     </span>
    </p>
   </div>
   <div class='ocr_carea' id='block_1_20' title="bbox 2681 928 2842 987">
    <p class='ocr_par' dir='ltr' id='par_1_20' title="bbox 2681 928 2842 987">
     <span class='ocr_line' id='line_1_20' title="bbox 2681 928 2842 987; baseline 0 0"><span class='ocrx_word' id='word_1_122' title='bbox 2681 928 2842 987; x_wconf 65' lang='grc'><strong>1672.</strong></span> 
     </span>
    </p>
   </div>
   <div class='ocr_carea' id='block_1_21' title="bbox 2039 1016 3541 1096">
    <p class='ocr_par' dir='ltr' id='par_1_21' title="bbox 2039 1016 3541 1096">
     <span class='ocr_line' id='line_1_21' title="bbox 2039 1016 3541 1096; baseline 0.004 -19"><span class='ocrx_word' id='word_1_123' title='bbox 2039 1021 2303 1093; x_wconf 74' lang='lat' dir='ltr'><strong>Lugduni,</strong></span> <span class='ocrx_word' id='word_1_124' title='bbox 2345 1016 2490 1096; x_wconf 80' lang='lat' dir='ltr'><strong>apud</strong></span> <span class='ocrx_word' id='word_1_125' title='bbox 2535 1021 2813 1093; x_wconf 69' lang='lat' dir='ltr'><strong>llugonem</strong></span> <span class='ocrx_word' id='word_1_126' title='bbox 2856 1020 3201 1096; x_wconf 80' lang='lat' dir='ltr'><strong>Denovallay.</strong></span> <span class='ocrx_word' id='word_1_127' title='bbox 3220 1064 3237 1093; x_wconf 87' lang='lat'><strong>,</strong></span> <span class='ocrx_word' id='word_1_128' title='bbox 3283 1022 3453 1083; x_wconf 72' lang='lat' dir='ltr'><strong>ill-fol.</strong></span> <span class='ocrx_word' id='word_1_129' title='bbox 3484 1022 3541 1083; x_wconf 82' lang='lat' dir='ltr'><strong>S.</strong></span> 
     </span>
    </p>
   </div>
   <div class='ocr_carea' id='block_1_22' title="bbox 1966 1113 3545 1185">
    <p class='ocr_par' dir='ltr' id='par_1_22' title="bbox 1966 1113 3545 1185">
     <span class='ocr_line' id='line_1_22' title="bbox 1966 1113 3545 1185; baseline 0.002 -15"><span class='ocrx_word' id='word_1_130' title='bbox 1966 1113 2187 1171; x_wconf 87' lang='lat' dir='ltr'><strong>Maximi</strong></span> <span class='ocrx_word' id='word_1_131' title='bbox 2212 1113 2554 1171; x_wconf 81' lang='lat' dir='ltr'><strong>Taurinensis</strong></span> <span class='ocrx_word' id='word_1_132' title='bbox 2578 1113 2820 1185; x_wconf 87' lang='lat' dir='ltr'><strong>episcopi</strong></span> <span class='ocrx_word' id='word_1_133' title='bbox 2849 1113 3084 1170; x_wconf 72' lang='lat' dir='ltr'><strong>bomilia:</strong></span> <span class='ocrx_word' id='word_1_134' title='bbox 3124 1113 3223 1183; x_wconf 69' lang='lat'><strong>&#39;14;</strong></span> <span class='ocrx_word' id='word_1_135' title='bbox 3253 1115 3306 1171; x_wconf 88' lang='lat' dir='ltr'><strong>in</strong></span> <span class='ocrx_word' id='word_1_136' title='bbox 3356 1114 3545 1179; x_wconf 83' lang='lat' dir='ltr'><strong>eadem</strong></span> 
     </span>
    </p>
   </div>
   <div class='ocr_carea' id='block_1_23' title="bbox 1965 1204 3413 1283">
    <p class='ocr_par' dir='ltr' id='par_1_23' title="bbox 1965 1204 3413 1283">
     <span class='ocr_line' id='line_1_23' title="bbox 1965 1204 3413 1283; baseline 0.001 -21"><span class='ocrx_word' id='word_1_137' title='bbox 1965 1206 2289 1283; x_wconf 69' lang='lat' dir='ltr'><strong>pellectione</strong></span> <span class='ocrx_word' id='word_1_138' title='bbox 2314 1206 2490 1263; x_wconf 88' lang='lat' dir='ltr'><strong>denuo</strong></span> <span class='ocrx_word' id='word_1_139' title='bbox 2521 1220 2744 1271; x_wconf 88' lang='lat' dir='ltr'><strong>recusa;</strong></span> <span class='ocrx_word' id='word_1_140' title='bbox 2776 1213 2915 1261; x_wconf 83' lang='lat' dir='ltr'><strong>teste</strong></span> <span class='ocrx_word' id='word_1_141' title='bbox 2935 1204 3186 1265; x_wconf 87' lang='lat' dir='ltr'><strong>Brunone</strong></span> <span class='ocrx_word' id='word_1_142' title='bbox 3213 1206 3413 1265; x_wconf 85' lang='lat' dir='ltr'><strong>Brnno.</strong></span> 
     </span>
    </p>
   </div>
   <div class='ocr_carea' id='block_1_24' title="bbox 2676 1298 2831 1354">
    <p class='ocr_par' dir='ltr' id='par_1_24' title="bbox 2676 1298 2831 1354">
     <span class='ocr_line' id='line_1_24' title="bbox 2676 1298 2831 1354; baseline 0.006 -2"><span class='ocrx_word' id='word_1_143' title='bbox 2676 1298 2831 1354; x_wconf 86' lang='grc'><strong>1677.</strong></span> 
     </span>
    </p>
   </div>
   <div class='ocr_carea' id='block_1_25' title="bbox 2038 1388 3546 1459">
    <p class='ocr_par' dir='ltr' id='par_1_25' title="bbox 2038 1388 3546 1459">
     <span class='ocr_line' id='line_1_25' title="bbox 2038 1388 3546 1459; baseline 0.004 -17"><span class='ocrx_word' id='word_1_144' title='bbox 2038 1388 2322 1458; x_wconf 76' lang='lat' dir='ltr'><strong>Lugduni,</strong></span> <span class='ocrx_word' id='word_1_145' title='bbox 2346 1389 2488 1459; x_wconf 86' lang='lat' dir='ltr'><strong>apud</strong></span> <span class='ocrx_word' id='word_1_146' title='bbox 2528 1389 2844 1446; x_wconf 81' lang='lat' dir='ltr'><strong>Anissonios</strong></span> <span class='ocrx_word' id='word_1_147' title='bbox 2871 1388 3078 1447; x_wconf 81' lang='lat' dir='ltr'><strong>fratres.</strong></span> <span class='ocrx_word' id='word_1_148' title='bbox 3100 1434 3115 1459; x_wconf 92' lang='lat'><strong>,</strong></span> <span class='ocrx_word' id='word_1_149' title='bbox 3146 1390 3321 1449; x_wconf 73' lang='lat' dir='ltr'><strong>iri-fol.</strong></span> <span class='ocrx_word' id='word_1_150' title='bbox 3353 1390 3411 1447; x_wconf 93' lang='lat' dir='ltr'><strong>S.</strong></span> <span class='ocrx_word' id='word_1_151' title='bbox 3441 1390 3546 1455; x_wconf 75' lang='lat' dir='ltr'><strong>Ma-</strong></span> 
     </span>
    </p>
   </div>
   <div class='ocr_carea' id='block_1_26' title="bbox 1964 1480 3617 1553">
    <p class='ocr_par' dir='ltr' id='par_1_26' title="bbox 1964 1480 3617 1553">
     <span class='ocr_line' id='line_1_26' title="bbox 1964 1480 3617 1553; baseline 0.003 -17"><span class='ocrx_word' id='word_1_152' title='bbox 1964 1481 2092 1539; x_wconf 88' lang='lat' dir='ltr'><strong>ximi</strong></span> <span class='ocrx_word' id='word_1_153' title='bbox 2140 1480 2488 1543; x_wconf 81' lang='lat' dir='ltr'><strong>Taurinensis</strong></span> <span class='ocrx_word' id='word_1_154' title='bbox 2532 1480 2770 1553; x_wconf 87' lang='lat' dir='ltr'><strong>episcopi</strong></span> <span class='ocrx_word' id='word_1_155' title='bbox 2818 1481 3053 1539; x_wconf 71' lang='lat' dir='ltr'><strong>homilile</strong></span> <span class='ocrx_word' id='word_1_156' title='bbox 3095 1480 3196 1549; x_wconf 60' lang='lat' dir='ltr'><strong>7i;</strong></span> <span class='ocrx_word' id='word_1_157' title='bbox 3224 1483 3277 1537; x_wconf 92' lang='lat' dir='ltr'><strong>in</strong></span> <span class='ocrx_word' id='word_1_158' title='bbox 3304 1480 3546 1551; x_wconf 73' lang='lat' dir='ltr'><strong>tomoYI</strong></span> <span class='ocrx_word' id='word_1_159' title='bbox 3610 1497 3617 1505; x_wconf 94' lang='lat'><strong><em>&#39;</em></strong></span> 
     </span>
    </p>
   </div>
   <div class='ocr_carea' id='block_1_27' title="bbox 1964 1570 3011 1645">
    <p class='ocr_par' dir='ltr' id='par_1_27' title="bbox 1964 1570 3011 1645">
     <span class='ocr_line' id='line_1_27' title="bbox 1964 1570 3011 1645; baseline -0.002 -16"><span class='ocrx_word' id='word_1_160' title='bbox 1964 1572 2316 1637; x_wconf 68' lang='lat' dir='ltr'><strong>Bibliotheca:</strong></span> <span class='ocrx_word' id='word_1_161' title='bbox 2345 1588 2491 1628; x_wconf 90' lang='lat' dir='ltr'><strong>max.</strong></span> <span class='ocrx_word' id='word_1_162' title='bbox 2516 1570 2645 1642; x_wconf 84' lang='lat' dir='ltr'><strong>PP.,</strong></span> <span class='ocrx_word' id='word_1_163' title='bbox 2674 1585 2831 1645; x_wconf 75' lang='lat' dir='ltr'><strong>pagg.</strong></span> <span class='ocrx_word' id='word_1_164' title='bbox 2865 1572 3011 1630; x_wconf 75' lang='grc'><strong>1-49.</strong></span> 
     </span>
    </p>
   </div>
   <div class='ocr_carea' id='block_1_28' title="bbox 2037 1663 3546 1737">
    <p class='ocr_par' dir='ltr' id='par_1_28' title="bbox 2037 1663 3546 1737">
     <span class='ocr_line' id='line_1_28' title="bbox 2037 1663 3546 1737; baseline -0.001 -14"><span class='ocrx_word' id='word_1_165' title='bbox 2037 1664 2246 1735; x_wconf 75' lang='lat' dir='ltr'><strong>Romm,</strong></span> <span class='ocrx_word' id='word_1_166' title='bbox 2291 1674 2491 1737; x_wconf 86' lang='lat' dir='ltr'><strong>sumpt.</strong></span> <span class='ocrx_word' id='word_1_167' title='bbox 2545 1663 3134 1737; x_wconf 74' lang='lat' dir='ltr'><strong>Pontii-Bemardon.,</strong></span> <span class='ocrx_word' id='word_1_168' title='bbox 3164 1666 3339 1727; x_wconf 80' lang='lat' dir='ltr'><strong>in-fol.</strong></span> <span class='ocrx_word' id='word_1_169' title='bbox 3370 1665 3546 1728; x_wconf 81' lang='lat' dir='ltr'><strong>Latini</strong></span> 
     </span>
    </p>
   </div>
   <div class='ocr_carea' id='block_1_29' title="bbox 1963 1756 3542 1819">
    <p class='ocr_par' dir='ltr' id='par_1_29' title="bbox 1963 1756 3542 1819">
     <span class='ocr_line' id='line_1_29' title="bbox 1963 1756 3542 1819; baseline 0.003 -7"><span class='ocrx_word' id='word_1_170' title='bbox 1963 1756 2157 1816; x_wconf 88' lang='lat' dir='ltr'><strong>Latinii</strong></span> <span class='ocrx_word' id='word_1_171' title='bbox 2200 1757 2604 1813; x_wconf 84' lang='lat' dir='ltr'><strong>observationes</strong></span> <span class='ocrx_word' id='word_1_172' title='bbox 2643 1766 2699 1814; x_wconf 90' lang='lat' dir='ltr'><strong>et</strong></span> <span class='ocrx_word' id='word_1_173' title='bbox 2737 1759 3101 1819; x_wconf 84' lang='lat' dir='ltr'><strong>correctiones</strong></span> <span class='ocrx_word' id='word_1_174' title='bbox 3128 1758 3183 1815; x_wconf 91' lang='lat' dir='ltr'><strong>in</strong></span> <span class='ocrx_word' id='word_1_175' title='bbox 3210 1758 3458 1816; x_wconf 80' lang='lat' dir='ltr'><strong>bomilias</strong></span> <span class='ocrx_word' id='word_1_176' title='bbox 3485 1756 3542 1817; x_wconf 74' lang='grc' dir='ltr'><strong>Β.</strong></span> 
     </span>
    </p>
   </div>
   <div class='ocr_carea' id='block_1_30' title="bbox 266 1826 3544 1936">
    <p class='ocr_par' dir='ltr' id='par_1_30' title="bbox 266 1826 3544 1936">
     <span class='ocr_line' id='line_1_30' title="bbox 266 1826 3544 1936; baseline 0 -31"><span class='ocrx_word' id='word_1_177' title='bbox 266 1826 271 1833; x_wconf 43' lang='grc'><em>’</em></span> <span class='ocrx_word' id='word_1_178' title='bbox 345 1841 626 1914; x_wconf 68' lang='lat' dir='ltr'><strong>Lugduni.</strong></span> <span class='ocrx_word' id='word_1_179' title='bbox 655 1844 957 1916; x_wconf 80' lang='lat' dir='ltr'><strong>sumptibus</strong></span> <span class='ocrx_word' id='word_1_180' title='bbox 993 1842 1202 1911; x_wconf 79' lang='lat' dir='ltr'><strong>Claudii</strong></span> <span class='ocrx_word' id='word_1_181' title='bbox 1226 1843 1483 1936; x_wconf 47' lang='lat' dir='ltr'><strong>laudm,</strong></span> <span class='ocrx_word' id='word_1_182' title='bbox 1534 1843 1715 1907; x_wconf 72' lang='lat' dir='ltr'><strong>ill-fol.</strong></span> <span class='ocrx_word' id='word_1_183' title='bbox 1746 1843 1857 1901; x_wconf 83' lang='lat' dir='ltr'><strong>Ma—</strong></span> <span class='ocrx_word' id='word_1_184' title='bbox 1888 1873 1934 1936; x_wconf 65' lang='grc' dir='ltr'>ι</span> <span class='ocrx_word' id='word_1_185' title='bbox 1960 1849 2179 1909; x_wconf 86' lang='lat' dir='ltr'><strong>Maximi</strong></span> <span class='ocrx_word' id='word_1_186' title='bbox 2226 1850 2467 1923; x_wconf 87' lang='lat' dir='ltr'><strong>episcopi</strong></span> <span class='ocrx_word' id='word_1_187' title='bbox 2520 1848 2895 1918; x_wconf 87' lang='lat' dir='ltr'><strong>Taurinensis;</strong></span> <span class='ocrx_word' id='word_1_188' title='bbox 2934 1851 2990 1907; x_wconf 92' lang='lat' dir='ltr'><strong>in</strong></span> <span class='ocrx_word' id='word_1_189' title='bbox 3033 1850 3353 1909; x_wconf 70' lang='lat' dir='ltr'><strong>Bibliotheca</strong></span> <span class='ocrx_word' id='word_1_190' title='bbox 3394 1867 3544 1907; x_wconf 73' lang='lat' dir='ltr'><strong>saera</strong></span> 
     </span>
    </p>
   </div>
   <div class='ocr_carea' id='block_1_31' title="bbox 275 1932 2530 2014">
    <p class='ocr_par' dir='ltr' id='par_1_31' title="bbox 275 1932 2530 2014">
     <span class='ocr_line' id='line_1_31' title="bbox 275 1932 2530 2014; baseline 0.002 -22"><span class='ocrx_word' id='word_1_191' title='bbox 275 1937 405 1993; x_wconf 88' lang='lat' dir='ltr'><strong>ximi</strong></span> <span class='ocrx_word' id='word_1_192' title='bbox 435 1937 781 1994; x_wconf 88' lang='lat' dir='ltr'><strong>Taurinensis</strong></span> <span class='ocrx_word' id='word_1_193' title='bbox 809 1953 897 2011; x_wconf 92' lang='lat' dir='ltr'><strong>ep.</strong></span> <span class='ocrx_word' id='word_1_194' title='bbox 946 1939 1213 2006; x_wconf 65' lang='lat' dir='ltr'><strong>homilige;</strong></span> <span class='ocrx_word' id='word_1_195' title='bbox 1242 1934 1386 1995; x_wconf 85' lang='lat' dir='ltr'><strong>cum</strong></span> <span class='ocrx_word' id='word_1_196' title='bbox 1430 1932 1631 1996; x_wconf 87' lang='lat' dir='ltr'><strong>Leonis</strong></span> <span class='ocrx_word' id='word_1_197' title='bbox 1651 1979 1666 2007; x_wconf 92' lang='lat'><strong>,</strong></span> <span class='ocrx_word' id='word_1_198' title='bbox 1712 1937 1857 1996; x_wconf 89' lang='lat' dir='ltr'><strong>Petri</strong></span> <span class='ocrx_word' id='word_1_199' title='bbox 1891 1932 1925 1936; x_wconf 53' lang='grc'><strong>⁷</strong></span> <span class='ocrx_word' id='word_1_200' title='bbox 1963 1949 2014 1996; x_wconf 90' lang='lat' dir='ltr'><strong>et</strong></span> <span class='ocrx_word' id='word_1_201' title='bbox 2038 1944 2288 2014; x_wconf 79' lang='lat' dir='ltr'><strong>profana,</strong></span> <span class='ocrx_word' id='word_1_202' title='bbox 2318 1957 2373 2013; x_wconf 95' lang='lat' dir='ltr'><strong>p.</strong></span> <span class='ocrx_word' id='word_1_203' title='bbox 2406 1940 2530 1996; x_wconf 75' lang='grc'><strong>164.</strong></span> 
     </span>
    </p>
   </div>
   <div class='ocr_carea' id='block_1_32' title="bbox 262 2028 1857 2109">
    <p class='ocr_par' dir='ltr' id='par_1_32' title="bbox 262 2028 1857 2109">
     <span class='ocr_line' id='line_1_32' title="bbox 262 2028 1857 2109; baseline 0.002 -23"><span class='ocrx_word' id='word_1_204' title='bbox 262 2029 625 2109; x_wconf 37' lang='grc' dir='ltr'><strong>,Οὴηιεοιοεῂ</strong></span> <span class='ocrx_word' id='word_1_205' title='bbox 658 2028 953 2104; x_wconf 75' lang='lat' dir='ltr'><strong>Fulgentii,</strong></span> <span class='ocrx_word' id='word_1_206' title='bbox 981 2029 1249 2088; x_wconf 80' lang='lat' dir='ltr'><strong>Valeriani</strong></span> <span class='ocrx_word' id='word_1_207' title='bbox 1280 2039 1335 2089; x_wconf 91' lang='lat' dir='ltr'><strong>et</strong></span> <span class='ocrx_word' id='word_1_208' title='bbox 1362 2030 1561 2089; x_wconf 83' lang='lat' dir='ltr'><strong>Asterii</strong></span> <span class='ocrx_word' id='word_1_209' title='bbox 1586 2030 1857 2107; x_wconf 82' lang='lat' dir='ltr'><strong>operibus,</strong></span> 
     </span>
    </p>
   </div>
   <div class='ocr_carea' id='block_1_33' title="bbox 277 2123 713 2195">
    <p class='ocr_par' dir='ltr' id='par_1_33' title="bbox 277 2123 713 2195">
     <span class='ocr_line' id='line_1_33' title="bbox 277 2123 713 2195; baseline -0.002 -16"><span class='ocrx_word' id='word_1_210' title='bbox 277 2138 434 2195; x_wconf 81' lang='lat' dir='ltr'><strong>pagg.</strong></span> <span class='ocrx_word' id='word_1_211' title='bbox 458 2123 713 2180; x_wconf 71' lang='grc'><strong>195-246.</strong></span> 
     </span>
    </p>
   </div>
   <div class='ocr_carea' id='block_1_34' title="bbox 262 2215 1149 2294">
    <p class='ocr_par' dir='ltr' id='par_1_34' title="bbox 262 2215 1149 2294">
     <span class='ocr_line' id='line_1_34' title="bbox 262 2215 1149 2294; baseline 0.006 -24"><span class='ocrx_word' id='word_1_212' title='bbox 262 2281 276 2294; x_wconf 32' lang='grc' dir='ltr'><strong>ν</strong></span> <span class='ocrx_word' id='word_1_213' title='bbox 990 2215 1149 2283; x_wconf 70' lang='lat' dir='ltr'><strong>legs.</strong></span> 
     </span>
    </p>
   </div>
   <div class='ocr_carea' id='block_1_35' title="bbox 348 2304 1853 2379">
    <p class='ocr_par' dir='ltr' id='par_1_35' title="bbox 348 2304 1853 2379">
     <span class='ocr_line' id='line_1_35' title="bbox 348 2304 1853 2379; baseline -0.003 -12"><span class='ocrx_word' id='word_1_214' title='bbox 348 2310 589 2377; x_wconf 87' lang='lat' dir='ltr'><strong>Parisiis,</strong></span> <span class='ocrx_word' id='word_1_215' title='bbox 611 2350 624 2364; x_wconf 94' lang='lat'><strong>.</strong></span> <span class='ocrx_word' id='word_1_216' title='bbox 645 2350 657 2369; x_wconf 93' lang='lat'><strong>.</strong></span> <span class='ocrx_word' id='word_1_217' title='bbox 682 2351 694 2364; x_wconf 93' lang='lat'><strong>.</strong></span> <span class='ocrx_word' id='word_1_218' title='bbox 718 2348 734 2367; x_wconf 93' lang='lat'><strong>.</strong></span> <span class='ocrx_word' id='word_1_219' title='bbox 782 2310 966 2375; x_wconf 78' lang='lat' dir='ltr'><strong>in-fol.</strong></span> <span class='ocrx_word' id='word_1_220' title='bbox 1011 2308 1070 2365; x_wconf 87' lang='lat' dir='ltr'><strong>S.</strong></span> <span class='ocrx_word' id='word_1_221' title='bbox 1128 2306 1349 2373; x_wconf 76' lang='lat' dir='ltr'><strong>Maximi</strong></span> <span class='ocrx_word' id='word_1_222' title='bbox 1398 2304 1745 2373; x_wconf 74' lang='lat' dir='ltr'><strong>Taurittensis</strong></span> <span class='ocrx_word' id='word_1_223' title='bbox 1772 2320 1853 2379; x_wconf 85' lang='lat' dir='ltr'><strong>ep.</strong></span> 
     </span>
    </p>
   </div>
   <div class='ocr_carea' id='block_1_36' title="bbox 279 2397 1864 2477">
    <p class='ocr_par' dir='ltr' id='par_1_36' title="bbox 279 2397 1864 2477">
     <span class='ocr_line' id='line_1_36' title="bbox 279 2397 1864 2477; baseline -0.003 -18"><span class='ocrx_word' id='word_1_224' title='bbox 279 2400 521 2463; x_wconf 78' lang='lat' dir='ltr'><strong>bomiliae</strong></span> <span class='ocrx_word' id='word_1_225' title='bbox 545 2401 645 2470; x_wconf 72' lang='grc'><strong>74,</strong></span> <span class='ocrx_word' id='word_1_226' title='bbox 666 2416 788 2467; x_wconf 84' lang='lat' dir='ltr'><strong>cum</strong></span> <span class='ocrx_word' id='word_1_227' title='bbox 817 2400 1008 2467; x_wconf 78' lang='lat' dir='ltr'><strong>iisdem</strong></span> <span class='ocrx_word' id='word_1_228' title='bbox 1039 2399 1237 2465; x_wconf 62' lang='lat' dir='ltr'><strong>Laonis</strong></span> <span class='ocrx_word' id='word_1_229' title='bbox 1263 2397 1334 2467; x_wconf 69' lang='grc'><strong>11.</strong></span> <span class='ocrx_word' id='word_1_230' title='bbox 1367 2397 1705 2477; x_wconf 73' lang='lat' dir='ltr'><strong>aliorumque</strong></span> <span class='ocrx_word' id='word_1_231' title='bbox 1733 2411 1864 2471; x_wconf 86' lang='lat' dir='ltr'><strong>ope-</strong></span> 
     </span>
    </p>
   </div>
   <div class='ocr_carea' id='block_1_37' title="bbox 280 2492 1068 2579">
    <p class='ocr_par' dir='ltr' id='par_1_37' title="bbox 280 2492 1068 2579">
     <span class='ocr_line' id='line_1_37' title="bbox 280 2492 1068 2579; baseline 0 -28"><span class='ocrx_word' id='word_1_232' title='bbox 280 2493 454 2557; x_wconf 83' lang='lat' dir='ltr'><strong>ribus.</strong></span> <span class='ocrx_word' id='word_1_233' title='bbox 497 2492 750 2557; x_wconf 83' lang='lat' dir='ltr'><strong>Testante</strong></span> <span class='ocrx_word' id='word_1_234' title='bbox 769 2492 973 2561; x_wconf 70' lang='lat' dir='ltr'><strong>Brimo.</strong></span> <span class='ocrx_word' id='word_1_235' title='bbox 1048 2560 1068 2579; x_wconf 41' lang='grc' dir='ltr'>θ</span> 
     </span>
    </p>
   </div>
   <div class='ocr_carea' id='block_1_38' title="bbox 998 2581 1158 2638">
    <p class='ocr_par' dir='ltr' id='par_1_38' title="bbox 998 2581 1158 2638">
     <span class='ocr_line' id='line_1_38' title="bbox 998 2581 1158 2638; baseline 0.006 -1"><span class='ocrx_word' id='word_1_236' title='bbox 998 2581 1158 2638; x_wconf 77' lang='grc'><strong>1655.</strong></span> 
     </span>
    </p>
   </div>
   <div class='ocr_carea' id='block_1_39' title="bbox 348 2670 1864 2745">
    <p class='ocr_par' dir='ltr' id='par_1_39' title="bbox 348 2670 1864 2745">
     <span class='ocr_line' id='line_1_39' title="bbox 348 2670 1864 2745; baseline 0 -14"><span class='ocrx_word' id='word_1_237' title='bbox 348 2674 593 2745; x_wconf 75' lang='lat' dir='ltr'><strong>Lugduni</strong></span> <span class='ocrx_word' id='word_1_238' title='bbox 613 2716 628 2745; x_wconf 88' lang='lat'><strong>,</strong></span> <span class='ocrx_word' id='word_1_239' title='bbox 651 2715 666 2731; x_wconf 93' lang='lat'><strong>.</strong></span> <span class='ocrx_word' id='word_1_240' title='bbox 687 2714 700 2729; x_wconf 95' lang='lat'><strong>.</strong></span> <span class='ocrx_word' id='word_1_241' title='bbox 722 2715 770 2737; x_wconf 80' lang='grc'>..</span> <span class='ocrx_word' id='word_1_242' title='bbox 826 2674 1009 2739; x_wconf 67' lang='lat' dir='ltr'><strong>iri-fol.</strong></span> <span class='ocrx_word' id='word_1_243' title='bbox 1061 2674 1118 2735; x_wconf 88' lang='lat' dir='ltr'><strong>S.</strong></span> <span class='ocrx_word' id='word_1_244' title='bbox 1149 2672 1371 2737; x_wconf 80' lang='lat' dir='ltr'><strong>Maximi</strong></span> <span class='ocrx_word' id='word_1_245' title='bbox 1392 2670 1737 2737; x_wconf 85' lang='lat' dir='ltr'><strong>Taurincnsis</strong></span> <span class='ocrx_word' id='word_1_246' title='bbox 1765 2676 1864 2739; x_wconf 88' lang='lat' dir='ltr'><strong>ho-</strong></span> 
     </span>
    </p>
   </div>
   <div class='ocr_carea' id='block_1_40' title="bbox 268 2766 1862 2843">
    <p class='ocr_par' dir='ltr' id='par_1_40' title="bbox 268 2766 1862 2843">
     <span class='ocr_line' id='line_1_40' title="bbox 268 2766 1862 2843; baseline -0.002 -15"><span class='ocrx_word' id='word_1_247' title='bbox 268 2769 439 2843; x_wconf 0' lang='lat' dir='ltr'><strong>smilia:</strong></span> <span class='ocrx_word' id='word_1_248' title='bbox 455 2811 471 2839; x_wconf 86' lang='lat'><strong>,</strong></span> <span class='ocrx_word' id='word_1_249' title='bbox 503 2784 623 2829; x_wconf 88' lang='lat' dir='ltr'><strong>cum</strong></span> <span class='ocrx_word' id='word_1_250' title='bbox 646 2767 841 2831; x_wconf 82' lang='lat' dir='ltr'><strong>Leonis</strong></span> <span class='ocrx_word' id='word_1_251' title='bbox 870 2767 939 2829; x_wconf 87' lang='lat' dir='ltr'><strong>M.</strong></span> <span class='ocrx_word' id='word_1_252' title='bbox 966 2768 1320 2841; x_wconf 80' lang='lat' dir='ltr'><strong>aliorumque,</strong></span> <span class='ocrx_word' id='word_1_253' title='bbox 1346 2766 1538 2840; x_wconf 77' lang='lat' dir='ltr'><strong>quibus</strong></span> <span class='ocrx_word' id='word_1_254' title='bbox 1565 2767 1862 2842; x_wconf 82' lang='lat' dir='ltr'><strong>Heptadem</strong></span> 
     </span>
    </p>
   </div>
   <div class='ocr_carea' id='block_1_41' title="bbox 276 2858 1750 2932">
    <p class='ocr_par' dir='ltr' id='par_1_41' title="bbox 276 2858 1750 2932">
     <span class='ocr_line' id='line_1_41' title="bbox 276 2858 1750 2932; baseline 0 -16"><span class='ocrx_word' id='word_1_255' title='bbox 276 2859 572 2923; x_wconf 59' lang='lat' dir='ltr'><strong>Praesulnm</strong></span> <span class='ocrx_word' id='word_1_256' title='bbox 598 2860 828 2927; x_wconf 75' lang='lat' dir='ltr'><strong>confecit</strong></span> <span class='ocrx_word' id='word_1_257' title='bbox 853 2858 1098 2932; x_wconf 84' lang='lat' dir='ltr'><strong>Theopb.</strong></span> <span class='ocrx_word' id='word_1_258' title='bbox 1133 2858 1460 2932; x_wconf 78' lang='lat' dir='ltr'><strong>Raynandus</strong></span> <span class='ocrx_word' id='word_1_259' title='bbox 1479 2860 1750 2931; x_wconf 84' lang='lat' dir='ltr'><strong>operibus.</strong></span> 
     </span>
    </p>
   </div>
   <div class='ocr_carea' id='block_1_42' title="bbox 989 2948 1148 3011">
    <p class='ocr_par' dir='ltr' id='par_1_42' title="bbox 989 2948 1148 3011">
     <span class='ocr_line' id='line_1_42' title="bbox 989 2948 1148 3011; baseline 0 -6"><span class='ocrx_word' id='word_1_260' title='bbox 989 2948 1148 3011; x_wconf 82' lang='grc'><strong>1651.</strong></span> 
     </span>
    </p>
   </div>
   <div class='ocr_carea' id='block_1_43' title="bbox 268 3041 1861 3119">
    <p class='ocr_par' dir='ltr' id='par_1_43' title="bbox 268 3041 1861 3119">
     <span class='ocr_line' id='line_1_43' title="bbox 268 3041 1861 3119; baseline 0.004 -20"><span class='ocrx_word' id='word_1_261' title='bbox 268 3112 271 3117; x_wconf 22' lang='grc' dir='ltr'><strong><em>ν</em></strong></span> <span class='ocrx_word' id='word_1_262' title='bbox 347 3043 631 3110; x_wconf 86' lang='lat' dir='ltr'><strong>Parisiis,.</strong></span> <span class='ocrx_word' id='word_1_263' title='bbox 655 3083 702 3103; x_wconf 93' lang='lat'><strong>..</strong></span> <span class='ocrx_word' id='word_1_264' title='bbox 753 3042 951 3107; x_wconf 76' lang='lat' dir='ltr'><strong>in-iol.</strong></span> <span class='ocrx_word' id='word_1_265' title='bbox 985 3041 1235 3111; x_wconf 68' lang='lat' dir='ltr'><strong>Eaedem;</strong></span> <span class='ocrx_word' id='word_1_266' title='bbox 1277 3044 1332 3107; x_wconf 89' lang='lat' dir='ltr'><strong>in</strong></span> <span class='ocrx_word' id='word_1_267' title='bbox 1362 3059 1553 3105; x_wconf 86' lang='lat' dir='ltr'><strong>recusa</strong></span> <span class='ocrx_word' id='word_1_268' title='bbox 1580 3043 1861 3119; x_wconf 84' lang='lat' dir='ltr'><strong>Raynaudi</strong></span> 
     </span>
    </p>
   </div>
   <div class='ocr_carea' id='block_1_44' title="bbox 275 3134 1858 3205">
    <p class='ocr_par' dir='ltr' id='par_1_44' title="bbox 275 3134 1858 3205">
     <span class='ocr_line' id='line_1_44' title="bbox 275 3134 1858 3205; baseline 0.008 -14"><span class='ocrx_word' id='word_1_269' title='bbox 275 3136 596 3203; x_wconf 79' lang='lat' dir='ltr'><strong>collectione</strong></span> <span class='ocrx_word' id='word_1_270' title='bbox 623 3134 819 3197; x_wconf 86' lang='lat' dir='ltr'><strong>Leonis</strong></span> <span class='ocrx_word' id='word_1_271' title='bbox 841 3135 947 3205; x_wconf 84' lang='lat' dir='ltr'><strong>M.,</strong></span> <span class='ocrx_word' id='word_1_272' title='bbox 980 3143 1083 3195; x_wconf 86' lang='lat' dir='ltr'><strong>etc.</strong></span> <span class='ocrx_word' id='word_1_273' title='bbox 1137 3135 1347 3201; x_wconf 87' lang='lat' dir='ltr'><strong>Laudat</strong></span> <span class='ocrx_word' id='word_1_274' title='bbox 1388 3137 1528 3205; x_wconf 82' lang='lat' dir='ltr'><strong>hanc</strong></span> <span class='ocrx_word' id='word_1_275' title='bbox 1565 3138 1858 3203; x_wconf 82' lang='lat' dir='ltr'><strong>editionem</strong></span> 
     </span>
    </p>
   </div>
   <div class='ocr_carea' id='block_1_45' title="bbox 273 3226 1230 3313">
    <p class='ocr_par' dir='ltr' id='par_1_45' title="bbox 273 3226 1230 3313">
     <span class='ocr_line' id='line_1_45' title="bbox 273 3226 1230 3313; baseline -0.002 -28"><span class='ocrx_word' id='word_1_276' title='bbox 273 3226 597 3313; x_wconf 74' lang='lat' dir='ltr'><strong>Quesnellus</strong></span> <span class='ocrx_word' id='word_1_277' title='bbox 624 3228 678 3285; x_wconf 89' lang='lat' dir='ltr'><strong>in</strong></span> <span class='ocrx_word' id='word_1_278' title='bbox 700 3226 849 3298; x_wconf 65' lang='lat' dir='ltr'><strong>prati.</strong></span> <span class='ocrx_word' id='word_1_279' title='bbox 882 3226 951 3291; x_wconf 84' lang='lat' dir='ltr'><strong>ad</strong></span> <span class='ocrx_word' id='word_1_280' title='bbox 974 3226 1230 3293; x_wconf 71' lang='lat' dir='ltr'><strong>Leonem.</strong></span> 
     </span>
    </p>
   </div>
   <div class='ocr_carea' id='block_1_46' title="bbox 764 3318 1148 3388">
    <p class='ocr_par' dir='ltr' id='par_1_46' title="bbox 764 3318 1148 3388">
     <span class='ocr_line' id='line_1_46' title="bbox 764 3318 1148 3388; baseline 0.003 -14"><span class='ocrx_word' id='word_1_281' title='bbox 764 3380 771 3388; x_wconf 38' lang='grc' dir='ltr'>η</span> <span class='ocrx_word' id='word_1_282' title='bbox 989 3318 1148 3385; x_wconf 82' lang='grc'><strong>1661.</strong></span> 
     </span>
    </p>
   </div>
   <div class='ocr_carea' id='block_1_47' title="bbox 351 3409 1861 3491">
    <p class='ocr_par' dir='ltr' id='par_1_47' title="bbox 351 3409 1861 3491">
     <span class='ocr_line' id='line_1_47' title="bbox 351 3409 1861 3491; baseline 0.005 -26"><span class='ocrx_word' id='word_1_283' title='bbox 351 3409 589 3478; x_wconf 86' lang='lat' dir='ltr'><strong>Parisiis,</strong></span> <span class='ocrx_word' id='word_1_284' title='bbox 616 3410 761 3482; x_wconf 84' lang='lat' dir='ltr'><strong>apud</strong></span> <span class='ocrx_word' id='word_1_285' title='bbox 790 3410 1103 3475; x_wconf 70' lang='lat' dir='ltr'><strong>Simeonem</strong></span> <span class='ocrx_word' id='word_1_286' title='bbox 1141 3412 1314 3486; x_wconf 72' lang='lat' dir='ltr'><strong>Piget,</strong></span> <span class='ocrx_word' id='word_1_287' title='bbox 1342 3413 1690 3491; x_wconf 80' lang='lat' dir='ltr'><strong>bibliopolam</strong></span> <span class='ocrx_word' id='word_1_288' title='bbox 1713 3416 1861 3487; x_wconf 85' lang='lat' dir='ltr'><strong>jura-</strong></span> 
     </span>
    </p>
   </div>
   <div class='ocr_carea' id='block_1_48' title="bbox 276 3502 1855 3577">
    <p class='ocr_par' dir='ltr' id='par_1_48' title="bbox 276 3502 1855 3577">
     <span class='ocr_line' id='line_1_48' title="bbox 276 3502 1855 3577; baseline 0.002 -17"><span class='ocrx_word' id='word_1_289' title='bbox 276 3512 410 3567; x_wconf 87' lang='lat' dir='ltr'><strong>tum,</strong></span> <span class='ocrx_word' id='word_1_290' title='bbox 466 3504 551 3558; x_wconf 81' lang='lat' dir='ltr'><strong>via</strong></span> <span class='ocrx_word' id='word_1_291' title='bbox 597 3502 842 3563; x_wconf 74' lang='lat' dir='ltr'><strong>Jacobzca</strong></span> <span class='ocrx_word' id='word_1_292' title='bbox 888 3504 955 3565; x_wconf 88' lang='lat' dir='ltr'><strong>ad</strong></span> <span class='ocrx_word' id='word_1_293' title='bbox 995 3506 1202 3577; x_wconf 74' lang='lat' dir='ltr'><strong>insigne</strong></span> <span class='ocrx_word' id='word_1_294' title='bbox 1241 3504 1561 3575; x_wconf 58' lang='lat' dir='ltr'><strong>Prudentia,</strong></span> <span class='ocrx_word' id='word_1_295' title='bbox 1592 3508 1769 3569; x_wconf 82' lang='lat' dir='ltr'><strong>in-fol.</strong></span> <span class='ocrx_word' id='word_1_296' title='bbox 1800 3508 1855 3564; x_wconf 92' lang='lat' dir='ltr'><strong>S.</strong></span> 
     </span>
    </p>
   </div>
   <div class='ocr_carea' id='block_1_49' title="bbox 270 3595 1864 3675">
    <p class='ocr_par' dir='ltr' id='par_1_49' title="bbox 270 3595 1864 3675">
     <span class='ocr_line' id='line_1_49' title="bbox 270 3595 1864 3675; baseline 0.003 -20"><span class='ocrx_word' id='word_1_297' title='bbox 270 3596 497 3666; x_wconf 70' lang='lat' dir='ltr'><strong>Maximi</strong></span> <span class='ocrx_word' id='word_1_298' title='bbox 526 3595 869 3659; x_wconf 85' lang='lat' dir='ltr'><strong>Taurinensis</strong></span> <span class='ocrx_word' id='word_1_299' title='bbox 888 3613 975 3673; x_wconf 90' lang='lat' dir='ltr'><strong>ep.</strong></span> <span class='ocrx_word' id='word_1_300' title='bbox 1007 3599 1271 3667; x_wconf 70' lang='lat' dir='ltr'><strong>homilize;</strong></span> <span class='ocrx_word' id='word_1_301' title='bbox 1302 3616 1426 3661; x_wconf 91' lang='lat' dir='ltr'><strong>cum</strong></span> <span class='ocrx_word' id='word_1_302' title='bbox 1454 3601 1704 3675; x_wconf 81' lang='lat' dir='ltr'><strong>operibus</strong></span> <span class='ocrx_word' id='word_1_303' title='bbox 1731 3600 1864 3659; x_wconf 88' lang='lat' dir='ltr'><strong>Leo-</strong></span> 
     </span>
    </p>
   </div>
   <div class='ocr_carea' id='block_1_50' title="bbox 276 3689 1862 3765">
    <p class='ocr_par' dir='ltr' id='par_1_50' title="bbox 276 3689 1862 3765">
     <span class='ocr_line' id='line_1_50' title="bbox 276 3689 1862 3765; baseline 0.001 -16"><span class='ocrx_word' id='word_1_304' title='bbox 276 3692 362 3749; x_wconf 89' lang='lat' dir='ltr'><strong>nis</strong></span> <span class='ocrx_word' id='word_1_305' title='bbox 386 3691 461 3747; x_wconf 77' lang='grc' dir='ltr'><strong>Μ.</strong></span> <span class='ocrx_word' id='word_1_306' title='bbox 484 3732 500 3761; x_wconf 83' lang='grc'><strong>,</strong></span> <span class='ocrx_word' id='word_1_307' title='bbox 544 3689 686 3753; x_wconf 83' lang='lat' dir='ltr'><strong>Petri</strong></span> <span class='ocrx_word' id='word_1_308' title='bbox 713 3691 1050 3765; x_wconf 74' lang='lat' dir='ltr'><strong>Chrysologi,</strong></span> <span class='ocrx_word' id='word_1_309' title='bbox 1080 3702 1185 3753; x_wconf 89' lang='lat' dir='ltr'><strong>ete.</strong></span> <span class='ocrx_word' id='word_1_310' title='bbox 1211 3734 1227 3763; x_wconf 89' lang='lat'><strong>,</strong></span> <span class='ocrx_word' id='word_1_311' title='bbox 1260 3695 1433 3753; x_wconf 88' lang='lat' dir='ltr'><strong>auctis</strong></span> <span class='ocrx_word' id='word_1_312' title='bbox 1456 3694 1694 3755; x_wconf 75' lang='lat' dir='ltr'><strong>Amedeo</strong></span> <span class='ocrx_word' id='word_1_313' title='bbox 1722 3694 1862 3751; x_wconf 89' lang='lat' dir='ltr'><strong>Lau-</strong></span> 
     </span>
    </p>
   </div>
   <div class='ocr_carea' id='block_1_51' title="bbox 270 3782 1861 3865">
    <p class='ocr_par' dir='ltr' id='par_1_51' title="bbox 270 3782 1861 3865">
     <span class='ocr_line' id='line_1_51' title="bbox 270 3782 1861 3865; baseline 0 -22"><span class='ocrx_word' id='word_1_314' title='bbox 270 3785 563 3853; x_wconf 87' lang='lat' dir='ltr'><strong>_sannensi,</strong></span> <span class='ocrx_word' id='word_1_315' title='bbox 613 3799 706 3865; x_wconf 82' lang='lat' dir='ltr'><strong>pp.</strong></span> <span class='ocrx_word' id='word_1_316' title='bbox 752 3782 1013 3845; x_wconf 72' lang='grc'><strong>195-246.</strong></span> <span class='ocrx_word' id='word_1_317' title='bbox 1058 3785 1141 3849; x_wconf 76' lang='lat' dir='ltr'><strong>Ad</strong></span> <span class='ocrx_word' id='word_1_318' title='bbox 1192 3785 1415 3859; x_wconf 69' lang='lat' dir='ltr'><strong>paginas</strong></span> <span class='ocrx_word' id='word_1_319' title='bbox 1467 3783 1731 3854; x_wconf 81' lang='lat' dir='ltr'><strong>superiori</strong></span> <span class='ocrx_word' id='word_1_320' title='bbox 1772 3799 1861 3843; x_wconf 84' lang='lat' dir='ltr'><strong>re.-</strong></span> 
     </span>
    </p>
   </div>
   <div class='ocr_carea' id='block_1_52' title="bbox 275 3876 531 3951">
    <p class='ocr_par' dir='ltr' id='par_1_52' title="bbox 275 3876 531 3951">
     <span class='ocr_line' id='line_1_52' title="bbox 275 3876 531 3951; baseline -0.016 -16"><span class='ocrx_word' id='word_1_321' title='bbox 275 3876 531 3951; x_wconf 83' lang='lat' dir='ltr'><strong>spondet.</strong></span> 
     </span>
    </p>
   </div>
   <div class='ocr_carea' id='block_1_53' title="bbox 995 3965 1152 4021">
    <p class='ocr_par' dir='ltr' id='par_1_53' title="bbox 995 3965 1152 4021">
     <span class='ocr_line' id='line_1_53' title="bbox 995 3965 1152 4021; baseline 0 0"><span class='ocrx_word' id='word_1_322' title='bbox 995 3965 1152 4021; x_wconf 70' lang='grc'><strong>1662.</strong></span> 
     </span>
    </p>
   </div>
   <div class='ocr_carea' id='block_1_54' title="bbox 2033 2033 3545 2109">
    <p class='ocr_par' dir='ltr' id='par_1_54' title="bbox 2033 2033 3545 2109">
     <span class='ocr_line' id='line_1_54' title="bbox 2033 2033 3545 2109; baseline -0.002 -15"><span class='ocrx_word' id='word_1_323' title='bbox 2033 2035 2212 2094; x_wconf 85' lang='lat' dir='ltr'><strong>Editio</strong></span> <span class='ocrx_word' id='word_1_324' title='bbox 2257 2051 2421 2109; x_wconf 87' lang='lat' dir='ltr'><strong>quam</strong></span> <span class='ocrx_word' id='word_1_325' title='bbox 2474 2037 2557 2093; x_wconf 70' lang='lat' dir='ltr'><strong>ba:</strong></span> <span class='ocrx_word' id='word_1_326' title='bbox 2605 2043 2746 2107; x_wconf 64' lang='lat' dir='ltr'><strong>nota</strong></span> <span class='ocrx_word' id='word_1_327' title='bbox 2790 2035 3113 2109; x_wconf 84' lang='lat' dir='ltr'><strong>respiciunt,</strong></span> <span class='ocrx_word' id='word_1_328' title='bbox 3160 2033 3260 2093; x_wconf 81' lang='lat' dir='ltr'><strong>fuit</strong></span> <span class='ocrx_word' id='word_1_329' title='bbox 3305 2033 3545 2103; x_wconf 84' lang='lat' dir='ltr'><strong>Parisina</strong></span> 
     </span>
    </p>
   </div>
   <div class='ocr_carea' id='block_1_55' title="bbox 1964 2126 3543 2202">
    <p class='ocr_par' dir='ltr' id='par_1_55' title="bbox 1964 2126 3543 2202">
     <span class='ocr_line' id='line_1_55' title="bbox 1964 2126 3543 2202; baseline 0 -18"><span class='ocrx_word' id='word_1_330' title='bbox 1964 2128 2105 2202; x_wconf 86' lang='lat' dir='ltr'><strong>apud</strong></span> <span class='ocrx_word' id='word_1_331' title='bbox 2144 2127 2459 2185; x_wconf 86' lang='lat' dir='ltr'><strong>Michaelem</strong></span> <span class='ocrx_word' id='word_1_332' title='bbox 2495 2128 2778 2185; x_wconf 86' lang='lat' dir='ltr'><strong>Sonnium.</strong></span> <span class='ocrx_word' id='word_1_333' title='bbox 2820 2127 2901 2185; x_wconf 81' lang='lat' dir='ltr'><strong>Ab</strong></span> <span class='ocrx_word' id='word_1_334' title='bbox 2929 2126 3138 2187; x_wconf 85' lang='lat' dir='ltr'><strong>editore</strong></span> <span class='ocrx_word' id='word_1_335' title='bbox 3162 2126 3409 2187; x_wconf 79' lang='lat' dir='ltr'><strong>Romano</strong></span> <span class='ocrx_word' id='word_1_336' title='bbox 3436 2142 3543 2184; x_wconf 85' lang='lat' dir='ltr'><strong>non</strong></span> 
     </span>
    </p>
   </div>
   <div class='ocr_carea' id='block_1_56' title="bbox 1965 2220 2393 2292">
    <p class='ocr_par' dir='ltr' id='par_1_56' title="bbox 1965 2220 2393 2292">
     <span class='ocr_line' id='line_1_56' title="bbox 1965 2220 2393 2292; baseline -0.002 -16"><span class='ocrx_word' id='word_1_337' title='bbox 1965 2220 2221 2292; x_wconf 66' lang='lat' dir='ltr'><strong>neglectae</strong></span> <span class='ocrx_word' id='word_1_338' title='bbox 2248 2228 2393 2279; x_wconf 87' lang='lat' dir='ltr'><strong>sunt.</strong></span> 
     </span>
    </p>
   </div>
   <div class='ocr_carea' id='block_1_57' title="bbox 2670 2311 2828 2367">
    <p class='ocr_par' dir='ltr' id='par_1_57' title="bbox 2670 2311 2828 2367">
     <span class='ocr_line' id='line_1_57' title="bbox 2670 2311 2828 2367; baseline 0.013 -2"><span class='ocrx_word' id='word_1_339' title='bbox 2670 2311 2828 2367; x_wconf 72' lang='grc'><strong>1684.</strong></span> 
     </span>
    </p>
   </div>
   <div class='ocr_carea' id='block_1_58' title="bbox 2037 2400 3544 2476">
    <p class='ocr_par' dir='ltr' id='par_1_58' title="bbox 2037 2400 3544 2476">
     <span class='ocr_line' id='line_1_58' title="bbox 2037 2400 3544 2476; baseline -0.001 -19"><span class='ocrx_word' id='word_1_340' title='bbox 2037 2400 2277 2471; x_wconf 82' lang='lat' dir='ltr'><strong>Parisiis,</strong></span> <span class='ocrx_word' id='word_1_341' title='bbox 2305 2401 2446 2476; x_wconf 85' lang='lat' dir='ltr'><strong>apud</strong></span> <span class='ocrx_word' id='word_1_342' title='bbox 2470 2400 2812 2469; x_wconf 85' lang='lat' dir='ltr'><strong>Franciscum</strong></span> <span class='ocrx_word' id='word_1_343' title='bbox 2835 2400 3097 2475; x_wconf 70' lang='lat' dir='ltr'><strong>Muguet.,</strong></span> <span class='ocrx_word' id='word_1_344' title='bbox 3125 2402 3308 2463; x_wconf 82' lang='lat' dir='ltr'><strong>in-i&#39;ol.</strong></span> <span class='ocrx_word' id='word_1_345' title='bbox 3326 2402 3544 2471; x_wconf 77' lang='lat' dir='ltr'><strong>Maximi</strong></span> 
     </span>
    </p>
   </div>
   <div class='ocr_carea' id='block_1_59' title="bbox 1966 2492 3545 2566">
    <p class='ocr_par' dir='ltr' id='par_1_59' title="bbox 1966 2492 3545 2566">
     <span class='ocr_line' id='line_1_59' title="bbox 1966 2492 3545 2566; baseline -0.001 -13"><span class='ocrx_word' id='word_1_346' title='bbox 1966 2492 2313 2553; x_wconf 85' lang='lat' dir='ltr'><strong>Taurinensis</strong></span> <span class='ocrx_word' id='word_1_347' title='bbox 2360 2493 2595 2551; x_wconf 73' lang='lat' dir='ltr'><strong>homilize</strong></span> <span class='ocrx_word' id='word_1_348' title='bbox 2651 2493 2857 2566; x_wconf 83' lang='lat' dir='ltr'><strong>aliquot</strong></span> <span class='ocrx_word' id='word_1_349' title='bbox 2898 2509 2966 2550; x_wconf 87' lang='lat' dir='ltr'><strong>ex</strong></span> <span class='ocrx_word' id='word_1_350' title='bbox 3010 2492 3416 2565; x_wconf 67' lang='lat' dir='ltr'><strong>Augustinianis</strong></span> <span class='ocrx_word' id='word_1_351' title='bbox 3461 2509 3545 2552; x_wconf 78' lang='lat' dir='ltr'><strong>se-</strong></span> 
     </span>
    </p>
   </div>
   <div class='ocr_carea' id='block_1_60' title="bbox 1963 2576 3543 2659">
    <p class='ocr_par' dir='ltr' id='par_1_60' title="bbox 1963 2576 3543 2659">
     <span class='ocr_line' id='line_1_60' title="bbox 1963 2576 3543 2659; baseline -0.001 -14"><span class='ocrx_word' id='word_1_352' title='bbox 1963 2593 2125 2645; x_wconf 68' lang='lat' dir='ltr'><strong>creta:</strong></span> <span class='ocrx_word' id='word_1_353' title='bbox 2172 2594 2227 2641; x_wconf 90' lang='lat' dir='ltr'><strong>et</strong></span> <span class='ocrx_word' id='word_1_354' title='bbox 2262 2586 2316 2643; x_wconf 93' lang='lat' dir='ltr'><strong>in</strong></span> <span class='ocrx_word' id='word_1_355' title='bbox 2362 2584 2657 2659; x_wconf 83' lang='lat' dir='ltr'><strong>appendice</strong></span> <span class='ocrx_word' id='word_1_356' title='bbox 2693 2600 3004 2653; x_wconf 82' lang='lat' dir='ltr'><strong>sermonum</strong></span> <span class='ocrx_word' id='word_1_357' title='bbox 3029 2576 3489 2659; x_wconf 74' lang='lat' dir='ltr'><strong>supposititiontm</strong></span> <span class='ocrx_word' id='word_1_358' title='bbox 3511 2599 3543 2651; x_wconf 79' lang='lat' dir='ltr'><strong>a</strong></span> 
     </span>
    </p>
   </div>
   <div class='ocr_carea' id='block_1_61' title="bbox 1962 2679 3543 2755">
    <p class='ocr_par' dir='ltr' id='par_1_61' title="bbox 1962 2679 3543 2755">
     <span class='ocr_line' id='line_1_61' title="bbox 1962 2679 3543 2755; baseline -0.001 -19"><span class='ocrx_word' id='word_1_359' title='bbox 1962 2681 2206 2755; x_wconf 79' lang='lat' dir='ltr'><strong>patrihus</strong></span> <span class='ocrx_word' id='word_1_360' title='bbox 2234 2679 2492 2737; x_wconf 83' lang='lat' dir='ltr'><strong>Maurinis</strong></span> <span class='ocrx_word' id='word_1_361' title='bbox 2520 2686 2718 2737; x_wconf 65' lang='lat' dir='ltr'><strong>notata:</strong></span> <span class='ocrx_word' id='word_1_362' title='bbox 2748 2688 2896 2737; x_wconf 87' lang='lat' dir='ltr'><strong>tumo</strong></span> <span class='ocrx_word' id='word_1_363' title='bbox 2919 2679 2965 2735; x_wconf 65' lang='grc' dir='ltr'>Ὺ</span> <span class='ocrx_word' id='word_1_364' title='bbox 2994 2688 3219 2750; x_wconf 80' lang='lat' dir='ltr'><strong>operum</strong></span> <span class='ocrx_word' id='word_1_365' title='bbox 3240 2679 3543 2749; x_wconf 75' lang='lat' dir='ltr'><strong>Augustini,</strong></span> 
     </span>
    </p>
   </div>
   <div class='ocr_carea' id='block_1_62' title="bbox 1964 2771 3544 2843">
    <p class='ocr_par' dir='ltr' id='par_1_62' title="bbox 1964 2771 3544 2843">
     <span class='ocr_line' id='line_1_62' title="bbox 1964 2771 3544 2843; baseline 0.001 -17"><span class='ocrx_word' id='word_1_366' title='bbox 1964 2772 2215 2827; x_wconf 89' lang='lat' dir='ltr'><strong>nimirum</strong></span> <span class='ocrx_word' id='word_1_367' title='bbox 2260 2772 2315 2828; x_wconf 91' lang='lat' dir='ltr'><strong>in</strong></span> <span class='ocrx_word' id='word_1_368' title='bbox 2364 2771 2537 2827; x_wconf 65' lang='lat' dir='ltr'><strong>clasSe</strong></span> <span class='ocrx_word' id='word_1_369' title='bbox 2579 2771 2750 2843; x_wconf 86' lang='lat' dir='ltr'><strong>prima</strong></span> <span class='ocrx_word' id='word_1_370' title='bbox 2802 2787 3109 2831; x_wconf 84' lang='lat' dir='ltr'><strong>sermonum</strong></span> <span class='ocrx_word' id='word_1_371' title='bbox 3149 2772 3215 2833; x_wconf 83' lang='lat' dir='ltr'><strong>de</strong></span> <span class='ocrx_word' id='word_1_372' title='bbox 3258 2771 3544 2843; x_wconf 56' lang='lat' dir='ltr'><strong>Scriptum:</strong></span> 
     </span>
    </p>
   </div>
   <div class='ocr_carea' id='block_1_63' title="bbox 1970 2859 3540 2925">
    <p class='ocr_par' dir='ltr' id='par_1_63' title="bbox 1970 2859 3540 2925">
     <span class='ocr_line' id='line_1_63' title="bbox 1970 2859 3540 2925; baseline -0.003 -6"><span class='ocrx_word' id='word_1_373' title='bbox 1970 2859 2087 2919; x_wconf 78' lang='lat' dir='ltr'><strong>Yet.</strong></span> <span class='ocrx_word' id='word_1_374' title='bbox 2129 2870 2180 2918; x_wconf 89' lang='lat' dir='ltr'><strong>et</strong></span> <span class='ocrx_word' id='word_1_375' title='bbox 2218 2859 2356 2918; x_wconf 77' lang='lat' dir='ltr'><strong>Novi</strong></span> <span class='ocrx_word' id='word_1_376' title='bbox 2398 2860 2713 2925; x_wconf 68' lang='lat' dir='ltr'><strong>Testameati</strong></span> <span class='ocrx_word' id='word_1_377' title='bbox 2753 2879 2771 2916; x_wconf 83' lang='lat'><strong><em>:</em></strong></span> <span class='ocrx_word' id='word_1_378' title='bbox 2822 2861 2881 2915; x_wconf 87' lang='grc' dir='ltr'><strong>1ο</strong></span> <span class='ocrx_word' id='word_1_379' title='bbox 2931 2861 3122 2919; x_wconf 84' lang='lat' dir='ltr'><strong>Sermo</strong></span> <span class='ocrx_word' id='word_1_380' title='bbox 3171 2860 3241 2917; x_wconf 89' lang='lat'><strong>80</strong></span> <span class='ocrx_word' id='word_1_381' title='bbox 3268 2863 3323 2921; x_wconf 81' lang='lat' dir='ltr'><strong>in</strong></span> <span class='ocrx_word' id='word_1_382' title='bbox 3352 2860 3540 2917; x_wconf 74' lang='lat' dir='ltr'><strong>Matth.</strong></span> 
     </span>
    </p>
   </div>
   <div class='ocr_carea' id='block_1_64' title="bbox 1966 2952 3543 3029">
    <p class='ocr_par' dir='ltr' id='par_1_64' title="bbox 1966 2952 3543 3029">
     <span class='ocr_line' id='line_1_64' title="bbox 1966 2952 3543 3029; baseline -0.003 -18"><span class='ocrx_word' id='word_1_383' title='bbox 1966 2968 2126 3022; x_wconf 79' lang='lat' dir='ltr'><strong>uvn,</strong></span> <span class='ocrx_word' id='word_1_384' title='bbox 2156 2954 2220 3008; x_wconf 83' lang='lat' dir='ltr'><strong>de</strong></span> <span class='ocrx_word' id='word_1_385' title='bbox 2238 2952 2378 3009; x_wconf 72' lang='lat' dir='ltr'><strong>Iuda</strong></span> <span class='ocrx_word' id='word_1_386' title='bbox 2405 2952 2687 3029; x_wconf 80' lang='lat' dir='ltr'><strong>proditore,</strong></span> <span class='ocrx_word' id='word_1_387' title='bbox 2712 2961 2822 3011; x_wconf 87' lang='lat' dir='ltr'><strong>tam</strong></span> <span class='ocrx_word' id='word_1_388' title='bbox 2851 2953 2905 3011; x_wconf 85' lang='lat' dir='ltr'><strong>in</strong></span> <span class='ocrx_word' id='word_1_389' title='bbox 2925 2953 3198 3013; x_wconf 79' lang='lat' dir='ltr'><strong>codicibus</strong></span> <span class='ocrx_word' id='word_1_390' title='bbox 3224 2969 3353 3013; x_wconf 82' lang='lat' dir='ltr'><strong>mss.</strong></span> <span class='ocrx_word' id='word_1_391' title='bbox 3384 2968 3543 3028; x_wconf 77' lang='lat' dir='ltr'><strong>quam</strong></span> 
     </span>
    </p>
   </div>
   <div class='ocr_carea' id='block_1_65' title="bbox 1960 3043 3543 3122">
    <p class='ocr_par' dir='ltr' id='par_1_65' title="bbox 1960 3043 3543 3122">
     <span class='ocr_line' id='line_1_65' title="bbox 1960 3043 3543 3122; baseline 0.001 -21"><span class='ocrx_word' id='word_1_392' title='bbox 1960 3044 2119 3105; x_wconf 82' lang='lat' dir='ltr'><strong>editis</strong></span> <span class='ocrx_word' id='word_1_393' title='bbox 2146 3043 2388 3103; x_wconf 82' lang='lat' dir='ltr'><strong>Maximo</strong></span> <span class='ocrx_word' id='word_1_394' title='bbox 2421 3044 2672 3115; x_wconf 86' lang='lat' dir='ltr'><strong>tributus,</strong></span> <span class='ocrx_word' id='word_1_395' title='bbox 2703 3045 2833 3102; x_wconf 86' lang='lat' dir='ltr'><strong>olim</strong></span> <span class='ocrx_word' id='word_1_396' title='bbox 2860 3046 2924 3103; x_wconf 87' lang='lat' dir='ltr'><strong>de</strong></span> <span class='ocrx_word' id='word_1_397' title='bbox 2952 3044 3201 3122; x_wconf 62' lang='lat' dir='ltr'><strong>Tempore</strong></span> <span class='ocrx_word' id='word_1_398' title='bbox 3226 3044 3350 3115; x_wconf 73' lang='grc'><strong>198,</strong></span> <span class='ocrx_word' id='word_1_399' title='bbox 3373 3053 3428 3102; x_wconf 91' lang='lat' dir='ltr'><strong>et</strong></span> <span class='ocrx_word' id='word_1_400' title='bbox 3455 3060 3543 3116; x_wconf 89' lang='lat' dir='ltr'><strong>po-</strong></span> 
     </span>
    </p>
   </div>
   <div class='ocr_carea' id='block_1_66' title="bbox 1960 3135 3545 3210">
    <p class='ocr_par' dir='ltr' id='par_1_66' title="bbox 1960 3135 3545 3210">
     <span class='ocr_line' id='line_1_66' title="bbox 1960 3135 3545 3210; baseline 0.002 -18"><span class='ocrx_word' id='word_1_401' title='bbox 1960 3143 2075 3192; x_wconf 88' lang='lat' dir='ltr'><strong>stea</strong></span> <span class='ocrx_word' id='word_1_402' title='bbox 2105 3137 2158 3192; x_wconf 93' lang='lat' dir='ltr'><strong>in</strong></span> <span class='ocrx_word' id='word_1_403' title='bbox 2187 3136 2415 3208; x_wconf 81' lang='lat' dir='ltr'><strong>append.</strong></span> <span class='ocrx_word' id='word_1_404' title='bbox 2443 3135 2531 3190; x_wconf 77' lang='grc'>48.</span> <span class='ocrx_word' id='word_1_405' title='bbox 2564 3135 2625 3190; x_wconf 72' lang='lat'><strong>2°</strong></span> <span class='ocrx_word' id='word_1_406' title='bbox 2654 3135 2845 3195; x_wconf 85' lang='lat' dir='ltr'><strong>Sermo</strong></span> <span class='ocrx_word' id='word_1_407' title='bbox 2872 3136 2944 3195; x_wconf 71' lang='lat'><strong>82</strong></span> <span class='ocrx_word' id='word_1_408' title='bbox 2965 3138 3028 3197; x_wconf 78' lang='lat' dir='ltr'><strong>de</strong></span> <span class='ocrx_word' id='word_1_409' title='bbox 3069 3136 3251 3197; x_wconf 76' lang='lat' dir='ltr'><strong>Verbis</strong></span> <span class='ocrx_word' id='word_1_410' title='bbox 3272 3136 3545 3210; x_wconf 74' lang='lat' dir='ltr'><strong>Evangelii</strong></span> 
     </span>
    </p>
   </div>
   <div class='ocr_carea' id='block_1_67' title="bbox 1887 3228 3545 3320">
    <p class='ocr_par' dir='ltr' id='par_1_67' title="bbox 1887 3228 3545 3320">
     <span class='ocr_line' id='line_1_67' title="bbox 1887 3228 3545 3320; baseline 0.002 -35"><span class='ocrx_word' id='word_1_411' title='bbox 1887 3257 1931 3320; x_wconf 68' lang='grc' dir='ltr'>ρ</span> <span class='ocrx_word' id='word_1_412' title='bbox 1964 3228 2120 3285; x_wconf 70' lang='lat' dir='ltr'><strong>Lucra</strong></span> <span class='ocrx_word' id='word_1_413' title='bbox 2146 3245 2241 3284; x_wconf 80' lang='lat' dir='ltr'><strong>nt:</strong></span> <span class='ocrx_word' id='word_1_414' title='bbox 2274 3229 2571 3299; x_wconf 84' lang='lat' dir='ltr'><strong>Venerunt,</strong></span> <span class='ocrx_word' id='word_1_415' title='bbox 2600 3238 2730 3299; x_wconf 84' lang='lat' dir='ltr'><strong>etc.,</strong></span> <span class='ocrx_word' id='word_1_416' title='bbox 2777 3245 2807 3285; x_wconf 90' lang='lat' dir='ltr'><strong>a</strong></span> <span class='ocrx_word' id='word_1_417' title='bbox 2836 3228 3261 3291; x_wconf 78' lang='lat' dir='ltr'><strong>Lovaniensibus</strong></span> <span class='ocrx_word' id='word_1_418' title='bbox 3312 3230 3545 3287; x_wconf 80' lang='lat' dir='ltr'><strong>Maximo</strong></span> 
     </span>
    </p>
   </div>
   <div class='ocr_carea' id='block_1_68' title="bbox 1963 3318 3540 3395">
    <p class='ocr_par' dir='ltr' id='par_1_68' title="bbox 1963 3318 3540 3395">
     <span class='ocr_line' id='line_1_68' title="bbox 1963 3318 3540 3395; baseline 0.001 -20"><span class='ocrx_word' id='word_1_419' title='bbox 1963 3320 2215 3389; x_wconf 81' lang='lat' dir='ltr'><strong>tributus,</strong></span> <span class='ocrx_word' id='word_1_420' title='bbox 2244 3319 2373 3379; x_wconf 90' lang='lat' dir='ltr'><strong>olim</strong></span> <span class='ocrx_word' id='word_1_421' title='bbox 2400 3320 2463 3377; x_wconf 84' lang='lat' dir='ltr'><strong>de</strong></span> <span class='ocrx_word' id='word_1_422' title='bbox 2498 3318 2677 3375; x_wconf 76' lang='lat' dir='ltr'><strong>Verbis</strong></span> <span class='ocrx_word' id='word_1_423' title='bbox 2700 3318 2910 3377; x_wconf 78' lang='lat' dir='ltr'><strong>Domini</strong></span> <span class='ocrx_word' id='word_1_424' title='bbox 2931 3320 3022 3390; x_wconf 80' lang='lat' dir='ltr'><strong>l9,</strong></span> <span class='ocrx_word' id='word_1_425' title='bbox 3050 3329 3105 3376; x_wconf 85' lang='lat' dir='ltr'><strong>et</strong></span> <span class='ocrx_word' id='word_1_426' title='bbox 3124 3330 3306 3392; x_wconf 78' lang='lat' dir='ltr'><strong>postea</strong></span> <span class='ocrx_word' id='word_1_427' title='bbox 3337 3323 3390 3383; x_wconf 85' lang='lat' dir='ltr'><strong>in</strong></span> <span class='ocrx_word' id='word_1_428' title='bbox 3415 3336 3540 3395; x_wconf 85' lang='lat' dir='ltr'><strong>app.</strong></span> 
     </span>
    </p>
   </div>
   <div class='ocr_carea' id='block_1_69' title="bbox 1961 3410 3546 3479">
    <p class='ocr_par' dir='ltr' id='par_1_69' title="bbox 1961 3410 3546 3479">
     <span class='ocr_line' id='line_1_69' title="bbox 1961 3410 3546 3479; baseline 0.001 -14"><span class='ocrx_word' id='word_1_429' title='bbox 1961 3410 2017 3479; x_wconf 88' lang='grc'><strong>5,</strong></span> <span class='ocrx_word' id='word_1_430' title='bbox 2041 3418 2096 3467; x_wconf 91' lang='lat' dir='ltr'><strong>et</strong></span> <span class='ocrx_word' id='word_1_431' title='bbox 2136 3411 2276 3471; x_wconf 86' lang='lat' dir='ltr'><strong>inter</strong></span> <span class='ocrx_word' id='word_1_432' title='bbox 2305 3410 2704 3467; x_wconf 79' lang='lat' dir='ltr'><strong>Ambrosianos.</strong></span> <span class='ocrx_word' id='word_1_433' title='bbox 2735 3410 3069 3469; x_wconf 82' lang='lat' dir='ltr'><strong>Benedictini</strong></span> <span class='ocrx_word' id='word_1_434' title='bbox 3097 3419 3275 3473; x_wconf 83' lang='lat' dir='ltr'><strong>tamen</strong></span> <span class='ocrx_word' id='word_1_435' title='bbox 3303 3411 3546 3475; x_wconf 76' lang='lat' dir='ltr'><strong>dubitant</strong></span> 
     </span>
    </p>
   </div>
   <div class='ocr_carea' id='block_1_70' title="bbox 1960 3500 3545 3575">
    <p class='ocr_par' dir='ltr' id='par_1_70' title="bbox 1960 3500 3545 3575">
     <span class='ocr_line' id='line_1_70' title="bbox 1960 3500 3545 3575; baseline -0.003 -14"><span class='ocrx_word' id='word_1_436' title='bbox 1960 3518 2030 3565; x_wconf 85' lang='lat' dir='ltr'><strong>an</strong></span> <span class='ocrx_word' id='word_1_437' title='bbox 2058 3503 2219 3565; x_wconf 86' lang='lat' dir='ltr'><strong>etiam</strong></span> <span class='ocrx_word' id='word_1_438' title='bbox 2247 3500 2534 3561; x_wconf 82' lang='lat' dir='ltr'><strong>Maximum</strong></span> <span class='ocrx_word' id='word_1_439' title='bbox 2564 3507 2841 3560; x_wconf 84' lang='lat' dir='ltr'><strong>auctorem</strong></span> <span class='ocrx_word' id='word_1_440' title='bbox 2878 3501 3091 3559; x_wconf 78' lang='lat' dir='ltr'><strong>habeat.</strong></span> <span class='ocrx_word' id='word_1_441' title='bbox 3134 3502 3197 3561; x_wconf 75' lang='lat'><strong>5°</strong></span> <span class='ocrx_word' id='word_1_442' title='bbox 3227 3500 3416 3567; x_wconf 79' lang='lat' dir='ltr'><strong>Sermo</strong></span> <span class='ocrx_word' id='word_1_443' title='bbox 3444 3501 3545 3575; x_wconf 84' lang='grc'><strong>100</strong></span> 
     </span>
    </p>
   </div>
   <div class='ocr_carea' id='block_1_71' title="bbox 1961 3592 3543 3669">
    <p class='ocr_par' dir='ltr' id='par_1_71' title="bbox 1961 3592 3543 3669">
     <span class='ocr_line' id='line_1_71' title="bbox 1961 3592 3543 3669; baseline 0.001 -20"><span class='ocrx_word' id='word_1_444' title='bbox 1961 3596 2025 3650; x_wconf 83' lang='lat' dir='ltr'><strong>de</strong></span> <span class='ocrx_word' id='word_1_445' title='bbox 2071 3594 2252 3649; x_wconf 77' lang='lat' dir='ltr'><strong>Verbis</strong></span> <span class='ocrx_word' id='word_1_446' title='bbox 2291 3596 2465 3649; x_wconf 78' lang='lat' dir='ltr'><strong>Actor.</strong></span> <span class='ocrx_word' id='word_1_447' title='bbox 2523 3609 2572 3650; x_wconf 82' lang='lat' dir='ltr'><strong>tv</strong></span> <span class='ocrx_word' id='word_1_448' title='bbox 2606 3611 2617 3645; x_wconf 90' lang='lat'><strong>:</strong></span> <span class='ocrx_word' id='word_1_449' title='bbox 2653 3592 2823 3655; x_wconf 82' lang='lat' dir='ltr'><strong>Nemo</strong></span> <span class='ocrx_word' id='word_1_450' title='bbox 2874 3593 3163 3664; x_wconf 83' lang='lat' dir='ltr'><strong>quidquam</strong></span> <span class='ocrx_word' id='word_1_451' title='bbox 3206 3608 3273 3651; x_wconf 84' lang='lat' dir='ltr'><strong>ex</strong></span> <span class='ocrx_word' id='word_1_452' title='bbox 3302 3608 3369 3655; x_wconf 82' lang='lat' dir='ltr'><strong>eo</strong></span> <span class='ocrx_word' id='word_1_453' title='bbox 3394 3593 3543 3669; x_wconf 80' lang='lat' dir='ltr'><strong>quod</strong></span> 
     </span>
    </p>
   </div>
   <div class='ocr_carea' id='block_1_72' title="bbox 1960 3682 3545 3759">
    <p class='ocr_par' dir='ltr' id='par_1_72' title="bbox 1960 3682 3545 3759">
     <span class='ocr_line' id='line_1_72' title="bbox 1960 3682 3545 3759; baseline 0 -19"><span class='ocrx_word' id='word_1_454' title='bbox 1960 3685 2301 3759; x_wconf 83' lang='lat' dir='ltr'><strong>possidebat,</strong></span> <span class='ocrx_word' id='word_1_455' title='bbox 2348 3684 2624 3755; x_wconf 89' lang='lat' dir='ltr'><strong>proprium</strong></span> <span class='ocrx_word' id='word_1_456' title='bbox 2650 3698 2770 3743; x_wconf 86' lang='lat' dir='ltr'><strong>esse</strong></span> <span class='ocrx_word' id='word_1_457' title='bbox 2798 3682 3043 3749; x_wconf 81' lang='lat' dir='ltr'><strong>dicebat;</strong></span> <span class='ocrx_word' id='word_1_458' title='bbox 3096 3684 3223 3743; x_wconf 90' lang='lat' dir='ltr'><strong>olim</strong></span> <span class='ocrx_word' id='word_1_459' title='bbox 3264 3685 3330 3747; x_wconf 78' lang='lat' dir='ltr'><strong>de</strong></span> <span class='ocrx_word' id='word_1_460' title='bbox 3365 3684 3545 3744; x_wconf 75' lang='lat' dir='ltr'><strong>Verbis</strong></span> 
     </span>
    </p>
   </div>
   <div class='ocr_carea' id='block_1_73' title="bbox 1964 3775 3545 3859">
    <p class='ocr_par' dir='ltr' id='par_1_73' title="bbox 1964 3775 3545 3859">
     <span class='ocr_line' id='line_1_73' title="bbox 1964 3775 3545 3859; baseline 0.003 -29"><span class='ocrx_word' id='word_1_461' title='bbox 1964 3777 2198 3848; x_wconf 80' lang='lat' dir='ltr'><strong>Apostoli</strong></span> <span class='ocrx_word' id='word_1_462' title='bbox 2219 3775 2311 3859; x_wconf 75' lang='lat'><strong>25,</strong></span> <span class='ocrx_word' id='word_1_463' title='bbox 2360 3783 2415 3831; x_wconf 91' lang='lat' dir='ltr'><strong>et</strong></span> <span class='ocrx_word' id='word_1_464' title='bbox 2442 3784 2564 3847; x_wconf 89' lang='lat' dir='ltr'><strong>post</strong></span> <span class='ocrx_word' id='word_1_465' title='bbox 2592 3775 2646 3832; x_wconf 93' lang='lat' dir='ltr'><strong>in</strong></span> <span class='ocrx_word' id='word_1_466' title='bbox 2676 3790 2799 3847; x_wconf 91' lang='lat' dir='ltr'><strong>app.</strong></span> <span class='ocrx_word' id='word_1_467' title='bbox 2826 3776 2878 3832; x_wconf 90' lang='lat'><strong>9.</strong></span> <span class='ocrx_word' id='word_1_468' title='bbox 2921 3776 3027 3837; x_wconf 80' lang='lat' dir='ltr'><strong>Sed</strong></span> <span class='ocrx_word' id='word_1_469' title='bbox 3055 3785 3112 3833; x_wconf 87' lang='lat' dir='ltr'><strong>et</strong></span> <span class='ocrx_word' id='word_1_470' title='bbox 3150 3778 3292 3837; x_wconf 87' lang='lat' dir='ltr'><strong>inter</strong></span> <span class='ocrx_word' id='word_1_471' title='bbox 3318 3778 3545 3841; x_wconf 80' lang='lat' dir='ltr'><strong>Ambro-</strong></span> 
     </span>
    </p>
   </div>
   <div class='ocr_carea' id='block_1_74' title="bbox 1964 3867 3563 3943">
    <p class='ocr_par' dir='ltr' id='par_1_74' title="bbox 1964 3867 3563 3943">
     <span class='ocr_line' id='line_1_74' title="bbox 1964 3867 3563 3943; baseline 0 -16"><span class='ocrx_word' id='word_1_472' title='bbox 1964 3868 2144 3927; x_wconf 86' lang='lat' dir='ltr'><strong>sianos</strong></span> <span class='ocrx_word' id='word_1_473' title='bbox 2171 3877 2228 3924; x_wconf 90' lang='lat' dir='ltr'><strong>et</strong></span> <span class='ocrx_word' id='word_1_474' title='bbox 2268 3867 2485 3933; x_wconf 82' lang='lat' dir='ltr'><strong>Maximi</strong></span> <span class='ocrx_word' id='word_1_475' title='bbox 2526 3869 2791 3941; x_wconf 73' lang='lat' dir='ltr'><strong>vulgatus,</strong></span> <span class='ocrx_word' id='word_1_476' title='bbox 2830 3869 2917 3931; x_wconf 91' lang='lat' dir='ltr'><strong>cui</strong></span> <span class='ocrx_word' id='word_1_477' title='bbox 2957 3883 3078 3935; x_wconf 82' lang='lat' dir='ltr'><strong>cum</strong></span> <span class='ocrx_word' id='word_1_478' title='bbox 3124 3869 3563 3943; x_wconf 80' lang='lat' dir='ltr'><strong>Lovaniensibus-</strong></span> 
     </span>
    </p>
   </div>
   <div class='ocr_carea' id='block_1_75' title="bbox 1963 3958 3545 4030">
    <p class='ocr_par' dir='ltr' id='par_1_75' title="bbox 1963 3958 3545 4030">
     <span class='ocr_line' id='line_1_75' title="bbox 1963 3958 3545 4030; baseline 0.003 -16"><span class='ocrx_word' id='word_1_479' title='bbox 1963 3960 2122 4015; x_wconf 87' lang='lat' dir='ltr'><strong>etiam</strong></span> <span class='ocrx_word' id='word_1_480' title='bbox 2153 3958 2447 4030; x_wconf 74' lang='lat' dir='ltr'><strong>Vindingus</strong></span> <span class='ocrx_word' id='word_1_481' title='bbox 2475 3959 2730 4030; x_wconf 74' lang='lat' dir='ltr'><strong>assignat.</strong></span> <span class='ocrx_word' id='word_1_482' title='bbox 2771 3958 2830 4018; x_wconf 83' lang='lat' dir='ltr'><strong>in</strong></span> <span class='ocrx_word' id='word_1_483' title='bbox 2850 3960 3022 4017; x_wconf 79' lang='lat' dir='ltr'><strong>classe</strong></span> <span class='ocrx_word' id='word_1_484' title='bbox 3048 3959 3282 4021; x_wconf 79' lang='lat' dir='ltr'><strong>secunda</strong></span> <span class='ocrx_word' id='word_1_485' title='bbox 3311 3960 3374 4023; x_wconf 85' lang='lat' dir='ltr'><strong>de</strong></span> <span class='ocrx_word' id='word_1_486' title='bbox 3396 3958 3545 4019; x_wconf 63' lang='lat' dir='ltr'><strong>Tm</strong></span> 
     </span>
    </p>
   </div>
   <div class='ocr_carea' id='block_1_76' title="bbox 351 4046 3542 4133">
    <p class='ocr_par' dir='ltr' id='par_1_76' title="bbox 351 4046 3542 4133">
     <span class='ocr_line' id='line_1_76' title="bbox 351 4046 3542 4133; baseline -0.002 -18"><span class='ocrx_word' id='word_1_487' title='bbox 351 4058 595 4126; x_wconf 85' lang='lat' dir='ltr'><strong>Parisiis,</strong></span> <span class='ocrx_word' id='word_1_488' title='bbox 625 4059 925 4133; x_wconf 84' lang='lat' dir='ltr'><strong>sumptibus</strong></span> <span class='ocrx_word' id='word_1_489' title='bbox 952 4058 1173 4119; x_wconf 79' lang='lat' dir='ltr'><strong>Antonii</strong></span> <span class='ocrx_word' id='word_1_490' title='bbox 1195 4057 1443 4124; x_wconf 67' lang='lat' dir='ltr'><strong>Bertien,</strong></span> <span class='ocrx_word' id='word_1_491' title='bbox 1466 4056 1637 4119; x_wconf 74' lang='lat' dir='ltr'><strong>ill-fol.</strong></span> <span class='ocrx_word' id='word_1_492' title='bbox 1669 4056 1725 4112; x_wconf 92' lang='lat' dir='ltr'><strong>S.</strong></span> <span class='ocrx_word' id='word_1_493' title='bbox 1758 4057 1863 4117; x_wconf 85' lang='lat' dir='ltr'><strong>Ma—</strong></span> <span class='ocrx_word' id='word_1_494' title='bbox 1960 4068 2102 4121; x_wconf 83' lang='lat' dir='ltr'><strong>pore.</strong></span> <span class='ocrx_word' id='word_1_495' title='bbox 2130 4049 2187 4103; x_wconf 67' lang='lat'><strong>4°</strong></span> <span class='ocrx_word' id='word_1_496' title='bbox 2234 4046 2437 4108; x_wconf 82' lang='lat' dir='ltr'><strong>Sermo</strong></span> <span class='ocrx_word' id='word_1_497' title='bbox 2474 4050 2577 4106; x_wconf 70' lang='grc'><strong>122</strong></span> <span class='ocrx_word' id='word_1_498' title='bbox 2621 4052 2673 4106; x_wconf 76' lang='lat' dir='ltr'><strong>in</strong></span> <span class='ocrx_word' id='word_1_499' title='bbox 2716 4048 2903 4107; x_wconf 76' lang='lat' dir='ltr'><strong>Natali</strong></span> <span class='ocrx_word' id='word_1_500' title='bbox 2948 4049 3179 4120; x_wconf 78' lang='lat' dir='ltr'><strong>Domini,</strong></span> <span class='ocrx_word' id='word_1_501' title='bbox 3212 4049 3299 4119; x_wconf 81' lang='lat' dir='ltr'><strong>Vl,</strong></span> <span class='ocrx_word' id='word_1_502' title='bbox 3330 4051 3382 4111; x_wconf 88' lang='lat' dir='ltr'><strong>in</strong></span> <span class='ocrx_word' id='word_1_503' title='bbox 3411 4066 3542 4119; x_wconf 77' lang='lat' dir='ltr'><strong>mss.</strong></span> 
     </span>
    </p>
   </div>
   <div class='ocr_carea' id='block_1_77' title="bbox 274 4141 3546 4227">
    <p class='ocr_par' dir='ltr' id='par_1_77' title="bbox 274 4141 3546 4227">
     <span class='ocr_line' id='line_1_77' title="bbox 274 4141 3546 4227; baseline -0.002 -21"><span class='ocrx_word' id='word_1_504' title='bbox 274 4150 409 4219; x_wconf 79' lang='lat' dir='ltr'><strong>ximi</strong></span> <span class='ocrx_word' id='word_1_505' title='bbox 440 4148 600 4213; x_wconf 88' lang='lat' dir='ltr'><strong>Taur.</strong></span> <span class='ocrx_word' id='word_1_506' title='bbox 633 4150 871 4227; x_wconf 82' lang='lat' dir='ltr'><strong>episcopi</strong></span> <span class='ocrx_word' id='word_1_507' title='bbox 898 4150 1132 4215; x_wconf 72' lang='lat' dir='ltr'><strong>bomilim</strong></span> <span class='ocrx_word' id='word_1_508' title='bbox 1166 4151 1221 4207; x_wconf 90' lang='lat' dir='ltr'><strong>in</strong></span> <span class='ocrx_word' id='word_1_509' title='bbox 1248 4149 1517 4213; x_wconf 85' lang='lat' dir='ltr'><strong>Francisei</strong></span> <span class='ocrx_word' id='word_1_510' title='bbox 1544 4148 1850 4213; x_wconf 74' lang='lat' dir='ltr'><strong>Combeﬁsii</strong></span> <span class='ocrx_word' id='word_1_511' title='bbox 1959 4158 2114 4217; x_wconf 76' lang='lat' dir='ltr'><strong>neque</strong></span> <span class='ocrx_word' id='word_1_512' title='bbox 2137 4159 2200 4198; x_wconf 86' lang='lat' dir='ltr'><strong>ac</strong></span> <span class='ocrx_word' id='word_1_513' title='bbox 2227 4143 2385 4199; x_wconf 90' lang='lat' dir='ltr'><strong>editis</strong></span> <span class='ocrx_word' id='word_1_514' title='bbox 2414 4142 2647 4203; x_wconf 84' lang='lat' dir='ltr'><strong>Maximo</strong></span> <span class='ocrx_word' id='word_1_515' title='bbox 2689 4142 2974 4214; x_wconf 80' lang='lat' dir='ltr'><strong>ascriptus,</strong></span> <span class='ocrx_word' id='word_1_516' title='bbox 3021 4142 3149 4199; x_wconf 89' lang='lat' dir='ltr'><strong>olim</strong></span> <span class='ocrx_word' id='word_1_517' title='bbox 3198 4143 3259 4201; x_wconf 84' lang='lat' dir='ltr'><strong>de</strong></span> <span class='ocrx_word' id='word_1_518' title='bbox 3299 4141 3546 4213; x_wconf 82' lang='lat' dir='ltr'><strong>Tempore</strong></span> 
     </span>
    </p>
   </div>
   <div class='ocr_carea' id='block_1_78' title="bbox 274 4234 3545 4317">
    <p class='ocr_par' dir='ltr' id='par_1_78' title="bbox 274 4234 3545 4317">
     <span class='ocr_line' id='line_1_78' title="bbox 274 4234 3545 4317; baseline -0.002 -14"><span class='ocrx_word' id='word_1_519' title='bbox 274 4243 613 4317; x_wconf 71' lang='lat' dir='ltr'><strong>Bibliotheca</strong></span> <span class='ocrx_word' id='word_1_520' title='bbox 636 4244 859 4305; x_wconf 83' lang='lat' dir='ltr'><strong>Patrum</strong></span> <span class='ocrx_word' id='word_1_521' title='bbox 885 4244 1305 4307; x_wconf 80' lang='lat' dir='ltr'><strong>concinnatoria.</strong></span> <span class='ocrx_word' id='word_1_522' title='bbox 1336 4244 1395 4301; x_wconf 88' lang='lat' dir='ltr'><strong>ln</strong></span> <span class='ocrx_word' id='word_1_523' title='bbox 1422 4259 1646 4307; x_wconf 84' lang='lat' dir='ltr'><strong>recensu</strong></span> <span class='ocrx_word' id='word_1_524' title='bbox 1674 4253 1858 4303; x_wconf 87' lang='lat' dir='ltr'><strong>aucto-</strong></span> <span class='ocrx_word' id='word_1_525' title='bbox 1963 4238 2049 4295; x_wconf 73' lang='lat' dir='ltr'><strong>ll.</strong></span> <span class='ocrx_word' id='word_1_526' title='bbox 2077 4247 2284 4309; x_wconf 77' lang='lat' dir='ltr'><strong>etpost</strong></span> <span class='ocrx_word' id='word_1_527' title='bbox 2313 4237 2365 4293; x_wconf 89' lang='lat' dir='ltr'><strong>in</strong></span> <span class='ocrx_word' id='word_1_528' title='bbox 2394 4252 2517 4309; x_wconf 80' lang='lat' dir='ltr'><strong>app.</strong></span> <span class='ocrx_word' id='word_1_529' title='bbox 2551 4236 2639 4293; x_wconf 71' lang='grc'><strong>25.</strong></span> <span class='ocrx_word' id='word_1_530' title='bbox 2704 4236 2760 4290; x_wconf 78' lang='lat'><strong>5°</strong></span> <span class='ocrx_word' id='word_1_531' title='bbox 2787 4236 2979 4295; x_wconf 77' lang='lat' dir='ltr'><strong>Serum</strong></span> <span class='ocrx_word' id='word_1_532' title='bbox 3019 4234 3120 4292; x_wconf 70' lang='grc'><strong>154</strong></span> <span class='ocrx_word' id='word_1_533' title='bbox 3159 4238 3215 4291; x_wconf 76' lang='lat' dir='ltr'><strong>in</strong></span> <span class='ocrx_word' id='word_1_534' title='bbox 3244 4234 3545 4313; x_wconf 74' lang='lat' dir='ltr'><strong>Epiphania</strong></span> 
     </span>
    </p>
   </div>
   <div class='ocr_carea' id='block_1_79' title="bbox 275 4329 3543 4407">
    <p class='ocr_par' dir='ltr' id='par_1_79' title="bbox 275 4329 3543 4407">
     <span class='ocr_line' id='line_1_79' title="bbox 275 4329 3543 4407; baseline -0.003 -14"><span class='ocrx_word' id='word_1_535' title='bbox 275 4351 396 4399; x_wconf 90' lang='lat' dir='ltr'><strong>rum</strong></span> <span class='ocrx_word' id='word_1_536' title='bbox 424 4351 654 4407; x_wconf 85' lang='lat' dir='ltr'><strong>quorum</strong></span> <span class='ocrx_word' id='word_1_537' title='bbox 674 4336 905 4399; x_wconf 72' lang='lat' dir='ltr'><strong>humilia:</strong></span> <span class='ocrx_word' id='word_1_538' title='bbox 926 4336 1014 4401; x_wconf 82' lang='lat' dir='ltr'><strong>hic</strong></span> <span class='ocrx_word' id='word_1_539' title='bbox 1040 4336 1286 4401; x_wconf 72' lang='lat' dir='ltr'><strong>collecta:</strong></span> <span class='ocrx_word' id='word_1_540' title='bbox 1324 4337 1663 4405; x_wconf 85' lang='lat' dir='ltr'><strong>exhibentur,</strong></span> <span class='ocrx_word' id='word_1_541' title='bbox 1694 4338 1857 4399; x_wconf 85' lang='lat' dir='ltr'><strong>etiam</strong></span> <span class='ocrx_word' id='word_1_542' title='bbox 1960 4329 2191 4402; x_wconf 72' lang='lat' dir='ltr'><strong>Domini.</strong></span> <span class='ocrx_word' id='word_1_543' title='bbox 2238 4331 2322 4387; x_wconf 72' lang='lat' dir='ltr'><strong>IV.</strong></span> <span class='ocrx_word' id='word_1_544' title='bbox 2377 4329 2592 4393; x_wconf 65' lang='lat' dir='ltr'><strong>Malimi</strong></span> <span class='ocrx_word' id='word_1_545' title='bbox 2638 4329 3099 4405; x_wconf 79' lang='lat' dir='ltr'><strong>consentientibus</strong></span> <span class='ocrx_word' id='word_1_546' title='bbox 3146 4343 3273 4389; x_wconf 81' lang='lat' dir='ltr'><strong>mss.</strong></span> <span class='ocrx_word' id='word_1_547' title='bbox 3301 4342 3454 4397; x_wconf 62' lang='lat' dir='ltr'><strong>atque</strong></span> <span class='ocrx_word' id='word_1_548' title='bbox 3480 4344 3543 4385; x_wconf 87' lang='lat' dir='ltr'><strong>ac</strong></span> 
     </span>
    </p>
   </div>
   <div class='ocr_carea' id='block_1_80' title="bbox 277 4417 3540 4499">
    <p class='ocr_par' dir='ltr' id='par_1_80' title="bbox 277 4417 3540 4499">
     <span class='ocr_line' id='line_1_80' title="bbox 277 4417 3540 4499; baseline -0.004 -16"><span class='ocrx_word' id='word_1_549' title='bbox 277 4427 541 4487; x_wconf 83' lang='lat' dir='ltr'><strong>Maximus</strong></span> <span class='ocrx_word' id='word_1_550' title='bbox 568 4429 689 4485; x_wconf 87' lang='lat' dir='ltr'><strong>locu</strong></span> <span class='ocrx_word' id='word_1_551' title='bbox 714 4446 741 4481; x_wconf 75' lang='grc' dir='ltr'><strong>ιι</strong></span> <span class='ocrx_word' id='word_1_552' title='bbox 774 4428 991 4493; x_wconf 80' lang='lat' dir='ltr'><strong>invenit.</strong></span> <span class='ocrx_word' id='word_1_553' title='bbox 1045 4426 1254 4499; x_wconf 67' lang='lat' dir='ltr'><strong>Adiecit</strong></span> <span class='ocrx_word' id='word_1_554' title='bbox 1304 4428 1465 4483; x_wconf 85' lang='lat' dir='ltr'><strong>etiam</strong></span> <span class='ocrx_word' id='word_1_555' title='bbox 1497 4428 1671 4483; x_wconf 88' lang='lat' dir='ltr'><strong>editor</strong></span> <span class='ocrx_word' id='word_1_556' title='bbox 1710 4437 1858 4485; x_wconf 91' lang='lat' dir='ltr'><strong>tomo</strong></span> <span class='ocrx_word' id='word_1_557' title='bbox 1960 4422 2138 4490; x_wconf 88' lang='lat' dir='ltr'><strong>editis,</strong></span> <span class='ocrx_word' id='word_1_558' title='bbox 2184 4422 2312 4479; x_wconf 89' lang='lat' dir='ltr'><strong>olim</strong></span> <span class='ocrx_word' id='word_1_559' title='bbox 2360 4422 2423 4476; x_wconf 84' lang='lat' dir='ltr'><strong>de</strong></span> <span class='ocrx_word' id='word_1_560' title='bbox 2464 4420 2715 4493; x_wconf 81' lang='lat' dir='ltr'><strong>Tempore</strong></span> <span class='ocrx_word' id='word_1_561' title='bbox 2753 4419 2853 4489; x_wconf 87' lang='grc'><strong>57,</strong></span> <span class='ocrx_word' id='word_1_562' title='bbox 2882 4427 2937 4477; x_wconf 90' lang='lat' dir='ltr'><strong>et</strong></span> <span class='ocrx_word' id='word_1_563' title='bbox 2964 4427 3086 4492; x_wconf 90' lang='lat' dir='ltr'><strong>post</strong></span> <span class='ocrx_word' id='word_1_564' title='bbox 3112 4420 3164 4477; x_wconf 91' lang='lat' dir='ltr'><strong>in</strong></span> <span class='ocrx_word' id='word_1_565' title='bbox 3195 4434 3319 4490; x_wconf 89' lang='lat' dir='ltr'><strong>app.</strong></span> <span class='ocrx_word' id='word_1_566' title='bbox 3350 4418 3436 4475; x_wconf 73' lang='lat'><strong>29.</strong></span> <span class='ocrx_word' id='word_1_567' title='bbox 3478 4417 3540 4479; x_wconf 77' lang='lat'><strong>6°</strong></span> 
     </span>
    </p>
   </div>
   <div class='ocr_carea' id='block_1_81' title="bbox 279 4507 3546 4590">
    <p class='ocr_par' dir='ltr' id='par_1_81' title="bbox 279 4507 3546 4590">
     <span class='ocr_line' id='line_1_81' title="bbox 279 4507 3546 4590; baseline -0.004 -16"><span class='ocrx_word' id='word_1_568' title='bbox 279 4516 388 4585; x_wconf 85' lang='lat' dir='ltr'><strong>Vll,</strong></span> <span class='ocrx_word' id='word_1_569' title='bbox 417 4537 472 4590; x_wconf 93' lang='lat' dir='ltr'><strong>p.</strong></span> <span class='ocrx_word' id='word_1_570' title='bbox 502 4518 590 4585; x_wconf 72' lang='grc'><strong>15,</strong></span> <span class='ocrx_word' id='word_1_571' title='bbox 626 4534 825 4583; x_wconf 72' lang='lat' dir='ltr'><strong>xovum</strong></span> <span class='ocrx_word' id='word_1_572' title='bbox 853 4518 923 4575; x_wconf 82' lang='lat' dir='ltr'><strong>ad</strong></span> <span class='ocrx_word' id='word_1_573' title='bbox 944 4521 1134 4590; x_wconf 67' lang='lat' dir='ltr'><strong>festum</strong></span> <span class='ocrx_word' id='word_1_574' title='bbox 1162 4516 1470 4579; x_wconf 78' lang='lat' dir='ltr'><strong>Nativitatis</strong></span> <span class='ocrx_word' id='word_1_575' title='bbox 1500 4518 1559 4574; x_wconf 77' lang='lat'><strong>8.</strong></span> <span class='ocrx_word' id='word_1_576' title='bbox 1586 4520 1773 4579; x_wconf 71' lang='lat' dir='ltr'><strong>Mariae</strong></span> <span class='ocrx_word' id='word_1_577' title='bbox 1790 4535 1854 4581; x_wconf 75' lang='lat' dir='ltr'><strong>ex</strong></span> <span class='ocrx_word' id='word_1_578' title='bbox 1959 4512 2152 4579; x_wconf 81' lang='lat' dir='ltr'><strong>Sermo</strong></span> <span class='ocrx_word' id='word_1_579' title='bbox 2180 4512 2297 4569; x_wconf 71' lang='grc'><strong>⁹115</strong></span> <span class='ocrx_word' id='word_1_580' title='bbox 2326 4515 2379 4573; x_wconf 79' lang='lat' dir='ltr'><strong>in</strong></span> <span class='ocrx_word' id='word_1_581' title='bbox 2424 4511 2853 4585; x_wconf 75' lang='lat' dir='ltr'><strong>Quadragesima,</strong></span> <span class='ocrx_word' id='word_1_582' title='bbox 2902 4510 2991 4577; x_wconf 87' lang='lat' dir='ltr'><strong>Vl,</strong></span> <span class='ocrx_word' id='word_1_583' title='bbox 3033 4510 3166 4569; x_wconf 84' lang='lat' dir='ltr'><strong>alias</strong></span> <span class='ocrx_word' id='word_1_584' title='bbox 3205 4511 3268 4563; x_wconf 76' lang='lat' dir='ltr'><strong>de</strong></span> <span class='ocrx_word' id='word_1_585' title='bbox 3299 4507 3546 4575; x_wconf 78' lang='lat' dir='ltr'><strong>Tempore</strong></span> 
     </span>
    </p>
   </div>
   <div class='ocr_carea' id='block_1_82' title="bbox 274 4597 3541 4700">
    <p class='ocr_par' dir='ltr' id='par_1_82' title="bbox 274 4597 3541 4700">
     <span class='ocr_line' id='line_1_82' title="bbox 274 4597 3541 4700; baseline -0.005 -33"><span class='ocrx_word' id='word_1_586' title='bbox 274 4610 468 4682; x_wconf 78' lang='lat' dir='ltr'><strong>codice</strong></span> <span class='ocrx_word' id='word_1_587' title='bbox 494 4610 553 4667; x_wconf 91' lang='lat' dir='ltr'><strong>S.</strong></span> <span class='ocrx_word' id='word_1_588' title='bbox 584 4610 837 4669; x_wconf 87' lang='lat' dir='ltr'><strong>Germani</strong></span> <span class='ocrx_word' id='word_1_589' title='bbox 858 4608 1129 4671; x_wconf 79' lang='lat' dir='ltr'><strong>Pratensis</strong></span> <span class='ocrx_word' id='word_1_590' title='bbox 1151 4609 1305 4673; x_wconf 86' lang='lat' dir='ltr'><strong>titulo</strong></span> <span class='ocrx_word' id='word_1_591' title='bbox 1327 4609 1384 4665; x_wconf 84' lang='lat' dir='ltr'><strong>in</strong></span> <span class='ocrx_word' id='word_1_592' title='bbox 1402 4608 1513 4679; x_wconf 80' lang='lat' dir='ltr'><strong>ejus</strong></span> <span class='ocrx_word' id='word_1_593' title='bbox 1532 4609 1855 4679; x_wconf 75' lang='lat' dir='ltr'><strong>Assumptio-</strong></span> <span class='ocrx_word' id='word_1_594' title='bbox 1890 4640 1937 4700; x_wconf 62' lang='grc' dir='ltr'><strong>ι)</strong></span> <span class='ocrx_word' id='word_1_595' title='bbox 1961 4608 2051 4675; x_wconf 84' lang='grc'><strong>69,</strong></span> <span class='ocrx_word' id='word_1_596' title='bbox 2092 4622 2121 4661; x_wconf 88' lang='lat' dir='ltr'><strong>a</strong></span> <span class='ocrx_word' id='word_1_597' title='bbox 2166 4606 2592 4700; x_wconf 70' lang='lat' dir='ltr'><strong>Lovaniensibus</strong></span> <span class='ocrx_word' id='word_1_598' title='bbox 2630 4603 2844 4700; x_wconf 74' lang='lat' dir='ltr'><strong>dubius,</strong></span> <span class='ocrx_word' id='word_1_599' title='bbox 2875 4618 2923 4700; x_wconf 38' lang='lat' dir='ltr'><strong>.a</strong></span> <span class='ocrx_word' id='word_1_600' title='bbox 2944 4601 3162 4700; x_wconf 68' lang='lat' dir='ltr'><strong>Verlino</strong></span> <span class='ocrx_word' id='word_1_601' title='bbox 3192 4608 3247 4700; x_wconf 76' lang='lat' dir='ltr'><strong>et</strong></span> <span class='ocrx_word' id='word_1_602' title='bbox 3274 4597 3541 4700; x_wconf 53' lang='lat' dir='ltr'><strong>Vindingo</strong></span> 
     </span>
    </p>
   </div>
   <div class='ocr_carea' id='block_1_83' title="bbox 276 4687 3538 4782">
    <p class='ocr_par' dir='ltr' id='par_1_83' title="bbox 276 4687 3538 4782">
     <span class='ocr_line' id='line_1_83' title="bbox 276 4687 3538 4782; baseline -0.006 -16"><span class='ocrx_word' id='word_1_603' title='bbox 276 4721 419 4782; x_wconf 64' lang='lat' dir='ltr'><strong>nam,</strong></span> <span class='ocrx_word' id='word_1_604' title='bbox 448 4704 545 4765; x_wconf 84' lang='lat' dir='ltr'><strong>sed</strong></span> <span class='ocrx_word' id='word_1_605' title='bbox 572 4704 666 4782; x_wconf 77' lang='lat' dir='ltr'><strong>qui</strong></span> <span class='ocrx_word' id='word_1_606' title='bbox 703 4703 873 4777; x_wconf 69' lang='lat' dir='ltr'><strong>magis</strong></span> <span class='ocrx_word' id='word_1_607' title='bbox 912 4701 982 4767; x_wconf 80' lang='lat' dir='ltr'><strong>ad</strong></span> <span class='ocrx_word' id='word_1_608' title='bbox 1022 4701 1244 4773; x_wconf 71' lang='lat' dir='ltr'><strong>Festum</strong></span> <span class='ocrx_word' id='word_1_609' title='bbox 1269 4701 1703 4765; x_wconf 83' lang='lat' dir='ltr'><strong>Annuntiationis</strong></span> <span class='ocrx_word' id='word_1_610' title='bbox 1732 4717 1857 4773; x_wconf 89' lang='lat' dir='ltr'><strong>spe-</strong></span> <span class='ocrx_word' id='word_1_611' title='bbox 1891 4687 1932 4700; x_wconf 82' lang='grc'><em>”</em></span> <span class='ocrx_word' id='word_1_612' title='bbox 1962 4698 2125 4759; x_wconf 81' lang='lat' dir='ltr'><strong>falsus</strong></span> <span class='ocrx_word' id='word_1_613' title='bbox 2148 4697 2437 4766; x_wconf 85' lang='lat' dir='ltr'><strong>judicatus,</strong></span> <span class='ocrx_word' id='word_1_614' title='bbox 2489 4711 2520 4750; x_wconf 89' lang='lat' dir='ltr'><strong>a</strong></span> <span class='ocrx_word' id='word_1_615' title='bbox 2557 4693 2918 4753; x_wconf 85' lang='lat' dir='ltr'><strong>Benedictinis</strong></span> <span class='ocrx_word' id='word_1_616' title='bbox 2942 4690 3174 4765; x_wconf 86' lang='lat' dir='ltr'><strong>primum</strong></span> <span class='ocrx_word' id='word_1_617' title='bbox 3197 4690 3249 4747; x_wconf 90' lang='lat' dir='ltr'><strong>in</strong></span> <span class='ocrx_word' id='word_1_618' title='bbox 3279 4687 3538 4765; x_wconf 86' lang='lat' dir='ltr'><strong>appendi-</strong></span> 
     </span>
    </p>
   </div>
   <div class='ocr_carea' id='block_1_84' title="bbox 280 4782 3544 4861">
    <p class='ocr_par' dir='ltr' id='par_1_84' title="bbox 280 4782 3544 4861">
     <span class='ocr_line' id='line_1_84' title="bbox 280 4782 3544 4861; baseline -0.006 -4"><span class='ocrx_word' id='word_1_619' title='bbox 280 4806 406 4861; x_wconf 74' lang='lat' dir='ltr'><strong>ctat.</strong></span> <span class='ocrx_word' id='word_1_620' title='bbox 1962 4806 2078 4857; x_wconf 79' lang='lat' dir='ltr'><strong>cem</strong></span> <span class='ocrx_word' id='word_1_621' title='bbox 2106 4789 2341 4855; x_wconf 88' lang='lat' dir='ltr'><strong>relatus,</strong></span> <span class='ocrx_word' id='word_1_622' title='bbox 2387 4787 2480 4856; x_wconf 90' lang='lat' dir='ltr'><strong>qui</strong></span> <span class='ocrx_word' id='word_1_623' title='bbox 2529 4788 2583 4845; x_wconf 87' lang='lat' dir='ltr'><strong>in</strong></span> <span class='ocrx_word' id='word_1_624' title='bbox 2632 4784 2946 4855; x_wconf 66' lang='lat' dir='ltr'><strong>Remigiano</strong></span> <span class='ocrx_word' id='word_1_625' title='bbox 2989 4782 3177 4841; x_wconf 87' lang='lat' dir='ltr'><strong>codice</strong></span> <span class='ocrx_word' id='word_1_626' title='bbox 3206 4782 3422 4849; x_wconf 82' lang='lat' dir='ltr'><strong>Maximi</strong></span> <span class='ocrx_word' id='word_1_627' title='bbox 3452 4798 3544 4839; x_wconf 89' lang='lat' dir='ltr'><strong>no-</strong></span> 
     </span>
    </p>
   </div>
   <div class='ocr_carea' id='block_1_85' title="bbox 1964 4873 3537 4949">
    <p class='ocr_par' dir='ltr' id='par_1_85' title="bbox 1964 4873 3537 4949">
     <span class='ocr_line' id='line_1_85' title="bbox 1964 4873 3537 4949; baseline -0.004 -14"><span class='ocrx_word' id='word_1_628' title='bbox 1964 4896 2085 4941; x_wconf 81' lang='lat' dir='ltr'><strong>men</strong></span> <span class='ocrx_word' id='word_1_629' title='bbox 2114 4895 2238 4936; x_wconf 90' lang='lat' dir='ltr'><strong>eum</strong></span> <span class='ocrx_word' id='word_1_630' title='bbox 2267 4880 2517 4949; x_wconf 60' lang='lat' dir='ltr'><strong>praeferre</strong></span> <span class='ocrx_word' id='word_1_631' title='bbox 2542 4884 2824 4939; x_wconf 87' lang='lat' dir='ltr'><strong>testantur.</strong></span> <span class='ocrx_word' id='word_1_632' title='bbox 2876 4877 2932 4932; x_wconf 88' lang='lat'><strong>7°</strong></span> <span class='ocrx_word' id='word_1_633' title='bbox 2958 4878 3148 4939; x_wconf 85' lang='lat' dir='ltr'><strong>Sermo</strong></span> <span class='ocrx_word' id='word_1_634' title='bbox 3174 4875 3280 4937; x_wconf 68' lang='grc'><strong>152</strong></span> <span class='ocrx_word' id='word_1_635' title='bbox 3304 4875 3368 4933; x_wconf 85' lang='lat' dir='ltr'><strong>de</strong></span> <span class='ocrx_word' id='word_1_636' title='bbox 3396 4873 3537 4933; x_wconf 74' lang='lat' dir='ltr'><strong>Pas-</strong></span> 
     </span>
    </p>
   </div>
   <div class='ocr_carea' id='block_1_86' title="bbox 285 4969 3541 5061">
    <p class='ocr_par' dir='ltr' id='par_1_86' title="bbox 285 4969 3541 5061">
     <span class='ocr_line' id='line_1_86' title="bbox 285 4969 3541 5061; baseline -0.007 -16"><span class='ocrx_word' id='word_1_637' title='bbox 285 5038 295 5045; x_wconf 92' lang='lat'><strong>.</strong></span> <span class='ocrx_word' id='word_1_638' title='bbox 348 4983 607 5059; x_wconf 68' lang='lat' dir='ltr'><strong>Cygnem,</strong></span> <span class='ocrx_word' id='word_1_639' title='bbox 660 4983 800 5054; x_wconf 79' lang='lat' dir='ltr'><strong>typis</strong></span> <span class='ocrx_word' id='word_1_640' title='bbox 838 4990 894 5039; x_wconf 90' lang='lat' dir='ltr'><strong>et</strong></span> <span class='ocrx_word' id='word_1_641' title='bbox 920 4982 1175 5061; x_wconf 84' lang='lat' dir='ltr'><strong>sumptib.</strong></span> <span class='ocrx_word' id='word_1_642' title='bbox 1203 4978 1352 5041; x_wconf 79' lang='lat' dir='ltr'><strong>Sam.</strong></span> <span class='ocrx_word' id='word_1_643' title='bbox 1384 4976 1599 5045; x_wconf 87' lang='lat' dir='ltr'><strong>Ebelii.,</strong></span> <span class='ocrx_word' id='word_1_644' title='bbox 1632 4975 1767 5041; x_wconf 87' lang='lat' dir='ltr'><strong>in-8.</strong></span> <span class='ocrx_word' id='word_1_645' title='bbox 1798 4974 1856 5033; x_wconf 88' lang='lat' dir='ltr'><strong>S.</strong></span> <span class='ocrx_word' id='word_1_646' title='bbox 1959 4974 2104 5039; x_wconf 74' lang='lat' dir='ltr'><strong>sione</strong></span> <span class='ocrx_word' id='word_1_647' title='bbox 2148 4971 2380 5041; x_wconf 84' lang='lat' dir='ltr'><strong>Domini,</strong></span> <span class='ocrx_word' id='word_1_648' title='bbox 2427 4971 2517 5041; x_wconf 87' lang='lat' dir='ltr'><strong>Ill,</strong></span> <span class='ocrx_word' id='word_1_649' title='bbox 2568 4980 2622 5031; x_wconf 88' lang='lat' dir='ltr'><strong>et</strong></span> <span class='ocrx_word' id='word_1_650' title='bbox 2664 4970 2728 5027; x_wconf 79' lang='lat' dir='ltr'><strong>de</strong></span> <span class='ocrx_word' id='word_1_651' title='bbox 2762 4971 3028 5061; x_wconf 78' lang='lat' dir='ltr'><strong>Susanna,</strong></span> <span class='ocrx_word' id='word_1_652' title='bbox 3057 4969 3109 5027; x_wconf 90' lang='lat' dir='ltr'><strong>in</strong></span> <span class='ocrx_word' id='word_1_653' title='bbox 3133 4984 3268 5061; x_wconf 79' lang='lat' dir='ltr'><strong>mss.</strong></span> <span class='ocrx_word' id='word_1_654' title='bbox 3298 4983 3451 5061; x_wconf 63' lang='lat' dir='ltr'><strong>atque</strong></span> <span class='ocrx_word' id='word_1_655' title='bbox 3478 4982 3541 5023; x_wconf 89' lang='lat' dir='ltr'><strong>ac</strong></span> 
     </span>
    </p>
   </div>
   <div class='ocr_carea' id='block_1_87' title="bbox 284 5059 3539 5149">
    <p class='ocr_par' dir='ltr' id='par_1_87' title="bbox 284 5059 3539 5149">
     <span class='ocr_line' id='line_1_87' title="bbox 284 5059 3539 5149; baseline -0.007 -14"><span class='ocrx_word' id='word_1_656' title='bbox 284 5074 496 5135; x_wconf 77' lang='lat' dir='ltr'><strong>Maximi</strong></span> <span class='ocrx_word' id='word_1_657' title='bbox 528 5074 872 5139; x_wconf 82' lang='lat' dir='ltr'><strong>Taurinensis</strong></span> <span class='ocrx_word' id='word_1_658' title='bbox 896 5059 1134 5149; x_wconf 85' lang='lat' dir='ltr'><strong>episcopi</strong></span> <span class='ocrx_word' id='word_1_659' title='bbox 1172 5070 1404 5129; x_wconf 66' lang='lat' dir='ltr'><strong>homilia:</strong></span> <span class='ocrx_word' id='word_1_660' title='bbox 1433 5080 1543 5135; x_wconf 85' lang='lat' dir='ltr'><strong>tres</strong></span> <span class='ocrx_word' id='word_1_661' title='bbox 1569 5070 1624 5129; x_wconf 90' lang='lat' dir='ltr'><strong>in</strong></span> <span class='ocrx_word' id='word_1_662' title='bbox 1650 5067 1860 5125; x_wconf 86' lang='lat' dir='ltr'><strong>Solem-</strong></span> <span class='ocrx_word' id='word_1_663' title='bbox 1961 5062 2236 5136; x_wconf 85' lang='lat' dir='ltr'><strong>impressis</strong></span> <span class='ocrx_word' id='word_1_664' title='bbox 2264 5062 2494 5121; x_wconf 82' lang='lat' dir='ltr'><strong>Maximo</strong></span> <span class='ocrx_word' id='word_1_665' title='bbox 2524 5062 2754 5121; x_wconf 83' lang='lat' dir='ltr'><strong>tributus</strong></span> <span class='ocrx_word' id='word_1_666' title='bbox 2780 5069 2834 5117; x_wconf 91' lang='lat' dir='ltr'><strong>et</strong></span> <span class='ocrx_word' id='word_1_667' title='bbox 2869 5060 3089 5135; x_wconf 88' lang='lat' dir='ltr'><strong>quidem</strong></span> <span class='ocrx_word' id='word_1_668' title='bbox 3130 5060 3271 5123; x_wconf 85' lang='lat' dir='ltr'><strong>inter</strong></span> <span class='ocrx_word' id='word_1_669' title='bbox 3298 5061 3425 5149; x_wconf 66' lang='lat' dir='ltr'><strong>ejus</strong></span> <span class='ocrx_word' id='word_1_670' title='bbox 3442 5059 3539 5115; x_wconf 83' lang='lat' dir='ltr'><strong>bo-</strong></span> 
     </span>
    </p>
   </div>
   <div class='ocr_carea' id='block_1_88' title="bbox 282 5147 3539 5239">
    <p class='ocr_par' dir='ltr' id='par_1_88' title="bbox 282 5147 3539 5239">
     <span class='ocr_line' id='line_1_88' title="bbox 282 5147 3539 5239; baseline -0.007 -12"><span class='ocrx_word' id='word_1_671' title='bbox 282 5168 450 5239; x_wconf 68' lang='lat' dir='ltr'><strong>nitate</strong></span> <span class='ocrx_word' id='word_1_672' title='bbox 477 5166 775 5229; x_wconf 85' lang='lat' dir='ltr'><strong>nativitatis</strong></span> <span class='ocrx_word' id='word_1_673' title='bbox 799 5165 1011 5225; x_wconf 90' lang='lat' dir='ltr'><strong>Domini</strong></span> <span class='ocrx_word' id='word_1_674' title='bbox 1031 5147 1200 5223; x_wconf 85' lang='lat' dir='ltr'><strong>nostri</strong></span> <span class='ocrx_word' id='word_1_675' title='bbox 1222 5161 1350 5219; x_wconf 77' lang='lat' dir='ltr'><strong>Jesu</strong></span> <span class='ocrx_word' id='word_1_676' title='bbox 1368 5160 1568 5221; x_wconf 84' lang='lat' dir='ltr'><strong>Christi</strong></span> <span class='ocrx_word' id='word_1_677' title='bbox 1593 5178 1605 5214; x_wconf 92' lang='lat'>:</span> <span class='ocrx_word' id='word_1_678' title='bbox 1637 5161 1694 5217; x_wconf 90' lang='lat' dir='ltr'><strong>in</strong></span> <span class='ocrx_word' id='word_1_679' title='bbox 1717 5159 1862 5219; x_wconf 77' lang='lat' dir='ltr'><strong>divo.-</strong></span> <span class='ocrx_word' id='word_1_680' title='bbox 1961 5156 2134 5218; x_wconf 87' lang='lat' dir='ltr'><strong>milias</strong></span> <span class='ocrx_word' id='word_1_681' title='bbox 2154 5164 2277 5227; x_wconf 81' lang='lat' dir='ltr'><strong>post</strong></span> <span class='ocrx_word' id='word_1_682' title='bbox 2302 5155 2626 5215; x_wconf 87' lang='lat' dir='ltr'><strong>dominicam</strong></span> <span class='ocrx_word' id='word_1_683' title='bbox 2657 5155 2710 5211; x_wconf 90' lang='lat' dir='ltr'><strong>in</strong></span> <span class='ocrx_word' id='word_1_684' title='bbox 2730 5153 2911 5213; x_wconf 82' lang='lat' dir='ltr'><strong>Bamis</strong></span> <span class='ocrx_word' id='word_1_685' title='bbox 2936 5153 3273 5225; x_wconf 88' lang='lat' dir='ltr'><strong>prima,olim</strong></span> <span class='ocrx_word' id='word_1_686' title='bbox 3302 5150 3364 5209; x_wconf 71' lang='lat' dir='ltr'><strong>de</strong></span> <span class='ocrx_word' id='word_1_687' title='bbox 3390 5147 3539 5209; x_wconf 86' lang='lat' dir='ltr'><strong>Tem-</strong></span> 
     </span>
    </p>
   </div>
   <div class='ocr_carea' id='block_1_89' title="bbox 283 5240 3539 5333">
    <p class='ocr_par' dir='ltr' id='par_1_89' title="bbox 283 5240 3539 5333">
     <span class='ocr_line' id='line_1_89' title="bbox 283 5240 3539 5333; baseline -0.007 -15"><span class='ocrx_word' id='word_1_688' title='bbox 283 5274 401 5325; x_wconf 77' lang='lat' dir='ltr'><strong>rttm</strong></span> <span class='ocrx_word' id='word_1_689' title='bbox 427 5257 537 5317; x_wconf 85' lang='lat' dir='ltr'><strong>PP.</strong></span> <span class='ocrx_word' id='word_1_690' title='bbox 568 5264 919 5333; x_wconf 78' lang='lat' dir='ltr'><strong>veterumque</strong></span> <span class='ocrx_word' id='word_1_691' title='bbox 938 5254 1190 5333; x_wconf 73' lang='lat' dir='ltr'><strong>Ecclesia:</strong></span> <span class='ocrx_word' id='word_1_692' title='bbox 1208 5253 1491 5313; x_wconf 82' lang='lat' dir='ltr'><strong>doctorum</strong></span> <span class='ocrx_word' id='word_1_693' title='bbox 1519 5250 1741 5321; x_wconf 83' lang='lat' dir='ltr'><strong>aliquot.</strong></span> <span class='ocrx_word' id='word_1_694' title='bbox 1767 5248 1860 5319; x_wconf 88' lang='lat' dir='ltr'><strong>qui</strong></span> <span class='ocrx_word' id='word_1_695' title='bbox 1960 5267 2087 5323; x_wconf 86' lang='lat' dir='ltr'><strong>pore</strong></span> <span class='ocrx_word' id='word_1_696' title='bbox 2113 5248 2237 5320; x_wconf 88' lang='grc'><strong>118,</strong></span> <span class='ocrx_word' id='word_1_697' title='bbox 2279 5258 2334 5307; x_wconf 93' lang='lat' dir='ltr'><strong>et</strong></span> <span class='ocrx_word' id='word_1_698' title='bbox 2360 5257 2484 5321; x_wconf 91' lang='lat' dir='ltr'><strong>post</strong></span> <span class='ocrx_word' id='word_1_699' title='bbox 2526 5248 2579 5305; x_wconf 91' lang='lat' dir='ltr'><strong>in</strong></span> <span class='ocrx_word' id='word_1_700' title='bbox 2624 5246 2858 5318; x_wconf 85' lang='lat' dir='ltr'><strong>append.</strong></span> <span class='ocrx_word' id='word_1_701' title='bbox 2903 5245 2991 5301; x_wconf 68' lang='grc'><strong>44.</strong></span> <span class='ocrx_word' id='word_1_702' title='bbox 3045 5244 3107 5299; x_wconf 89' lang='lat'><strong>8°</strong></span> <span class='ocrx_word' id='word_1_703' title='bbox 3138 5243 3328 5309; x_wconf 83' lang='lat' dir='ltr'><strong>Sermo</strong></span> <span class='ocrx_word' id='word_1_704' title='bbox 3352 5240 3455 5301; x_wconf 82' lang='lat' dir='ltr'><strong>l85</strong></span> <span class='ocrx_word' id='word_1_705' title='bbox 3483 5243 3539 5294; x_wconf 81' lang='lat' dir='ltr'><strong>in</strong></span> 
     </span>
    </p>
   </div>
   <div class='ocr_carea' id='block_1_90' title="bbox 288 5328 3535 5423">
    <p class='ocr_par' dir='ltr' id='par_1_90' title="bbox 288 5328 3535 5423">
     <span class='ocr_line' id='line_1_90' title="bbox 288 5328 3535 5423; baseline -0.007 -15"><span class='ocrx_word' id='word_1_706' title='bbox 288 5352 533 5423; x_wconf 73' lang='lat' dir='ltr'><strong>oratione</strong></span> <span class='ocrx_word' id='word_1_707' title='bbox 570 5328 745 5415; x_wconf 79' lang='lat' dir='ltr'><strong>soluta</strong></span> <span class='ocrx_word' id='word_1_708' title='bbox 772 5328 1127 5421; x_wconf 78' lang='lat' dir='ltr'><strong>scripserunt,</strong></span> <span class='ocrx_word' id='word_1_709' title='bbox 1159 5346 1396 5405; x_wconf 89' lang='lat' dir='ltr'><strong>homiliis</strong></span> <span class='ocrx_word' id='word_1_710' title='bbox 1423 5351 1478 5401; x_wconf 90' lang='lat' dir='ltr'><strong>et</strong></span> <span class='ocrx_word' id='word_1_711' title='bbox 1503 5342 1771 5403; x_wconf 90' lang='lat' dir='ltr'><strong>meditatt.</strong></span> <span class='ocrx_word' id='word_1_712' title='bbox 1802 5342 1859 5401; x_wconf 90' lang='lat' dir='ltr'><strong>in</strong></span> <span class='ocrx_word' id='word_1_713' title='bbox 1963 5341 2287 5423; x_wconf 66' lang='lat' dir='ltr'><strong>Pentecoste,</strong></span> <span class='ocrx_word' id='word_1_714' title='bbox 2310 5339 2401 5411; x_wconf 78' lang='grc' dir='ltr'><strong>ιν,</strong></span> <span class='ocrx_word' id='word_1_715' title='bbox 2431 5341 2560 5396; x_wconf 87' lang='lat' dir='ltr'><strong>olim</strong></span> <span class='ocrx_word' id='word_1_716' title='bbox 2589 5340 2653 5397; x_wconf 82' lang='lat' dir='ltr'><strong>de</strong></span> <span class='ocrx_word' id='word_1_717' title='bbox 2674 5336 2922 5410; x_wconf 78' lang='lat' dir='ltr'><strong>Tempore</strong></span> <span class='ocrx_word' id='word_1_718' title='bbox 2950 5336 3076 5406; x_wconf 84' lang='grc'><strong>185,</strong></span> <span class='ocrx_word' id='word_1_719' title='bbox 3098 5343 3154 5393; x_wconf 88' lang='lat' dir='ltr'><strong>et</strong></span> <span class='ocrx_word' id='word_1_720' title='bbox 3180 5342 3300 5415; x_wconf 85' lang='lat' dir='ltr'><strong>post</strong></span> <span class='ocrx_word' id='word_1_721' title='bbox 3328 5333 3381 5415; x_wconf 85' lang='lat' dir='ltr'><strong>in</strong></span> <span class='ocrx_word' id='word_1_722' title='bbox 3409 5346 3535 5402; x_wconf 88' lang='lat' dir='ltr'><strong>app.</strong></span> 
     </span>
    </p>
   </div>
   <div class='ocr_carea' id='block_1_91' title="bbox 1961 5424 3545 5511">
    <p class='ocr_par' dir='ltr' id='par_1_91' title="bbox 1961 5424 3545 5511">
     <span class='ocr_line' id='line_1_91' title="bbox 1961 5424 3545 5511; baseline -0.001 -22"><span class='ocrx_word' id='word_1_723' title='bbox 1961 5433 2051 5511; x_wconf 75' lang='grc'><strong>60.</strong></span> <span class='ocrx_word' id='word_1_724' title='bbox 2080 5434 2141 5495; x_wconf 89' lang='lat' dir='ltr'><strong>In</strong></span> <span class='ocrx_word' id='word_1_725' title='bbox 2167 5432 2590 5495; x_wconf 84' lang='lat' dir='ltr'><strong>Theodoricensi</strong></span> <span class='ocrx_word' id='word_1_726' title='bbox 2611 5430 2797 5493; x_wconf 84' lang='lat' dir='ltr'><strong>codice</strong></span> <span class='ocrx_word' id='word_1_727' title='bbox 2810 5429 2945 5493; x_wconf 81' lang='lat' dir='ltr'><strong>falso</strong></span> <span class='ocrx_word' id='word_1_728' title='bbox 2974 5428 3259 5493; x_wconf 78' lang='lat' dir='ltr'><strong>Ambrosio</strong></span> <span class='ocrx_word' id='word_1_729' title='bbox 3289 5424 3545 5503; x_wconf 41' lang='lat' dir='ltr'><strong>tributus,</strong></span> 
     </span>
    </p>
   </div>
   <div class='ocr_carea' id='block_1_92' title="bbox 1962 5519 3539 5584">
    <p class='ocr_par' dir='ltr' id='par_1_92' title="bbox 1962 5519 3539 5584">
     <span class='ocr_line' id='line_1_92' title="bbox 1962 5519 3539 5584; baseline -0.011 0"><span class='ocrx_word' id='word_1_730' title='bbox 1962 5527 2060 5584; x_wconf 88' lang='lat' dir='ltr'><strong>sed</strong></span> <span class='ocrx_word' id='word_1_731' title='bbox 2086 5528 2141 5582; x_wconf 92' lang='lat' dir='ltr'><strong>in</strong></span> <span class='ocrx_word' id='word_1_732' title='bbox 2170 5528 2378 5584; x_wconf 65' lang='lat' dir='ltr'><strong>ueteris</strong></span> <span class='ocrx_word' id='word_1_733' title='bbox 2426 5542 2529 5582; x_wconf 88' lang='lat' dir='ltr'><strong>una</strong></span> <span class='ocrx_word' id='word_1_734' title='bbox 2571 5541 2692 5581; x_wconf 91' lang='lat' dir='ltr'><strong>cum</strong></span> <span class='ocrx_word' id='word_1_735' title='bbox 2739 5524 2858 5581; x_wconf 86' lang='lat' dir='ltr'><strong>aliis</strong></span> <span class='ocrx_word' id='word_1_736' title='bbox 2896 5523 3067 5579; x_wconf 90' lang='lat' dir='ltr'><strong>tribus</strong></span> <span class='ocrx_word' id='word_1_737' title='bbox 3095 5519 3312 5576; x_wconf 84' lang='lat' dir='ltr'><strong>Maximi</strong></span> <span class='ocrx_word' id='word_1_738' title='bbox 3340 5528 3539 5571; x_wconf 89' lang='lat' dir='ltr'><strong>nomen</strong></span> 
     </span>
    </p>
   </div>
   <div class='ocr_carea' id='block_1_93' title="bbox 290 5606 3539 5691">
    <p class='ocr_par' dir='ltr' id='par_1_93' title="bbox 290 5606 3539 5691">
     <span class='ocr_line' id='line_1_93' title="bbox 290 5606 3539 5691; baseline -0.005 -14"><span class='ocrx_word' id='word_1_739' title='bbox 290 5621 643 5689; x_wconf 76' lang='lat' dir='ltr'><strong>Coloniensis.</strong></span> <span class='ocrx_word' id='word_1_740' title='bbox 671 5622 811 5681; x_wconf 77' lang='lat' dir='ltr'><strong>Sunt</strong></span> <span class='ocrx_word' id='word_1_741' title='bbox 831 5609 872 5691; x_wconf 76' lang='grc'><strong>1,</strong></span> <span class='ocrx_word' id='word_1_742' title='bbox 902 5620 969 5688; x_wconf 83' lang='lat' dir='ltr'><strong>ll,</strong></span> <span class='ocrx_word' id='word_1_743' title='bbox 1000 5620 1087 5688; x_wconf 79' lang='lat' dir='ltr'><strong>Vl,</strong></span> <span class='ocrx_word' id='word_1_744' title='bbox 1112 5621 1245 5678; x_wconf 80' lang='lat' dir='ltr'><strong>alias</strong></span> <span class='ocrx_word' id='word_1_745' title='bbox 1271 5620 1361 5689; x_wconf 79' lang='lat' dir='ltr'><strong>IV,</strong></span> <span class='ocrx_word' id='word_1_746' title='bbox 1390 5621 1450 5687; x_wconf 79' lang='grc' dir='ltr'><strong>ν,</strong></span> <span class='ocrx_word' id='word_1_747' title='bbox 1482 5618 1575 5675; x_wconf 78' lang='lat' dir='ltr'><strong>IX.</strong></span> <span class='ocrx_word' id='word_1_748' title='bbox 1965 5628 2110 5678; x_wconf 83' lang='lat' dir='ltr'><strong>recte</strong></span> <span class='ocrx_word' id='word_1_749' title='bbox 2153 5621 2314 5691; x_wconf 75' lang='lat' dir='ltr'><strong>gerit.</strong></span> <span class='ocrx_word' id='word_1_750' title='bbox 2361 5618 2420 5674; x_wconf 83' lang='lat' dir='ltr'><strong>In</strong></span> <span class='ocrx_word' id='word_1_751' title='bbox 2466 5619 2641 5676; x_wconf 77' lang='lat' dir='ltr'><strong>classe</strong></span> <span class='ocrx_word' id='word_1_752' title='bbox 2680 5617 2838 5673; x_wconf 72' lang='lat' dir='ltr'><strong>tertia</strong></span> <span class='ocrx_word' id='word_1_753' title='bbox 2868 5617 2932 5671; x_wconf 78' lang='lat' dir='ltr'><strong>de</strong></span> <span class='ocrx_word' id='word_1_754' title='bbox 2953 5614 3208 5671; x_wconf 65' lang='lat' dir='ltr'><strong>Sanctia:</strong></span> <span class='ocrx_word' id='word_1_755' title='bbox 3256 5611 3321 5665; x_wconf 78' lang='lat'><strong>9°</strong></span> <span class='ocrx_word' id='word_1_756' title='bbox 3346 5606 3539 5663; x_wconf 79' lang='lat' dir='ltr'><strong>Sermo</strong></span> 
     </span>
    </p>
   </div>
   <div class='ocr_carea' id='block_1_94' title="bbox 296 5699 1860 5779">
    <p class='ocr_par' dir='ltr' id='par_1_94' title="bbox 296 5702 1161 5768">
     <span class='ocr_line' id='line_1_94' title="bbox 296 5702 1161 5768; baseline 0 -1"><span class='ocrx_word' id='word_1_757' title='bbox 296 5736 303 5743; x_wconf 62' lang='grc' dir='ltr'>ι</span> <span class='ocrx_word' id='word_1_758' title='bbox 862 5702 867 5711; x_wconf 72' lang='grc'><em>’</em></span> <span class='ocrx_word' id='word_1_759' title='bbox 1002 5712 1161 5768; x_wconf 83' lang='grc'><strong>1671.</strong></span> 
     </span>
    </p>
   </div>
   <div class='ocr_carea' id='block_1_95' title="bbox 1958 5699 3541 5779">
    <p class='ocr_par' dir='ltr' id='par_1_95' title="bbox 1971 5699 3541 5779">
     <span class='ocr_line' id='line_1_95' title="bbox 1971 5699 3541 5779; baseline -0.008 -12"><span class='ocrx_word' id='word_1_760' title='bbox 1971 5709 2071 5767; x_wconf 61' lang='grc'><strong>199</strong></span> <span class='ocrx_word' id='word_1_761' title='bbox 2095 5714 2151 5767; x_wconf 80' lang='lat' dir='ltr'><strong>in</strong></span> <span class='ocrx_word' id='word_1_762' title='bbox 2188 5711 2437 5766; x_wconf 80' lang='lat' dir='ltr'><strong>cathedra</strong></span> <span class='ocrx_word' id='word_1_763' title='bbox 2483 5711 2544 5766; x_wconf 88' lang='lat' dir='ltr'><strong>S.</strong></span> <span class='ocrx_word' id='word_1_764' title='bbox 2586 5709 2753 5779; x_wconf 85' lang='lat' dir='ltr'><strong>Petri,</strong></span> <span class='ocrx_word' id='word_1_765' title='bbox 2800 5705 2889 5777; x_wconf 83' lang='lat' dir='ltr'><strong>Ill,</strong></span> <span class='ocrx_word' id='word_1_766' title='bbox 2917 5706 3050 5761; x_wconf 85' lang='lat' dir='ltr'><strong>alias</strong></span> <span class='ocrx_word' id='word_1_767' title='bbox 3078 5705 3142 5757; x_wconf 84' lang='lat' dir='ltr'><strong>de</strong></span> <span class='ocrx_word' id='word_1_768' title='bbox 3165 5702 3375 5768; x_wconf 74' lang='lat' dir='ltr'><strong>Sanctis</strong></span> <span class='ocrx_word' id='word_1_769' title='bbox 3400 5699 3485 5766; x_wconf 85' lang='grc'><strong>16,</strong></span> <span class='ocrx_word' id='word_1_770' title='bbox 3506 5715 3541 5755; x_wconf 85' lang='lat' dir='ltr'><strong>a</strong></span> 
     </span>
    </p>
   </div>
   <div class='ocr_carea' id='block_1_96' title="bbox 365 5788 3540 5882">
    <p class='ocr_par' dir='ltr' id='par_1_96' title="bbox 365 5788 3540 5882">
     <span class='ocr_line' id='line_1_96' title="bbox 365 5788 3540 5882; baseline -0.004 -19"><span class='ocrx_word' id='word_1_771' title='bbox 365 5808 604 5879; x_wconf 86' lang='lat' dir='ltr'><strong>Parisiis,</strong></span> <span class='ocrx_word' id='word_1_772' title='bbox 630 5818 828 5882; x_wconf 86' lang='lat' dir='ltr'><strong>sumpt.</strong></span> <span class='ocrx_word' id='word_1_773' title='bbox 861 5808 1005 5867; x_wconf 87' lang='lat' dir='ltr'><strong>Petri</strong></span> <span class='ocrx_word' id='word_1_774' title='bbox 1033 5808 1308 5865; x_wconf 81' lang='lat' dir='ltr'><strong>Variauet.</strong></span> <span class='ocrx_word' id='word_1_775' title='bbox 1344 5803 1520 5863; x_wconf 67' lang='lat' dir='ltr'><strong>inifol.</strong></span> <span class='ocrx_word' id='word_1_776' title='bbox 1553 5805 1609 5862; x_wconf 88' lang='lat' dir='ltr'><strong>S.</strong></span> <span class='ocrx_word' id='word_1_777' title='bbox 1642 5804 1867 5862; x_wconf 84' lang='lat' dir='ltr'><strong>Maximi</strong></span> <span class='ocrx_word' id='word_1_778' title='bbox 1967 5795 2170 5862; x_wconf 84' lang='lat' dir='ltr'><strong>Lovan.</strong></span> <span class='ocrx_word' id='word_1_779' title='bbox 2204 5804 2344 5862; x_wconf 87' lang='lat' dir='ltr'><strong>inter</strong></span> <span class='ocrx_word' id='word_1_780' title='bbox 2370 5801 2561 5860; x_wconf 87' lang='lat' dir='ltr'><strong>dubios</strong></span> <span class='ocrx_word' id='word_1_781' title='bbox 2592 5802 2839 5873; x_wconf 82' lang='lat' dir='ltr'><strong>relictus,</strong></span> <span class='ocrx_word' id='word_1_782' title='bbox 2890 5814 2921 5857; x_wconf 85' lang='lat' dir='ltr'><strong>a</strong></span> <span class='ocrx_word' id='word_1_783' title='bbox 2950 5794 3168 5869; x_wconf 68' lang='lat' dir='ltr'><strong>Ver-lino</strong></span> <span class='ocrx_word' id='word_1_784' title='bbox 3197 5802 3253 5853; x_wconf 85' lang='lat' dir='ltr'><strong>et</strong></span> <span class='ocrx_word' id='word_1_785' title='bbox 3276 5788 3540 5873; x_wconf 70' lang='lat' dir='ltr'><strong>Vindingo</strong></span> 
     </span>
    </p>
   </div>
   <div class='ocr_carea' id='block_1_97' title="bbox 994 4888 1149 4951">
    <p class='ocr_par' dir='ltr' id='par_1_97' title="bbox 994 4888 1149 4951">
     <span class='ocr_line' id='line_1_97' title="bbox 994 4888 1149 4951; baseline -0.039 0"><span class='ocrx_word' id='word_1_786' title='bbox 994 4888 1149 4951; x_wconf 78' lang='grc'><strong>1670.</strong></span> 
     </span>
    </p>
   </div>
   <div class='ocr_carea' id='block_1_98' title="bbox 286 5432 1856 5515">
    <p class='ocr_par' dir='ltr' id='par_1_98' title="bbox 286 5432 1856 5515">
     <span class='ocr_line' id='line_1_98' title="bbox 286 5432 1856 5515; baseline -0.006 -18"><span class='ocrx_word' id='word_1_787' title='bbox 286 5440 476 5515; x_wconf 69' lang='lat' dir='ltr'><strong>testam</strong></span> <span class='ocrx_word' id='word_1_788' title='bbox 506 5438 682 5511; x_wconf 59' lang='grc' dir='ltr'><strong>Νέων,</strong></span> <span class='ocrx_word' id='word_1_789' title='bbox 714 5437 763 5494; x_wconf 84' lang='lat' dir='ltr'><strong>J.</strong></span> <span class='ocrx_word' id='word_1_790' title='bbox 796 5437 922 5499; x_wconf 80' lang='lat' dir='ltr'><strong>Chr.</strong></span> <span class='ocrx_word' id='word_1_791' title='bbox 952 5437 1190 5497; x_wconf 85' lang='lat' dir='ltr'><strong>collectis</strong></span> <span class='ocrx_word' id='word_1_792' title='bbox 1219 5452 1252 5493; x_wconf 87' lang='lat' dir='ltr'><strong>a</strong></span> <span class='ocrx_word' id='word_1_793' title='bbox 1277 5434 1582 5495; x_wconf 82' lang='lat' dir='ltr'><strong>Christiano</strong></span> <span class='ocrx_word' id='word_1_794' title='bbox 1607 5432 1856 5515; x_wconf 78' lang='lat' dir='ltr'><strong>Daumio,</strong></span> 
     </span>
    </p>
   </div>
   <div class='ocr_carea' id='block_1_99' title="bbox 291 5524 1852 5602">
    <p class='ocr_par' dir='ltr' id='par_1_99' title="bbox 291 5524 1852 5602">
     <span class='ocr_line' id='line_1_99' title="bbox 291 5524 1852 5602; baseline -0.004 -18"><span class='ocrx_word' id='word_1_795' title='bbox 291 5547 377 5602; x_wconf 88' lang='lat' dir='ltr'><strong>pp.</strong></span> <span class='ocrx_word' id='word_1_796' title='bbox 416 5530 647 5599; x_wconf 68' lang='lat'><strong>121-27.</strong></span> <span class='ocrx_word' id='word_1_797' title='bbox 699 5529 952 5600; x_wconf 85' lang='lat' dir='ltr'><strong>Sequitur</strong></span> <span class='ocrx_word' id='word_1_798' title='bbox 973 5568 985 5578; x_wconf 95' lang='lat'><strong>.</strong></span> <span class='ocrx_word' id='word_1_799' title='bbox 1011 5528 1303 5584; x_wconf 87' lang='lat' dir='ltr'><strong>editionem</strong></span> <span class='ocrx_word' id='word_1_800' title='bbox 1361 5526 1705 5583; x_wconf 69' lang='lat' dir='ltr'><strong>Bibliotheca:</strong></span> <span class='ocrx_word' id='word_1_801' title='bbox 1751 5524 1852 5579; x_wconf 86' lang='lat' dir='ltr'><strong>PP.</strong></span> 
     </span>
    </p>
   </div>
  </div>
