  <div class='ocr_page' id='page_1' title='image "/cluster/home/n/w/nwhite01/storage/ocr_20150623/57/hvd.32044015471618/101.png"; bbox 0 0 4040 6324; ppageno 0'>
   <div class='ocr_carea' id='block_1_1' title="bbox 443 359 540 419">
    <p class='ocr_par' dir='ltr' id='par_1_1' title="bbox 443 359 540 419">
     <span class='ocr_line' id='line_1_1' title="bbox 443 359 540 419; baseline -0.01 0"><span class='ocrx_word' id='word_1_1' title='bbox 443 359 540 419; x_wconf 74' lang='grc'><strong>191</strong></span> 
     </span>
    </p>
   </div>
   <div class='ocr_carea' id='block_1_2' title="bbox 441 555 2025 635">
    <p class='ocr_par' dir='ltr' id='par_1_2' title="bbox 441 555 2025 635">
     <span class='ocr_line' id='line_1_2' title="bbox 441 555 2025 635; baseline -0.004 -14"><span class='ocrx_word' id='word_1_2' title='bbox 441 565 605 635; x_wconf 87' lang='lat' dir='ltr'><strong>latus,</strong></span> <span class='ocrx_word' id='word_1_3' title='bbox 634 580 862 621; x_wconf 89' lang='lat' dir='ltr'><strong>excusus</strong></span> <span class='ocrx_word' id='word_1_4' title='bbox 889 563 1050 619; x_wconf 91' lang='lat' dir='ltr'><strong>etiam</strong></span> <span class='ocrx_word' id='word_1_5' title='bbox 1071 562 1212 617; x_wconf 91' lang='lat' dir='ltr'><strong>inter</strong></span> <span class='ocrx_word' id='word_1_6' title='bbox 1238 560 1506 618; x_wconf 82' lang='lat' dir='ltr'><strong>Ambrosii</strong></span> <span class='ocrx_word' id='word_1_7' title='bbox 1537 568 1591 617; x_wconf 90' lang='lat' dir='ltr'><strong>et</strong></span> <span class='ocrx_word' id='word_1_8' title='bbox 1620 562 1783 632; x_wconf 86' lang='lat' dir='ltr'><strong>ipsius</strong></span> <span class='ocrx_word' id='word_1_9' title='bbox 1812 555 2025 615; x_wconf 77' lang='lat' dir='ltr'><strong>Maximi</strong></span> 
     </span>
    </p>
   </div>
   <div class='ocr_carea' id='block_1_3' title="bbox 441 650 2028 715">
    <p class='ocr_par' dir='ltr' id='par_1_3' title="bbox 441 650 2028 715">
     <span class='ocr_line' id='line_1_3' title="bbox 441 650 2028 715; baseline -0.006 0"><span class='ocrx_word' id='word_1_10' title='bbox 441 673 716 715; x_wconf 82' lang='lat' dir='ltr'><strong>sermones</strong></span> <span class='ocrx_word' id='word_1_11' title='bbox 760 663 970 713; x_wconf 89' lang='lat' dir='ltr'><strong>mutato</strong></span> <span class='ocrx_word' id='word_1_12' title='bbox 1017 654 1278 711; x_wconf 90' lang='lat' dir='ltr'><strong>duntaxat</strong></span> <span class='ocrx_word' id='word_1_13' title='bbox 1324 655 1495 711; x_wconf 90' lang='lat' dir='ltr'><strong>initio.</strong></span> <span class='ocrx_word' id='word_1_14' title='bbox 1549 654 1641 709; x_wconf 88' lang='lat'><strong>10°</strong></span> <span class='ocrx_word' id='word_1_15' title='bbox 1687 653 1876 709; x_wconf 90' lang='lat' dir='ltr'><strong>Sermo</strong></span> <span class='ocrx_word' id='word_1_16' title='bbox 1922 650 2028 714; x_wconf 69' lang='lat'><strong>202</strong></span> 
     </span>
    </p>
   </div>
   <div class='ocr_carea' id='block_1_4' title="bbox 440 744 2027 819">
    <p class='ocr_par' dir='ltr' id='par_1_4' title="bbox 440 744 2027 819">
     <span class='ocr_line' id='line_1_4' title="bbox 440 744 2027 819; baseline -0.004 -14"><span class='ocrx_word' id='word_1_17' title='bbox 440 749 494 805; x_wconf 88' lang='lat' dir='ltr'><strong>in</strong></span> <span class='ocrx_word' id='word_1_18' title='bbox 541 746 728 805; x_wconf 77' lang='lat' dir='ltr'><strong>Natali</strong></span> <span class='ocrx_word' id='word_1_19' title='bbox 774 747 1128 819; x_wconf 83' lang='lat' dir='ltr'><strong>apostolorum</strong></span> <span class='ocrx_word' id='word_1_20' title='bbox 1175 746 1324 802; x_wconf 83' lang='lat' dir='ltr'><strong>Petri</strong></span> <span class='ocrx_word' id='word_1_21' title='bbox 1366 757 1415 802; x_wconf 90' lang='lat' dir='ltr'><strong>et</strong></span> <span class='ocrx_word' id='word_1_22' title='bbox 1460 746 1641 815; x_wconf 83' lang='lat' dir='ltr'><strong>Pauli,</strong></span> <span class='ocrx_word' id='word_1_23' title='bbox 1691 745 1756 813; x_wconf 92' lang='lat' dir='ltr'><strong>ll,</strong></span> <span class='ocrx_word' id='word_1_24' title='bbox 1807 744 1933 800; x_wconf 91' lang='lat' dir='ltr'><strong>olim</strong></span> <span class='ocrx_word' id='word_1_25' title='bbox 1962 744 2027 799; x_wconf 86' lang='lat' dir='ltr'><strong>de</strong></span> 
     </span>
    </p>
   </div>
   <div class='ocr_carea' id='block_1_5' title="bbox 442 837 2024 912">
    <p class='ocr_par' dir='ltr' id='par_1_5' title="bbox 442 837 2024 912">
     <span class='ocr_line' id='line_1_5' title="bbox 442 837 2024 912; baseline -0.001 -16"><span class='ocrx_word' id='word_1_26' title='bbox 442 839 652 896; x_wconf 85' lang='lat' dir='ltr'><strong>Sanctis</strong></span> <span class='ocrx_word' id='word_1_27' title='bbox 679 838 771 909; x_wconf 78' lang='lat'><strong>27,</strong></span> <span class='ocrx_word' id='word_1_28' title='bbox 800 848 856 896; x_wconf 90' lang='lat' dir='ltr'><strong>et</strong></span> <span class='ocrx_word' id='word_1_29' title='bbox 881 848 1006 912; x_wconf 90' lang='lat' dir='ltr'><strong>post</strong></span> <span class='ocrx_word' id='word_1_30' title='bbox 1032 840 1086 896; x_wconf 91' lang='lat' dir='ltr'><strong>in</strong></span> <span class='ocrx_word' id='word_1_31' title='bbox 1112 856 1235 912; x_wconf 91' lang='lat' dir='ltr'><strong>app.</strong></span> <span class='ocrx_word' id='word_1_32' title='bbox 1289 839 1359 896; x_wconf 88' lang='lat'><strong>79</strong></span> <span class='ocrx_word' id='word_1_33' title='bbox 1379 879 1393 905; x_wconf 95' lang='lat'><strong>,</strong></span> <span class='ocrx_word' id='word_1_34' title='bbox 1427 840 1481 895; x_wconf 90' lang='lat' dir='ltr'><strong>in</strong></span> <span class='ocrx_word' id='word_1_35' title='bbox 1509 839 1720 895; x_wconf 79' lang='lat' dir='ltr'><strong>excusis</strong></span> <span class='ocrx_word' id='word_1_36' title='bbox 1751 840 1912 893; x_wconf 89' lang='lat' dir='ltr'><strong>etiam</strong></span> <span class='ocrx_word' id='word_1_37' title='bbox 1940 837 2024 894; x_wconf 85' lang='lat' dir='ltr'><strong>in-</strong></span> 
     </span>
    </p>
   </div>
   <div class='ocr_carea' id='block_1_6' title="bbox 440 929 2026 1005">
    <p class='ocr_par' dir='ltr' id='par_1_6' title="bbox 440 929 2026 1005">
     <span class='ocr_line' id='line_1_6' title="bbox 440 929 2026 1005; baseline -0.002 -18"><span class='ocrx_word' id='word_1_38' title='bbox 440 938 525 988; x_wconf 89' lang='lat' dir='ltr'><strong>ter</strong></span> <span class='ocrx_word' id='word_1_39' title='bbox 567 930 952 988; x_wconf 87' lang='lat' dir='ltr'><strong>Ambrosianos</strong></span> <span class='ocrx_word' id='word_1_40' title='bbox 1000 940 1057 988; x_wconf 90' lang='lat' dir='ltr'><strong>et</strong></span> <span class='ocrx_word' id='word_1_41' title='bbox 1100 931 1454 987; x_wconf 88' lang='lat' dir='ltr'><strong>Maximianos</strong></span> <span class='ocrx_word' id='word_1_42' title='bbox 1500 931 1678 1005; x_wconf 77' lang='lat' dir='ltr'><strong>locum</strong></span> <span class='ocrx_word' id='word_1_43' title='bbox 1716 930 1941 998; x_wconf 87' lang='lat' dir='ltr'><strong>habens,</strong></span> <span class='ocrx_word' id='word_1_44' title='bbox 1972 929 2026 983; x_wconf 92' lang='lat' dir='ltr'><strong>in</strong></span> 
     </span>
    </p>
   </div>
   <div class='ocr_carea' id='block_1_7' title="bbox 441 1022 2028 1097">
    <p class='ocr_par' dir='ltr' id='par_1_7' title="bbox 441 1022 2028 1097">
     <span class='ocr_line' id='line_1_7' title="bbox 441 1022 2028 1097; baseline -0.003 -16"><span class='ocrx_word' id='word_1_45' title='bbox 441 1040 571 1081; x_wconf 89' lang='lat' dir='ltr'><strong>mss.</strong></span> <span class='ocrx_word' id='word_1_46' title='bbox 597 1026 792 1097; x_wconf 77' lang='lat' dir='ltr'><strong>partim</strong></span> <span class='ocrx_word' id='word_1_47' title='bbox 826 1024 1157 1097; x_wconf 78' lang='lat' dir='ltr'><strong>Augustino,</strong></span> <span class='ocrx_word' id='word_1_48' title='bbox 1203 1027 1399 1096; x_wconf 87' lang='lat' dir='ltr'><strong>partim</strong></span> <span class='ocrx_word' id='word_1_49' title='bbox 1438 1025 1754 1090; x_wconf 86' lang='lat' dir='ltr'><strong>Ambrosio,</strong></span> <span class='ocrx_word' id='word_1_50' title='bbox 1787 1022 1884 1079; x_wconf 91' lang='lat' dir='ltr'><strong>sed</strong></span> <span class='ocrx_word' id='word_1_51' title='bbox 1912 1024 2028 1095; x_wconf 89' lang='lat' dir='ltr'><strong>ple-</strong></span> 
     </span>
    </p>
   </div>
   <div class='ocr_carea' id='block_1_8' title="bbox 439 1117 2026 1192">
    <p class='ocr_par' dir='ltr' id='par_1_8' title="bbox 439 1117 2026 1192">
     <span class='ocr_line' id='line_1_8' title="bbox 439 1117 2026 1192; baseline -0.003 -15"><span class='ocrx_word' id='word_1_52' title='bbox 439 1135 669 1192; x_wconf 85' lang='lat' dir='ltr'><strong>rumque</strong></span> <span class='ocrx_word' id='word_1_53' title='bbox 697 1119 932 1176; x_wconf 87' lang='lat' dir='ltr'><strong>Maximo</strong></span> <span class='ocrx_word' id='word_1_54' title='bbox 979 1122 1312 1190; x_wconf 88' lang='lat' dir='ltr'><strong>assignatus,</strong></span> <span class='ocrx_word' id='word_1_55' title='bbox 1361 1119 1512 1190; x_wconf 86' lang='lat' dir='ltr'><strong>cujus</strong></span> <span class='ocrx_word' id='word_1_56' title='bbox 1544 1119 1762 1175; x_wconf 87' lang='lat' dir='ltr'><strong>nomine</strong></span> <span class='ocrx_word' id='word_1_57' title='bbox 1788 1118 1949 1173; x_wconf 90' lang='lat' dir='ltr'><strong>etiam</strong></span> <span class='ocrx_word' id='word_1_58' title='bbox 1972 1117 2026 1172; x_wconf 91' lang='lat' dir='ltr'><strong>in</strong></span> 
     </span>
    </p>
   </div>
   <div class='ocr_carea' id='block_1_9' title="bbox 441 1208 2029 1283">
    <p class='ocr_par' dir='ltr' id='par_1_9' title="bbox 441 1208 2029 1283">
     <span class='ocr_line' id='line_1_9' title="bbox 441 1208 2029 1283; baseline -0.002 -16"><span class='ocrx_word' id='word_1_59' title='bbox 441 1211 716 1269; x_wconf 79' lang='lat' dir='ltr'><strong>Breviario</strong></span> <span class='ocrx_word' id='word_1_60' title='bbox 746 1212 993 1269; x_wconf 84' lang='lat' dir='ltr'><strong>Romano</strong></span> <span class='ocrx_word' id='word_1_61' title='bbox 1019 1211 1105 1268; x_wconf 91' lang='lat' dir='ltr'><strong>die</strong></span> <span class='ocrx_word' id='word_1_62' title='bbox 1135 1212 1169 1267; x_wconf 80' lang='lat'><strong>5</strong></span> <span class='ocrx_word' id='word_1_63' title='bbox 1207 1210 1331 1267; x_wconf 80' lang='lat' dir='ltr'><strong>Julii</strong></span> <span class='ocrx_word' id='word_1_64' title='bbox 1381 1227 1503 1267; x_wconf 91' lang='lat' dir='ltr'><strong>eum</strong></span> <span class='ocrx_word' id='word_1_65' title='bbox 1546 1210 1769 1283; x_wconf 88' lang='lat' dir='ltr'><strong>reperiri</strong></span> <span class='ocrx_word' id='word_1_66' title='bbox 1797 1208 2029 1265; x_wconf 90' lang='lat' dir='ltr'><strong>Benedi-</strong></span> 
     </span>
    </p>
   </div>
   <div class='ocr_carea' id='block_1_10' title="bbox 440 1299 2028 1360">
    <p class='ocr_par' dir='ltr' id='par_1_10' title="bbox 440 1299 2028 1360">
     <span class='ocr_line' id='line_1_10' title="bbox 440 1299 2028 1360; baseline -0.004 0"><span class='ocrx_word' id='word_1_67' title='bbox 440 1305 572 1360; x_wconf 90' lang='lat' dir='ltr'><strong>ctini</strong></span> <span class='ocrx_word' id='word_1_68' title='bbox 604 1312 844 1360; x_wconf 90' lang='lat' dir='ltr'><strong>monent.</strong></span> <span class='ocrx_word' id='word_1_69' title='bbox 889 1303 986 1360; x_wconf 81' lang='lat'><strong>11°</strong></span> <span class='ocrx_word' id='word_1_70' title='bbox 1019 1303 1208 1360; x_wconf 88' lang='lat' dir='ltr'><strong>Sermo</strong></span> <span class='ocrx_word' id='word_1_71' title='bbox 1238 1304 1338 1359; x_wconf 74' lang='lat'><strong>207</strong></span> <span class='ocrx_word' id='word_1_72' title='bbox 1374 1305 1428 1358; x_wconf 89' lang='lat' dir='ltr'><strong>in</strong></span> <span class='ocrx_word' id='word_1_73' title='bbox 1468 1302 1652 1357; x_wconf 80' lang='lat' dir='ltr'><strong>Natali</strong></span> <span class='ocrx_word' id='word_1_74' title='bbox 1693 1303 1859 1357; x_wconf 80' lang='lat' dir='ltr'><strong>sancti</strong></span> <span class='ocrx_word' id='word_1_75' title='bbox 1888 1299 2028 1355; x_wconf 89' lang='lat' dir='ltr'><strong>Lou-</strong></span> 
     </span>
    </p>
   </div>
   <div class='ocr_carea' id='block_1_11' title="bbox 440 1392 2029 1473">
    <p class='ocr_par' dir='ltr' id='par_1_11' title="bbox 440 1392 2029 1473">
     <span class='ocr_line' id='line_1_11' title="bbox 440 1392 2029 1473; baseline -0.002 -23"><span class='ocrx_word' id='word_1_76' title='bbox 440 1397 612 1473; x_wconf 84' lang='lat' dir='ltr'><strong>rentii,</strong></span> <span class='ocrx_word' id='word_1_77' title='bbox 635 1395 701 1464; x_wconf 86' lang='lat' dir='ltr'><strong>ll,</strong></span> <span class='ocrx_word' id='word_1_78' title='bbox 734 1396 867 1451; x_wconf 90' lang='lat' dir='ltr'><strong>alias</strong></span> <span class='ocrx_word' id='word_1_79' title='bbox 897 1397 960 1451; x_wconf 89' lang='lat' dir='ltr'><strong>de</strong></span> <span class='ocrx_word' id='word_1_80' title='bbox 990 1396 1201 1452; x_wconf 81' lang='lat' dir='ltr'><strong>Sanctis</strong></span> <span class='ocrx_word' id='word_1_81' title='bbox 1221 1394 1312 1462; x_wconf 74' lang='lat'><strong>52,</strong></span> <span class='ocrx_word' id='word_1_82' title='bbox 1344 1411 1373 1450; x_wconf 91' lang='lat' dir='ltr'><strong>a</strong></span> <span class='ocrx_word' id='word_1_83' title='bbox 1396 1395 1631 1450; x_wconf 87' lang='lat' dir='ltr'><strong>Benedd.</strong></span> <span class='ocrx_word' id='word_1_84' title='bbox 1656 1394 1910 1465; x_wconf 91' lang='lat' dir='ltr'><strong>primum,</strong></span> <span class='ocrx_word' id='word_1_85' title='bbox 1934 1392 2029 1448; x_wconf 88' lang='lat' dir='ltr'><strong>sed</strong></span> 
     </span>
    </p>
   </div>
   <div class='ocr_carea' id='block_1_12' title="bbox 440 1488 2028 1560">
    <p class='ocr_par' dir='ltr' id='par_1_12' title="bbox 440 1488 2028 1560">
     <span class='ocr_line' id='line_1_12' title="bbox 440 1488 2028 1560; baseline -0.003 -16"><span class='ocrx_word' id='word_1_86' title='bbox 440 1504 509 1545; x_wconf 87' lang='lat' dir='ltr'><strong>ex</strong></span> <span class='ocrx_word' id='word_1_87' title='bbox 528 1496 682 1560; x_wconf 90' lang='lat' dir='ltr'><strong>parte</strong></span> <span class='ocrx_word' id='word_1_88' title='bbox 710 1488 998 1559; x_wconf 86' lang='lat' dir='ltr'><strong>posteriori</strong></span> <span class='ocrx_word' id='word_1_89' title='bbox 1024 1488 1307 1555; x_wconf 79' lang='lat' dir='ltr'><strong>duntaxat,</strong></span> <span class='ocrx_word' id='word_1_90' title='bbox 1339 1488 1389 1543; x_wconf 92' lang='lat' dir='ltr'><strong>in</strong></span> <span class='ocrx_word' id='word_1_91' title='bbox 1421 1503 1545 1559; x_wconf 89' lang='lat' dir='ltr'><strong>app.</strong></span> <span class='ocrx_word' id='word_1_92' title='bbox 1578 1488 1779 1542; x_wconf 89' lang='lat' dir='ltr'><strong>relatus</strong></span> <span class='ocrx_word' id='word_1_93' title='bbox 1798 1529 1813 1555; x_wconf 93' lang='lat'><strong>,</strong></span> <span class='ocrx_word' id='word_1_94' title='bbox 1844 1501 1876 1540; x_wconf 88' lang='lat' dir='ltr'><strong>a</strong></span> <span class='ocrx_word' id='word_1_95' title='bbox 1904 1500 2028 1541; x_wconf 85' lang='lat' dir='ltr'><strong>ver-</strong></span> 
     </span>
    </p>
   </div>
   <div class='ocr_carea' id='block_1_13' title="bbox 440 1578 2031 1651">
    <p class='ocr_par' dir='ltr' id='par_1_13' title="bbox 440 1578 2031 1651">
     <span class='ocr_line' id='line_1_13' title="bbox 440 1578 2031 1651; baseline -0.001 -16"><span class='ocrx_word' id='word_1_96' title='bbox 440 1579 524 1635; x_wconf 86' lang='lat' dir='ltr'><strong>bis</strong></span> <span class='ocrx_word' id='word_1_97' title='bbox 551 1595 746 1651; x_wconf 88' lang='lat' dir='ltr'><strong>nempe</strong></span> <span class='ocrx_word' id='word_1_98' title='bbox 775 1578 1022 1651; x_wconf 73' lang='lat' dir='ltr'><strong>Sulﬁcere</strong></span> <span class='ocrx_word' id='word_1_99' title='bbox 1041 1581 1187 1636; x_wconf 81' lang='lat' dir='ltr'><strong>nobis</strong></span> <span class='ocrx_word' id='word_1_100' title='bbox 1217 1580 1416 1647; x_wconf 86' lang='lat' dir='ltr'><strong>debent,</strong></span> <span class='ocrx_word' id='word_1_101' title='bbox 1452 1590 1556 1636; x_wconf 89' lang='lat' dir='ltr'><strong>etc.</strong></span> <span class='ocrx_word' id='word_1_102' title='bbox 1589 1579 1646 1635; x_wconf 89' lang='lat' dir='ltr'><strong>In</strong></span> <span class='ocrx_word' id='word_1_103' title='bbox 1675 1580 1847 1635; x_wconf 88' lang='lat' dir='ltr'><strong>classe</strong></span> <span class='ocrx_word' id='word_1_104' title='bbox 1875 1594 2031 1650; x_wconf 87' lang='lat' dir='ltr'><strong>quar-</strong></span> 
     </span>
    </p>
   </div>
   <div class='ocr_carea' id='block_1_14' title="bbox 442 1669 2027 1755">
    <p class='ocr_par' dir='ltr' id='par_1_14' title="bbox 442 1669 2027 1755">
     <span class='ocr_line' id='line_1_14' title="bbox 442 1669 2027 1755; baseline -0.001 -30"><span class='ocrx_word' id='word_1_105' title='bbox 442 1679 498 1727; x_wconf 89' lang='lat' dir='ltr'><strong>ta</strong></span> <span class='ocrx_word' id='word_1_106' title='bbox 527 1671 591 1726; x_wconf 87' lang='lat' dir='ltr'><strong>de</strong></span> <span class='ocrx_word' id='word_1_107' title='bbox 617 1670 864 1755; x_wconf 63' lang='lat' dir='ltr'><strong>Diversis.</strong></span> <span class='ocrx_word' id='word_1_108' title='bbox 920 1671 1009 1724; x_wconf 71' lang='lat'><strong>12‘</strong></span> <span class='ocrx_word' id='word_1_109' title='bbox 1036 1670 1225 1726; x_wconf 89' lang='lat' dir='ltr'><strong>Sermo</strong></span> <span class='ocrx_word' id='word_1_110' title='bbox 1254 1671 1359 1726; x_wconf 63' lang='lat'><strong>248</strong></span> <span class='ocrx_word' id='word_1_111' title='bbox 1393 1672 1455 1727; x_wconf 88' lang='lat' dir='ltr'><strong>de</strong></span> <span class='ocrx_word' id='word_1_112' title='bbox 1483 1671 1764 1745; x_wconf 80' lang='lat' dir='ltr'><strong>Sepultum</strong></span> <span class='ocrx_word' id='word_1_113' title='bbox 1792 1669 2027 1739; x_wconf 81' lang='lat' dir='ltr'><strong>Domini,</strong></span> 
     </span>
    </p>
   </div>
   <div class='ocr_carea' id='block_1_15' title="bbox 442 1764 2027 1836">
    <p class='ocr_par' dir='ltr' id='par_1_15' title="bbox 442 1764 2027 1836">
     <span class='ocr_line' id='line_1_15' title="bbox 442 1764 2027 1836; baseline -0.001 -17"><span class='ocrx_word' id='word_1_114' title='bbox 442 1765 577 1820; x_wconf 89' lang='lat' dir='ltr'><strong>alias</strong></span> <span class='ocrx_word' id='word_1_115' title='bbox 604 1764 666 1819; x_wconf 90' lang='lat' dir='ltr'><strong>de</strong></span> <span class='ocrx_word' id='word_1_116' title='bbox 690 1764 937 1836; x_wconf 86' lang='lat' dir='ltr'><strong>Tempore</strong></span> <span class='ocrx_word' id='word_1_117' title='bbox 961 1765 1085 1833; x_wconf 77' lang='lat'><strong>155,</strong></span> <span class='ocrx_word' id='word_1_118' title='bbox 1114 1781 1146 1819; x_wconf 89' lang='lat' dir='ltr'><strong>a</strong></span> <span class='ocrx_word' id='word_1_119' title='bbox 1168 1764 1370 1820; x_wconf 87' lang='lat' dir='ltr'><strong>Lovan.</strong></span> <span class='ocrx_word' id='word_1_120' title='bbox 1405 1765 1542 1819; x_wconf 87' lang='lat' dir='ltr'><strong>inter</strong></span> <span class='ocrx_word' id='word_1_121' title='bbox 1569 1764 1760 1820; x_wconf 91' lang='lat' dir='ltr'><strong>dubios</strong></span> <span class='ocrx_word' id='word_1_122' title='bbox 1789 1764 2027 1833; x_wconf 90' lang='lat' dir='ltr'><strong>relictus,</strong></span> 
     </span>
    </p>
   </div>
   <div class='ocr_carea' id='block_1_16' title="bbox 1539 353 2583 413">
    <p class='ocr_par' dir='ltr' id='par_1_16' title="bbox 1539 353 2583 413">
     <span class='ocr_line' id='line_1_16' title="bbox 1539 353 2583 413; baseline -0.001 0"><span class='ocrx_word' id='word_1_123' title='bbox 1539 353 1606 413; x_wconf 84' lang='lat' dir='ltr'><strong>IN</strong></span> <span class='ocrx_word' id='word_1_124' title='bbox 1641 356 1697 412; x_wconf 89' lang='lat' dir='ltr'><strong>S.</strong></span> <span class='ocrx_word' id='word_1_125' title='bbox 1738 354 2063 411; x_wconf 79' lang='lat' dir='ltr'><strong>MAXIMUM</strong></span> <span class='ocrx_word' id='word_1_126' title='bbox 2103 354 2583 413; x_wconf 79' lang='lat' dir='ltr'><strong>TAURINENSEM</strong></span> 
     </span>
    </p>
   </div>
   <div class='ocr_carea' id='block_1_17' title="bbox 328 467 3719 545">
    <p class='ocr_par' dir='ltr' id='par_1_17' title="bbox 328 467 3719 545">
     <span class='ocr_line' id='line_1_17' title="bbox 328 467 3719 545; baseline -0.001 -15"><span class='ocrx_word' id='word_1_127' title='bbox 328 479 341 493; x_wconf 86' lang='lat'><em>&#39;</em></span> <span class='ocrx_word' id='word_1_128' title='bbox 441 489 544 545; x_wconf 91' lang='lat' dir='ltr'><strong>pro</strong></span> <span class='ocrx_word' id='word_1_129' title='bbox 571 472 756 545; x_wconf 91' lang='lat' dir='ltr'><strong>spurio</strong></span> <span class='ocrx_word' id='word_1_130' title='bbox 781 471 994 528; x_wconf 87' lang='lat' dir='ltr'><strong>habitus</strong></span> <span class='ocrx_word' id='word_1_131' title='bbox 1020 476 1077 527; x_wconf 92' lang='lat' dir='ltr'><strong>et</strong></span> <span class='ocrx_word' id='word_1_132' title='bbox 1102 483 1135 525; x_wconf 90' lang='lat' dir='ltr'><strong>a</strong></span> <span class='ocrx_word' id='word_1_133' title='bbox 1159 468 1400 525; x_wconf 86' lang='lat' dir='ltr'><strong>Benedd.</strong></span> <span class='ocrx_word' id='word_1_134' title='bbox 1432 469 1663 540; x_wconf 89' lang='lat' dir='ltr'><strong>primum</strong></span> <span class='ocrx_word' id='word_1_135' title='bbox 1695 469 1746 524; x_wconf 89' lang='lat' dir='ltr'><strong>in</strong></span> <span class='ocrx_word' id='word_1_136' title='bbox 1777 484 1901 539; x_wconf 91' lang='lat' dir='ltr'><strong>app.</strong></span> <span class='ocrx_word' id='word_1_137' title='bbox 1933 484 2023 524; x_wconf 84' lang='lat' dir='ltr'><strong>re-</strong></span> <span class='ocrx_word' id='word_1_138' title='bbox 2048 471 2102 531; x_wconf 74' lang='grc' dir='ltr'><strong>Α</strong></span> <span class='ocrx_word' id='word_1_139' title='bbox 2127 469 2450 540; x_wconf 83' lang='lat' dir='ltr'><strong>proferimus</strong></span> <span class='ocrx_word' id='word_1_140' title='bbox 2471 486 2541 528; x_wconf 87' lang='lat' dir='ltr'><strong>ex</strong></span> <span class='ocrx_word' id='word_1_141' title='bbox 2564 469 2820 540; x_wconf 85' lang='lat' dir='ltr'><strong>subjectis</strong></span> <span class='ocrx_word' id='word_1_142' title='bbox 2849 469 3317 526; x_wconf 79' lang='lat' dir='ltr'><strong>observationibus</strong></span> <span class='ocrx_word' id='word_1_143' title='bbox 3353 468 3530 539; x_wconf 84' lang='lat' dir='ltr'><strong>quivis</strong></span> <span class='ocrx_word' id='word_1_144' title='bbox 3553 467 3719 527; x_wconf 77' lang='lat' dir='ltr'><strong>facile</strong></span> 
     </span>
    </p>
   </div>
   <div class='ocr_carea' id='block_1_18' title="bbox 3608 351 3722 409">
    <p class='ocr_par' dir='ltr' id='par_1_18' title="bbox 3608 351 3722 409">
     <span class='ocr_line' id='line_1_18' title="bbox 3608 351 3722 409; baseline 0.026 -3"><span class='ocrx_word' id='word_1_145' title='bbox 3608 351 3722 409; x_wconf 69' lang='lat'><strong>192</strong></span> 
     </span>
    </p>
   </div>
   <div class='ocr_carea' id='block_1_19' title="bbox 2129 561 3717 635">
    <p class='ocr_par' dir='ltr' id='par_1_19' title="bbox 2129 561 3717 635">
     <span class='ocr_line' id='line_1_19' title="bbox 2129 561 3717 635; baseline 0 -17"><span class='ocrx_word' id='word_1_146' title='bbox 2129 563 2558 620; x_wconf 83' lang='lat' dir='ltr'><strong>animadvertere</strong></span> <span class='ocrx_word' id='word_1_147' title='bbox 2604 563 2820 635; x_wconf 89' lang='lat' dir='ltr'><strong>poterit.</strong></span> <span class='ocrx_word' id='word_1_148' title='bbox 2861 583 2880 615; x_wconf 76' lang='grc' dir='ltr'><strong><em>ι</em></strong></span> <span class='ocrx_word' id='word_1_149' title='bbox 2912 561 3164 630; x_wconf 81' lang='lat' dir='ltr'><strong>Singulas</strong></span> <span class='ocrx_word' id='word_1_150' title='bbox 3191 561 3386 617; x_wconf 87' lang='lat' dir='ltr'><strong>dehinc</strong></span> <span class='ocrx_word' id='word_1_151' title='bbox 3428 569 3717 631; x_wconf 76' lang='lat' dir='ltr'><strong>percenset</strong></span> 
     </span>
    </p>
   </div>
   <div class='ocr_carea' id='block_1_20' title="bbox 2127 653 3716 724">
    <p class='ocr_par' dir='ltr' id='par_1_20' title="bbox 2127 653 3716 724">
     <span class='ocr_line' id='line_1_20' title="bbox 2127 653 3716 724; baseline -0.003 -12"><span class='ocrx_word' id='word_1_152' title='bbox 2127 665 2183 712; x_wconf 92' lang='lat' dir='ltr'><strong>et</strong></span> <span class='ocrx_word' id='word_1_153' title='bbox 2221 657 2392 712; x_wconf 90' lang='lat' dir='ltr'><strong>multo</strong></span> <span class='ocrx_word' id='word_1_154' title='bbox 2420 672 2541 712; x_wconf 91' lang='lat' dir='ltr'><strong>cum</strong></span> <span class='ocrx_word' id='word_1_155' title='bbox 2579 655 2825 713; x_wconf 87' lang='lat' dir='ltr'><strong>acumine</strong></span> <span class='ocrx_word' id='word_1_156' title='bbox 2851 654 2999 710; x_wconf 82' lang='lat' dir='ltr'><strong>elicit</strong></span> <span class='ocrx_word' id='word_1_157' title='bbox 3027 655 3177 722; x_wconf 89' lang='lat' dir='ltr'><strong>signa</strong></span> <span class='ocrx_word' id='word_1_158' title='bbox 3211 668 3331 724; x_wconf 68' lang='lat' dir='ltr'><strong>quae</strong></span> <span class='ocrx_word' id='word_1_159' title='bbox 3361 653 3417 707; x_wconf 89' lang='lat' dir='ltr'><strong>in</strong></span> <span class='ocrx_word' id='word_1_160' title='bbox 3445 667 3540 708; x_wconf 85' lang='lat' dir='ltr'><strong>eas</strong></span> <span class='ocrx_word' id='word_1_161' title='bbox 3575 668 3716 723; x_wconf 86' lang='lat' dir='ltr'><strong>qua-</strong></span> 
     </span>
    </p>
   </div>
   <div class='ocr_carea' id='block_1_21' title="bbox 2126 744 3719 819">
    <p class='ocr_par' dir='ltr' id='par_1_21' title="bbox 2126 744 3719 819">
     <span class='ocr_line' id='line_1_21' title="bbox 2126 744 3719 819; baseline -0.001 -16"><span class='ocrx_word' id='word_1_162' title='bbox 2126 765 2244 803; x_wconf 90' lang='lat' dir='ltr'><strong>rum</strong></span> <span class='ocrx_word' id='word_1_163' title='bbox 2273 756 2587 818; x_wconf 88' lang='lat' dir='ltr'><strong>argumenta</strong></span> <span class='ocrx_word' id='word_1_164' title='bbox 2615 747 2929 804; x_wconf 86' lang='lat' dir='ltr'><strong>Gennadius</strong></span> <span class='ocrx_word' id='word_1_165' title='bbox 2970 746 3215 819; x_wconf 90' lang='lat' dir='ltr'><strong>protulit,</strong></span> <span class='ocrx_word' id='word_1_166' title='bbox 3245 746 3591 812; x_wconf 84' lang='lat' dir='ltr'><strong>conveniant,</strong></span> <span class='ocrx_word' id='word_1_167' title='bbox 3616 744 3719 801; x_wconf 82' lang='lat' dir='ltr'><strong>ad-</strong></span> 
     </span>
    </p>
   </div>
   <div class='ocr_carea' id='block_1_22' title="bbox 2127 837 3717 912">
    <p class='ocr_par' dir='ltr' id='par_1_22' title="bbox 2127 837 3717 912">
     <span class='ocr_line' id='line_1_22' title="bbox 2127 837 3717 912; baseline -0.003 -16"><span class='ocrx_word' id='word_1_168' title='bbox 2127 839 2314 912; x_wconf 92' lang='lat' dir='ltr'><strong>ditque</strong></span> <span class='ocrx_word' id='word_1_169' title='bbox 2341 848 2618 911; x_wconf 89' lang='lat' dir='ltr'><strong>postremo</strong></span> <span class='ocrx_word' id='word_1_170' title='bbox 2646 839 2790 906; x_wconf 89' lang='lat' dir='ltr'><strong>loco,</strong></span> <span class='ocrx_word' id='word_1_171' title='bbox 2823 854 2931 894; x_wconf 91' lang='lat' dir='ltr'><strong>non</strong></span> <span class='ocrx_word' id='word_1_172' title='bbox 2966 838 3141 894; x_wconf 89' lang='lat' dir='ltr'><strong>solum</strong></span> <span class='ocrx_word' id='word_1_173' title='bbox 3180 837 3471 908; x_wconf 89' lang='lat' dir='ltr'><strong>plerosque</strong></span> <span class='ocrx_word' id='word_1_174' title='bbox 3504 851 3717 892; x_wconf 90' lang='lat' dir='ltr'><strong>sermo-</strong></span> 
     </span>
    </p>
   </div>
   <div class='ocr_carea' id='block_1_23' title="bbox 2126 928 3720 1003">
    <p class='ocr_par' dir='ltr' id='par_1_23' title="bbox 2126 928 3720 1003">
     <span class='ocr_line' id='line_1_23' title="bbox 2126 928 3720 1003; baseline -0.003 -15"><span class='ocrx_word' id='word_1_175' title='bbox 2126 949 2256 989; x_wconf 89' lang='lat' dir='ltr'><strong>num</strong></span> <span class='ocrx_word' id='word_1_176' title='bbox 2305 933 2399 1003; x_wconf 88' lang='lat' dir='ltr'><strong>qui</strong></span> <span class='ocrx_word' id='word_1_177' title='bbox 2436 932 2537 988; x_wconf 85' lang='lat' dir='ltr'><strong>sub</strong></span> <span class='ocrx_word' id='word_1_178' title='bbox 2580 931 2799 987; x_wconf 84' lang='lat' dir='ltr'><strong>Maximi</strong></span> <span class='ocrx_word' id='word_1_179' title='bbox 2840 932 3059 986; x_wconf 88' lang='lat' dir='ltr'><strong>nomine</strong></span> <span class='ocrx_word' id='word_1_180' title='bbox 3096 930 3150 985; x_wconf 87' lang='lat' dir='ltr'><strong>in</strong></span> <span class='ocrx_word' id='word_1_181' title='bbox 3191 928 3353 985; x_wconf 88' lang='lat' dir='ltr'><strong>editis</strong></span> <span class='ocrx_word' id='word_1_182' title='bbox 3378 928 3580 998; x_wconf 80' lang='lat' dir='ltr'><strong>vulgati</strong></span> <span class='ocrx_word' id='word_1_183' title='bbox 3607 928 3720 985; x_wconf 86' lang='lat' dir='ltr'><strong>sint</strong></span> 
     </span>
    </p>
   </div>
   <div class='ocr_carea' id='block_1_24' title="bbox 2127 1021 3719 1089">
    <p class='ocr_par' dir='ltr' id='par_1_24' title="bbox 2127 1021 3719 1089">
     <span class='ocr_line' id='line_1_24' title="bbox 2127 1021 3719 1089; baseline -0.003 -8"><span class='ocrx_word' id='word_1_184' title='bbox 2127 1026 2424 1081; x_wconf 88' lang='lat' dir='ltr'><strong>Maximum</strong></span> <span class='ocrx_word' id='word_1_185' title='bbox 2464 1034 2742 1082; x_wconf 86' lang='lat' dir='ltr'><strong>auctorem</strong></span> <span class='ocrx_word' id='word_1_186' title='bbox 2783 1025 3004 1089; x_wconf 90' lang='lat' dir='ltr'><strong>habere,</strong></span> <span class='ocrx_word' id='word_1_187' title='bbox 3036 1022 3131 1081; x_wconf 89' lang='lat' dir='ltr'><strong>sed</strong></span> <span class='ocrx_word' id='word_1_188' title='bbox 3158 1022 3338 1078; x_wconf 91' lang='lat' dir='ltr'><strong>eidem</strong></span> <span class='ocrx_word' id='word_1_189' title='bbox 3366 1021 3506 1078; x_wconf 89' lang='lat' dir='ltr'><strong>adeo</strong></span> <span class='ocrx_word' id='word_1_190' title='bbox 3534 1021 3719 1076; x_wconf 85' lang='lat' dir='ltr'><strong>vindi-</strong></span> 
     </span>
    </p>
   </div>
   <div class='ocr_carea' id='block_1_25' title="bbox 2127 1111 3720 1188">
    <p class='ocr_par' dir='ltr' id='par_1_25' title="bbox 2127 1111 3720 1188">
     <span class='ocr_line' id='line_1_25' title="bbox 2127 1111 3720 1188; baseline -0.005 -13"><span class='ocrx_word' id='word_1_191' title='bbox 2127 1118 2329 1176; x_wconf 89' lang='lat' dir='ltr'><strong>candos</strong></span> <span class='ocrx_word' id='word_1_192' title='bbox 2382 1133 2502 1174; x_wconf 91' lang='lat' dir='ltr'><strong>esse</strong></span> <span class='ocrx_word' id='word_1_193' title='bbox 2544 1124 2811 1188; x_wconf 84' lang='lat' dir='ltr'><strong>quotquot</strong></span> <span class='ocrx_word' id='word_1_194' title='bbox 2849 1131 2919 1173; x_wconf 88' lang='lat' dir='ltr'><strong>ex</strong></span> <span class='ocrx_word' id='word_1_195' title='bbox 2969 1116 3035 1172; x_wconf 86' lang='lat' dir='ltr'><strong>iis</strong></span> <span class='ocrx_word' id='word_1_196' title='bbox 3081 1113 3370 1171; x_wconf 78' lang='lat' dir='ltr'><strong>Ambrosio</strong></span> <span class='ocrx_word' id='word_1_197' title='bbox 3411 1113 3553 1169; x_wconf 90' lang='lat' dir='ltr'><strong>inter</strong></span> <span class='ocrx_word' id='word_1_198' title='bbox 3597 1111 3720 1182; x_wconf 86' lang='lat' dir='ltr'><strong>ejus</strong></span> 
     </span>
    </p>
   </div>
   <div class='ocr_carea' id='block_1_26' title="bbox 2127 1205 3721 1283">
    <p class='ocr_par' dir='ltr' id='par_1_26' title="bbox 2127 1205 3721 1283">
     <span class='ocr_line' id='line_1_26' title="bbox 2127 1205 3721 1283; baseline -0.006 -15"><span class='ocrx_word' id='word_1_199' title='bbox 2127 1227 2292 1283; x_wconf 87' lang='lat' dir='ltr'><strong>opera</strong></span> <span class='ocrx_word' id='word_1_200' title='bbox 2328 1218 2728 1282; x_wconf 88' lang='lat' dir='ltr'><strong>supponantur;</strong></span> <span class='ocrx_word' id='word_1_201' title='bbox 2765 1224 2995 1278; x_wconf 89' lang='lat' dir='ltr'><strong>quorum</strong></span> <span class='ocrx_word' id='word_1_202' title='bbox 3027 1222 3231 1280; x_wconf 87' lang='lat' dir='ltr'><strong>paucos</strong></span> <span class='ocrx_word' id='word_1_203' title='bbox 3262 1205 3557 1262; x_wconf 85' lang='lat' dir='ltr'><strong>admodum</strong></span> <span class='ocrx_word' id='word_1_204' title='bbox 3587 1205 3721 1268; x_wconf 68' lang='lat' dir='ltr'><strong>Am-</strong></span> 
     </span>
    </p>
   </div>
   <div class='ocr_carea' id='block_1_27' title="bbox 2126 1297 3716 1374">
    <p class='ocr_par' dir='ltr' id='par_1_27' title="bbox 2126 1297 3716 1374">
     <span class='ocr_line' id='line_1_27' title="bbox 2126 1297 3716 1374; baseline -0.005 -15"><span class='ocrx_word' id='word_1_205' title='bbox 2126 1305 2328 1374; x_wconf 80' lang='lat' dir='ltr'><strong>brosio,</strong></span> <span class='ocrx_word' id='word_1_206' title='bbox 2359 1303 2517 1372; x_wconf 88' lang='lat' dir='ltr'><strong>longe</strong></span> <span class='ocrx_word' id='word_1_207' title='bbox 2562 1302 2745 1373; x_wconf 86' lang='lat' dir='ltr'><strong>plures</strong></span> <span class='ocrx_word' id='word_1_208' title='bbox 2773 1300 3005 1355; x_wconf 88' lang='lat' dir='ltr'><strong>Maximo</strong></span> <span class='ocrx_word' id='word_1_209' title='bbox 3033 1298 3229 1357; x_wconf 87' lang='lat' dir='ltr'><strong>ascribi</strong></span> <span class='ocrx_word' id='word_1_210' title='bbox 3267 1297 3468 1353; x_wconf 86' lang='lat' dir='ltr'><strong>debere</strong></span> <span class='ocrx_word' id='word_1_211' title='bbox 3495 1304 3716 1362; x_wconf 81' lang='lat' dir='ltr'><strong>censet;</strong></span> 
     </span>
    </p>
   </div>
   <div class='ocr_carea' id='block_1_28' title="bbox 2128 1388 3721 1462">
    <p class='ocr_par' dir='ltr' id='par_1_28' title="bbox 2128 1388 3721 1462">
     <span class='ocr_line' id='line_1_28' title="bbox 2128 1388 3721 1462; baseline -0.006 -8"><span class='ocrx_word' id='word_1_212' title='bbox 2128 1399 2261 1454; x_wconf 91' lang='lat' dir='ltr'><strong>alios</strong></span> <span class='ocrx_word' id='word_1_213' title='bbox 2304 1413 2407 1453; x_wconf 91' lang='lat' dir='ltr'><strong>nec</strong></span> <span class='ocrx_word' id='word_1_214' title='bbox 2450 1396 2835 1455; x_wconf 90' lang='lat' dir='ltr'><strong>Maximo.nec</strong></span> <span class='ocrx_word' id='word_1_215' title='bbox 2880 1394 3166 1449; x_wconf 87' lang='lat' dir='ltr'><strong>Ambrosio</strong></span> <span class='ocrx_word' id='word_1_216' title='bbox 3200 1392 3360 1448; x_wconf 88' lang='lat' dir='ltr'><strong>tribui</strong></span> <span class='ocrx_word' id='word_1_217' title='bbox 3395 1406 3578 1462; x_wconf 88' lang='lat' dir='ltr'><strong>posse,</strong></span> <span class='ocrx_word' id='word_1_218' title='bbox 3619 1388 3721 1446; x_wconf 87' lang='lat' dir='ltr'><strong>sed</strong></span> 
     </span>
    </p>
   </div>
   <div class='ocr_carea' id='block_1_29' title="bbox 2127 1485 3721 1564">
    <p class='ocr_par' dir='ltr' id='par_1_29' title="bbox 2127 1485 3721 1564">
     <span class='ocr_line' id='line_1_29' title="bbox 2127 1485 3721 1564; baseline -0.005 -16"><span class='ocrx_word' id='word_1_219' title='bbox 2127 1492 2489 1564; x_wconf 89' lang='lat' dir='ltr'><strong>posteriorum</strong></span> <span class='ocrx_word' id='word_1_220' title='bbox 2517 1498 2797 1546; x_wconf 90' lang='lat' dir='ltr'><strong>auctorum</strong></span> <span class='ocrx_word' id='word_1_221' title='bbox 2833 1504 2954 1546; x_wconf 89' lang='lat' dir='ltr'><strong>esse</strong></span> <span class='ocrx_word' id='word_1_222' title='bbox 2992 1486 3278 1544; x_wconf 87' lang='lat' dir='ltr'><strong>luculentis</strong></span> <span class='ocrx_word' id='word_1_223' title='bbox 3305 1485 3512 1555; x_wconf 88' lang='lat' dir='ltr'><strong>aliquot</strong></span> <span class='ocrx_word' id='word_1_224' title='bbox 3532 1498 3721 1541; x_wconf 85' lang='lat' dir='ltr'><strong>exem-</strong></span> 
     </span>
    </p>
   </div>
   <div class='ocr_carea' id='block_1_30' title="bbox 2128 1584 2713 1657">
    <p class='ocr_par' dir='ltr' id='par_1_30' title="bbox 2128 1584 2713 1657">
     <span class='ocr_line' id='line_1_30' title="bbox 2128 1584 2713 1657; baseline -0.009 -16"><span class='ocrx_word' id='word_1_225' title='bbox 2128 1585 2233 1657; x_wconf 90' lang='lat' dir='ltr'><strong>plis</strong></span> <span class='ocrx_word' id='word_1_226' title='bbox 2252 1584 2617 1640; x_wconf 57' lang='lat' dir='ltr'><strong>demonstrat:</strong></span> <span class='ocrx_word' id='word_1_227' title='bbox 2709 1593 2713 1597; x_wconf 79' lang='lat'><strong><em>&#39;</em></strong></span> 
     </span>
    </p>
   </div>
   <div class='ocr_carea' id='block_1_31' title="bbox 2400 1674 3261 1749">
    <p class='ocr_par' dir='ltr' id='par_1_31' title="bbox 2400 1674 3261 1749">
     <span class='ocr_line' id='line_1_31' title="bbox 2400 1674 3261 1749; baseline 0.001 -19"><span class='ocrx_word' id='word_1_228' title='bbox 2400 1680 2405 1687; x_wconf 63' lang='grc'><em>’</em></span> <span class='ocrx_word' id='word_1_229' title='bbox 2838 1674 2994 1732; x_wconf 84' lang='lat'><strong>1690.</strong></span> <span class='ocrx_word' id='word_1_230' title='bbox 3258 1746 3261 1749; x_wconf 20' lang='grc' dir='ltr'><strong><em>ν</em></strong></span> 
     </span>
    </p>
   </div>
   <div class='ocr_carea' id='block_1_32' title="bbox 2204 1764 3720 1844">
    <p class='ocr_par' dir='ltr' id='par_1_32' title="bbox 2204 1764 3720 1844">
     <span class='ocr_line' id='line_1_32' title="bbox 2204 1764 3720 1844; baseline -0.001 -22"><span class='ocrx_word' id='word_1_231' title='bbox 2204 1768 2442 1837; x_wconf 88' lang='lat' dir='ltr'><strong>Parisiis,</strong></span> <span class='ocrx_word' id='word_1_232' title='bbox 2467 1770 2607 1841; x_wconf 84' lang='lat' dir='ltr'><strong>typis</strong></span> <span class='ocrx_word' id='word_1_233' title='bbox 2633 1775 2690 1825; x_wconf 90' lang='lat' dir='ltr'><strong>et</strong></span> <span class='ocrx_word' id='word_1_234' title='bbox 2714 1769 3016 1840; x_wconf 89' lang='lat' dir='ltr'><strong>sumptibus</strong></span> <span class='ocrx_word' id='word_1_235' title='bbox 3036 1767 3211 1824; x_wconf 70' lang='lat' dir='ltr'><strong>vidua:</strong></span> <span class='ocrx_word' id='word_1_236' title='bbox 3230 1766 3387 1823; x_wconf 90' lang='lat' dir='ltr'><strong>Joan.</strong></span> <span class='ocrx_word' id='word_1_237' title='bbox 3414 1767 3570 1844; x_wconf 83' lang='lat' dir='ltr'><strong>Bapt.</strong></span> <span class='ocrx_word' id='word_1_238' title='bbox 3597 1764 3720 1821; x_wconf 84' lang='lat' dir='ltr'><strong>Coi-</strong></span> 
     </span>
    </p>
   </div>
   <div class='ocr_carea' id='block_1_33' title="bbox 444 1852 3718 1941">
    <p class='ocr_par' dir='ltr' id='par_1_33' title="bbox 444 1852 3718 1941">
     <span class='ocr_line' id='line_1_33' title="bbox 444 1852 3718 1941; baseline 0.001 -31"><span class='ocrx_word' id='word_1_239' title='bbox 444 1870 477 1910; x_wconf 89' lang='lat' dir='ltr'><strong>a</strong></span> <span class='ocrx_word' id='word_1_240' title='bbox 504 1854 743 1911; x_wconf 90' lang='lat' dir='ltr'><strong>Benedd.</strong></span> <span class='ocrx_word' id='word_1_241' title='bbox 793 1864 972 1912; x_wconf 84' lang='lat' dir='ltr'><strong>autem</strong></span> <span class='ocrx_word' id='word_1_242' title='bbox 1020 1865 1144 1928; x_wconf 91' lang='lat' dir='ltr'><strong>post</strong></span> <span class='ocrx_word' id='word_1_243' title='bbox 1179 1856 1381 1911; x_wconf 85' lang='lat' dir='ltr'><strong>Verlini</strong></span> <span class='ocrx_word' id='word_1_244' title='bbox 1412 1864 1467 1911; x_wconf 84' lang='lat' dir='ltr'><strong>et</strong></span> <span class='ocrx_word' id='word_1_245' title='bbox 1492 1856 1744 1941; x_wconf 79' lang='lat' dir='ltr'><strong>Vindingi</strong></span> <span class='ocrx_word' id='word_1_246' title='bbox 1774 1870 2030 1913; x_wconf 83' lang='lat' dir='ltr'><strong>censuras</strong></span> <span class='ocrx_word' id='word_1_247' title='bbox 2060 1852 2104 1915; x_wconf 86' lang='grc' dir='ltr'>Β</span> <span class='ocrx_word' id='word_1_248' title='bbox 2131 1862 2301 1931; x_wconf 91' lang='lat' dir='ltr'><strong>gnard</strong></span> <span class='ocrx_word' id='word_1_249' title='bbox 2328 1869 2384 1918; x_wconf 91' lang='lat' dir='ltr'><strong>et</strong></span> <span class='ocrx_word' id='word_1_250' title='bbox 2402 1860 2559 1917; x_wconf 89' lang='lat' dir='ltr'><strong>Joan.</strong></span> <span class='ocrx_word' id='word_1_251' title='bbox 2591 1861 2746 1933; x_wconf 82' lang='lat' dir='ltr'><strong>Bapt.</strong></span> <span class='ocrx_word' id='word_1_252' title='bbox 2774 1860 3046 1930; x_wconf 90' lang='lat' dir='ltr'><strong>Coignard</strong></span> <span class='ocrx_word' id='word_1_253' title='bbox 3068 1859 3182 1925; x_wconf 82' lang='lat' dir='ltr'><strong>lilii,</strong></span> <span class='ocrx_word' id='word_1_254' title='bbox 3211 1859 3392 1916; x_wconf 86' lang='lat' dir='ltr'><strong>in-fol.</strong></span> <span class='ocrx_word' id='word_1_255' title='bbox 3420 1858 3477 1914; x_wconf 91' lang='lat' dir='ltr'><strong>S.</strong></span> <span class='ocrx_word' id='word_1_256' title='bbox 3501 1858 3718 1914; x_wconf 79' lang='lat' dir='ltr'><strong>Maximi</strong></span> 
     </span>
    </p>
   </div>
   <div class='ocr_carea' id='block_1_34' title="bbox 444 1945 2030 2019">
    <p class='ocr_par' dir='ltr' id='par_1_34' title="bbox 444 1945 2030 2019">
     <span class='ocr_line' id='line_1_34' title="bbox 444 1945 2030 2019; baseline 0 -18"><span class='ocrx_word' id='word_1_257' title='bbox 444 1946 500 2002; x_wconf 91' lang='lat' dir='ltr'><strong>in</strong></span> <span class='ocrx_word' id='word_1_258' title='bbox 521 1962 643 2017; x_wconf 90' lang='lat' dir='ltr'><strong>app.</strong></span> <span class='ocrx_word' id='word_1_259' title='bbox 670 1947 891 2003; x_wconf 89' lang='lat' dir='ltr'><strong>relatus.</strong></span> <span class='ocrx_word' id='word_1_260' title='bbox 949 1945 1293 2019; x_wconf 89' lang='lat' dir='ltr'><strong>Compositus</strong></span> <span class='ocrx_word' id='word_1_261' title='bbox 1323 1954 1406 2002; x_wconf 87' lang='lat' dir='ltr'><strong>est</strong></span> <span class='ocrx_word' id='word_1_262' title='bbox 1433 1963 1626 2019; x_wconf 89' lang='lat' dir='ltr'><strong>nempe</strong></span> <span class='ocrx_word' id='word_1_263' title='bbox 1655 1964 1723 2003; x_wconf 91' lang='lat' dir='ltr'><strong>ex</strong></span> <span class='ocrx_word' id='word_1_264' title='bbox 1750 1956 1905 2018; x_wconf 89' lang='lat' dir='ltr'><strong>parte</strong></span> <span class='ocrx_word' id='word_1_265' title='bbox 1932 1963 2030 2018; x_wconf 90' lang='lat' dir='ltr'><strong>po-</strong></span> 
     </span>
    </p>
   </div>
   <div class='ocr_carea' id='block_1_35' title="bbox 443 2037 2030 2110">
    <p class='ocr_par' dir='ltr' id='par_1_35' title="bbox 443 2037 2030 2110">
     <span class='ocr_line' id='line_1_35' title="bbox 443 2037 2030 2110; baseline -0.001 -16"><span class='ocrx_word' id='word_1_266' title='bbox 443 2046 642 2094; x_wconf 88' lang='lat' dir='ltr'><strong>strema</strong></span> <span class='ocrx_word' id='word_1_267' title='bbox 672 2039 939 2095; x_wconf 90' lang='lat' dir='ltr'><strong>sermonis</strong></span> <span class='ocrx_word' id='word_1_268' title='bbox 968 2038 1109 2110; x_wconf 86' lang='lat' dir='ltr'><strong>apud</strong></span> <span class='ocrx_word' id='word_1_269' title='bbox 1129 2039 1470 2095; x_wconf 88' lang='lat' dir='ltr'><strong>Ambrosium</strong></span> <span class='ocrx_word' id='word_1_270' title='bbox 1502 2038 1572 2092; x_wconf 76' lang='lat'><strong>52</strong></span> <span class='ocrx_word' id='word_1_271' title='bbox 1600 2039 1663 2092; x_wconf 79' lang='lat' dir='ltr'><strong>de</strong></span> <span class='ocrx_word' id='word_1_272' title='bbox 1689 2037 1852 2093; x_wconf 89' lang='lat' dir='ltr'><strong>Cruce</strong></span> <span class='ocrx_word' id='word_1_273' title='bbox 1879 2046 1934 2093; x_wconf 88' lang='lat' dir='ltr'><strong>et</strong></span> <span class='ocrx_word' id='word_1_274' title='bbox 1962 2053 2030 2092; x_wconf 86' lang='lat' dir='ltr'><strong>ex</strong></span> 
     </span>
    </p>
   </div>
   <div class='ocr_carea' id='block_1_36' title="bbox 445 2127 2030 2201">
    <p class='ocr_par' dir='ltr' id='par_1_36' title="bbox 445 2127 2030 2201">
     <span class='ocr_line' id='line_1_36' title="bbox 445 2127 2030 2201; baseline 0 -17"><span class='ocrx_word' id='word_1_275' title='bbox 445 2129 656 2199; x_wconf 91' lang='lat' dir='ltr'><strong>integro</strong></span> <span class='ocrx_word' id='word_1_276' title='bbox 690 2145 954 2197; x_wconf 90' lang='lat' dir='ltr'><strong>sermone</strong></span> <span class='ocrx_word' id='word_1_277' title='bbox 994 2131 1135 2201; x_wconf 91' lang='lat' dir='ltr'><strong>apud</strong></span> <span class='ocrx_word' id='word_1_278' title='bbox 1182 2129 1428 2186; x_wconf 90' lang='lat' dir='ltr'><strong>eumdem</strong></span> <span class='ocrx_word' id='word_1_279' title='bbox 1458 2127 1527 2183; x_wconf 77' lang='lat'><strong>55</strong></span> <span class='ocrx_word' id='word_1_280' title='bbox 1556 2128 1619 2183; x_wconf 84' lang='lat' dir='ltr'><strong>de</strong></span> <span class='ocrx_word' id='word_1_281' title='bbox 1648 2128 1897 2201; x_wconf 87' lang='lat' dir='ltr'><strong>Sepulcro</strong></span> <span class='ocrx_word' id='word_1_282' title='bbox 1920 2128 2030 2184; x_wconf 86' lang='lat' dir='ltr'><strong>Do-</strong></span> 
     </span>
    </p>
   </div>
   <div class='ocr_carea' id='block_1_37' title="bbox 444 2219 1942 2291">
    <p class='ocr_par' dir='ltr' id='par_1_37' title="bbox 444 2219 1942 2291">
     <span class='ocr_line' id='line_1_37' title="bbox 444 2219 1942 2291; baseline 0.001 -17"><span class='ocrx_word' id='word_1_283' title='bbox 444 2220 591 2287; x_wconf 88' lang='lat' dir='ltr'><strong>mini,</strong></span> <span class='ocrx_word' id='word_1_284' title='bbox 623 2220 716 2291; x_wconf 91' lang='lat' dir='ltr'><strong>qui</strong></span> <span class='ocrx_word' id='word_1_285' title='bbox 743 2219 852 2275; x_wconf 91' lang='lat' dir='ltr'><strong>duo</strong></span> <span class='ocrx_word' id='word_1_286' title='bbox 880 2220 1042 2275; x_wconf 90' lang='lat' dir='ltr'><strong>etiam</strong></span> <span class='ocrx_word' id='word_1_287' title='bbox 1071 2219 1293 2276; x_wconf 77' lang='lat' dir='ltr'><strong>Maximi</strong></span> <span class='ocrx_word' id='word_1_288' title='bbox 1324 2221 1539 2276; x_wconf 91' lang='lat' dir='ltr'><strong>nomine</strong></span> <span class='ocrx_word' id='word_1_289' title='bbox 1570 2220 1771 2290; x_wconf 84' lang='lat' dir='ltr'><strong>vulgati</strong></span> <span class='ocrx_word' id='word_1_290' title='bbox 1799 2229 1942 2277; x_wconf 89' lang='lat' dir='ltr'><strong>sunt.</strong></span> 
     </span>
    </p>
   </div>
   <div class='ocr_carea' id='block_1_38' title="bbox 1147 2311 1305 2367">
    <p class='ocr_par' dir='ltr' id='par_1_38' title="bbox 1147 2311 1305 2367">
     <span class='ocr_line' id='line_1_38' title="bbox 1147 2311 1305 2367; baseline 0.013 -2"><span class='ocrx_word' id='word_1_291' title='bbox 1147 2311 1305 2367; x_wconf 83' lang='lat'><strong>1687.</strong></span> 
     </span>
    </p>
   </div>
   <div class='ocr_carea' id='block_1_39' title="bbox 513 2403 2028 2476">
    <p class='ocr_par' dir='ltr' id='par_1_39' title="bbox 513 2403 2028 2476">
     <span class='ocr_line' id='line_1_39' title="bbox 513 2403 2028 2476; baseline 0.002 -18"><span class='ocrx_word' id='word_1_292' title='bbox 513 2403 740 2459; x_wconf 79' lang='lat' dir='ltr'><strong>Lutetiae</strong></span> <span class='ocrx_word' id='word_1_293' title='bbox 779 2404 1128 2469; x_wconf 86' lang='lat' dir='ltr'><strong>Parisiorum,</strong></span> <span class='ocrx_word' id='word_1_294' title='bbox 1160 2405 1301 2476; x_wconf 90' lang='lat' dir='ltr'><strong>apud</strong></span> <span class='ocrx_word' id='word_1_295' title='bbox 1330 2406 1545 2462; x_wconf 86' lang='lat' dir='ltr'><strong>viduam</strong></span> <span class='ocrx_word' id='word_1_296' title='bbox 1587 2406 1856 2463; x_wconf 86' lang='lat' dir='ltr'><strong>Edmundi</strong></span> <span class='ocrx_word' id='word_1_297' title='bbox 1884 2406 2028 2462; x_wconf 86' lang='lat' dir='ltr'><strong>Mar-</strong></span> 
     </span>
    </p>
   </div>
   <div class='ocr_carea' id='block_1_40' title="bbox 446 2494 2029 2567">
    <p class='ocr_par' dir='ltr' id='par_1_40' title="bbox 446 2494 2029 2567">
     <span class='ocr_line' id='line_1_40' title="bbox 446 2494 2029 2567; baseline 0.002 -16"><span class='ocrx_word' id='word_1_298' title='bbox 446 2496 543 2564; x_wconf 91' lang='lat' dir='ltr'><strong>tin,</strong></span> <span class='ocrx_word' id='word_1_299' title='bbox 573 2494 728 2551; x_wconf 86' lang='lat' dir='ltr'><strong>Joan.</strong></span> <span class='ocrx_word' id='word_1_300' title='bbox 761 2495 977 2552; x_wconf 89' lang='lat' dir='ltr'><strong>Boudot</strong></span> <span class='ocrx_word' id='word_1_301' title='bbox 1004 2503 1059 2551; x_wconf 90' lang='lat' dir='ltr'><strong>et</strong></span> <span class='ocrx_word' id='word_1_302' title='bbox 1078 2495 1265 2567; x_wconf 88' lang='lat' dir='ltr'><strong>Steph.</strong></span> <span class='ocrx_word' id='word_1_303' title='bbox 1293 2497 1530 2566; x_wconf 88' lang='lat' dir='ltr'><strong>Martin.,</strong></span> <span class='ocrx_word' id='word_1_304' title='bbox 1562 2498 1696 2554; x_wconf 61' lang='lat' dir='ltr'><strong>in-i.</strong></span> <span class='ocrx_word' id='word_1_305' title='bbox 1729 2498 1785 2554; x_wconf 90' lang='lat' dir='ltr'><strong>S.</strong></span> <span class='ocrx_word' id='word_1_306' title='bbox 1812 2498 2029 2555; x_wconf 85' lang='lat' dir='ltr'><strong>Maximi</strong></span> 
     </span>
    </p>
   </div>
   <div class='ocr_carea' id='block_1_41' title="bbox 444 2585 2031 2658">
    <p class='ocr_par' dir='ltr' id='par_1_41' title="bbox 444 2585 2031 2658">
     <span class='ocr_line' id='line_1_41' title="bbox 444 2585 2031 2658; baseline 0.002 -15"><span class='ocrx_word' id='word_1_307' title='bbox 444 2588 684 2658; x_wconf 88' lang='lat' dir='ltr'><strong>episcopi</strong></span> <span class='ocrx_word' id='word_1_308' title='bbox 699 2585 1042 2644; x_wconf 88' lang='lat' dir='ltr'><strong>Taurinensis</strong></span> <span class='ocrx_word' id='word_1_309' title='bbox 1064 2587 1299 2643; x_wconf 67' lang='lat' dir='ltr'><strong>homilite</strong></span> <span class='ocrx_word' id='word_1_310' title='bbox 1319 2588 1629 2654; x_wconf 85' lang='lat' dir='ltr'><strong>duodecim,</strong></span> <span class='ocrx_word' id='word_1_311' title='bbox 1654 2605 1722 2646; x_wconf 85' lang='lat' dir='ltr'><strong>ex</strong></span> <span class='ocrx_word' id='word_1_312' title='bbox 1751 2589 2031 2647; x_wconf 90' lang='lat' dir='ltr'><strong>codicibus</strong></span> 
     </span>
    </p>
   </div>
   <div class='ocr_carea' id='block_1_42' title="bbox 446 2680 2030 2753">
    <p class='ocr_par' dir='ltr' id='par_1_42' title="bbox 446 2680 2030 2753">
     <span class='ocr_line' id='line_1_42' title="bbox 446 2680 2030 2753; baseline 0.003 -18"><span class='ocrx_word' id='word_1_313' title='bbox 446 2696 575 2736; x_wconf 90' lang='lat' dir='ltr'><strong>mss.</strong></span> <span class='ocrx_word' id='word_1_314' title='bbox 618 2680 850 2753; x_wconf 91' lang='lat' dir='ltr'><strong>primum</strong></span> <span class='ocrx_word' id='word_1_315' title='bbox 878 2689 1043 2737; x_wconf 68' lang='lat' dir='ltr'><strong>eruta:</strong></span> <span class='ocrx_word' id='word_1_316' title='bbox 1070 2697 1102 2737; x_wconf 89' lang='lat' dir='ltr'><strong>a</strong></span> <span class='ocrx_word' id='word_1_317' title='bbox 1128 2680 1335 2738; x_wconf 85' lang='lat' dir='ltr'><strong>Joanne</strong></span> <span class='ocrx_word' id='word_1_318' title='bbox 1378 2682 1650 2741; x_wconf 91' lang='lat' dir='ltr'><strong>Mabillon.</strong></span> <span class='ocrx_word' id='word_1_319' title='bbox 1700 2683 1946 2741; x_wconf 80' lang='lat' dir='ltr'><strong>Eduntur</strong></span> <span class='ocrx_word' id='word_1_320' title='bbox 1974 2684 2030 2739; x_wconf 85' lang='lat' dir='ltr'><strong>in</strong></span> 
     </span>
    </p>
   </div>
   <div class='ocr_carea' id='block_1_43' title="bbox 445 2769 1831 2848">
    <p class='ocr_par' dir='ltr' id='par_1_43' title="bbox 445 2769 1831 2848">
     <span class='ocr_line' id='line_1_43' title="bbox 445 2769 1831 2848; baseline 0.002 -21"><span class='ocrx_word' id='word_1_321' title='bbox 445 2769 629 2828; x_wconf 75' lang='lat' dir='ltr'><strong>Musca</strong></span> <span class='ocrx_word' id='word_1_322' title='bbox 660 2771 846 2827; x_wconf 87' lang='lat' dir='ltr'><strong>Italico</strong></span> <span class='ocrx_word' id='word_1_323' title='bbox 875 2772 1137 2842; x_wconf 86' lang='lat' dir='ltr'><strong>ejusdem,</strong></span> <span class='ocrx_word' id='word_1_324' title='bbox 1164 2783 1318 2846; x_wconf 91' lang='lat' dir='ltr'><strong>parte</strong></span> <span class='ocrx_word' id='word_1_325' title='bbox 1344 2776 1531 2843; x_wconf 90' lang='lat' dir='ltr'><strong>altera,</strong></span> <span class='ocrx_word' id='word_1_326' title='bbox 1556 2792 1646 2848; x_wconf 90' lang='lat' dir='ltr'><strong>pp.</strong></span> <span class='ocrx_word' id='word_1_327' title='bbox 1679 2777 1831 2831; x_wconf 78' lang='lat'><strong>1-31.</strong></span> 
     </span>
    </p>
   </div>
   <div class='ocr_carea' id='block_1_44' title="bbox 517 2863 2031 2922">
    <p class='ocr_par' dir='ltr' id='par_1_44' title="bbox 517 2863 2031 2922">
     <span class='ocr_line' id='line_1_44' title="bbox 517 2863 2031 2922; baseline 0.002 -3"><span class='ocrx_word' id='word_1_328' title='bbox 517 2863 678 2920; x_wconf 85' lang='lat' dir='ltr'><strong>Tituli</strong></span> <span class='ocrx_word' id='word_1_329' title='bbox 707 2879 894 2921; x_wconf 90' lang='lat' dir='ltr'><strong>eorum</strong></span> <span class='ocrx_word' id='word_1_330' title='bbox 919 2874 1044 2921; x_wconf 88' lang='lat' dir='ltr'><strong>sunt</strong></span> <span class='ocrx_word' id='word_1_331' title='bbox 1080 2884 1092 2919; x_wconf 89' lang='lat'><strong>:</strong></span> <span class='ocrx_word' id='word_1_332' title='bbox 1124 2865 1165 2920; x_wconf 83' lang='grc' dir='ltr'><strong>Ι.</strong></span> <span class='ocrx_word' id='word_1_333' title='bbox 1197 2865 1277 2921; x_wconf 87' lang='lat' dir='ltr'><strong>De</strong></span> <span class='ocrx_word' id='word_1_334' title='bbox 1322 2866 1557 2922; x_wconf 86' lang='lat' dir='ltr'><strong>barbaris</strong></span> <span class='ocrx_word' id='word_1_335' title='bbox 1587 2884 1689 2922; x_wconf 87' lang='lat' dir='ltr'><strong>non</strong></span> <span class='ocrx_word' id='word_1_336' title='bbox 1720 2868 1955 2922; x_wconf 78' lang='lat' dir='ltr'><strong>timendis</strong></span> <span class='ocrx_word' id='word_1_337' title='bbox 1983 2868 2031 2922; x_wconf 86' lang='lat' dir='ltr'><strong>ei</strong></span> 
     </span>
    </p>
   </div>
   <div class='ocr_carea' id='block_1_45' title="bbox 444 2957 2031 3034">
    <p class='ocr_par' dir='ltr' id='par_1_45' title="bbox 444 2957 2031 3034">
     <span class='ocr_line' id='line_1_45' title="bbox 444 2957 2031 3034; baseline 0.004 -23"><span class='ocrx_word' id='word_1_338' title='bbox 444 2958 531 3030; x_wconf 88' lang='lat' dir='ltr'><strong>qui</strong></span> <span class='ocrx_word' id='word_1_339' title='bbox 570 2957 735 3013; x_wconf 84' lang='lat' dir='ltr'><strong>Deum</strong></span> <span class='ocrx_word' id='word_1_340' title='bbox 760 2960 921 3024; x_wconf 87' lang='lat' dir='ltr'><strong>timet,</strong></span> <span class='ocrx_word' id='word_1_341' title='bbox 956 2967 1006 3013; x_wconf 86' lang='lat' dir='ltr'><strong>et</strong></span> <span class='ocrx_word' id='word_1_342' title='bbox 1030 2959 1092 3014; x_wconf 84' lang='lat' dir='ltr'><strong>de</strong></span> <span class='ocrx_word' id='word_1_343' title='bbox 1118 2969 1298 3015; x_wconf 84' lang='lat' dir='ltr'><strong>sancto</strong></span> <span class='ocrx_word' id='word_1_344' title='bbox 1322 2959 1533 3016; x_wconf 81' lang='lat' dir='ltr'><strong>Eliswo&#39;.</strong></span> <span class='ocrx_word' id='word_1_345' title='bbox 1564 2961 1625 3017; x_wconf 87' lang='lat' dir='ltr'><strong>ll.</strong></span> <span class='ocrx_word' id='word_1_346' title='bbox 1662 2963 1793 3016; x_wconf 84' lang='lat' dir='ltr'><strong>Item</strong></span> <span class='ocrx_word' id='word_1_347' title='bbox 1812 2980 2031 3034; x_wconf 84' lang='lat' dir='ltr'><strong>sequen-</strong></span> 
     </span>
    </p>
   </div>
   <div class='ocr_carea' id='block_1_46' title="bbox 443 3049 2026 3124">
    <p class='ocr_par' dir='ltr' id='par_1_46' title="bbox 443 3049 2026 3124">
     <span class='ocr_line' id='line_1_46' title="bbox 443 3049 2026 3124; baseline 0.003 -22"><span class='ocrx_word' id='word_1_348' title='bbox 443 3051 538 3117; x_wconf 86' lang='lat' dir='ltr'><strong>tia,</strong></span> <span class='ocrx_word' id='word_1_349' title='bbox 564 3049 600 3104; x_wconf 90' lang='lat' dir='ltr'><strong>i.</strong></span> <span class='ocrx_word' id='word_1_350' title='bbox 625 3065 700 3118; x_wconf 86' lang='lat' dir='ltr'><strong>e.,</strong></span> <span class='ocrx_word' id='word_1_351' title='bbox 727 3049 796 3105; x_wconf 88' lang='lat' dir='ltr'><strong>de</strong></span> <span class='ocrx_word' id='word_1_352' title='bbox 816 3049 1011 3106; x_wconf 87' lang='lat' dir='ltr'><strong>eodem</strong></span> <span class='ocrx_word' id='word_1_353' title='bbox 1040 3049 1096 3106; x_wconf 91' lang='lat' dir='ltr'><strong>S.</strong></span> <span class='ocrx_word' id='word_1_354' title='bbox 1128 3049 1321 3108; x_wconf 68' lang='lat' dir='ltr'><strong>Elismo</strong></span> <span class='ocrx_word' id='word_1_355' title='bbox 1347 3053 1443 3123; x_wconf 75' lang='grc' dir='ltr'><strong>(ᾳ).</strong></span> <span class='ocrx_word' id='word_1_356' title='bbox 1476 3051 1562 3107; x_wconf 89' lang='lat' dir='ltr'><strong>lll.</strong></span> <span class='ocrx_word' id='word_1_357' title='bbox 1589 3052 1721 3107; x_wconf 89' lang='lat' dir='ltr'><strong>Item</strong></span> <span class='ocrx_word' id='word_1_358' title='bbox 1743 3054 2026 3124; x_wconf 85' lang='lat' dir='ltr'><strong>sequentia,</strong></span> 
     </span>
    </p>
   </div>
   <div class='ocr_carea' id='block_1_47' title="bbox 446 3144 2026 3212">
    <p class='ocr_par' dir='ltr' id='par_1_47' title="bbox 446 3144 2026 3212">
     <span class='ocr_line' id='line_1_47' title="bbox 446 3144 2026 3212; baseline 0.002 -12"><span class='ocrx_word' id='word_1_359' title='bbox 446 3145 483 3200; x_wconf 94' lang='lat' dir='ltr'><strong>i.</strong></span> <span class='ocrx_word' id='word_1_360' title='bbox 515 3159 591 3212; x_wconf 93' lang='lat' dir='ltr'><strong>e.,</strong></span> <span class='ocrx_word' id='word_1_361' title='bbox 621 3144 690 3199; x_wconf 92' lang='lat' dir='ltr'><strong>de</strong></span> <span class='ocrx_word' id='word_1_362' title='bbox 717 3145 961 3200; x_wconf 86' lang='lat' dir='ltr'><strong>hostibus</strong></span> <span class='ocrx_word' id='word_1_363' title='bbox 989 3161 1096 3201; x_wconf 91' lang='lat' dir='ltr'><strong>non</strong></span> <span class='ocrx_word' id='word_1_364' title='bbox 1129 3146 1400 3202; x_wconf 88' lang='lat' dir='ltr'><strong>timendis.</strong></span> <span class='ocrx_word' id='word_1_365' title='bbox 1431 3146 1518 3201; x_wconf 78' lang='grc' dir='ltr'><strong>ιν.</strong></span> <span class='ocrx_word' id='word_1_366' title='bbox 1557 3146 1638 3202; x_wconf 91' lang='lat' dir='ltr'><strong>De</strong></span> <span class='ocrx_word' id='word_1_367' title='bbox 1661 3146 1928 3203; x_wconf 80' lang='lat' dir='ltr'><strong>Ninivitis.</strong></span> <span class='ocrx_word' id='word_1_368' title='bbox 1962 3148 2026 3203; x_wconf 71' lang='grc' dir='ltr'><strong>ν.</strong></span> 
     </span>
    </p>
   </div>
   <div class='ocr_carea' id='block_1_48' title="bbox 2132 1950 3717 2023">
    <p class='ocr_par' dir='ltr' id='par_1_48' title="bbox 2132 1950 3717 2023">
     <span class='ocr_line' id='line_1_48' title="bbox 2132 1950 3717 2023; baseline -0.003 -13"><span class='ocrx_word' id='word_1_369' title='bbox 2132 1954 2478 2011; x_wconf 89' lang='lat' dir='ltr'><strong>Taurinensis</strong></span> <span class='ocrx_word' id='word_1_370' title='bbox 2505 1970 2782 2011; x_wconf 84' lang='lat' dir='ltr'><strong>sermones</strong></span> <span class='ocrx_word' id='word_1_371' title='bbox 2808 1954 2949 2009; x_wconf 90' lang='lat' dir='ltr'><strong>inter</strong></span> <span class='ocrx_word' id='word_1_372' title='bbox 2976 1951 3361 2009; x_wconf 88' lang='lat' dir='ltr'><strong>Ambrosianos</strong></span> <span class='ocrx_word' id='word_1_373' title='bbox 3389 1950 3717 2023; x_wconf 87' lang='lat' dir='ltr'><strong>reperiundi,</strong></span> 
     </span>
    </p>
   </div>
   <div class='ocr_carea' id='block_1_49' title="bbox 2132 2043 3720 2118">
    <p class='ocr_par' dir='ltr' id='par_1_49' title="bbox 2132 2043 3720 2118">
     <span class='ocr_line' id='line_1_49' title="bbox 2132 2043 3720 2118; baseline -0.003 -15"><span class='ocrx_word' id='word_1_374' title='bbox 2132 2047 2185 2103; x_wconf 91' lang='lat' dir='ltr'><strong>in</strong></span> <span class='ocrx_word' id='word_1_375' title='bbox 2227 2055 2376 2103; x_wconf 88' lang='lat' dir='ltr'><strong>tomo</strong></span> <span class='ocrx_word' id='word_1_376' title='bbox 2419 2046 2464 2101; x_wconf 89' lang='lat' dir='ltr'><strong>ll</strong></span> <span class='ocrx_word' id='word_1_377' title='bbox 2502 2063 2629 2118; x_wconf 89' lang='lat' dir='ltr'><strong>opp.</strong></span> <span class='ocrx_word' id='word_1_378' title='bbox 2661 2045 2948 2113; x_wconf 87' lang='lat' dir='ltr'><strong>Ambrosii,</strong></span> <span class='ocrx_word' id='word_1_379' title='bbox 2982 2044 3070 2101; x_wconf 93' lang='lat' dir='ltr'><strong>ed.</strong></span> <span class='ocrx_word' id='word_1_380' title='bbox 3102 2043 3597 2111; x_wconf 89' lang='lat' dir='ltr'><strong>Benedictinorum,</strong></span> <span class='ocrx_word' id='word_1_381' title='bbox 3624 2058 3720 2115; x_wconf 86' lang='lat' dir='ltr'><strong>ap-</strong></span> 
     </span>
    </p>
   </div>
   <div class='ocr_carea' id='block_1_50' title="bbox 2132 2138 2652 2211">
    <p class='ocr_par' dir='ltr' id='par_1_50' title="bbox 2132 2138 2652 2211">
     <span class='ocr_line' id='line_1_50' title="bbox 2132 2138 2652 2211; baseline -0.008 -15"><span class='ocrx_word' id='word_1_382' title='bbox 2132 2140 2299 2210; x_wconf 89' lang='lat' dir='ltr'><strong>pend.</strong></span> <span class='ocrx_word' id='word_1_383' title='bbox 2324 2156 2354 2195; x_wconf 90' lang='lat' dir='ltr'><strong>a</strong></span> <span class='ocrx_word' id='word_1_384' title='bbox 2379 2153 2500 2211; x_wconf 86' lang='lat' dir='ltr'><strong>pag.</strong></span> <span class='ocrx_word' id='word_1_385' title='bbox 2530 2138 2652 2194; x_wconf 77' lang='lat'><strong>591.</strong></span> 
     </span>
    </p>
   </div>
   <div class='ocr_carea' id='block_1_51' title="bbox 2203 2225 3719 2301">
    <p class='ocr_par' dir='ltr' id='par_1_51' title="bbox 2203 2225 3719 2301">
     <span class='ocr_line' id='line_1_51' title="bbox 2203 2225 3719 2301; baseline -0.003 -17"><span class='ocrx_word' id='word_1_386' title='bbox 2203 2229 2376 2299; x_wconf 87' lang='lat' dir='ltr'><strong>Major</strong></span> <span class='ocrx_word' id='word_1_387' title='bbox 2403 2229 2619 2301; x_wconf 90' lang='lat' dir='ltr'><strong>quidem</strong></span> <span class='ocrx_word' id='word_1_388' title='bbox 2660 2244 2787 2301; x_wconf 88' lang='lat' dir='ltr'><strong>pars</strong></span> <span class='ocrx_word' id='word_1_389' title='bbox 2826 2242 3138 2285; x_wconf 88' lang='lat' dir='ltr'><strong>sermonum</strong></span> <span class='ocrx_word' id='word_1_390' title='bbox 3176 2226 3424 2293; x_wconf 86' lang='lat' dir='ltr'><strong>istorum,</strong></span> <span class='ocrx_word' id='word_1_391' title='bbox 3456 2225 3548 2296; x_wconf 90' lang='lat' dir='ltr'><strong>qui</strong></span> <span class='ocrx_word' id='word_1_392' title='bbox 3588 2225 3719 2281; x_wconf 82' lang='lat' dir='ltr'><strong>Am-</strong></span> 
     </span>
    </p>
   </div>
   <div class='ocr_carea' id='block_1_52' title="bbox 2131 2318 3719 2391">
    <p class='ocr_par' dir='ltr' id='par_1_52' title="bbox 2131 2318 3719 2391">
     <span class='ocr_line' id='line_1_52' title="bbox 2131 2318 3719 2391; baseline -0.003 -13"><span class='ocrx_word' id='word_1_393' title='bbox 2131 2320 2298 2378; x_wconf 89' lang='lat' dir='ltr'><strong>brosii</strong></span> <span class='ocrx_word' id='word_1_394' title='bbox 2326 2337 2525 2378; x_wconf 90' lang='lat' dir='ltr'><strong>nomen</strong></span> <span class='ocrx_word' id='word_1_395' title='bbox 2553 2322 2608 2378; x_wconf 90' lang='lat' dir='ltr'><strong>in</strong></span> <span class='ocrx_word' id='word_1_396' title='bbox 2636 2338 2764 2378; x_wconf 87' lang='lat' dir='ltr'><strong>mss.</strong></span> <span class='ocrx_word' id='word_1_397' title='bbox 2798 2321 2949 2378; x_wconf 87' lang='lat' dir='ltr'><strong>libris</strong></span> <span class='ocrx_word' id='word_1_398' title='bbox 2993 2327 3188 2391; x_wconf 89' lang='lat' dir='ltr'><strong>gerunt</strong></span> <span class='ocrx_word' id='word_1_399' title='bbox 3223 2327 3280 2376; x_wconf 92' lang='lat' dir='ltr'><strong>et</strong></span> <span class='ocrx_word' id='word_1_400' title='bbox 3317 2334 3442 2376; x_wconf 91' lang='lat' dir='ltr'><strong>cum</strong></span> <span class='ocrx_word' id='word_1_401' title='bbox 3470 2318 3719 2389; x_wconf 85' lang='lat' dir='ltr'><strong>operibus</strong></span> 
     </span>
    </p>
   </div>
   <div class='ocr_carea' id='block_1_53' title="bbox 2130 2408 3720 2483">
    <p class='ocr_par' dir='ltr' id='par_1_53' title="bbox 2130 2408 3720 2483">
     <span class='ocr_line' id='line_1_53' title="bbox 2130 2408 3720 2483; baseline -0.004 -12"><span class='ocrx_word' id='word_1_402' title='bbox 2130 2413 2272 2471; x_wconf 90' lang='lat' dir='ltr'><strong>illius</strong></span> <span class='ocrx_word' id='word_1_403' title='bbox 2292 2414 2477 2471; x_wconf 87' lang='lat' dir='ltr'><strong>excusi</strong></span> <span class='ocrx_word' id='word_1_404' title='bbox 2498 2421 2644 2481; x_wconf 90' lang='lat' dir='ltr'><strong>sunt,</strong></span> <span class='ocrx_word' id='word_1_405' title='bbox 2675 2426 3013 2483; x_wconf 90' lang='lat' dir='ltr'><strong>quorumque</strong></span> <span class='ocrx_word' id='word_1_406' title='bbox 3039 2412 3281 2467; x_wconf 92' lang='lat' dir='ltr'><strong>omnium</strong></span> <span class='ocrx_word' id='word_1_407' title='bbox 3312 2409 3515 2466; x_wconf 89' lang='lat' dir='ltr'><strong>nullum</strong></span> <span class='ocrx_word' id='word_1_408' title='bbox 3543 2408 3720 2465; x_wconf 59' lang='lat' dir='ltr'><strong>omni.</strong></span> 
     </span>
    </p>
   </div>
   <div class='ocr_carea' id='block_1_54' title="bbox 2131 2502 3715 2578">
    <p class='ocr_par' dir='ltr' id='par_1_54' title="bbox 2131 2502 3715 2578">
     <span class='ocr_line' id='line_1_54' title="bbox 2131 2502 3715 2578; baseline -0.003 -17"><span class='ocrx_word' id='word_1_409' title='bbox 2131 2523 2203 2563; x_wconf 91' lang='lat' dir='ltr'><strong>no</strong></span> <span class='ocrx_word' id='word_1_410' title='bbox 2230 2508 2298 2563; x_wconf 90' lang='lat' dir='ltr'><strong>ad</strong></span> <span class='ocrx_word' id='word_1_411' title='bbox 2326 2505 2671 2564; x_wconf 87' lang='lat' dir='ltr'><strong>Ambrosium</strong></span> <span class='ocrx_word' id='word_1_412' title='bbox 2698 2507 2972 2578; x_wconf 75' lang='lat' dir='ltr'><strong>pertinere</strong></span> <span class='ocrx_word' id='word_1_413' title='bbox 2999 2512 3327 2562; x_wconf 88' lang='lat' dir='ltr'><strong>censuerunt</strong></span> <span class='ocrx_word' id='word_1_414' title='bbox 3364 2502 3715 2569; x_wconf 87' lang='lat' dir='ltr'><strong>Benedictini,</strong></span> 
     </span>
    </p>
   </div>
   <div class='ocr_carea' id='block_1_55' title="bbox 2131 2594 3720 2668">
    <p class='ocr_par' dir='ltr' id='par_1_55' title="bbox 2131 2594 3720 2668">
     <span class='ocr_line' id='line_1_55' title="bbox 2131 2594 3720 2668; baseline -0.003 -13"><span class='ocrx_word' id='word_1_415' title='bbox 2131 2600 2421 2655; x_wconf 88' lang='lat' dir='ltr'><strong>Maximum</strong></span> <span class='ocrx_word' id='word_1_416' title='bbox 2449 2600 2836 2656; x_wconf 88' lang='lat' dir='ltr'><strong>Taurinensem</strong></span> <span class='ocrx_word' id='word_1_417' title='bbox 2872 2607 3149 2655; x_wconf 88' lang='lat' dir='ltr'><strong>auctorem</strong></span> <span class='ocrx_word' id='word_1_418' title='bbox 3177 2597 3442 2668; x_wconf 88' lang='lat' dir='ltr'><strong>agnoscit.</strong></span> <span class='ocrx_word' id='word_1_419' title='bbox 3474 2594 3720 2665; x_wconf 71' lang='lat' dir='ltr'><strong>Plerique</strong></span> 
     </span>
    </p>
   </div>
   <div class='ocr_carea' id='block_1_56' title="bbox 2131 2686 3721 2759">
    <p class='ocr_par' dir='ltr' id='par_1_56' title="bbox 2131 2686 3721 2759">
     <span class='ocr_line' id='line_1_56' title="bbox 2131 2686 3721 2759; baseline -0.004 -10"><span class='ocrx_word' id='word_1_420' title='bbox 2131 2694 2293 2749; x_wconf 90' lang='lat' dir='ltr'><strong>etiam</strong></span> <span class='ocrx_word' id='word_1_421' title='bbox 2322 2709 2390 2749; x_wconf 85' lang='lat' dir='ltr'><strong>ex</strong></span> <span class='ocrx_word' id='word_1_422' title='bbox 2424 2693 2488 2748; x_wconf 90' lang='lat' dir='ltr'><strong>iis</strong></span> <span class='ocrx_word' id='word_1_423' title='bbox 2515 2692 2641 2748; x_wconf 89' lang='lat' dir='ltr'><strong>alibi</strong></span> <span class='ocrx_word' id='word_1_424' title='bbox 2668 2693 2768 2747; x_wconf 92' lang='lat' dir='ltr'><strong>sub</strong></span> <span class='ocrx_word' id='word_1_425' title='bbox 2797 2690 3013 2746; x_wconf 83' lang='lat' dir='ltr'><strong>Maximi</strong></span> <span class='ocrx_word' id='word_1_426' title='bbox 3052 2690 3271 2746; x_wconf 88' lang='lat' dir='ltr'><strong>nomine</strong></span> <span class='ocrx_word' id='word_1_427' title='bbox 3316 2689 3564 2759; x_wconf 89' lang='lat' dir='ltr'><strong>impressi</strong></span> <span class='ocrx_word' id='word_1_428' title='bbox 3603 2686 3721 2744; x_wconf 78' lang='lat' dir='ltr'><strong>fue-</strong></span> 
     </span>
    </p>
   </div>
   <div class='ocr_carea' id='block_1_57' title="bbox 2131 2781 3721 2851">
    <p class='ocr_par' dir='ltr' id='par_1_57' title="bbox 2131 2781 3721 2851">
     <span class='ocr_line' id='line_1_57' title="bbox 2131 2781 3721 2851; baseline -0.003 -10"><span class='ocrx_word' id='word_1_429' title='bbox 2131 2794 2276 2842; x_wconf 92' lang='lat' dir='ltr'><strong>runt.</strong></span> <span class='ocrx_word' id='word_1_430' title='bbox 2300 2785 2587 2841; x_wconf 88' lang='lat' dir='ltr'><strong>Enimvero</strong></span> <span class='ocrx_word' id='word_1_431' title='bbox 2609 2799 2639 2838; x_wconf 90' lang='lat' dir='ltr'><strong>a</strong></span> <span class='ocrx_word' id='word_1_432' title='bbox 2662 2783 2918 2839; x_wconf 76' lang='lat' dir='ltr'><strong>Romanis</strong></span> <span class='ocrx_word' id='word_1_433' title='bbox 2944 2781 3214 2839; x_wconf 85' lang='lat' dir='ltr'><strong>Ambrosii</strong></span> <span class='ocrx_word' id='word_1_434' title='bbox 3240 2781 3559 2848; x_wconf 89' lang='lat' dir='ltr'><strong>editoribus,</strong></span> <span class='ocrx_word' id='word_1_435' title='bbox 3582 2795 3721 2851; x_wconf 54' lang='lat' dir='ltr'><strong>quo.</strong></span> 
     </span>
    </p>
   </div>
   <div class='ocr_carea' id='block_1_58' title="bbox 2131 2873 3719 2948">
    <p class='ocr_par' dir='ltr' id='par_1_58' title="bbox 2131 2873 3719 2948">
     <span class='ocr_line' id='line_1_58' title="bbox 2131 2873 3719 2948; baseline -0.003 -15"><span class='ocrx_word' id='word_1_436' title='bbox 2131 2893 2249 2933; x_wconf 88' lang='lat' dir='ltr'><strong>rum</strong></span> <span class='ocrx_word' id='word_1_437' title='bbox 2277 2891 2442 2948; x_wconf 91' lang='lat' dir='ltr'><strong>opera</strong></span> <span class='ocrx_word' id='word_1_438' title='bbox 2468 2891 2567 2946; x_wconf 92' lang='lat' dir='ltr'><strong>per</strong></span> <span class='ocrx_word' id='word_1_439' title='bbox 2593 2883 2808 2932; x_wconf 88' lang='lat' dir='ltr'><strong>centum</strong></span> <span class='ocrx_word' id='word_1_440' title='bbox 2831 2882 2887 2931; x_wconf 91' lang='lat' dir='ltr'><strong>et</strong></span> <span class='ocrx_word' id='word_1_441' title='bbox 2906 2874 3134 2945; x_wconf 83' lang='lat' dir='ltr'><strong>amplius</strong></span> <span class='ocrx_word' id='word_1_442' title='bbox 3159 2888 3330 2930; x_wconf 87' lang='lat' dir='ltr'><strong>annos</strong></span> <span class='ocrx_word' id='word_1_443' title='bbox 3349 2874 3463 2930; x_wconf 89' lang='lat' dir='ltr'><strong>sola</strong></span> <span class='ocrx_word' id='word_1_444' title='bbox 3485 2873 3719 2929; x_wconf 87' lang='lat' dir='ltr'><strong>exscribi</strong></span> 
     </span>
    </p>
   </div>
   <div class='ocr_carea' id='block_1_59' title="bbox 2131 2965 3721 3036">
    <p class='ocr_par' dir='ltr' id='par_1_59' title="bbox 2131 2965 3721 3036">
     <span class='ocr_line' id='line_1_59' title="bbox 2131 2965 3721 3036; baseline -0.004 -11"><span class='ocrx_word' id='word_1_445' title='bbox 2131 2968 2429 3031; x_wconf 87' lang='lat' dir='ltr'><strong>consuevit,</strong></span> <span class='ocrx_word' id='word_1_446' title='bbox 2461 2966 2652 3022; x_wconf 88' lang='lat' dir='ltr'><strong>horum</strong></span> <span class='ocrx_word' id='word_1_447' title='bbox 2681 2966 2825 3021; x_wconf 91' lang='lat' dir='ltr'><strong>nulla</strong></span> <span class='ocrx_word' id='word_1_448' title='bbox 2851 2966 3011 3036; x_wconf 87' lang='lat' dir='ltr'><strong>plane</strong></span> <span class='ocrx_word' id='word_1_449' title='bbox 3037 2966 3177 3021; x_wconf 89' lang='lat' dir='ltr'><strong>ratio</strong></span> <span class='ocrx_word' id='word_1_450' title='bbox 3205 2965 3386 3020; x_wconf 88' lang='lat' dir='ltr'><strong>habita</strong></span> <span class='ocrx_word' id='word_1_451' title='bbox 3414 2972 3551 3032; x_wconf 87' lang='lat' dir='ltr'><strong>erat,</strong></span> <span class='ocrx_word' id='word_1_452' title='bbox 3568 2965 3721 3036; x_wconf 87' lang='lat' dir='ltr'><strong>quip-</strong></span> 
     </span>
    </p>
   </div>
   <div class='ocr_carea' id='block_1_60' title="bbox 2131 3055 3721 3131">
    <p class='ocr_par' dir='ltr' id='par_1_60' title="bbox 2131 3055 3721 3131">
     <span class='ocr_line' id='line_1_60' title="bbox 2131 3055 3721 3131; baseline -0.003 -16"><span class='ocrx_word' id='word_1_453' title='bbox 2131 3076 2201 3131; x_wconf 87' lang='lat' dir='ltr'><strong>pe</strong></span> <span class='ocrx_word' id='word_1_454' title='bbox 2228 3060 2419 3131; x_wconf 89' lang='lat' dir='ltr'><strong>quibus</strong></span> <span class='ocrx_word' id='word_1_455' title='bbox 2446 3058 2617 3128; x_wconf 84' lang='lat' dir='ltr'><strong>magis</strong></span> <span class='ocrx_word' id='word_1_456' title='bbox 2642 3058 2797 3113; x_wconf 91' lang='lat' dir='ltr'><strong>cordi</strong></span> <span class='ocrx_word' id='word_1_457' title='bbox 2827 3056 2926 3113; x_wconf 89' lang='lat' dir='ltr'><strong>fuit</strong></span> <span class='ocrx_word' id='word_1_458' title='bbox 2960 3072 3242 3112; x_wconf 88' lang='lat' dir='ltr'><strong>numerum</strong></span> <span class='ocrx_word' id='word_1_459' title='bbox 3270 3055 3540 3111; x_wconf 86' lang='lat' dir='ltr'><strong>Ambrosii</strong></span> <span class='ocrx_word' id='word_1_460' title='bbox 3585 3057 3721 3112; x_wconf 81' lang='lat' dir='ltr'><strong>scri-</strong></span> 
     </span>
    </p>
   </div>
   <div class='ocr_carea' id='block_1_61' title="bbox 2133 3146 3722 3224">
    <p class='ocr_par' dir='ltr' id='par_1_61' title="bbox 2133 3146 3722 3224">
     <span class='ocr_line' id='line_1_61' title="bbox 2133 3146 3722 3224; baseline -0.003 -16"><span class='ocrx_word' id='word_1_461' title='bbox 2133 3160 2347 3224; x_wconf 89' lang='lat' dir='ltr'><strong>ptorum</strong></span> <span class='ocrx_word' id='word_1_462' title='bbox 2371 3165 2690 3223; x_wconf 89' lang='lat' dir='ltr'><strong>quocunque</strong></span> <span class='ocrx_word' id='word_1_463' title='bbox 2726 3149 2891 3205; x_wconf 91' lang='lat' dir='ltr'><strong>modo</strong></span> <span class='ocrx_word' id='word_1_464' title='bbox 2912 3163 3127 3218; x_wconf 89' lang='lat' dir='ltr'><strong>augere,</strong></span> <span class='ocrx_word' id='word_1_465' title='bbox 3154 3163 3316 3218; x_wconf 89' lang='lat' dir='ltr'><strong>quam</strong></span> <span class='ocrx_word' id='word_1_466' title='bbox 3346 3147 3519 3203; x_wconf 91' lang='lat' dir='ltr'><strong>critici</strong></span> <span class='ocrx_word' id='word_1_467' title='bbox 3541 3146 3722 3203; x_wconf 76' lang='lat' dir='ltr'><strong>ollicio</strong></span> 
     </span>
    </p>
   </div>
   <div class='ocr_carea' id='block_1_62' title="bbox 446 3232 3717 3313">
    <p class='ocr_par' dir='ltr' id='par_1_62' title="bbox 446 3232 3717 3313">
     <span class='ocr_line' id='line_1_62' title="bbox 446 3232 3717 3313; baseline 0.001 -24"><span class='ocrx_word' id='word_1_468' title='bbox 446 3234 528 3290; x_wconf 93' lang='lat' dir='ltr'><strong>De</strong></span> <span class='ocrx_word' id='word_1_469' title='bbox 545 3235 775 3290; x_wconf 83' lang='lat' dir='ltr'><strong>colendis</strong></span> <span class='ocrx_word' id='word_1_470' title='bbox 803 3234 1094 3292; x_wconf 76' lang='lat' dir='ltr'><strong>Ianuariis.</strong></span> <span class='ocrx_word' id='word_1_471' title='bbox 1128 3236 1213 3292; x_wconf 87' lang='lat' dir='ltr'><strong>Vl.</strong></span> <span class='ocrx_word' id='word_1_472' title='bbox 1247 3237 1327 3292; x_wconf 91' lang='lat' dir='ltr'><strong>De</strong></span> <span class='ocrx_word' id='word_1_473' title='bbox 1354 3239 1553 3311; x_wconf 81' lang='lat' dir='ltr'><strong>defectu</strong></span> <span class='ocrx_word' id='word_1_474' title='bbox 1577 3241 1731 3294; x_wconf 73' lang='lat' dir='ltr'><strong>lunae.</strong></span> <span class='ocrx_word' id='word_1_475' title='bbox 1765 3238 1873 3294; x_wconf 74' lang='grc' dir='ltr'><strong>νη.</strong></span> <span class='ocrx_word' id='word_1_476' title='bbox 1899 3241 2033 3295; x_wconf 81' lang='lat' dir='ltr'><strong>Ante</strong></span> <span class='ocrx_word' id='word_1_477' title='bbox 2057 3232 2101 3294; x_wconf 90' lang='lat' dir='ltr'><strong><em>C</em></strong></span> <span class='ocrx_word' id='word_1_478' title='bbox 2135 3243 2281 3312; x_wconf 86' lang='lat' dir='ltr'><strong>fungi</strong></span> <span class='ocrx_word' id='word_1_479' title='bbox 2310 3249 2365 3297; x_wconf 92' lang='lat' dir='ltr'><strong>et</strong></span> <span class='ocrx_word' id='word_1_480' title='bbox 2390 3243 2522 3313; x_wconf 88' lang='lat' dir='ltr'><strong>pati,</strong></span> <span class='ocrx_word' id='word_1_481' title='bbox 2553 3250 2612 3296; x_wconf 95' lang='lat' dir='ltr'><strong>ut</strong></span> <span class='ocrx_word' id='word_1_482' title='bbox 2638 3239 2896 3296; x_wconf 83' lang='lat' dir='ltr'><strong>notandis</strong></span> <span class='ocrx_word' id='word_1_483' title='bbox 2922 3240 3117 3310; x_wconf 88' lang='lat' dir='ltr'><strong>spnriis</strong></span> <span class='ocrx_word' id='word_1_484' title='bbox 3156 3240 3246 3295; x_wconf 91' lang='lat' dir='ltr'><strong>ille</strong></span> <span class='ocrx_word' id='word_1_485' title='bbox 3292 3232 3717 3294; x_wconf 88' lang='lat' dir='ltr'><strong>imminueretur.</strong></span> 
     </span>
    </p>
   </div>
   <div class='ocr_carea' id='block_1_63' title="bbox 447 3327 2031 3389">
    <p class='ocr_par' dir='ltr' id='par_1_63' title="bbox 447 3327 2031 3389">
     <span class='ocr_line' id='line_1_63' title="bbox 447 3327 2031 3389; baseline 0.003 -5"><span class='ocrx_word' id='word_1_486' title='bbox 447 3327 643 3385; x_wconf 89' lang='lat' dir='ltr'><strong>Natale</strong></span> <span class='ocrx_word' id='word_1_487' title='bbox 680 3329 913 3386; x_wconf 79' lang='lat' dir='ltr'><strong>Domini.</strong></span> <span class='ocrx_word' id='word_1_488' title='bbox 952 3331 1083 3387; x_wconf 82' lang='lat' dir='ltr'><strong>Vlll.</strong></span> <span class='ocrx_word' id='word_1_489' title='bbox 1138 3330 1219 3386; x_wconf 92' lang='lat' dir='ltr'><strong>De</strong></span> <span class='ocrx_word' id='word_1_490' title='bbox 1258 3330 1446 3386; x_wconf 89' lang='lat' dir='ltr'><strong>Natali</strong></span> <span class='ocrx_word' id='word_1_491' title='bbox 1492 3332 1724 3388; x_wconf 89' lang='lat' dir='ltr'><strong>Domini.</strong></span> <span class='ocrx_word' id='word_1_492' title='bbox 1767 3331 1859 3387; x_wconf 82' lang='lat' dir='ltr'><strong>1X.</strong></span> <span class='ocrx_word' id='word_1_493' title='bbox 1903 3332 2031 3389; x_wconf 83' lang='lat' dir='ltr'><strong>Post</strong></span> 
     </span>
    </p>
   </div>
   <div class='ocr_carea' id='block_1_64' title="bbox 446 3419 2025 3498">
    <p class='ocr_par' dir='ltr' id='par_1_64' title="bbox 446 3419 2025 3498">
     <span class='ocr_line' id='line_1_64' title="bbox 446 3419 2025 3498; baseline 0.004 -23"><span class='ocrx_word' id='word_1_494' title='bbox 446 3419 695 3477; x_wconf 85' lang='lat' dir='ltr'><strong>Natalem</strong></span> <span class='ocrx_word' id='word_1_495' title='bbox 720 3422 945 3479; x_wconf 89' lang='lat' dir='ltr'><strong>Domini.</strong></span> <span class='ocrx_word' id='word_1_496' title='bbox 973 3422 1040 3477; x_wconf 87' lang='lat' dir='ltr'><strong>X.</strong></span> <span class='ocrx_word' id='word_1_497' title='bbox 1074 3424 1152 3480; x_wconf 90' lang='lat' dir='ltr'><strong>De</strong></span> <span class='ocrx_word' id='word_1_498' title='bbox 1173 3426 1425 3480; x_wconf 76' lang='lat' dir='ltr'><strong>hwreticis</strong></span> <span class='ocrx_word' id='word_1_499' title='bbox 1444 3437 1654 3498; x_wconf 86' lang='lat' dir='ltr'><strong>peccata</strong></span> <span class='ocrx_word' id='word_1_500' title='bbox 1676 3426 2025 3481; x_wconf 72' lang='lat' dir='ltr'><strong>vendentibus.</strong></span> 
     </span>
    </p>
   </div>
   <div class='ocr_carea' id='block_1_65' title="bbox 444 3510 2031 3593">
    <p class='ocr_par' dir='ltr' id='par_1_65' title="bbox 444 3510 2031 3593">
     <span class='ocr_line' id='line_1_65' title="bbox 444 3510 2031 3593; baseline 0.003 -25"><span class='ocrx_word' id='word_1_501' title='bbox 444 3510 534 3593; x_wconf 58' lang='lat' dir='ltr'><strong>XI:</strong></span> <span class='ocrx_word' id='word_1_502' title='bbox 563 3510 716 3578; x_wconf 81' lang='lat' dir='ltr'><strong>Quod</strong></span> <span class='ocrx_word' id='word_1_503' title='bbox 736 3531 840 3569; x_wconf 91' lang='lat' dir='ltr'><strong>non</strong></span> <span class='ocrx_word' id='word_1_504' title='bbox 861 3515 1046 3570; x_wconf 83' lang='lat' dir='ltr'><strong>debent</strong></span> <span class='ocrx_word' id='word_1_505' title='bbox 1065 3516 1241 3571; x_wconf 88' lang='lat' dir='ltr'><strong>clerici</strong></span> <span class='ocrx_word' id='word_1_506' title='bbox 1269 3519 1544 3588; x_wconf 83' lang='lat' dir='ltr'><strong>negotiari.</strong></span> <span class='ocrx_word' id='word_1_507' title='bbox 1570 3516 1681 3572; x_wconf 83' lang='grc' dir='ltr'><strong>ΧΠ.</strong></span> <span class='ocrx_word' id='word_1_508' title='bbox 1709 3517 1787 3572; x_wconf 92' lang='lat' dir='ltr'><strong>De</strong></span> <span class='ocrx_word' id='word_1_509' title='bbox 1815 3535 2031 3589; x_wconf 84' lang='lat' dir='ltr'><strong>corpore</strong></span> 
     </span>
    </p>
   </div>
   <div class='ocr_carea' id='block_1_66' title="bbox 444 3605 2025 3666">
    <p class='ocr_par' dir='ltr' id='par_1_66' title="bbox 444 3605 2025 3666">
     <span class='ocr_line' id='line_1_66' title="bbox 444 3605 2025 3666; baseline 0.002 -6"><span class='ocrx_word' id='word_1_510' title='bbox 444 3605 679 3662; x_wconf 88' lang='lat' dir='ltr'><strong>Domini.</strong></span> <span class='ocrx_word' id='word_1_511' title='bbox 716 3606 932 3663; x_wconf 64' lang='lat' dir='ltr'><strong>Haustus</strong></span> <span class='ocrx_word' id='word_1_512' title='bbox 970 3608 1072 3663; x_wconf 79' lang='lat' dir='ltr'><strong>illa:</strong></span> <span class='ocrx_word' id='word_1_513' title='bbox 1114 3617 1236 3664; x_wconf 91' lang='lat' dir='ltr'><strong>sunt</strong></span> <span class='ocrx_word' id='word_1_514' title='bbox 1276 3623 1345 3664; x_wconf 89' lang='lat' dir='ltr'><strong>ex</strong></span> <span class='ocrx_word' id='word_1_515' title='bbox 1365 3609 1536 3665; x_wconf 89' lang='lat' dir='ltr'><strong>tribus</strong></span> <span class='ocrx_word' id='word_1_516' title='bbox 1579 3609 1857 3666; x_wconf 89' lang='lat' dir='ltr'><strong>codicibus</strong></span> <span class='ocrx_word' id='word_1_517' title='bbox 1898 3625 2025 3665; x_wconf 91' lang='lat' dir='ltr'><strong>mss.</strong></span> 
     </span>
    </p>
   </div>
   <div class='ocr_carea' id='block_1_67' title="bbox 444 3697 2030 3769">
    <p class='ocr_par' dir='ltr' id='par_1_67' title="bbox 444 3697 2030 3769">
     <span class='ocr_line' id='line_1_67' title="bbox 444 3697 2030 3769; baseline 0.003 -16"><span class='ocrx_word' id='word_1_518' title='bbox 444 3698 803 3769; x_wconf 89' lang='lat' dir='ltr'><strong>perantiquis,</strong></span> <span class='ocrx_word' id='word_1_519' title='bbox 846 3713 953 3755; x_wconf 92' lang='lat' dir='ltr'><strong>uno</strong></span> <span class='ocrx_word' id='word_1_520' title='bbox 1000 3697 1387 3756; x_wconf 89' lang='lat' dir='ltr'><strong>Mediolanensi</strong></span> <span class='ocrx_word' id='word_1_521' title='bbox 1425 3700 1763 3757; x_wconf 68' lang='lat' dir='ltr'><strong>bibliothecze</strong></span> <span class='ocrx_word' id='word_1_522' title='bbox 1800 3702 2030 3757; x_wconf 89' lang='lat' dir='ltr'><strong>Ambro-</strong></span> 
     </span>
    </p>
   </div>
   <div class='ocr_carea' id='block_1_68' title="bbox 447 3788 2027 3857">
    <p class='ocr_par' dir='ltr' id='par_1_68' title="bbox 447 3788 2027 3857">
     <span class='ocr_line' id='line_1_68' title="bbox 447 3788 2027 3857; baseline 0.003 -12"><span class='ocrx_word' id='word_1_523' title='bbox 447 3790 644 3857; x_wconf 62' lang='lat' dir='ltr'><strong>sianar,</strong></span> <span class='ocrx_word' id='word_1_524' title='bbox 690 3788 930 3845; x_wconf 90' lang='lat' dir='ltr'><strong>secundo</strong></span> <span class='ocrx_word' id='word_1_525' title='bbox 982 3789 1227 3846; x_wconf 83' lang='lat' dir='ltr'><strong>Romano</strong></span> <span class='ocrx_word' id='word_1_526' title='bbox 1273 3792 1591 3848; x_wconf 90' lang='lat' dir='ltr'><strong>monasterii</strong></span> <span class='ocrx_word' id='word_1_527' title='bbox 1637 3793 1694 3847; x_wconf 93' lang='lat' dir='ltr'><strong>S.</strong></span> <span class='ocrx_word' id='word_1_528' title='bbox 1742 3793 1928 3850; x_wconf 89' lang='lat' dir='ltr'><strong>Crucis</strong></span> <span class='ocrx_word' id='word_1_529' title='bbox 1974 3793 2027 3849; x_wconf 91' lang='lat' dir='ltr'><strong>in</strong></span> 
     </span>
    </p>
   </div>
   <div class='ocr_carea' id='block_1_69' title="bbox 447 3880 2028 3949">
    <p class='ocr_par' dir='ltr' id='par_1_69' title="bbox 447 3880 2028 3949">
     <span class='ocr_line' id='line_1_69' title="bbox 447 3880 2028 3949; baseline 0.002 -11"><span class='ocrx_word' id='word_1_530' title='bbox 447 3880 766 3949; x_wconf 79' lang='lat' dir='ltr'><strong>Jerusalem,</strong></span> <span class='ocrx_word' id='word_1_531' title='bbox 781 3881 941 3938; x_wconf 89' lang='lat' dir='ltr'><strong>tertio</strong></span> <span class='ocrx_word' id='word_1_532' title='bbox 959 3881 1236 3938; x_wconf 82' lang='lat' dir='ltr'><strong>Helvetico</strong></span> <span class='ocrx_word' id='word_1_533' title='bbox 1250 3898 1317 3938; x_wconf 89' lang='lat' dir='ltr'><strong>ex</strong></span> <span class='ocrx_word' id='word_1_534' title='bbox 1331 3885 1545 3939; x_wconf 76' lang='lat' dir='ltr'><strong>abbatis</strong></span> <span class='ocrx_word' id='word_1_535' title='bbox 1562 3884 1620 3940; x_wconf 92' lang='lat' dir='ltr'><strong>S.</strong></span> <span class='ocrx_word' id='word_1_536' title='bbox 1635 3883 1789 3939; x_wconf 87' lang='lat' dir='ltr'><strong>Galli.</strong></span> <span class='ocrx_word' id='word_1_537' title='bbox 1813 3906 1830 3937; x_wconf 86' lang='grc'><em>‹</em></span> <span class='ocrx_word' id='word_1_538' title='bbox 1852 3885 1928 3940; x_wconf 87' lang='lat' dir='ltr'><strong>Ex</strong></span> <span class='ocrx_word' id='word_1_539' title='bbox 1946 3886 2028 3942; x_wconf 90' lang='lat' dir='ltr'><strong>his</strong></span> 
     </span>
    </p>
   </div>
   <div class='ocr_carea' id='block_1_70' title="bbox 445 3972 2030 4047">
    <p class='ocr_par' dir='ltr' id='par_1_70' title="bbox 445 3972 2030 4047">
     <span class='ocr_line' id='line_1_70' title="bbox 445 3972 2030 4047; baseline 0.002 -18"><span class='ocrx_word' id='word_1_540' title='bbox 445 3974 615 4031; x_wconf 89' lang='lat' dir='ltr'><strong>tribus</strong></span> <span class='ocrx_word' id='word_1_541' title='bbox 644 3972 923 4032; x_wconf 87' lang='lat' dir='ltr'><strong>codicibus</strong></span> <span class='ocrx_word' id='word_1_542' title='bbox 946 3974 1351 4047; x_wconf 88' lang='lat' dir='ltr'><strong>(Mabillonius),</strong></span> <span class='ocrx_word' id='word_1_543' title='bbox 1370 3976 1561 4046; x_wconf 89' lang='lat' dir='ltr'><strong>inquit,</strong></span> <span class='ocrx_word' id='word_1_544' title='bbox 1585 3980 1925 4045; x_wconf 89' lang='lat' dir='ltr'><strong>quantumvis</strong></span> <span class='ocrx_word' id='word_1_545' title='bbox 1941 3995 2030 4039; x_wconf 49' lang='lat' dir='ltr'><strong>ana</strong></span> 
     </span>
    </p>
   </div>
   <div class='ocr_carea' id='block_1_71' title="bbox 445 4069 2027 4143">
    <p class='ocr_par' dir='ltr' id='par_1_71' title="bbox 445 4069 2027 4143">
     <span class='ocr_line' id='line_1_71' title="bbox 445 4069 2027 4143; baseline 0 -18"><span class='ocrx_word' id='word_1_546' title='bbox 445 4069 624 4140; x_wconf 90' lang='lat' dir='ltr'><strong>tiquis,</strong></span> <span class='ocrx_word' id='word_1_547' title='bbox 649 4086 755 4127; x_wconf 92' lang='lat' dir='ltr'><strong>non</strong></span> <span class='ocrx_word' id='word_1_548' title='bbox 783 4071 989 4127; x_wconf 88' lang='lat' dir='ltr'><strong>eruitur</strong></span> <span class='ocrx_word' id='word_1_549' title='bbox 1000 4078 1147 4128; x_wconf 88' lang='lat' dir='ltr'><strong>certa</strong></span> <span class='ocrx_word' id='word_1_550' title='bbox 1160 4080 1214 4127; x_wconf 90' lang='lat' dir='ltr'><strong>et</strong></span> <span class='ocrx_word' id='word_1_551' title='bbox 1229 4074 1509 4143; x_wconf 87' lang='lat' dir='ltr'><strong>explorata</strong></span> <span class='ocrx_word' id='word_1_552' title='bbox 1531 4073 1768 4143; x_wconf 76' lang='lat' dir='ltr'><strong>cognitio</strong></span> <span class='ocrx_word' id='word_1_553' title='bbox 1790 4072 2027 4127; x_wconf 91' lang='lat' dir='ltr'><strong>omnium</strong></span> 
     </span>
    </p>
   </div>
   <div class='ocr_carea' id='block_1_72' title="bbox 442 4161 2030 4233">
    <p class='ocr_par' dir='ltr' id='par_1_72' title="bbox 442 4161 2030 4233">
     <span class='ocr_line' id='line_1_72' title="bbox 442 4161 2030 4233; baseline -0.001 -14"><span class='ocrx_word' id='word_1_554' title='bbox 442 4162 615 4219; x_wconf 81' lang='lat' dir='ltr'><strong>sancti</strong></span> <span class='ocrx_word' id='word_1_555' title='bbox 637 4161 852 4217; x_wconf 86' lang='lat' dir='ltr'><strong>Maximi</strong></span> <span class='ocrx_word' id='word_1_556' title='bbox 875 4162 1241 4229; x_wconf 89' lang='lat' dir='ltr'><strong>homiliarum,</strong></span> <span class='ocrx_word' id='word_1_557' title='bbox 1264 4163 1527 4233; x_wconf 89' lang='lat' dir='ltr'><strong>siquidem</strong></span> <span class='ocrx_word' id='word_1_558' title='bbox 1550 4163 1916 4232; x_wconf 84' lang='lat' dir='ltr'><strong>Sangallensis</strong></span> <span class='ocrx_word' id='word_1_559' title='bbox 1937 4179 2030 4218; x_wconf 89' lang='lat' dir='ltr'><strong>eas</strong></span> 
     </span>
    </p>
   </div>
   <div class='ocr_carea' id='block_1_73' title="bbox 440 4251 2031 4323">
    <p class='ocr_par' dir='ltr' id='par_1_73' title="bbox 440 4251 2031 4323">
     <span class='ocr_line' id='line_1_73' title="bbox 440 4251 2031 4323; baseline 0.001 -16"><span class='ocrx_word' id='word_1_560' title='bbox 440 4253 540 4308; x_wconf 90' lang='lat' dir='ltr'><strong>sub</strong></span> <span class='ocrx_word' id='word_1_561' title='bbox 573 4252 853 4323; x_wconf 87' lang='lat' dir='ltr'><strong>Augustini</strong></span> <span class='ocrx_word' id='word_1_562' title='bbox 899 4252 1034 4309; x_wconf 87' lang='lat' dir='ltr'><strong>falso</strong></span> <span class='ocrx_word' id='word_1_563' title='bbox 1093 4254 1250 4309; x_wconf 90' lang='lat' dir='ltr'><strong>titulo</strong></span> <span class='ocrx_word' id='word_1_564' title='bbox 1300 4254 1556 4319; x_wconf 89' lang='lat' dir='ltr'><strong>adducit;</strong></span> <span class='ocrx_word' id='word_1_565' title='bbox 1601 4252 1811 4308; x_wconf 72' lang='lat' dir='ltr'><strong>Sanctae</strong></span> <span class='ocrx_word' id='word_1_566' title='bbox 1842 4251 2031 4309; x_wconf 88' lang='lat' dir='ltr'><strong>Crucis</strong></span> 
     </span>
    </p>
   </div>
   <div class='ocr_carea' id='block_1_74' title="bbox 439 4343 2033 4416">
    <p class='ocr_par' dir='ltr' id='par_1_74' title="bbox 439 4343 2033 4416">
     <span class='ocr_line' id='line_1_74' title="bbox 439 4343 2033 4416; baseline -0.001 -15"><span class='ocrx_word' id='word_1_567' title='bbox 439 4343 637 4411; x_wconf 88' lang='lat' dir='ltr'><strong>codex,</strong></span> <span class='ocrx_word' id='word_1_568' title='bbox 662 4344 844 4400; x_wconf 91' lang='lat' dir='ltr'><strong>deleto</strong></span> <span class='ocrx_word' id='word_1_569' title='bbox 869 4347 981 4400; x_wconf 84' lang='lat' dir='ltr'><strong>veri</strong></span> <span class='ocrx_word' id='word_1_570' title='bbox 1008 4345 1247 4400; x_wconf 89' lang='lat' dir='ltr'><strong>auctoris</strong></span> <span class='ocrx_word' id='word_1_571' title='bbox 1268 4346 1506 4412; x_wconf 89' lang='lat' dir='ltr'><strong>nomine,</strong></span> <span class='ocrx_word' id='word_1_572' title='bbox 1538 4345 1878 4401; x_wconf 87' lang='lat' dir='ltr'><strong>Ambrosium</strong></span> <span class='ocrx_word' id='word_1_573' title='bbox 1899 4361 2033 4416; x_wconf 67' lang='lat' dir='ltr'><strong>prte-</strong></span> 
     </span>
    </p>
   </div>
   <div class='ocr_carea' id='block_1_75' title="bbox 439 4432 2024 4505">
    <p class='ocr_par' dir='ltr' id='par_1_75' title="bbox 439 4432 2024 4505">
     <span class='ocr_line' id='line_1_75' title="bbox 439 4432 2024 4505; baseline -0.001 -15"><span class='ocrx_word' id='word_1_574' title='bbox 439 4433 582 4504; x_wconf 83' lang='lat' dir='ltr'><strong>fert;</strong></span> <span class='ocrx_word' id='word_1_575' title='bbox 624 4452 761 4492; x_wconf 90' lang='lat' dir='ltr'><strong>unus</strong></span> <span class='ocrx_word' id='word_1_576' title='bbox 789 4432 1173 4491; x_wconf 86' lang='lat' dir='ltr'><strong>Ambrosianus</strong></span> <span class='ocrx_word' id='word_1_577' title='bbox 1201 4436 1437 4491; x_wconf 85' lang='lat' dir='ltr'><strong>Maximo</strong></span> <span class='ocrx_word' id='word_1_578' title='bbox 1476 4435 1737 4505; x_wconf 88' lang='lat' dir='ltr'><strong>quasdam</strong></span> <span class='ocrx_word' id='word_1_579' title='bbox 1772 4436 2024 4505; x_wconf 82' lang='lat' dir='ltr'><strong>assignat,</strong></span> 
     </span>
    </p>
   </div>
   <div class='ocr_carea' id='block_1_76' title="bbox 437 4528 2027 4602">
    <p class='ocr_par' dir='ltr' id='par_1_76' title="bbox 437 4528 2027 4602">
     <span class='ocr_line' id='line_1_76' title="bbox 437 4528 2027 4602; baseline -0.003 -15"><span class='ocrx_word' id='word_1_580' title='bbox 437 4530 537 4587; x_wconf 90' lang='lat' dir='ltr'><strong>sed</strong></span> <span class='ocrx_word' id='word_1_581' title='bbox 562 4546 784 4602; x_wconf 89' lang='lat' dir='ltr'><strong>paucas,</strong></span> <span class='ocrx_word' id='word_1_582' title='bbox 825 4537 885 4585; x_wconf 89' lang='lat' dir='ltr'><strong>ut</strong></span> <span class='ocrx_word' id='word_1_583' title='bbox 912 4536 1101 4602; x_wconf 90' lang='lat' dir='ltr'><strong>postea</strong></span> <span class='ocrx_word' id='word_1_584' title='bbox 1138 4528 1455 4586; x_wconf 89' lang='lat' dir='ltr'><strong>videbimus.</strong></span> <span class='ocrx_word' id='word_1_585' title='bbox 1479 4529 1679 4585; x_wconf 82' lang='lat' dir='ltr'><strong>Verum</strong></span> <span class='ocrx_word' id='word_1_586' title='bbox 1708 4545 1777 4584; x_wconf 89' lang='lat' dir='ltr'><strong>ex</strong></span> <span class='ocrx_word' id='word_1_587' title='bbox 1802 4528 1921 4585; x_wconf 89' lang='lat' dir='ltr'><strong>aliis</strong></span> <span class='ocrx_word' id='word_1_588' title='bbox 1941 4529 2027 4583; x_wconf 70' lang='lat' dir='ltr'><strong>in—</strong></span> 
     </span>
    </p>
   </div>
   <div class='ocr_carea' id='block_1_77' title="bbox 2134 3331 3722 3405">
    <p class='ocr_par' dir='ltr' id='par_1_77' title="bbox 2134 3331 3722 3405">
     <span class='ocr_line' id='line_1_77' title="bbox 2134 3331 3722 3405; baseline -0.003 -14"><span class='ocrx_word' id='word_1_589' title='bbox 2134 3336 2248 3403; x_wconf 82' lang='lat' dir='ltr'><strong>Qua</strong></span> <span class='ocrx_word' id='word_1_590' title='bbox 2270 3335 2489 3405; x_wconf 88' lang='lat' dir='ltr'><strong>quidem</strong></span> <span class='ocrx_word' id='word_1_591' title='bbox 2512 3334 2717 3390; x_wconf 87' lang='lat' dir='ltr'><strong>desidia</strong></span> <span class='ocrx_word' id='word_1_592' title='bbox 2743 3334 2940 3389; x_wconf 88' lang='lat' dir='ltr'><strong>factum</strong></span> <span class='ocrx_word' id='word_1_593' title='bbox 2962 3341 3045 3389; x_wconf 88' lang='lat' dir='ltr'><strong>est</strong></span> <span class='ocrx_word' id='word_1_594' title='bbox 3073 3340 3133 3387; x_wconf 92' lang='lat' dir='ltr'><strong>ut</strong></span> <span class='ocrx_word' id='word_1_595' title='bbox 3166 3340 3317 3388; x_wconf 86' lang='lat' dir='ltr'><strong>tanto</strong></span> <span class='ocrx_word' id='word_1_596' title='bbox 3343 3332 3521 3387; x_wconf 90' lang='lat' dir='ltr'><strong>acrius</strong></span> <span class='ocrx_word' id='word_1_597' title='bbox 3540 3331 3593 3385; x_wconf 90' lang='lat' dir='ltr'><strong>in</strong></span> <span class='ocrx_word' id='word_1_598' title='bbox 3614 3331 3722 3387; x_wconf 90' lang='lat' dir='ltr'><strong>hoc</strong></span> 
     </span>
    </p>
   </div>
   <div class='ocr_carea' id='block_1_78' title="bbox 2133 3423 3719 3497">
    <p class='ocr_par' dir='ltr' id='par_1_78' title="bbox 2133 3423 3719 3497">
     <span class='ocr_line' id='line_1_78' title="bbox 2133 3423 3719 3497; baseline -0.003 -15"><span class='ocrx_word' id='word_1_599' title='bbox 2133 3428 2409 3497; x_wconf 77' lang='lat' dir='ltr'><strong>negotium</strong></span> <span class='ocrx_word' id='word_1_600' title='bbox 2450 3425 2785 3482; x_wconf 88' lang='lat' dir='ltr'><strong>Benedictini</strong></span> <span class='ocrx_word' id='word_1_601' title='bbox 2832 3426 3201 3482; x_wconf 87' lang='lat' dir='ltr'><strong>incumberent</strong></span> <span class='ocrx_word' id='word_1_602' title='bbox 3244 3432 3300 3479; x_wconf 91' lang='lat' dir='ltr'><strong>et</strong></span> <span class='ocrx_word' id='word_1_603' title='bbox 3342 3423 3478 3479; x_wconf 80' lang='lat' dir='ltr'><strong>falce</strong></span> <span class='ocrx_word' id='word_1_604' title='bbox 3512 3438 3719 3494; x_wconf 83' lang='lat' dir='ltr'><strong>nequa-</strong></span> 
     </span>
    </p>
   </div>
   <div class='ocr_carea' id='block_1_79' title="bbox 2131 3513 3721 3586">
    <p class='ocr_par' dir='ltr' id='par_1_79' title="bbox 2131 3513 3721 3586">
     <span class='ocr_line' id='line_1_79' title="bbox 2131 3513 3721 3586; baseline -0.001 -15"><span class='ocrx_word' id='word_1_605' title='bbox 2131 3531 2294 3586; x_wconf 86' lang='lat' dir='ltr'><strong>quam</strong></span> <span class='ocrx_word' id='word_1_606' title='bbox 2348 3515 2535 3571; x_wconf 88' lang='lat' dir='ltr'><strong>timida</strong></span> <span class='ocrx_word' id='word_1_607' title='bbox 2589 3524 2781 3571; x_wconf 89' lang='lat' dir='ltr'><strong>cuncta</strong></span> <span class='ocrx_word' id='word_1_608' title='bbox 2836 3516 3011 3570; x_wconf 87' lang='lat' dir='ltr'><strong>aliena</strong></span> <span class='ocrx_word' id='word_1_609' title='bbox 3069 3522 3429 3585; x_wconf 88' lang='lat' dir='ltr'><strong>amputarent.</strong></span> <span class='ocrx_word' id='word_1_610' title='bbox 3476 3513 3721 3569; x_wconf 87' lang='lat' dir='ltr'><strong>Diximus</strong></span> 
     </span>
    </p>
   </div>
   <div class='ocr_carea' id='block_1_80' title="bbox 2133 3606 3720 3675">
    <p class='ocr_par' dir='ltr' id='par_1_80' title="bbox 2133 3606 3720 3675">
     <span class='ocr_line' id='line_1_80' title="bbox 2133 3606 3720 3675; baseline -0.003 -13"><span class='ocrx_word' id='word_1_611' title='bbox 2133 3616 2313 3663; x_wconf 90' lang='lat' dir='ltr'><strong>autem</strong></span> <span class='ocrx_word' id='word_1_612' title='bbox 2339 3606 2514 3662; x_wconf 86' lang='lat' dir='ltr'><strong>nullos</strong></span> <span class='ocrx_word' id='word_1_613' title='bbox 2541 3607 2760 3661; x_wconf 90' lang='lat' dir='ltr'><strong>omnino</strong></span> <span class='ocrx_word' id='word_1_614' title='bbox 2787 3620 3068 3661; x_wconf 89' lang='lat' dir='ltr'><strong>sermones</strong></span> <span class='ocrx_word' id='word_1_615' title='bbox 3094 3612 3291 3675; x_wconf 63' lang='lat' dir='ltr'><strong>prseter</strong></span> <span class='ocrx_word' id='word_1_616' title='bbox 3317 3611 3550 3673; x_wconf 87' lang='lat' dir='ltr'><strong>quatuor</strong></span> <span class='ocrx_word' id='word_1_617' title='bbox 3582 3618 3720 3659; x_wconf 88' lang='lat' dir='ltr'><strong>con-</strong></span> 
     </span>
    </p>
   </div>
   <div class='ocr_carea' id='block_1_81' title="bbox 2132 3695 3717 3772">
    <p class='ocr_par' dir='ltr' id='par_1_81' title="bbox 2132 3695 3717 3772">
     <span class='ocr_line' id='line_1_81' title="bbox 2132 3695 3717 3772; baseline -0.006 -14"><span class='ocrx_word' id='word_1_618' title='bbox 2132 3703 2317 3758; x_wconf 90' lang='lat' dir='ltr'><strong>ciones</strong></span> <span class='ocrx_word' id='word_1_619' title='bbox 2345 3699 2577 3772; x_wconf 89' lang='lat' dir='ltr'><strong>propriis</strong></span> <span class='ocrx_word' id='word_1_620' title='bbox 2604 3700 2739 3755; x_wconf 89' lang='lat' dir='ltr'><strong>locis</strong></span> <span class='ocrx_word' id='word_1_621' title='bbox 2764 3698 3050 3764; x_wconf 87' lang='lat' dir='ltr'><strong>exhibitas,</strong></span> <span class='ocrx_word' id='word_1_622' title='bbox 3080 3711 3276 3769; x_wconf 87' lang='lat' dir='ltr'><strong>nempe</strong></span> <span class='ocrx_word' id='word_1_623' title='bbox 3305 3699 3362 3752; x_wconf 82' lang='lat' dir='ltr'><strong>in</strong></span> <span class='ocrx_word' id='word_1_624' title='bbox 3391 3700 3571 3769; x_wconf 76' lang='lat' dir='ltr'><strong>funere</strong></span> <span class='ocrx_word' id='word_1_625' title='bbox 3607 3695 3717 3749; x_wconf 87' lang='lat' dir='ltr'><strong>Va-</strong></span> 
     </span>
    </p>
   </div>
   <div class='ocr_carea' id='block_1_82' title="bbox 2132 3789 3719 3865">
    <p class='ocr_par' dir='ltr' id='par_1_82' title="bbox 2132 3789 3719 3865">
     <span class='ocr_line' id='line_1_82' title="bbox 2132 3789 3719 3865; baseline -0.004 -16"><span class='ocrx_word' id='word_1_626' title='bbox 2132 3795 2424 3861; x_wconf 87' lang='lat' dir='ltr'><strong>lentiniani,</strong></span> <span class='ocrx_word' id='word_1_627' title='bbox 2464 3794 2519 3847; x_wconf 86' lang='lat' dir='ltr'><strong>in</strong></span> <span class='ocrx_word' id='word_1_628' title='bbox 2561 3794 2742 3865; x_wconf 82' lang='lat' dir='ltr'><strong>funere</strong></span> <span class='ocrx_word' id='word_1_629' title='bbox 2782 3791 3075 3857; x_wconf 81' lang='lat' dir='ltr'><strong>Theodosii,</strong></span> <span class='ocrx_word' id='word_1_630' title='bbox 3111 3791 3176 3845; x_wconf 87' lang='lat' dir='ltr'><strong>de</strong></span> <span class='ocrx_word' id='word_1_631' title='bbox 3207 3789 3435 3845; x_wconf 83' lang='lat' dir='ltr'><strong>basilicis</strong></span> <span class='ocrx_word' id='word_1_632' title='bbox 3476 3806 3580 3844; x_wconf 90' lang='lat' dir='ltr'><strong>non</strong></span> <span class='ocrx_word' id='word_1_633' title='bbox 3611 3798 3719 3843; x_wconf 79' lang='lat' dir='ltr'><strong>tra-</strong></span> 
     </span>
    </p>
   </div>
   <div class='ocr_carea' id='block_1_83' title="bbox 2133 3883 3717 3961">
    <p class='ocr_par' dir='ltr' id='par_1_83' title="bbox 2133 3883 3717 3961">
     <span class='ocr_line' id='line_1_83' title="bbox 2133 3883 3717 3961; baseline -0.002 -20"><span class='ocrx_word' id='word_1_634' title='bbox 2133 3888 2315 3943; x_wconf 86' lang='lat' dir='ltr'><strong>dendis</strong></span> <span class='ocrx_word' id='word_1_635' title='bbox 2360 3895 2416 3944; x_wconf 87' lang='lat' dir='ltr'><strong>et</strong></span> <span class='ocrx_word' id='word_1_636' title='bbox 2459 3887 2522 3942; x_wconf 84' lang='lat' dir='ltr'><strong>de</strong></span> <span class='ocrx_word' id='word_1_637' title='bbox 2557 3887 2790 3961; x_wconf 70' lang='lat' dir='ltr'><strong>reliquiis</strong></span> <span class='ocrx_word' id='word_1_638' title='bbox 2821 3884 2927 3941; x_wconf 90' lang='lat' dir='ltr'><strong>SS.</strong></span> <span class='ocrx_word' id='word_1_639' title='bbox 2973 3883 3205 3941; x_wconf 79' lang='lat' dir='ltr'><strong>Geruasii</strong></span> <span class='ocrx_word' id='word_1_640' title='bbox 3248 3894 3299 3940; x_wconf 90' lang='lat' dir='ltr'><strong>et</strong></span> <span class='ocrx_word' id='word_1_641' title='bbox 3341 3883 3577 3939; x_wconf 83' lang='lat' dir='ltr'><strong>Protasii</strong></span> <span class='ocrx_word' id='word_1_642' title='bbox 3618 3898 3717 3955; x_wconf 93' lang='lat' dir='ltr'><strong>pro</strong></span> 
     </span>
    </p>
   </div>
   <div class='ocr_carea' id='block_1_84' title="bbox 2132 3975 3717 4047">
    <p class='ocr_par' dir='ltr' id='par_1_84' title="bbox 2132 3975 3717 4047">
     <span class='ocr_line' id='line_1_84' title="bbox 2132 3975 3717 4047; baseline -0.001 -14"><span class='ocrx_word' id='word_1_643' title='bbox 2132 3980 2379 4047; x_wconf 83' lang='lat' dir='ltr'><strong>genuinis</strong></span> <span class='ocrx_word' id='word_1_644' title='bbox 2417 3979 2485 4033; x_wconf 92' lang='lat' dir='ltr'><strong>ab</strong></span> <span class='ocrx_word' id='word_1_645' title='bbox 2524 3978 2590 4034; x_wconf 91' lang='lat' dir='ltr'><strong>iis</strong></span> <span class='ocrx_word' id='word_1_646' title='bbox 2620 3978 2829 4033; x_wconf 88' lang='lat' dir='ltr'><strong>haberi.</strong></span> <span class='ocrx_word' id='word_1_647' title='bbox 2870 3976 2986 4031; x_wconf 88' lang='lat' dir='ltr'><strong>Jam</strong></span> <span class='ocrx_word' id='word_1_648' title='bbox 3016 3992 3139 4032; x_wconf 91' lang='lat' dir='ltr'><strong>cum</strong></span> <span class='ocrx_word' id='word_1_649' title='bbox 3168 3993 3237 4033; x_wconf 86' lang='lat' dir='ltr'><strong>ex</strong></span> <span class='ocrx_word' id='word_1_650' title='bbox 3270 3977 3466 4047; x_wconf 89' lang='lat' dir='ltr'><strong>spuriis</strong></span> <span class='ocrx_word' id='word_1_651' title='bbox 3493 3976 3599 4032; x_wconf 89' lang='lat' dir='ltr'><strong>illis</strong></span> <span class='ocrx_word' id='word_1_652' title='bbox 3625 3975 3717 4033; x_wconf 88' lang='lat' dir='ltr'><strong>alii</strong></span> 
     </span>
    </p>
   </div>
   <div class='ocr_carea' id='block_1_85' title="bbox 2134 4070 3715 4140">
    <p class='ocr_par' dir='ltr' id='par_1_85' title="bbox 2134 4070 3715 4140">
     <span class='ocr_line' id='line_1_85' title="bbox 2134 4070 3715 4140; baseline 0.001 -16"><span class='ocrx_word' id='word_1_653' title='bbox 2134 4070 2347 4125; x_wconf 90' lang='lat' dir='ltr'><strong>nonnisi</strong></span> <span class='ocrx_word' id='word_1_654' title='bbox 2377 4070 2519 4140; x_wconf 90' lang='lat' dir='ltr'><strong>apud</strong></span> <span class='ocrx_word' id='word_1_655' title='bbox 2561 4070 2923 4135; x_wconf 88' lang='lat' dir='ltr'><strong>Ambrosium,</strong></span> <span class='ocrx_word' id='word_1_656' title='bbox 2956 4070 3046 4124; x_wconf 87' lang='lat' dir='ltr'><strong>alii</strong></span> <span class='ocrx_word' id='word_1_657' title='bbox 3073 4084 3203 4125; x_wconf 83' lang='lat' dir='ltr'><strong>vero</strong></span> <span class='ocrx_word' id='word_1_658' title='bbox 3235 4070 3399 4124; x_wconf 89' lang='lat' dir='ltr'><strong>etiam</strong></span> <span class='ocrx_word' id='word_1_659' title='bbox 3427 4070 3554 4125; x_wconf 84' lang='lat' dir='ltr'><strong>alibi</strong></span> <span class='ocrx_word' id='word_1_660' title='bbox 3595 4070 3715 4125; x_wconf 86' lang='lat' dir='ltr'><strong>vul-</strong></span> 
     </span>
    </p>
   </div>
   <div class='ocr_carea' id='block_1_86' title="bbox 2132 4161 3716 4232">
    <p class='ocr_par' dir='ltr' id='par_1_86' title="bbox 2132 4161 3716 4232">
     <span class='ocr_line' id='line_1_86' title="bbox 2132 4161 3716 4232; baseline 0 -17"><span class='ocrx_word' id='word_1_661' title='bbox 2132 4161 2241 4231; x_wconf 85' lang='lat' dir='ltr'><strong>gati</strong></span> <span class='ocrx_word' id='word_1_662' title='bbox 2271 4170 2563 4228; x_wconf 86' lang='lat' dir='ltr'><strong>exstarent,</strong></span> <span class='ocrx_word' id='word_1_663' title='bbox 2596 4162 2805 4232; x_wconf 90' lang='lat' dir='ltr'><strong>priores</strong></span> <span class='ocrx_word' id='word_1_664' title='bbox 2841 4169 3050 4216; x_wconf 86' lang='lat' dir='ltr'><strong>tantum</strong></span> <span class='ocrx_word' id='word_1_665' title='bbox 3086 4163 3423 4216; x_wconf 88' lang='lat' dir='ltr'><strong>retinuerunt</strong></span> <span class='ocrx_word' id='word_1_666' title='bbox 3451 4169 3506 4216; x_wconf 91' lang='lat' dir='ltr'><strong>et</strong></span> <span class='ocrx_word' id='word_1_667' title='bbox 3541 4161 3716 4231; x_wconf 89' lang='lat' dir='ltr'><strong>inap—</strong></span> 
     </span>
    </p>
   </div>
   <div class='ocr_carea' id='block_1_87' title="bbox 2133 4252 3716 4326">
    <p class='ocr_par' dir='ltr' id='par_1_87' title="bbox 2133 4252 3716 4326">
     <span class='ocr_line' id='line_1_87' title="bbox 2133 4252 3716 4326; baseline -0.001 -15"><span class='ocrx_word' id='word_1_668' title='bbox 2133 4255 2359 4326; x_wconf 89' lang='lat' dir='ltr'><strong>pendice</strong></span> <span class='ocrx_word' id='word_1_669' title='bbox 2386 4255 2768 4322; x_wconf 85' lang='lat' dir='ltr'><strong>exhibuerunt,</strong></span> <span class='ocrx_word' id='word_1_670' title='bbox 2809 4254 3073 4310; x_wconf 82' lang='lat' dir='ltr'><strong>sermonis</strong></span> <span class='ocrx_word' id='word_1_671' title='bbox 3109 4252 3371 4323; x_wconf 89' lang='lat' dir='ltr'><strong>cujusque</strong></span> <span class='ocrx_word' id='word_1_672' title='bbox 3401 4253 3565 4325; x_wconf 85' lang='lat' dir='ltr'><strong>capiti</strong></span> <span class='ocrx_word' id='word_1_673' title='bbox 3602 4252 3716 4309; x_wconf 81' lang='lat' dir='ltr'><strong>stri-</strong></span> 
     </span>
    </p>
   </div>
   <div class='ocr_carea' id='block_1_88' title="bbox 2132 4346 3716 4421">
    <p class='ocr_par' dir='ltr' id='par_1_88' title="bbox 2132 4346 3716 4421">
     <span class='ocr_line' id='line_1_88' title="bbox 2132 4346 3716 4421; baseline -0.002 -15"><span class='ocrx_word' id='word_1_674' title='bbox 2132 4351 2259 4406; x_wconf 83' lang='lat' dir='ltr'><strong>Ctlm</strong></span> <span class='ocrx_word' id='word_1_675' title='bbox 2284 4351 2573 4421; x_wconf 67' lang='lat' dir='ltr'><strong>praemissis</strong></span> <span class='ocrx_word' id='word_1_676' title='bbox 2593 4350 2657 4405; x_wconf 92' lang='lat' dir='ltr'><strong>iis</strong></span> <span class='ocrx_word' id='word_1_677' title='bbox 2682 4348 3003 4416; x_wconf 90' lang='lat' dir='ltr'><strong>rationibus,</strong></span> <span class='ocrx_word' id='word_1_678' title='bbox 3027 4362 3146 4418; x_wconf 67' lang='lat' dir='ltr'><strong>qua:</strong></span> <span class='ocrx_word' id='word_1_679' title='bbox 3170 4346 3581 4403; x_wconf 88' lang='lat' dir='ltr'><strong>Ambrosianum</strong></span> <span class='ocrx_word' id='word_1_680' title='bbox 3607 4359 3716 4403; x_wconf 88' lang='lat' dir='ltr'><strong>non</strong></span> 
     </span>
    </p>
   </div>
   <div class='ocr_carea' id='block_1_89' title="bbox 2133 4440 3715 4499">
    <p class='ocr_par' dir='ltr' id='par_1_89' title="bbox 2133 4440 3715 4499">
     <span class='ocr_line' id='line_1_89' title="bbox 2133 4440 3715 4499; baseline -0.003 0"><span class='ocrx_word' id='word_1_681' title='bbox 2133 4459 2251 4499; x_wconf 89' lang='lat' dir='ltr'><strong>esse</strong></span> <span class='ocrx_word' id='word_1_682' title='bbox 2284 4442 2571 4499; x_wconf 87' lang='lat' dir='ltr'><strong>suaderent</strong></span> <span class='ocrx_word' id='word_1_683' title='bbox 2602 4451 2697 4497; x_wconf 90' lang='lat' dir='ltr'><strong>aut</strong></span> <span class='ocrx_word' id='word_1_684' title='bbox 2736 4442 2899 4497; x_wconf 90' lang='lat' dir='ltr'><strong>alium</strong></span> <span class='ocrx_word' id='word_1_685' title='bbox 2930 4449 3208 4498; x_wconf 89' lang='lat' dir='ltr'><strong>auctorem</strong></span> <span class='ocrx_word' id='word_1_686' title='bbox 3241 4440 3606 4497; x_wconf 88' lang='lat' dir='ltr'><strong>ostenderent.</strong></span> <span class='ocrx_word' id='word_1_687' title='bbox 3637 4440 3715 4495; x_wconf 81' lang='lat' dir='ltr'><strong>Ne</strong></span> 
     </span>
    </p>
   </div>
   <div class='ocr_carea' id='block_1_90' title="bbox 2130 4530 3714 4601">
    <p class='ocr_par' dir='ltr' id='par_1_90' title="bbox 2130 4530 3714 4601">
     <span class='ocr_line' id='line_1_90' title="bbox 2130 4530 3714 4601; baseline -0.003 -13"><span class='ocrx_word' id='word_1_688' title='bbox 2130 4549 2261 4589; x_wconf 87' lang='lat' dir='ltr'><strong>vero</strong></span> <span class='ocrx_word' id='word_1_689' title='bbox 2290 4534 2514 4588; x_wconf 89' lang='lat' dir='ltr'><strong>mutatio</strong></span> <span class='ocrx_word' id='word_1_690' title='bbox 2543 4532 2631 4587; x_wconf 89' lang='lat' dir='ltr'><strong>illa</strong></span> <span class='ocrx_word' id='word_1_691' title='bbox 2654 4532 2883 4588; x_wconf 89' lang='lat' dir='ltr'><strong>molesta</strong></span> <span class='ocrx_word' id='word_1_692' title='bbox 2912 4531 3162 4601; x_wconf 89' lang='lat' dir='ltr'><strong>cuiquam</strong></span> <span class='ocrx_word' id='word_1_693' title='bbox 3185 4530 3469 4596; x_wconf 87' lang='lat' dir='ltr'><strong>accideret,</strong></span> <span class='ocrx_word' id='word_1_694' title='bbox 3501 4530 3714 4600; x_wconf 89' lang='lat' dir='ltr'><strong>gemino</strong></span> 
     </span>
    </p>
   </div>
   <div class='ocr_carea' id='block_1_91' title="bbox 440 4616 3716 4695">
    <p class='ocr_par' dir='ltr' id='par_1_91' title="bbox 440 4616 3716 4695">
     <span class='ocr_line' id='line_1_91' title="bbox 440 4616 3716 4695; baseline -0.001 -18"><span class='ocrx_word' id='word_1_695' title='bbox 440 4622 613 4690; x_wconf 90' lang='lat' dir='ltr'><strong>diciis,</strong></span> <span class='ocrx_word' id='word_1_696' title='bbox 646 4624 881 4680; x_wconf 86' lang='lat' dir='ltr'><strong>maxime</strong></span> <span class='ocrx_word' id='word_1_697' title='bbox 908 4640 974 4681; x_wconf 86' lang='lat' dir='ltr'><strong>ex</strong></span> <span class='ocrx_word' id='word_1_698' title='bbox 994 4622 1294 4690; x_wconf 86' lang='lat' dir='ltr'><strong>Gennadio,</strong></span> <span class='ocrx_word' id='word_1_699' title='bbox 1327 4622 1672 4693; x_wconf 88' lang='lat' dir='ltr'><strong>intelligimus</strong></span> <span class='ocrx_word' id='word_1_700' title='bbox 1700 4637 1908 4687; x_wconf 90' lang='lat' dir='ltr'><strong>omnes,</strong></span> <span class='ocrx_word' id='word_1_701' title='bbox 1940 4629 2033 4676; x_wconf 88' lang='lat' dir='ltr'><strong>aut</strong></span> <span class='ocrx_word' id='word_1_702' title='bbox 2059 4616 2112 4675; x_wconf 90' lang='lat' dir='ltr'><strong>D</strong></span> <span class='ocrx_word' id='word_1_703' title='bbox 2135 4624 2310 4680; x_wconf 90' lang='lat' dir='ltr'><strong>indice</strong></span> <span class='ocrx_word' id='word_1_704' title='bbox 2338 4625 2607 4695; x_wconf 89' lang='lat' dir='ltr'><strong>provisum</strong></span> <span class='ocrx_word' id='word_1_705' title='bbox 2638 4631 2740 4691; x_wconf 89' lang='lat' dir='ltr'><strong>est,</strong></span> <span class='ocrx_word' id='word_1_706' title='bbox 2769 4637 3000 4693; x_wconf 89' lang='lat' dir='ltr'><strong>quorum</strong></span> <span class='ocrx_word' id='word_1_707' title='bbox 3038 4623 3093 4676; x_wconf 89' lang='lat' dir='ltr'><strong>in</strong></span> <span class='ocrx_word' id='word_1_708' title='bbox 3132 4622 3307 4692; x_wconf 90' lang='lat' dir='ltr'><strong>primo</strong></span> <span class='ocrx_word' id='word_1_709' title='bbox 3333 4622 3512 4676; x_wconf 84' lang='lat' dir='ltr'><strong>omissi</strong></span> <span class='ocrx_word' id='word_1_710' title='bbox 3548 4621 3716 4676; x_wconf 73' lang='lat' dir='ltr'><strong>collo—</strong></span> 
     </span>
    </p>
   </div>
   <div class='ocr_carea' id='block_1_92' title="bbox 439 4714 2028 4788">
    <p class='ocr_par' dir='ltr' id='par_1_92' title="bbox 439 4714 2028 4788">
     <span class='ocr_line' id='line_1_92' title="bbox 439 4714 2028 4788; baseline 0.002 -21"><span class='ocrx_word' id='word_1_711' title='bbox 439 4715 832 4784; x_wconf 89' lang='lat' dir='ltr'><strong>propemodum</strong></span> <span class='ocrx_word' id='word_1_712' title='bbox 860 4732 1068 4784; x_wconf 90' lang='lat' dir='ltr'><strong>omnes,</strong></span> <span class='ocrx_word' id='word_1_713' title='bbox 1091 4717 1389 4788; x_wconf 75' lang='lat' dir='ltr'><strong>praesertim</strong></span> <span class='ocrx_word' id='word_1_714' title='bbox 1411 4731 1528 4787; x_wconf 72' lang='lat' dir='ltr'><strong>qua:</strong></span> <span class='ocrx_word' id='word_1_715' title='bbox 1549 4717 1600 4772; x_wconf 88' lang='lat' dir='ltr'><strong>in</strong></span> <span class='ocrx_word' id='word_1_716' title='bbox 1626 4715 1816 4772; x_wconf 91' lang='lat' dir='ltr'><strong>codice</strong></span> <span class='ocrx_word' id='word_1_717' title='bbox 1843 4714 2028 4770; x_wconf 88' lang='lat' dir='ltr'><strong>Sancti</strong></span> 
     </span>
    </p>
   </div>
   <div class='ocr_carea' id='block_1_93' title="bbox 440 4790 2027 4879">
    <p class='ocr_par' dir='ltr' id='par_1_93' title="bbox 440 4790 2027 4879">
     <span class='ocr_line' id='line_1_93' title="bbox 440 4790 2027 4879; baseline 0.003 -20"><span class='ocrx_word' id='word_1_718' title='bbox 440 4803 579 4859; x_wconf 87' lang='lat' dir='ltr'><strong>Galli</strong></span> <span class='ocrx_word' id='word_1_719' title='bbox 599 4790 940 4872; x_wconf 59' lang='lat' dir='ltr'><strong>inhibentur,</strong></span> <span class='ocrx_word' id='word_1_720' title='bbox 964 4807 1197 4863; x_wconf 85' lang='lat' dir='ltr'><strong>Maximo</strong></span> <span class='ocrx_word' id='word_1_721' title='bbox 1218 4824 1339 4864; x_wconf 91' lang='lat' dir='ltr'><strong>esse</strong></span> <span class='ocrx_word' id='word_1_722' title='bbox 1364 4808 1695 4865; x_wconf 90' lang='lat' dir='ltr'><strong>tribuendas.</strong></span> <span class='ocrx_word' id='word_1_723' title='bbox 1720 4807 1788 4863; x_wconf 84' lang='lat' dir='ltr'><strong>Et</strong></span> <span class='ocrx_word' id='word_1_724' title='bbox 1807 4807 2027 4879; x_wconf 88' lang='lat' dir='ltr'><strong>quidem</strong></span> 
     </span>
    </p>
   </div>
   <div class='ocr_carea' id='block_1_94' title="bbox 439 4894 2022 4967">
    <p class='ocr_par' dir='ltr' id='par_1_94' title="bbox 439 4894 2022 4967">
     <span class='ocr_line' id='line_1_94' title="bbox 439 4894 2022 4967; baseline 0.003 -17"><span class='ocrx_word' id='word_1_725' title='bbox 439 4894 514 4950; x_wconf 91' lang='lat' dir='ltr'><strong>ita</strong></span> <span class='ocrx_word' id='word_1_726' title='bbox 561 4895 720 4950; x_wconf 90' lang='lat' dir='ltr'><strong>simul</strong></span> <span class='ocrx_word' id='word_1_727' title='bbox 761 4911 1019 4951; x_wconf 77' lang='lat' dir='ltr'><strong>connexa:</strong></span> <span class='ocrx_word' id='word_1_728' title='bbox 1061 4905 1117 4951; x_wconf 92' lang='lat' dir='ltr'><strong>et</strong></span> <span class='ocrx_word' id='word_1_729' title='bbox 1164 4897 1426 4967; x_wconf 59' lang='lat' dir='ltr'><strong>colligatis</strong></span> <span class='ocrx_word' id='word_1_730' title='bbox 1454 4907 1597 4964; x_wconf 90' lang='lat' dir='ltr'><strong>sunt,</strong></span> <span class='ocrx_word' id='word_1_731' title='bbox 1628 4907 1684 4953; x_wconf 91' lang='lat' dir='ltr'><strong>ut</strong></span> <span class='ocrx_word' id='word_1_732' title='bbox 1720 4900 1766 4953; x_wconf 90' lang='lat' dir='ltr'><strong>si</strong></span> <span class='ocrx_word' id='word_1_733' title='bbox 1795 4914 2022 4954; x_wconf 88' lang='lat' dir='ltr'><strong>unarum</strong></span> 
     </span>
    </p>
   </div>
   <div class='ocr_carea' id='block_1_95' title="bbox 438 4986 2025 5057">
    <p class='ocr_par' dir='ltr' id='par_1_95' title="bbox 438 4986 2025 5057">
     <span class='ocr_line' id='line_1_95' title="bbox 438 4986 2025 5057; baseline 0.001 -16"><span class='ocrx_word' id='word_1_734' title='bbox 438 4992 627 5042; x_wconf 90' lang='lat' dir='ltr'><strong>auctor</strong></span> <span class='ocrx_word' id='word_1_735' title='bbox 654 4986 966 5057; x_wconf 89' lang='lat' dir='ltr'><strong>exploratus</strong></span> <span class='ocrx_word' id='word_1_736' title='bbox 992 4987 1278 5053; x_wconf 89' lang='lat' dir='ltr'><strong>habeatur,</strong></span> <span class='ocrx_word' id='word_1_737' title='bbox 1310 4987 1381 5042; x_wconf 90' lang='lat' dir='ltr'><strong>de</strong></span> <span class='ocrx_word' id='word_1_738' title='bbox 1426 4986 1545 5044; x_wconf 89' lang='lat' dir='ltr'><strong>aliis</strong></span> <span class='ocrx_word' id='word_1_739' title='bbox 1584 5003 1919 5057; x_wconf 87' lang='lat' dir='ltr'><strong>consequens</strong></span> <span class='ocrx_word' id='word_1_740' title='bbox 1943 4988 2025 5044; x_wconf 85' lang='lat' dir='ltr'><strong>fu-</strong></span> 
     </span>
    </p>
   </div>
   <div class='ocr_carea' id='block_1_96' title="bbox 438 5078 2024 5151">
    <p class='ocr_par' dir='ltr' id='par_1_96' title="bbox 438 5078 2024 5151">
     <span class='ocr_line' id='line_1_96' title="bbox 438 5078 2024 5151; baseline 0.003 -18"><span class='ocrx_word' id='word_1_741' title='bbox 438 5087 617 5133; x_wconf 90' lang='lat' dir='ltr'><strong>turum</strong></span> <span class='ocrx_word' id='word_1_742' title='bbox 647 5080 717 5134; x_wconf 92' lang='lat' dir='ltr'><strong>sit</strong></span> <span class='ocrx_word' id='word_1_743' title='bbox 738 5078 1022 5149; x_wconf 89' lang='lat' dir='ltr'><strong>judicium.</strong></span> <span class='ocrx_word' id='word_1_744' title='bbox 1067 5078 1273 5134; x_wconf 92' lang='lat' dir='ltr'><strong>Auctor</strong></span> <span class='ocrx_word' id='word_1_745' title='bbox 1311 5081 1508 5151; x_wconf 90' lang='lat' dir='ltr'><strong>quippe</strong></span> <span class='ocrx_word' id='word_1_746' title='bbox 1555 5081 1751 5151; x_wconf 84' lang='lat' dir='ltr'><strong>passim</strong></span> <span class='ocrx_word' id='word_1_747' title='bbox 1792 5082 2024 5138; x_wconf 77' lang='lat' dir='ltr'><strong>homilim</strong></span> 
     </span>
    </p>
   </div>
   <div class='ocr_carea' id='block_1_97' title="bbox 437 5169 2024 5243">
    <p class='ocr_par' dir='ltr' id='par_1_97' title="bbox 437 5169 2024 5243">
     <span class='ocr_line' id='line_1_97' title="bbox 437 5169 2024 5243; baseline 0.003 -19"><span class='ocrx_word' id='word_1_748' title='bbox 437 5169 790 5240; x_wconf 70' lang='lat' dir='ltr'><strong>prmcedentis</strong></span> <span class='ocrx_word' id='word_1_749' title='bbox 829 5170 883 5224; x_wconf 94' lang='lat' dir='ltr'><strong>in</strong></span> <span class='ocrx_word' id='word_1_750' title='bbox 924 5169 1271 5241; x_wconf 85' lang='lat' dir='ltr'><strong>subsequenti</strong></span> <span class='ocrx_word' id='word_1_751' title='bbox 1300 5173 1626 5227; x_wconf 89' lang='lat' dir='ltr'><strong>mentionem</strong></span> <span class='ocrx_word' id='word_1_752' title='bbox 1666 5171 1812 5227; x_wconf 86' lang='lat' dir='ltr'><strong>facit.</strong></span> <span class='ocrx_word' id='word_1_753' title='bbox 1864 5174 2024 5243; x_wconf 88' lang='lat' dir='ltr'><strong>Atqui</strong></span> 
     </span>
    </p>
   </div>
   <div class='ocr_carea' id='block_1_98' title="bbox 436 5261 2025 5333">
    <p class='ocr_par' dir='ltr' id='par_1_98' title="bbox 436 5261 2025 5333">
     <span class='ocr_line' id='line_1_98' title="bbox 436 5261 2025 5333; baseline 0.001 -17"><span class='ocrx_word' id='word_1_754' title='bbox 436 5261 707 5333; x_wconf 71' lang='lat' dir='ltr'><strong>pleneque</strong></span> <span class='ocrx_word' id='word_1_755' title='bbox 751 5261 1043 5318; x_wconf 87' lang='lat' dir='ltr'><strong>Maximum</strong></span> <span class='ocrx_word' id='word_1_756' title='bbox 1081 5262 1160 5317; x_wconf 90' lang='lat' dir='ltr'><strong>uti</strong></span> <span class='ocrx_word' id='word_1_757' title='bbox 1207 5262 1502 5331; x_wconf 88' lang='lat' dir='ltr'><strong>legitimum</strong></span> <span class='ocrx_word' id='word_1_758' title='bbox 1544 5271 1822 5332; x_wconf 84' lang='lat' dir='ltr'><strong>parentem</strong></span> <span class='ocrx_word' id='word_1_759' title='bbox 1859 5277 2025 5330; x_wconf 88' lang='lat' dir='ltr'><strong>agno-</strong></span> 
     </span>
    </p>
   </div>
   <div class='ocr_carea' id='block_1_99' title="bbox 435 5351 2018 5424">
    <p class='ocr_par' dir='ltr' id='par_1_99' title="bbox 435 5351 2018 5424">
     <span class='ocr_line' id='line_1_99' title="bbox 435 5351 2018 5424; baseline -0.001 -16"><span class='ocrx_word' id='word_1_760' title='bbox 435 5358 625 5419; x_wconf 83' lang='lat' dir='ltr'><strong>scunt,</strong></span> <span class='ocrx_word' id='word_1_761' title='bbox 657 5358 717 5407; x_wconf 91' lang='lat' dir='ltr'><strong>ut</strong></span> <span class='ocrx_word' id='word_1_762' title='bbox 743 5361 871 5424; x_wconf 90' lang='lat' dir='ltr'><strong>pote</strong></span> <span class='ocrx_word' id='word_1_763' title='bbox 910 5368 1044 5424; x_wconf 88' lang='lat' dir='ltr'><strong>quas</strong></span> <span class='ocrx_word' id='word_1_764' title='bbox 1087 5351 1399 5409; x_wconf 89' lang='lat' dir='ltr'><strong>Gennadius</strong></span> <span class='ocrx_word' id='word_1_765' title='bbox 1426 5353 1659 5407; x_wconf 88' lang='lat' dir='ltr'><strong>maxime</strong></span> <span class='ocrx_word' id='word_1_766' title='bbox 1697 5352 2018 5421; x_wconf 82' lang='lat' dir='ltr'><strong>designavit.</strong></span> 
     </span>
    </p>
   </div>
   <div class='ocr_carea' id='block_1_100' title="bbox 437 5426 2022 5515">
    <p class='ocr_par' dir='ltr' id='par_1_100' title="bbox 437 5426 2022 5515">
     <span class='ocr_line' id='line_1_100' title="bbox 437 5426 2022 5515; baseline 0 -17"><span class='ocrx_word' id='word_1_767' title='bbox 437 5442 551 5500; x_wconf 88' lang='lat' dir='ltr'><strong>Hoc</strong></span> <span class='ocrx_word' id='word_1_768' title='bbox 577 5443 631 5499; x_wconf 92' lang='lat' dir='ltr'><strong>in</strong></span> <span class='ocrx_word' id='word_1_769' title='bbox 659 5459 885 5500; x_wconf 89' lang='lat' dir='ltr'><strong>numero</strong></span> <span class='ocrx_word' id='word_1_770' title='bbox 915 5460 1007 5502; x_wconf 89' lang='lat' dir='ltr'><strong>eas</strong></span> <span class='ocrx_word' id='word_1_771' title='bbox 1034 5460 1153 5501; x_wconf 89' lang='lat' dir='ltr'><strong>esse</strong></span> <span class='ocrx_word' id='word_1_772' title='bbox 1179 5459 1314 5515; x_wconf 90' lang='lat' dir='ltr'><strong>quas</strong></span> <span class='ocrx_word' id='word_1_773' title='bbox 1342 5426 1486 5499; x_wconf 79' lang='lat' dir='ltr'><strong>nunc</strong></span> <span class='ocrx_word' id='word_1_774' title='bbox 1510 5444 1743 5514; x_wconf 89' lang='lat' dir='ltr'><strong>primum</strong></span> <span class='ocrx_word' id='word_1_775' title='bbox 1767 5443 1821 5497; x_wconf 92' lang='lat' dir='ltr'><strong>in</strong></span> <span class='ocrx_word' id='word_1_776' title='bbox 1848 5443 2022 5498; x_wconf 91' lang='lat' dir='ltr'><strong>lucem</strong></span> 
     </span>
    </p>
   </div>
   <div class='ocr_carea' id='block_1_101' title="bbox 508 5595 2005 5680">
    <p class='ocr_par' dir='ltr' id='par_1_101' title="bbox 508 5595 2005 5680">
     <span class='ocr_line' id='line_1_101' title="bbox 508 5595 2005 5680; baseline 0.001 -29"><span class='ocrx_word' id='word_1_777' title='bbox 508 5599 597 5680; x_wconf 77' lang='lat' dir='ltr'><strong>(a)_</strong></span> <span class='ocrx_word' id='word_1_778' title='bbox 615 5597 902 5680; x_wconf 61' lang='lat' dir='ltr'><strong>Enimvero</strong></span> <span class='ocrx_word' id='word_1_779' title='bbox 926 5597 981 5653; x_wconf 89' lang='lat' dir='ltr'><strong>hi</strong></span> <span class='ocrx_word' id='word_1_780' title='bbox 1005 5596 1120 5680; x_wconf 70' lang='lat' dir='ltr'><strong>duo</strong></span> <span class='ocrx_word' id='word_1_781' title='bbox 1149 5597 1302 5680; x_wconf 55' lang='lat' dir='ltr'><strong>deus.</strong></span> <span class='ocrx_word' id='word_1_782' title='bbox 1326 5595 1519 5680; x_wconf 63' lang='grc' dir='ltr'><strong>βιίεαςο</strong></span> <span class='ocrx_word' id='word_1_783' title='bbox 1549 5613 1847 5680; x_wconf 65' lang='lat' dir='ltr'><strong>sermones,</strong></span> <span class='ocrx_word' id='word_1_784' title='bbox 1877 5613 2005 5680; x_wconf 73' lang='lat' dir='ltr'><strong>non,</strong></span> 
     </span>
    </p>
   </div>
   <div class='ocr_carea' id='block_1_102' title="bbox 436 5667 2014 5752">
    <p class='ocr_par' dir='ltr' id='par_1_102' title="bbox 436 5667 2014 5752">
     <span class='ocr_line' id='line_1_102' title="bbox 436 5667 2014 5752; baseline 0 -29"><span class='ocrx_word' id='word_1_785' title='bbox 436 5677 515 5750; x_wconf 83' lang='lat' dir='ltr'><strong>ut_</strong></span> <span class='ocrx_word' id='word_1_786' title='bbox 536 5667 657 5752; x_wconf 31' lang='lat' dir='ltr'><strong>sibi.</strong></span> <span class='ocrx_word' id='word_1_787' title='bbox 684 5676 1023 5752; x_wconf 57' lang='lat' dir='ltr'><strong>persuaserat</strong></span> <span class='ocrx_word' id='word_1_788' title='bbox 1068 5667 1426 5752; x_wconf 61' lang='lat' dir='ltr'><strong>Mabillonius,</strong></span> <span class='ocrx_word' id='word_1_789' title='bbox 1443 5670 1652 5752; x_wconf 47' lang='lat' dir='ltr'><strong>Iinediti</strong></span> <span class='ocrx_word' id='word_1_790' title='bbox 1701 5678 1875 5752; x_wconf 78' lang='lat' dir='ltr'><strong>erant,</strong></span> <span class='ocrx_word' id='word_1_791' title='bbox 1893 5668 2014 5752; x_wconf 85' lang='lat' dir='ltr'><strong>_sed</strong></span> 
     </span>
    </p>
   </div>
   <div class='ocr_carea' id='block_1_103' title="bbox 438 5739 2013 5815">
    <p class='ocr_par' dir='ltr' id='par_1_103' title="bbox 438 5739 2013 5815">
     <span class='ocr_line' id='line_1_103' title="bbox 438 5739 2013 5815; baseline 0.001 -22"><span class='ocrx_word' id='word_1_792' title='bbox 438 5739 663 5815; x_wconf 49' lang='lat' dir='ltr'><strong>pridem&quot;</strong></span> <span class='ocrx_word' id='word_1_793' title='bbox 687 5739 741 5795; x_wconf 87' lang='lat' dir='ltr'><strong>in</strong></span> <span class='ocrx_word' id='word_1_794' title='bbox 783 5739 1023 5815; x_wconf 81' lang='lat' dir='ltr'><strong>Romana</strong></span> <span class='ocrx_word' id='word_1_795' title='bbox 1061 5739 1301 5815; x_wconf 66' lang='lat' dir='ltr'><strong>editione</strong></span> <span class='ocrx_word' id='word_1_796' title='bbox 1341 5739 1858 5815; x_wconf 42' lang='lat' dir='ltr'><strong>Ambrosiinexcusi,</strong></span> <span class='ocrx_word' id='word_1_797' title='bbox 1893 5741 2013 5795; x_wconf 91' lang='lat' dir='ltr'><strong>loco</strong></span> 
     </span>
    </p>
   </div>
   <div class='ocr_carea' id='block_1_104' title="bbox 439 5809 2010 5884">
    <p class='ocr_par' dir='ltr' id='par_1_104' title="bbox 439 5809 2010 5884">
     <span class='ocr_line' id='line_1_104' title="bbox 439 5809 2010 5884; baseline 0.001 -20"><span class='ocrx_word' id='word_1_798' title='bbox 439 5809 663 5884; x_wconf 84' lang='lat' dir='ltr'><strong>quidem</strong></span> <span class='ocrx_word' id='word_1_799' title='bbox 683 5818 796 5867; x_wconf 84' lang='lat' dir='ltr'><strong>tam</strong></span> <span class='ocrx_word' id='word_1_800' title='bbox 822 5811 1018 5874; x_wconf 87' lang='lat' dir='ltr'><strong>alieno.</strong></span> <span class='ocrx_word' id='word_1_801' title='bbox 1048 5819 1111 5867; x_wconf 90' lang='lat' dir='ltr'><strong>ut</strong></span> <span class='ocrx_word' id='word_1_802' title='bbox 1148 5809 1305 5868; x_wconf 83' lang='lat' dir='ltr'><strong>facile</strong></span> <span class='ocrx_word' id='word_1_803' title='bbox 1348 5811 1513 5871; x_wconf 88' lang='lat' dir='ltr'><strong>etiam</strong></span> <span class='ocrx_word' id='word_1_804' title='bbox 1545 5810 2010 5882; x_wconf 78' lang='lat' dir='ltr'><strong>diligentissimum</strong></span> 
     </span>
    </p>
   </div>
   <div class='ocr_carea' id='block_1_105' title="bbox 2132 4710 3741 4783">
    <p class='ocr_par' dir='ltr' id='par_1_105' title="bbox 2132 4710 3741 4783">
     <span class='ocr_line' id='line_1_105' title="bbox 2132 4710 3741 4783; baseline -0.004 -11"><span class='ocrx_word' id='word_1_805' title='bbox 2132 4724 2323 4773; x_wconf 89' lang='lat' dir='ltr'><strong>cantur</strong></span> <span class='ocrx_word' id='word_1_806' title='bbox 2343 4715 2436 4770; x_wconf 88' lang='lat' dir='ltr'><strong>tali</strong></span> <span class='ocrx_word' id='word_1_807' title='bbox 2461 4713 2665 4779; x_wconf 89' lang='lat' dir='ltr'><strong>ordine,</strong></span> <span class='ocrx_word' id='word_1_808' title='bbox 2697 4723 2753 4768; x_wconf 89' lang='lat' dir='ltr'><strong>ut</strong></span> <span class='ocrx_word' id='word_1_809' title='bbox 2789 4731 2895 4769; x_wconf 86' lang='lat' dir='ltr'><strong>non</strong></span> <span class='ocrx_word' id='word_1_810' title='bbox 2920 4712 3087 4769; x_wconf 81' lang='lat' dir='ltr'><strong>solum</strong></span> <span class='ocrx_word' id='word_1_811' title='bbox 3124 4728 3277 4783; x_wconf 85' lang='lat' dir='ltr'><strong>quam</strong></span> <span class='ocrx_word' id='word_1_812' title='bbox 3304 4713 3517 4783; x_wconf 82' lang='lat' dir='ltr'><strong>quisque</strong></span> <span class='ocrx_word' id='word_1_813' title='bbox 3544 4710 3741 4775; x_wconf 80' lang='lat' dir='ltr'><strong>sedem</strong></span> 
     </span>
    </p>
   </div>
   <div class='ocr_carea' id='block_1_106' title="bbox 2129 4802 3716 4869">
    <p class='ocr_par' dir='ltr' id='par_1_106' title="bbox 2129 4802 3716 4869">
     <span class='ocr_line' id='line_1_106' title="bbox 2129 4802 3716 4869; baseline -0.004 -6"><span class='ocrx_word' id='word_1_814' title='bbox 2129 4817 2284 4864; x_wconf 88' lang='lat' dir='ltr'><strong>antea</strong></span> <span class='ocrx_word' id='word_1_815' title='bbox 2329 4807 2385 4862; x_wconf 88' lang='lat' dir='ltr'><strong>in</strong></span> <span class='ocrx_word' id='word_1_816' title='bbox 2423 4804 2732 4861; x_wconf 84' lang='lat' dir='ltr'><strong>editionibus</strong></span> <span class='ocrx_word' id='word_1_817' title='bbox 2775 4804 3137 4861; x_wconf 81' lang='lat' dir='ltr'><strong>Ambrosianis</strong></span> <span class='ocrx_word' id='word_1_818' title='bbox 3184 4802 3496 4869; x_wconf 77' lang='lat' dir='ltr'><strong>obtinuerit,</strong></span> <span class='ocrx_word' id='word_1_819' title='bbox 3543 4819 3716 4858; x_wconf 78' lang='lat' dir='ltr'><strong>verum</strong></span> 
     </span>
    </p>
   </div>
   <div class='ocr_carea' id='block_1_107' title="bbox 2125 4882 3715 4973">
    <p class='ocr_par' dir='ltr' id='par_1_107' title="bbox 2125 4882 3715 4973">
     <span class='ocr_line' id='line_1_107' title="bbox 2125 4882 3715 4973; baseline -0.006 -15"><span class='ocrx_word' id='word_1_820' title='bbox 2125 4904 2302 4968; x_wconf 89' lang='lat' dir='ltr'><strong>etiam,</strong></span> <span class='ocrx_word' id='word_1_821' title='bbox 2333 4900 2472 4973; x_wconf 87' lang='lat' dir='ltr'><strong>apud</strong></span> <span class='ocrx_word' id='word_1_822' title='bbox 2496 4915 2645 4973; x_wconf 88' lang='lat' dir='ltr'><strong>quem</strong></span> <span class='ocrx_word' id='word_1_823' title='bbox 2682 4882 2903 4953; x_wconf 85' lang='lat' dir='ltr'><strong>Patrum</strong></span> <span class='ocrx_word' id='word_1_824' title='bbox 2922 4898 3232 4969; x_wconf 84' lang='lat' dir='ltr'><strong>reperiatur,</strong></span> <span class='ocrx_word' id='word_1_825' title='bbox 3261 4911 3371 4952; x_wconf 89' lang='lat' dir='ltr'><strong>uno</strong></span> <span class='ocrx_word' id='word_1_826' title='bbox 3395 4896 3589 4951; x_wconf 91' lang='lat' dir='ltr'><strong>intuitu</strong></span> <span class='ocrx_word' id='word_1_827' title='bbox 3613 4893 3715 4950; x_wconf 83' lang='lat' dir='ltr'><strong>ad-</strong></span> 
     </span>
    </p>
   </div>
   <div class='ocr_carea' id='block_1_108' title="bbox 2125 4986 3711 5063">
    <p class='ocr_par' dir='ltr' id='par_1_108' title="bbox 2125 4986 3711 5063">
     <span class='ocr_line' id='line_1_108' title="bbox 2125 4986 3711 5063; baseline -0.006 -13"><span class='ocrx_word' id='word_1_828' title='bbox 2125 4993 2263 5050; x_wconf 89' lang='lat' dir='ltr'><strong>verti</strong></span> <span class='ocrx_word' id='word_1_829' title='bbox 2307 4992 2504 5063; x_wconf 88' lang='lat' dir='ltr'><strong>possit;</strong></span> <span class='ocrx_word' id='word_1_830' title='bbox 2536 4991 2590 5045; x_wconf 92' lang='lat' dir='ltr'><strong>in</strong></span> <span class='ocrx_word' id='word_1_831' title='bbox 2629 4989 2867 5046; x_wconf 89' lang='lat' dir='ltr'><strong>secundo</strong></span> <span class='ocrx_word' id='word_1_832' title='bbox 2901 4990 2940 5044; x_wconf 79' lang='lat' dir='ltr'><strong>i‘i</strong></span> <span class='ocrx_word' id='word_1_833' title='bbox 2978 5003 3256 5045; x_wconf 89' lang='lat' dir='ltr'><strong>sermones</strong></span> <span class='ocrx_word' id='word_1_834' title='bbox 3290 5003 3427 5060; x_wconf 90' lang='lat' dir='ltr'><strong>quos</strong></span> <span class='ocrx_word' id='word_1_835' title='bbox 3471 4986 3711 5043; x_wconf 83' lang='lat' dir='ltr'><strong>retinue-</strong></span> 
     </span>
    </p>
   </div>
   <div class='ocr_carea' id='block_1_109' title="bbox 2130 5077 3717 5149">
    <p class='ocr_par' dir='ltr' id='par_1_109' title="bbox 2130 5077 3717 5149">
     <span class='ocr_line' id='line_1_109' title="bbox 2130 5077 3717 5149; baseline -0.004 -10"><span class='ocrx_word' id='word_1_836' title='bbox 2130 5093 2277 5149; x_wconf 88' lang='lat' dir='ltr'><strong>runt,</strong></span> <span class='ocrx_word' id='word_1_837' title='bbox 2308 5083 2380 5138; x_wconf 89' lang='lat' dir='ltr'><strong>ita</strong></span> <span class='ocrx_word' id='word_1_838' title='bbox 2412 5081 2731 5146; x_wconf 88' lang='lat' dir='ltr'><strong>indicantur,</strong></span> <span class='ocrx_word' id='word_1_839' title='bbox 2761 5088 2823 5136; x_wconf 87' lang='lat' dir='ltr'><strong>ut</strong></span> <span class='ocrx_word' id='word_1_840' title='bbox 2857 5079 3172 5144; x_wconf 85' lang='lat' dir='ltr'><strong>editionum,</strong></span> <span class='ocrx_word' id='word_1_841' title='bbox 3204 5078 3543 5147; x_wconf 89' lang='lat' dir='ltr'><strong>antiquarum</strong></span> <span class='ocrx_word' id='word_1_842' title='bbox 3571 5077 3717 5133; x_wconf 90' lang='lat' dir='ltr'><strong>scili-</strong></span> 
     </span>
    </p>
   </div>
   <div class='ocr_carea' id='block_1_110' title="bbox 2130 5167 3717 5241">
    <p class='ocr_par' dir='ltr' id='par_1_110' title="bbox 2130 5167 3717 5241">
     <span class='ocr_line' id='line_1_110' title="bbox 2130 5167 3717 5241; baseline -0.004 -11"><span class='ocrx_word' id='word_1_843' title='bbox 2130 5182 2235 5240; x_wconf 91' lang='lat' dir='ltr'><strong>cet,</strong></span> <span class='ocrx_word' id='word_1_844' title='bbox 2267 5174 2523 5230; x_wconf 82' lang='lat' dir='ltr'><strong>Romanac</strong></span> <span class='ocrx_word' id='word_1_845' title='bbox 2545 5181 2601 5227; x_wconf 91' lang='lat' dir='ltr'><strong>et</strong></span> <span class='ocrx_word' id='word_1_846' title='bbox 2626 5172 2930 5228; x_wconf 70' lang='lat' dir='ltr'><strong>novissimze</strong></span> <span class='ocrx_word' id='word_1_847' title='bbox 2957 5170 3289 5241; x_wconf 89' lang='lat' dir='ltr'><strong>comparatio</strong></span> <span class='ocrx_word' id='word_1_848' title='bbox 3317 5170 3531 5225; x_wconf 88' lang='lat' dir='ltr'><strong>existat.</strong></span> <span class='ocrx_word' id='word_1_849' title='bbox 3563 5167 3717 5224; x_wconf 88' lang='lat' dir='ltr'><strong>Sicut</strong></span> 
     </span>
    </p>
   </div>
   <div class='ocr_carea' id='block_1_111' title="bbox 2129 5259 3715 5336">
    <p class='ocr_par' dir='ltr' id='par_1_111' title="bbox 2129 5259 3715 5336">
     <span class='ocr_line' id='line_1_111' title="bbox 2129 5259 3715 5336; baseline -0.003 -17"><span class='ocrx_word' id='word_1_850' title='bbox 2129 5281 2259 5321; x_wconf 86' lang='lat' dir='ltr'><strong>vero</strong></span> <span class='ocrx_word' id='word_1_851' title='bbox 2287 5279 2355 5320; x_wconf 87' lang='lat' dir='ltr'><strong>ex</strong></span> <span class='ocrx_word' id='word_1_852' title='bbox 2380 5264 2559 5336; x_wconf 90' lang='lat' dir='ltr'><strong>priore</strong></span> <span class='ocrx_word' id='word_1_853' title='bbox 2586 5264 2761 5319; x_wconf 91' lang='lat' dir='ltr'><strong>indice</strong></span> <span class='ocrx_word' id='word_1_854' title='bbox 2800 5270 3042 5334; x_wconf 90' lang='lat' dir='ltr'><strong>apparet,</strong></span> <span class='ocrx_word' id='word_1_855' title='bbox 3072 5262 3379 5317; x_wconf 81' lang='lat' dir='ltr'><strong>amissorum</strong></span> <span class='ocrx_word' id='word_1_856' title='bbox 3405 5260 3563 5330; x_wconf 87' lang='lat' dir='ltr'><strong>longe</strong></span> <span class='ocrx_word' id='word_1_857' title='bbox 3589 5259 3715 5330; x_wconf 87' lang='lat' dir='ltr'><strong>plu-</strong></span> 
     </span>
    </p>
   </div>
   <div class='ocr_carea' id='block_1_112' title="bbox 2129 5353 3715 5423">
    <p class='ocr_par' dir='ltr' id='par_1_112' title="bbox 2129 5353 3715 5423">
     <span class='ocr_line' id='line_1_112' title="bbox 2129 5353 3715 5423; baseline -0.003 -12"><span class='ocrx_word' id='word_1_858' title='bbox 2129 5357 2296 5412; x_wconf 91' lang='lat' dir='ltr'><strong>rimos</strong></span> <span class='ocrx_word' id='word_1_859' title='bbox 2320 5357 2459 5411; x_wconf 88' lang='lat' dir='ltr'><strong>inter</strong></span> <span class='ocrx_word' id='word_1_860' title='bbox 2479 5354 2830 5411; x_wconf 86' lang='lat' dir='ltr'><strong>Maximianos</strong></span> <span class='ocrx_word' id='word_1_861' title='bbox 2852 5353 2966 5423; x_wconf 87' lang='lat' dir='ltr'><strong>jam</strong></span> <span class='ocrx_word' id='word_1_862' title='bbox 2985 5353 3231 5423; x_wconf 86' lang='lat' dir='ltr'><strong>vulgatos</strong></span> <span class='ocrx_word' id='word_1_863' title='bbox 3257 5366 3397 5417; x_wconf 85' lang='lat' dir='ltr'><strong>esse,</strong></span> <span class='ocrx_word' id='word_1_864' title='bbox 3420 5366 3584 5421; x_wconf 86' lang='lat' dir='ltr'><strong>quem</strong></span> <span class='ocrx_word' id='word_1_865' title='bbox 3602 5365 3715 5407; x_wconf 87' lang='lat' dir='ltr'><strong>non</strong></span> 
     </span>
    </p>
   </div>
   <div class='ocr_carea' id='block_1_113' title="bbox 2131 5436 3715 5516">
    <p class='ocr_par' dir='ltr' id='par_1_113' title="bbox 2131 5436 3715 5516">
     <span class='ocr_line' id='line_1_113' title="bbox 2131 5436 3715 5516; baseline -0.001 -17"><span class='ocrx_word' id='word_1_866' title='bbox 2131 5436 2423 5503; x_wconf 58' lang='lat' dir='ltr'><strong>immerito;</strong></span> <span class='ocrx_word' id='word_1_867' title='bbox 2437 5460 2538 5516; x_wconf 83' lang='lat' dir='ltr'><strong>pro</strong></span> <span class='ocrx_word' id='word_1_868' title='bbox 2579 5452 2800 5501; x_wconf 88' lang='lat' dir='ltr'><strong>auctore</strong></span> <span class='ocrx_word' id='word_1_869' title='bbox 2826 5459 3014 5501; x_wconf 90' lang='lat' dir='ltr'><strong>eorum</strong></span> <span class='ocrx_word' id='word_1_870' title='bbox 3051 5441 3238 5498; x_wconf 85' lang='lat' dir='ltr'><strong>haberi</strong></span> <span class='ocrx_word' id='word_1_871' title='bbox 3265 5442 3322 5498; x_wconf 89' lang='lat' dir='ltr'><strong>in</strong></span> <span class='ocrx_word' id='word_1_872' title='bbox 3362 5441 3618 5511; x_wconf 88' lang='lat' dir='ltr'><strong>singulari</strong></span> <span class='ocrx_word' id='word_1_873' title='bbox 3642 5438 3715 5497; x_wconf 87' lang='lat' dir='ltr'><strong>ad</strong></span> 
     </span>
    </p>
   </div>
   <div class='ocr_carea' id='block_1_114' title="bbox 2120 5558 3711 5675">
    <p class='ocr_par' dir='ltr' id='par_1_114' title="bbox 2120 5558 3711 5675">
     <span class='ocr_line' id='line_1_114' title="bbox 2120 5558 3711 5675; baseline 0.001 -20"><span class='ocrx_word' id='word_1_874' title='bbox 2120 5601 2265 5657; x_wconf 90' lang='lat' dir='ltr'><strong>hunc</strong></span> <span class='ocrx_word' id='word_1_875' title='bbox 2294 5603 2468 5675; x_wconf 85' lang='lat' dir='ltr'><strong>virum</strong></span> <span class='ocrx_word' id='word_1_876' title='bbox 2513 5602 2696 5673; x_wconf 87' lang='lat' dir='ltr'><strong>fugere</strong></span> <span class='ocrx_word' id='word_1_877' title='bbox 2743 5609 2985 5675; x_wconf 82' lang='lat' dir='ltr'><strong>possent.</strong></span> <span class='ocrx_word' id='word_1_878' title='bbox 3007 5558 3405 5675; x_wconf 29' lang='lat' dir='ltr'><strong>&#39;Qbs‘ervarunt</strong></span> <span class='ocrx_word' id='word_1_879' title='bbox 3444 5599 3711 5675; x_wconf 78' lang='lat' dir='ltr'><strong>illudpri-</strong></span> 
     </span>
    </p>
   </div>
   <div class='ocr_carea' id='block_1_115' title="bbox 2120 5670 3711 5737">
    <p class='ocr_par' dir='ltr' id='par_1_115' title="bbox 2120 5670 3711 5737">
     <span class='ocr_line' id='line_1_115' title="bbox 2120 5670 3711 5737; baseline 0.003 -11"><span class='ocrx_word' id='word_1_880' title='bbox 2120 5688 2264 5727; x_wconf 83' lang='lat' dir='ltr'><strong>mum</strong></span> <span class='ocrx_word' id='word_1_881' title='bbox 2301 5670 2842 5731; x_wconf 52' lang='lat' dir='ltr'><strong>Ambrosii&#39;edito&#39;res</strong></span> <span class='ocrx_word' id='word_1_882' title='bbox 2881 5670 3215 5737; x_wconf 83' lang='lat' dir='ltr'><strong>Benedictini</strong></span> <span class='ocrx_word' id='word_1_883' title='bbox 3250 5672 3305 5733; x_wconf 86' lang='lat' dir='ltr'><strong>in</strong></span> <span class='ocrx_word' id='word_1_884' title='bbox 3342 5670 3711 5735; x_wconf 70' lang='lat' dir='ltr'><strong>admonitibuo</strong></span> 
     </span>
    </p>
   </div>
   <div class='ocr_carea' id='block_1_116' title="bbox 2121 5742 2842 5839">
    <p class='ocr_par' dir='ltr' id='par_1_116' title="bbox 2121 5742 2842 5839">
     <span class='ocr_line' id='line_1_116' title="bbox 2121 5742 2842 5839; baseline 0.003 -40"><span class='ocrx_word' id='word_1_885' title='bbox 2121 5744 2186 5839; x_wconf 75' lang='lat' dir='ltr'><strong>ad</strong></span> <span class='ocrx_word' id='word_1_886' title='bbox 2214 5744 2585 5820; x_wconf 86' lang='lat' dir='ltr'><strong>appendicem.</strong></span> <span class='ocrx_word' id='word_1_887' title='bbox 2834 5742 2842 5748; x_wconf 88' lang='grc'><em>’</em></span> 
     </span>
    </p>
   </div>
  </div>
