4040 6324
348 294 450 360 195

1424 293 1698 354 ΝΟΤΙΤΙΑ
1738 293 2566 356 HlSTORlCO-HTTERARIA.

3501 309 3607 369 194

345 413 568 472 omissos
605 427 884 469 sermones
921 411 1268 470 adnotatione
1308 413 1709 478 demonstrant;
1751 413 1824 468 ita
1853 427 1920 468 ex
1948 415 2002 474 Α
2027 412 2126 468 bus
2154 414 2451 470 editionum
2479 415 2694 471 Leonis.
2728 416 2808 472 Ad
2836 433 3052 473 manum
3083 427 3271 473 neutra
3299 418 3414 475 fuit.
3447 421 3605 491 Igno-

341 507 610 578 sexaginta
631 506 812 573 tribas,
837 506 1032 576 quibus
1051 507 1228 563 locum
1253 508 1307 563 in
1319 507 1612 580 appendice
1636 506 1916 572 dederunt,

343 613 506 672 usque
530 600 656 655 dum
688 600 900 656 nonnisi
928 617 1050 656 cum
1085 601 1369 658 Ambrosio
1409 602 1620 657 excusis
1657 601 1922 656 sermoni-

336 695 436 750 bus
476 693 814 762 potissimam
861 702 1070 765 partem
1116 695 1350 751 Maximo
1387 695 1705 751 Taurinensi
1738 694 1920 751 deberi

336 787 718 854 ostenderunt;
768 803 941 859 nuper
985 804 1116 844 vero
1162 788 1336 845 editor
1384 788 1658 844 Romanus
1704 787 1920 843 Maximi

333 881 514 936 Bruno
542 880 752 936 Brunus
779 881 989 937 tantum
1027 899 1135 938 non
1165 898 1372 948 omnes,
1406 899 1542 953 quos
1571 883 1657 939 vel
1687 884 1921 938 incertos

331 973 680 1043 reliquerant,
706 974 790 1029 vel
817 975 936 1030 aliis
964 975 1232 1031 interdum
1253 976 1490 1032 tribuere
1512 977 1609 1031 visi
1639 985 1765 1031 sunt
1793 976 1921 1030 Am-

328 1063 489 1118 brosii
535 1063 788 1131 editores,
834 1065 1079 1124 codicum
1121 1083 1250 1122 mss.
1291 1076 1581 1139 superante
1611 1067 1918 1123 testimonio

327 1155 564 1212 Maximo
593 1174 692 1212 suo
721 1168 985 1214 assertum
1025 1159 1138 1214 ivit.
1183 1139 1354 1215 'l'anta
1393 1176 1524 1216 vero
1562 1159 1777 1214 Maximi
1805 1175 1919 1215 scr-

327 1265 548 1305 monum
592 1267 718 1322 pars
756 1253 901 1322 quod
943 1254 998 1309 in
1038 1253 1307 1309 Ambrosii
1347 1269 1546 1309 nomen
1581 1254 1916 1325 potissimum

326 1342 648 1413 transcripta
695 1345 784 1409 sit,
827 1354 1022 1415 praeter
1060 1345 1402 1402 librariorum
1431 1345 1664 1412 fraudes,
1708 1346 1821 1416 qui,
1859 1355 1918 1401 ut

323 1433 680 1490 vendibiliora
709 1437 1039 1507 exemplaria
1068 1436 1328 1502 facerent,
1356 1438 1582 1496 illustria
1610 1438 1828 1493 nomina
1850 1437 1915 1492 iis

325 1527 620 1584 inscribere
660 1530 926 1598 solebant,
967 1532 1071 1588 hoc
1098 1547 1273 1588 causa:
1299 1531 1464 1589 fuisse
1487 1542 1710 1589 censent
1738 1532 1912 1588 Bene-

322 1621 526 1688 dictini,
549 1624 692 1692 quod
713 1641 837 1680 cum
858 1624 1126 1681 Ambrosii
1153 1640 1317 1696 opera
1339 1626 1625 1695 diligenter
1645 1625 1912 1682 lectitasse

321 1713 568 1769 videatur
608 1715 889 1779 Maximus.
922 1732 998 1772 ex
1039 1717 1231 1788 iisque,
1270 1717 1606 1788 potissimum
1645 1733 1712 1773 ex
1751 1732 1911 1773 com-

322 1806 590 1861 mentario
618 1807 673 1862 in
691 1807 913 1877 Lucam,
933 1823 1125 1879 magna
1155 1809 1450 1878 fragmenta
1479 1811 1546 1866 ad
1573 1811 1794 1866 verbum
1817 1826 1911 1866 ex-
1942 1791 1990 1852 Β

321 1906 506 1968 cerpta
536 1899 808 1967 indiderit,
845 1901 1077 1958 incautis
1115 1903 1346 1959 librariis
1377 1903 1593 1959 errandi
1621 1904 1912 1975 prmbuerit

322 1990 684 2046 occasionem.
719 2012 736 2044 ι
772 1993 900 2048 Inde
928 1994 1192 2060 similiter,
1218 1995 1482 2064 inquiunt,
1506 1995 1774 2064 conjicere
1796 1994 1907 2050 for-

319 2095 419 2136 san
439 2082 618 2150 liceat,
648 2100 757 2139 non
787 2085 950 2140 alium
977 2097 1251 2142 auctorem
1274 2087 1424 2141 libris
1448 2103 1544 2142 seu
1569 2089 1909 2144 sermonibus

317 2175 384 2229 de
417 2174 773 2232 Sacramentis
800 2179 1146 2248 quaerendum
1191 2195 1310 2236 etme
1330 2196 1491 2249 quam
1519 2181 1766 2236 eumdem
1793 2181 1907 2235 Ma-

319 2265 547 2333 ximum,
579 2270 665 2324 cui
693 2269 1020 2339 conjectum
1049 2271 1199 2327 locus
1233 2279 1288 2325 et
1326 2280 1535 2342 tempus
1568 2273 1910 2340 patrocinan-
1937 2275 1946 2284 '

322 2363 434 2411 tur.
474 2377 494 2410 ο

927 2469 1143 2512 δεουιο
1181 2471 1327 2510 XVIII.

1037 2546 1198 2601 1715.

390 2632 620 2702 Patavii,
655 2639 796 2707 typis
822 2639 1118 2704 seminarii,
1150 2639 1294 2710 apud
1322 2639 1478 2695 Joan.
1517 2640 1742 2704 Manfré.
1774 2639 1902 2696 ἰπὶ-4.

314 2725 374 2780 S.
407 2724 625 2782 Maximi
646 2726 992 2785 Taurinensis
1015 2732 1254 2803 episcopi
1273 2747 1552 2788 sermones
1573 2732 1686 2805 (75,
1709 2734 1905 2803 partim

315 2816 472 2885 editi,
503 2821 698 2890 partim
729 2821 940 2889 inediti)
968 2839 1094 2878 cura
1125 2831 1179 2879 et
1204 2823 1380 2879 studio
1399 2823 1658 2879 Ludovici
1685 2825 1904 2879 Antonii

316 2909 630 2978 Muratorii;
661 2913 714 2968 in
744 2922 893 2969 tomo
919 2913 986 2968 IV
1015 2914 1351 2981 Anecdotor.,
1385 2930 1476 2985 pp.
1511 2915 1689 2971 l-ll7.

389 3001 718 3060 Muratorius
751 3020 819 3059 ex
847 3005 1037 3060 eodem
1069 3006 1255 3062 codice
1297 3005 1652 3062 Ambrosiano
1694 3022 1760 3063 ex
1795 3022 1903 3077 quo

312 3103 526 3166 partem
569 3096 908 3152 bomiliarum
938 3098 1223 3155 duodecim
1261 3099 1585 3156 ineditarum
1613 3116 1901 3172 excerpse-

311 3162 399 3242 rat
427 3187 787 3257 Mabillonius,
819 3206 926 3246 non
953 3191 1126 3246 solum
1155 3208 1326 3249 novas
1353 3193 1552 3257 denuo,
1584 3211 1686 3251 nec
1706 3162 1904 3265 paucas
1927 3162 1976 3227 Ο

312 3278 476 3342 eruit,
509 3294 644 3348 quas
684 3296 812 3336 vere
858 3281 1147 3338 Maximum
1190 3293 1467 3340 auctorem
1506 3285 1704 3341 habere
1750 3294 1905 3356 putat

311 3367 583 3437 bomilias,
617 3369 712 3428 sed
741 3387 834 3428 eas
879 3374 1042 3428 etiam
1071 3389 1190 3444 qua:
1227 3375 1340 3444 jam
1368 3377 1524 3432 edita:
1553 3377 1763 3432 fuerant
1791 3379 1904 3434 sive

312 3461 458 3518 inter
483 3465 772 3529 Ambrosii,
800 3467 912 3521 sive
941 3467 995 3521 in
1020 3467 1236 3523 Maximi
1258 3469 1425 3538 ipsius
1452 3471 1706 3540 operibus
1733 3471 1904 3525 adno-

311 3557 451 3610 tavit
483 3564 539 3611 et
561 3556 764 3627 judicio
801 3575 901 3614 suo
940 3560 1297 3616 confirmavit.
1331 3560 1537 3633 Stylum
1565 3562 1901 3631 potissimum

307 3643 547 3715 iudicem
593 3658 808 3705 secutus
849 3659 951 3716 est,
999 3651 1093 3706 sed
1135 3667 1243 3706 non
1284 3652 1461 3709 minus
1485 3652 1820 3707 Gennadium
1850 3661 1905 3707 et

309 3739 419 3794 alia
444 3740 642 3797 indicia
672 3757 740 3796 ex
769 3743 898 3812 ipsis
926 3743 1163 3798 homiliis
1188 3744 1376 3813 petita.

1037 3832 1193 3886 1755.

390 3921 629 3988 Parisiis,
657 3923 799 3993 apud
826 3923 1144 3988 Montalant,
1186 3921 1255 3978 ad
1302 3924 1471 3993 ripam
1508 3921 1611 3978 PP.
1653 3924 1904 3994 Augusti-

313 4015 624 4080 nianorum,
647 4031 816 4086 prope
843 4024 1062 4087 pontem
1090 4015 1145 4070 S.
1179 4015 1473 4081 Michaelis,
1507 4015 1672 4071 in-fol.
1699 4017 1756 4072 S.
1785 4016 1899 4071 Ma-

2025 521 2205 562 ramus
2233 521 2362 576 ergo
2392 517 2570 562 utrum
2606 510 2734 564 solae
2762 511 3010 581 primitus
3037 526 3158 566 cum
3189 510 3368 567 Leone
3403 515 3605 583 vulgari

2022 598 2194 653 solita:
2235 599 2468 654 homilim
2515 599 2584 652 74
2629 600 2852 656 reddita:
2897 603 3024 666 sint,
3068 618 3135 658 an
3176 619 3243 658 ex
3291 603 3603 675 Mabillonii,

2023 690 2300 746 Muratorii
2329 700 2382 747 et
2409 690 2676 747 Edmundi
2717 691 2958 749 Martene
3003 695 3381 752 collationibus
3407 696 3607 754 fuerint

2023 781 2361 853 locupletata:

2727 877 2886 934 1748.

2095 965 2354 1035 Venetiis,
2385 966 2525 1038 apud
2554 968 2825 1025 Andream
2856 970 3068 1039 Poletti,
3110 974 3277 1030 in-fol.
3315 963 3603 1032 Sermones

2021 1064 2076 1111 et
2104 1056 2337 1112 humilia:
2365 1058 2422 1111 S.
2457 1057 2673 1114 Maximi
2704 1062 2942 1132 episcopi
2987 1064 3348 1121 Taurinensis.
3375 1067 3439 1121 ad
3469 1084 3597 1124 mss.

2020 1146 2238 1204 codices
2280 1147 2457 1204 denuo
2502 1152 2747 1221 castigati
2793 1162 2848 1208 et
2887 1157 3062 1221 aucti;
3109 1158 3370 1213 accedunt
3407 1157 3602 1215 Leonis

2019 1237 2091 1294 M.
2124 1242 2376 1311 operibus
2403 1258 2501 1312 per
2521 1244 2771 1322 eumdem
2801 1248 3030 1302 excusis.

2727 1339 2883 1394 1749.

2092 1429 2347 1498 Venetiis,
2375 1433 2517 1504 apud
2540 1434 2789 1489 Carolum
2832 1433 3055 1499 Pecora,
3089 1434 3254 1490 in-fol.
3293 1438 3349 1491 S.
3383 1437 3614 1496 Maximi-

2019 1518 2367 1579 Taurinensis
2412 1525 2650 1596 episcopi
2690 1542 2967 1582 sermones
3002 1527 3165 1592 varii;
3200 1527 3252 1582 in
3292 1530 3596 1586 Combelisii

2019 1611 2334 1669 Bibliotheca
2360 1619 2752 1672 conciouatoria
2783 1635 2934 1673 nova:
2964 1619 3231 1685 editionis,
3265 1621 3595 1691 potissimum

2016 1721 2113 1777 per
2142 1714 2344 1762 tomum
2372 1707 2413 1775 l,
2447 1706 2509 1773 ll,
2542 1708 2585 1762 V
2615 1717 2670 1764 et
2701 1709 2784 1764 Vl.

2723 1801 2877 1856 1775.

2083 1891 2340 1960 Venetiis,
2374 1908 2442 1948 ex
2477 1902 2685 1966 typogr.
2735 1893 2893 1949 Joan.
2943 1895 3095 1966 Bapt.
3139 1895 3367 1962 Albritii,
3420 1897 3574 1952 in-fol

2011 1982 2198 2037 Sancti
2247 1982 2463 2039 Maximi
2503 1986 2743 2056 episcopi
2786 1985 3132 2042 Taurinensis
3170 1988 3473 2059 complures
3501 1990 3587 2044 ho-

2009 2075 2186 2139 miliae,
2218 2089 2338 2144 qua:
2379 2076 2433 2130 in
2481 2085 2638 2131 antea
2684 2077 2842 2133 editis
2889 2077 3290 2146 desiderantur,
3334 2081 3593 2149 evulgata:

2010 2183 2137 2222 cura
2207 2167 2502 2249 et.studio
2548 2185 2634 2222 vv.
2699 2170 2787 2225 cll.
2849 2169 3161 2236 Mabillonii,
3213 2171 3487 2227 Muratorii
3542 2181 3595 2227 et

2009 2258 2275 2327 Martenii,
2306 2261 2607 2315 recollectze
2636 2262 2704 2315 ab
2733 2261 2946 2316 Andrea
2976 2263 3289 2328 Gallandio;
3317 2266 3367 2318 in
3401 2264 3594 2318 Biblio-

2013 2353 2158 2406 theca
2193 2351 2308 2405 Vet.
2335 2351 2552 2405 Patrum
2582 2354 3007 2425 antiquorumque
3030 2356 3336 2424 scriptorum
3356 2355 3595 2408 ecclesia~

2010 2445 2275 2508 uicorum,
2309 2453 2455 2499 tomo
2482 2444 2571 2510 IX,
2603 2462 2694 2515 pp.
2728 2444 2978 2500 549-395.
3028 2446 3258 2501 Additus
3303 2456 3384 2501 est
3431 2447 3594 2502 etiam

2010 2551 2188 2592 sermo
2216 2552 2386 2590 novus
2415 2553 2480 2590 ex
2511 2536 2856 2592 Combetisio.
2901 2536 3141 2606 Subjecit
3187 2537 3364 2592 editor
3407 2538 3595 2593 breves

2010 2629 2216 2698 aliquot
2245 2639 2418 2691 nolas,
2452 2629 2742 2692 variantes,
2780 2629 3200 2695 cmendationes,
3232 2628 3592 2698 conjecturas,

1991 2703 2109 2774 'nec
2147 2736 2254 2775 non
2305 2721 2422 2775 loca
2470 2720 2684 2785 biblica,
2717 2736 2836 2791 qua:
2876 2721 2959 2775 vel
3009 2721 3209 2775 diserte
3257 2721 3478 2792 profert,
3507 2721 3592 2776 vel

2006 2813 2227 2884 respicit
2268 2813 2456 2868 saltent
2486 2813 2767 2868 Maximus.
2819 2814 2877 2868 In
2918 2815 3314 2884 prolegomenis
3359 2815 3593 2885 denique

2007 2921 2127 2976 cap.
2158 2904 2209 2971 9,
2242 2922 2331 2976 pp.
2382 2905 2577 2972 20-22,
2609 2907 2677 2961 de
2707 2906 2920 2961 Maximi
2961 2909 3140 2975 rebus,
3173 2917 3227 2963 et
3256 2910 3441 2963 harum
3474 2909 3591 2978 ejus

2005 2995 2344 3053 bomiliarum
2389 2999 2690 3056 editoribus
2719 2999 2991 3069 exquisito
3019 3016 3140 3056 cum
3185 3001 3388 3070 judicio
3417 3001 3580 3058 disse-

2004 3090 2158 3146 ritur.

2188 3173 2190 3176 ’
2715 3184 2871 3239 1784.

2079 3272 2282 3340 Momm,
2314 3276 2453 3346 typis
2479 3291 2617 3330 sacr.
2645 3291 2832 3345 congr.
2866 3277 2932 3331 de
2960 3275 3307 3345 Propaganda
3331 3277 3483 3344 Fide,
3509 3279 3589 3332 in~

2005 3365 2098 3419 fol.
2131 3381 2277 3420 max.
2309 3364 2492 3420 Sancti
2523 3366 2740 3420 Maximi
2772 3368 3013 3437 episcopi
3055 3367 3402 3422 Taurinensis
3427 3384 3589 3438 opera

2001 3457 2156 3525 jussu
2199 3455 2278 3511 Pii
2321 3456 2488 3512 Sexti.
2525 3455 2583 3510 P.
2628 3457 2697 3510 M.
2738 3467 2915 3524 aucta,
2960 3468 3121 3530 atque
3159 3459 3590 3518 adnotationibus

2011 3548 2277 3603 illustrata
2307 3565 2338 3603 a
2368 3549 2610 3604 Victorio
2634 3548 2894 3617 Amedeo,
2927 3549 3188 3604 Sardinia:
3219 3553 3330 3619 regi
3360 3550 3422 3604 D.
3455 3551 3518 3606 D.

2076 3637 2283 3692 Seriem
2321 3655 2442 3693 cum
2494 3639 2861 3705 bomiliarum,
2903 3651 3014 3695 tum
3053 3653 3358 3698 seMonum
3398 3645 3450 3699 in
3489 3645 3589 3702 bac

2005 3728 2243 3785 editione
2276 3740 2656 3787 contentorum
2697 3748 2856 3804 supra
2895 3734 3156 3791 dedimus.
3204 3737 3321 3792 Jam
3360 3739 3588 3808 primmn

2005 3834 2123 3874 esse
2169 3820 2352 3888 debet,
2400 3831 2477 3888 ut,
2526 3841 2762 3894 quonam
2809 3836 2967 3898 pacto
3014 3829 3308 3899 praestitum
3343 3832 3411 3885 sit
3439 3831 3586 3898 illud,

2005 3927 2114 3982 quo
2145 3915 2378 3971 maxime
2405 3917 2627 3985 gloriari
2657 3933 2719 3974 ea
2761 3921 2951 3991 possit,
2997 3931 3058 3977 ut
3098 3940 3205 3979 non
3254 3932 3361 3978 tam
3410 3934 3584 3990 aucta,

2002 4020 2163 4076 quam
2189 4005 2416 4063 denovo
2436 4009 2657 4065 condita
2684 4011 2947 4080 videatur,
2973 4017 3316 4086 eXplicemus.
3343 4016 3510 4072 Simul
3526 4034 3585 4081 ac

310 4107 448 4163 ximi
487 4107 832 4164 Taurinensis
877 4109 1114 4179 episcopi
1161 4107 1392 4163 hominm
1428 4123 1541 4173 sex,
1587 4124 1652 4164 εχ
1691 4107 1903 4164 schedis
2002 4097 2252 4152 nimirum
2279 4115 2308 4153 a
2337 4100 2590 4170 pontifice
2613 4119 2827 4161 summo
2857 4109 3094 4163 Brunoni
3119 4108 3433 4164 Brunohzec
3456 4127 3582 4164 con-

309 4199 612 4256 Μεωιιοηίί
659 4201 827 4256 edidit
876 4199 1186 4256 Edmundus
1234 4201 1474 4256 Mat-mne
1527 4202 1578 4257 ίη
1634 4211 1782 4256 mmo
1827 4199 1898 4254 ιχ
2001 4189 2201 4243 credita
2223 4200 2365 4246 esset
2385 4191 2673 4249 Maximum
2701 4197 2931 4252 ornandi
2961 4199 3253 4268 provincia,
3284 4217 3390 4255 non
3412 4202 3583 4257 solum

307 4292 647 4348 collectionis
697 4294 1039 4363 amplissima:
1067 4301 1197 4349 vett.
1231 4291 1327 4348 SS.
1380 4303 1434 4347 et
1471 4303 1895 4361 monumentor.,

2013 4282 2140 4335 intra
2172 4281 2379 4336 Italiam
2410 4286 2732 4342 auctoritate
2762 4304 2858 4342 sua
2887 4288 3014 4358 egit,
3047 4299 3105 4344 ut
3133 4289 3434 4360 ubicunque
3469 4292 3583 4349 libri

307 4397 475 4453 quam
504 4400 609 4438 una
649 4400 768 4439 cum
817 4383 1046 4440 Martino
1095 4384 1346 4440 Durando
1393 4385 1634 4454 ejusdem
1681 4402 1744 4441 ac
1784 4387 1898 4456 ipse

2013 4391 2127 4430 mss.
2163 4377 2215 4430 in
2245 4377 2438 4447 quibus
2467 4379 2669 4450 aliquid
2703 4381 2917 4436 Maximi
2949 4398 3173 4453 operum
3205 4373 3422 4449 inesset',
3451 4383 3583 4437 deli-

309 4475 745 4543 congregationis
771 4476 943 4531 sancti
972 4475 1137 4530 Mauri
1179 4475 1328 4530 socio
1365 4484 1419 4530 et
1455 4477 1770 4548 presbytero
1784 4492 1896 4532 ,ηο-
1921 4543 1960 4548 _
2000 4477 2289 4536 tesccrent,
2321 4473 2559 4528 studiose
2589 4475 2989 4544 inquirerentur
3015 4485 3071 4531 et
3098 4477 3165 4530 ad
3194 4477 3334 4531 edita
3365 4488 3582 4532 excute.

307 4580 434 4623 vem
459 4567 817 4623 voluminibus
842 4567 1149 4635 adornavit;
1181 4583 1274 4638 pp.
1308 4543 1551 4621 154-1-42.
1618 4543 1632 4548 ⁷
1919 4543 1974 4604 Ῑ)
2000 4569 2206 4624 rentur,
2245 4563 2444 4632 quique
2475 4564 2601 4619 inde
2643 4543 3018 4634 provenissent
3055 4567 3139 4621 vel
3179 4583 3437 4621 novorum
3468 4585 3582 4624 scr-

377 4647 662 4730 selegem‘;
699 4677 792 4717 eas
838 4659 1177 4716 Mabjllonius
1217 4677 1284 4717 εχ
1318 4661 1509 4717 eodem
1546 4660 1734 4717 codice
1759 4660 1896 4714 san-
1998 4668 2217 4706 monum
2253 4653 2338 4706 vel
2380 4655 2700 4710 variantium
2742 4656 3034 4711 lectionum
3074 4657 3296 4725 fructus,
3332 4676 3433 4714 una
3462 4678 3582 4718 cum

305 4756 558 4826 gallensi,
588 4771 657 4811 ex
680 4771 790 4826 quo
818 4756 1049 4826 primum
1094 4755 1344 4811 bomilias
1386 4753 1675 4811 duodecim
1716 4754 1894 4824 publi-

2013 4745 2200 4808 ‘brmze,
2234 4745 2629 4813 cbaracterum,
2662 4756 2824 4818 atque
2871 4750 3045 4805 aetatis
3081 4749 3446 4826 declaratione
3475 4754 3581 4809 Ro-

307 4851 472 4914 εενίι,
507 4849 639 4904 alias
666 4864 732 4904 ex
757 4849 1044 4917 nonaginta
1073 4857 1127 4903 ει
1155 4857 1362 4918 septem
1390 4863 1526 4917 quas
1549 4848 1648 4902 sub
1677 4846 1896 4901 nomine
1997 4852 2141 4891 mam
2171 4839 2530 4910 mitterentur,
2561 4841 2653 4897 sed
2688 4850 2842 4898 extra
2879 4843 3086 4900 Italiam
3117 4846 3278 4901 etiam
3315 4847 3455 4902 idem
3487 4866 3580 4920 per

306 4941 593 5013 Augustini
620 4939 1130 5011 comprehendebat,
1161 4955 1389 5010 quarum
1417 4948 1598 4994 tamen
1627 4954 1753 5009 pars
1774 4953 1891 4992 ma-
1999 4927 2206 4996 legatos
2252 4947 2379 4987 suos
2424 4932 2538 4990 ﬁeri
2585 4935 2811 4991 curavit.
2857 4935 3034 5008 Ipsum
3075 4938 3306 5010 denique
3346 4940 3579 4996 Bruuum

306 5035 454 5090 xima
499 5033 610 5103 jam
651 5034 751 5088 sub
797 5032 1100 5100 Augustini,
1140 5033 1225 5088 vel
1270 5032 1557 5099 Ambrosii,
1598 5031 1684 5086 vel
1726 5031 1893 5102 ipsius
1998 5020 2318 5091 insigniores
2356 5034 2411 5082 et
2455 5028 2728 5084 codicibus
2773 5045 2901 5086 mss.
2960 5033 3194 5087 maxime
3247 5033 3580 5088 abundantes

303 5124 527 5182 Maximi
559 5126 775 5181 nomine
803 5131 1024 5180 exarata
1050 5132 1185 5189 erat,
1219 5125 1271 5178 in
1311 5122 1453 5178 aliud
1483 5131 1691 5192 tempus
1719 5138 1894 5179 reser.
1995 5115 2349 5176 bibliothecas
2375 5123 2540 5178 veluti
2568 5122 2914 5180 Casinensem
2961 5134 3017 5180 et
3062 5125 3404 5182 Florentinas
3432 5127 3578 5182 adire

303 5232 458 5272 vans.
507 5216 612 5271 Sed
639 5223 838 5286 praster
870 5215 970 5270 bas
1013 5231 1108 5272 sex
1153 5216 1282 5270 nihil
1331 5216 1384 5270 in
1421 5215 1633 5272 schedis
1669 5216 1786 5286 ejus
1823 5218 1890 5273 ab
1995 5229 2050 5276 et
2075 5224 2266 5286 suopte
2285 5215 2499 5284 ingenio
2527 5217 2760 5288 experiri
2780 5217 2958 5286 jussit,
2990 5226 3247 5287 quantum
3277 5219 3408 5273 lucri
3436 5225 3576 5276 esset
3638 5253 3650 5260 -

304 5308 413 5368 hoc
440 5309 651 5366 editore
680 5315 950 5378 repertum
977 5317 1078 5364 est.
1993 5316 2217 5370 laturus.
2245 5309 2412 5367 Simul
2434 5311 2626 5366 summi
2660 5311 3013 5382 undequaque
3038 5319 3094 5366 et
3118 5311 3238 5367 loco
3261 5319 3316 5366 et
3332 5310 3575 5364 doctrina

1021 5399 1178 5454 1741.
1243 5440 1246 5444 -
1990 5410 2092 5465 viri
2121 5417 2175 5463 et
2217 5408 2376 5463 oﬂicii
2417 5407 2498 5461 sui
2547 5419 2674 5474 erga
2720 5406 3026 5475 pontiﬁcem
3062 5404 3291 5461 testandi
3330 5417 3492 5458 causa
3521 5411 3575 5458 et

376 5495 644 5562 Venetiis,
676 5495 816 5567 apud
847 5493 1202 5562 Augustinum
1240 5494 1438 5551 Savioli
1457 5537 1471 5562 ,
1516 5495 1683 5553 in-fol.
1711 5497 1884 5569 Opera
1989 5502 2128 5555 bene
2155 5499 2223 5553 de
2253 5498 2484 5552 Maximo
2513 5497 2754 5556 merendi
2775 5497 2950 5566 cupidi
2979 5496 3230 5551 eximiam
3262 5495 3313 5546 in
3337 5493 3440 5546 hoc
3459 5500 3573 5546 stu-

305 5586 526 5646 Haximi
574 5589 948 5657 Taurinensis;
990 5590 1253 5645 accedunt
1291 5592 1542 5660 operibus
1588 5591 1782 5647 Leonis
1811 5593 1880 5646 M.
1988 5592 2077 5646 dio
2107 5591 2296 5646 editori
2329 5597 2589 5644 navarunt
2619 5604 2856 5659 operam.
2892 5588 2942 5642 ls
2969 5601 3098 5653 ergo
3126 5591 3410 5654 postquam
3453 5599 3572 5637 om-

307 5680 378 5738 ab
405 5681 598 5738 eodem
624 5681 915 5754 bibliopola
946 5680 1124 5736 editis.
1990 5698 2105 5748 nes.
2136 5689 2401 5750 quotquot
2447 5681 2706 5736 hactenus
2751 5687 2948 5734 curatae
2988 5682 3168 5730 essent
3205 5672 3422 5727 Maximi
3453 5674 3569 5728 edi-

327 5819 334 5825 .
378 5770 461 5839 De
485 5773 587 5833 bac
612 5773 872 5840 editione,
895 5782 955 5830 ut
974 5772 1044 5832 de
1065 5774 1330 5848 sequenti,
1363 5773 1574 5832 dicetur
1600 5775 1655 5832 in
1681 5776 1887 5834 annali-
1987 5775 2170 5833 tiones
2183 5775 2641 5840 circumspexerat
2667 5783 2724 5830 et
2749 5770 3166 5840 conquisiverat,
3189 5767 3568 5840 ingeniumque
