4040 6324
464 272 471 279 .

451 469 647 543 peritia
690 467 974 536 insignium
1020 463 1087 521 de
1127 462 1364 519 Maximo
1409 462 1643 533 scriptis,
1692 450 1870 532 qualia
1919 467 2045 515 sunt

452 572 523 619 ex
549 559 957 630 antiquioribus,
986 556 1249 614 Gennadii
1277 565 1332 612 et
1356 555 1582 613 Honorii
1604 552 2046 625 Augustodunen-

447 657 550 723 Iis,
580 652 943 710 recentiorum
982 667 1133 713 vero,
1182 650 1484 715 Tritbemii,
1530 647 1757 713 Erasmi,
1788 646 1926 704 Sixti
1954 647 2043 704 Si-

428 734 654 814 'nensis,
686 745 865 801 Latini
894 744 1111 808 Latinii,
1157 744 1484 809 Bellarmini,
1533 743 1772 809 Baronii,
1819 741 2041 807 Labbei,

450 837 716 894 editorum
748 836 1027 905 Augustini
1048 844 1103 890 et
1126 834 1396 902 Ambrosii
1426 850 1457 890 e
1485 847 1737 904 congreg.
1764 833 1822 889 S.
1847 832 2040 900 Mauri,

446 924 655 985 Natalis
679 927 989 993 Alexandri,
1020 926 1178 983 Joan.
1222 926 1339 982 Alb.
1384 925 1634 990 Fabricii,
1667 924 1850 993 Cavei,
1879 925 2046 996 Dupi-

446 1020 546 1088 nii,
571 1019 788 1086 Oudini,
819 1018 1167 1095 Tillemqntii,
1195 1016 1432 1074 Ceillerii
1474 1026 1531 1074 et
1565 1017 1789 1074 fratrum
1821 1017 2045 1075 Balleri-

448 1114 687 1180 aliorum,
738 1114 1064 1179 nutriverat;
1114 1122 1375 1184 tantaque
1423 1112 1656 1183 denique
1711 1128 1840 1168 mss.
1889 1112 2043 1184 copia

447 1216 745 1263 mactatum
765 1223 824 1264 se
850 1207 1079 1273 videret.
1106 1208 1256 1277 quod
1280 1207 1347 1263 ad
1374 1206 1547 1263 editas
1560 1206 1803 1277 quidem,
1828 1215 2046 1264 secutus

450 1306 535 1355 est
561 1300 757 1370 partim
786 1300 1093 1369 exemplum
1136 1297 1399 1371 Gymnici,
1446 1300 1537 1368 qui
1580 1300 1782 1370 primus
1822 1307 2042 1371 septua—

422 1392 597 1461 ginta
624 1400 859 1462 quatuor
886 1392 1136 1448 homiiias
1162 1391 1385 1447 dederat
1425 1408 1457 1446 a
1482 1391 1759 1448 Galesinio
1798 1408 1927 1449 mox
1957 1408 2043 1448 re-

442 1497 630 1547 cusas,
662 1485 735 1538 ita
766 1492 945 1539 tamen
975 1491 1032 1539 ut
1058 1483 1315 1540 nonnulla
1338 1483 1457 1554 ejus
1490 1492 1585 1540 aut
1621 1484 1919 1556 suppleret,
1948 1490 2044 1541 aut

440 1576 785 1645 ernendaret,
813 1577 1143 1646 omninoque
1191 1576 1259 1633 ad
1304 1577 1676 1647 probatiorum
1722 1592 1850 1631 mss.
1882 1575 2041 1631 ﬁdem

446 1669 707 1738 exigeret,
756 1670 950 1740 partim
998 1670 1407 1741 repraesentavit
1448 1670 1697 1741 exeurpia
1746 1668 2042 1725 editionum

538 240 582 319 is
1554 244 1637 319 an
1672 244 1731 301 s.
1771 239 2099 301 MAXIMUM
2138 238 2632 301 mommsen

456 374 654 436 deinde
694 371 937 447 lqendis
984 370 1217 427 virorum
1266 366 1507 424 historiae
1557 330 1865 437 criticazque
1910 362 2043 418 artis
2071 363 2124 425 Δ
2147 362 2244 420 dit.
2294 362 2469 436 Atque
2512 364 2627 420 hac
2671 363 2727 420 in
2767 364 3079 433 universum,
3120 363 3337 435 quidem
3365 364 3434 421 de
3484 330 3747 427 methodo

3642 250 3751 343 ιφ

2148 472 2311 529 quam
2338 458 2393 512 in
2421 454 2736 514 adhibendis
2763 457 3011 515 codicum
3034 464 3163 513 mss.
3186 457 3510 516 testimoniis
3525 466 3745 520 secutos

2147 549 2236 619 sit,
2266 551 2541 625 praecipit;
2564 552 2871 623 singulatim
2894 558 3024 608 vero
3053 551 3121 606 ad
3148 560 3584 627 unamtmarnque
3620 569 3747 611 ora-

2138 630 2351 703 tionem
2378 646 2557 713 docet,
2586 644 2736 702 unde'
2757 646 2845 701 illa
2874 645 2963 712 sit,
2996 658 3155 713 nova,
3182 660 3251 700 an
3279 643 3413 701 alias
3436 645 3548 716 jam
3576 645 3741 715 edita,

2145 753 2256 810 quo
2279 738 2402 809 jure
2431 737 2648 794 Maximi
2678 750 2875 795 nomen
2894 738 3052 805 ierat,
3073 738 3335 809 quibusve
3351 750 3483 794 mss.
3506 754 3569 795 se
3584 748 3741 797 tuea-

2146 838 2262 898 tur;
2293 847 2413 903 qua:
2435 828 2663 902 junctim
2700 832 3112 887 admonitionem
3144 831 3367 919 nomine
3394 832 3464 888 ab
3498 847 3565 890 eo
3588 850 3742 891 com—

2145 924 2570 997 prehenduntur.
2616 923 2736 980 iam
2785 924 2853 981 ad
2893 925 2999 980 alia
3042 924 3377 992 accedamus,
3410 938 3529 998 quae
3556 927 3612 983 in
3634 928 3744 985 hoc

2147 1032 2312 1090 opere
2338 1016 2395 1074 S.
2425 1014 2645 1073 Maximi
2674 1016 3003 1073 amatoribus
3030 1016 3355 1073 videbuntur
3372 1019 3589 1088 eximia,
3620 1028 3743 1076 tex-

2147 1119 2233 1167 tus
2272 1110 2708 1169 emendationem
2747 1110 2869 1176 dico
2907 1119 2962 1166 et
3003 1108 3435 1167 illustrationem.
3479 1110 3562 1168 Ad
3593 1112 3743 1168 illam

2144 1200 2292 1274 quod
2320 1212 2549 1275 spectat,
2579 1202 2669 1259 vix
2692 1202 2925 1259 dubitari
2952 1210 3134 1274 potest
3174 1202 3301 1273 quin
3332 1204 3403 1270 ei,
3428 1205 3519 1274 qui
3544 1203 3602 1260 S.
3628 1204 3744 1261 Ma-

2145 1288 2274 1351 ximi
2305 1294 2575 1366 ingenium
2604 1295 2989 1366 pr0priamque
3028 1292 3321 1350 dictionem
3364 1295 3524 1363 adeo,
3553 1304 3614 1351 ut
3639 1313 3743 1354 no-

2144 1395 2274 1451 ster,
2304 1386 2488 1443 animo
2519 1384 2748 1455 imbibit,
2781 1384 2995 1457 egregie
3033 1385 3124 1441 hic
3168 1385 3324 1442 labor
3362 1388 3605 1453 cesserit,
3638 1405 3741 1447 nec

2144 1476 2301 1538 facile
2331 1479 2438 1545 illa,
2474 1476 2575 1537 nisi
2604 1480 2672 1537 ab
2700 1487 2853 1550 teque
2882 1479 3177 1535 exercitato
3206 1479 3261 1534 in
3290 1478 3450 1550 hujus
3477 1480 3738 1537 aliorum-

2144 1578 2249 1645 que
2278 1571 2721 1629 corrcionatorum
2752 1568 2984 1628 lectione
3011 1571 3116 1627 rite
3140 1571 3397 1627 aestimari
3425 1573 3655 1643 poterit;
3684 1556 3738 1631 id

2145 1686 2311 1724 unum
2362 1670 2567 1723 tantum
2612 1666 2961 1732 aflirmamus,
2987 1664 3262 1721 variantes
3287 1663 3551 1722 lectiones
3589 1666 3735 1735 larga

445 1761 828 1819 Parisiensium
858 1780 1080 1835 operum
1127 1764 1184 1825 ὃ.
1226 1764 1495 1819 Ambrosii
1526 1779 1790 1818 annorum
1822 1762 1960 1817 1569
1989 1772 2042 1817 et
2070 1748 2121 1811 Β
2146 1779 2309 1818 manu
2338 1763 2610 1837 appositas
2638 1764 2694 1817 et
2730 1758 3014 1831 diligenter
3036 1768 3287 1816 enotatas
3325 1774 3462 1816 esse.
3495 1759 3735 1817 Illustra-

444 1855 604 1923 l690,
636 1854 1035 1913 Ariecdotorum
1083 1855 1359 1914 Muratorii
1406 1872 1495 1911 an.
1546 1855 1716 1923 1715,
1762 1865 1820 1912 et
1869 1855 2041 1911 Musei

438 1944 611 2006 Italici
641 1947 1008 2003 Mabilloniani
1032 1962 1125 2003 an.
1162 1946 1327 2014 rm;
1359 1964 1528 2009 novas
1566 1955 1749 2004 autem
1787 1956 1842 2003 et
1870 1947 2042 2005 inedi-

436 2047 529 2096 tas
554 2041 819 2097 hactenus
840 2039 1054 2097 nonnisi
1072 2042 1537 2107 consentientibus
1558 2042 1801 2113 pluribus
1822 2043 2040 2114 optimae

438 2141 589 2189 uotre
614 2150 743 2190 mss.
774 2143 832 2190 et
858 2149 925 2191 ex
949 2134 1138 2204 judicii
1165 2136 1249 2192 sui
1278 2151 1502 2195 assensu
1522 2136 1578 2191 in
1602 2152 1889 2193 numerum
1916 2137 2041 2194 alle-

358 2258 365 2261 Α
434 2226 541 2293 sit,
573 2227 676 2284 bac
710 2227 949 2283 adhibita
978 2229 1032 2284 in
1060 2227 1416 2297 diiudicandis
1449 2246 1581 2286 mss.
1610 2220 1889 2287 codicibus
1910 2246 2039 2287 cau-

434 2316 613 2384 tione,
644 2325 707 2372 ut
745 2318 1079 2389 antiquiores
1110 2320 1415 2387 gerreratim
1462 2321 1742 2392 praeferret
1766 2323 2039 2380 recentio-

440 2407 623 2472 ribus,
682 2408 1080 2467 emendatiores
1130 2409 1311 2466 minus
1354 2411 1635 2480 castigatis
1689 2420 1745 2467 et
1798 2412 1864 2467 iis
1916 2412 2039 2482 plus

436 2500 725 2568 tribueret,
754 2516 893 2571 quos
932 2517 1005 2558 ex
1044 2501 1266 2573 optimis
1303 2502 1702 2573 exemplaribus
1738 2502 2039 2574 descriptos

438 2607 567 2649 esse
591 2595 958 2664 cognovisset.
998 2614 1017 2647 ι
1063 2593 1122 2651 id
1162 2610 1293 2655 vero
1332 2604 1392 2651 ut
1426 2595 1818 2665 dignoscerem,
1842 2597 2034 2666 inquit,

438 2686 656 2756 regulas
684 2687 828 2742 ‘mihi
874 2687 1115 2744 subsirﬁo
1161 2696 1273 2746 tres
1323 2690 1655 2760 comparavi.
1696 2688 1895 2747 Earum
1937 2690 2037 2747 fuit

435 2779 611 2850 prior,
658 2780 901 2836 codicum
952 2781 1306 2853 plurimorum
1345 2798 1642 2853 eorumque
1671 2786 2036 2856 antiquiorum

436 2874 979 2945 emendatiorumque
1012 2883 1338 2941 concentus;
1388 2876 1591 2943 altera,
1635 2886 1878 2941 veterum
1919 2894 2037 2937 mo-

426 2976 820 3023 mentortun
849 2969 1277 3041 scriptorumque
1306 2970 1628 3036 auctoritas;
1656 2971 1837 3038 tertia,
1865 2971 2037 3027 histo-

372 3132 376 3136 δ
440 3060 677 3117 ricorum
725 3061 1031 3130 criticzeque
1071 3061 1203 3116 artis
1250 3061 1544 3132 peritorum
1593 3064 1900 3131 consensio.
1940 3063 2037 3121 His

2145 1855 2283 1911 tioni
2306 1849 2603 1911 inserviunt
2627 1868 2749 1910 cum
2776 1856 3094 1925 argumenta
3116 1852 3461 1909 sermonibus
3488 1860 3545 1908 et
3568 1854 3736 1908 horni-

2142 1945 2231 2011 liis
2253 1944 2495 2024 prtelixa,
2530 1960 2642 2006 tum
2668 1948 3072 2015 adnotationes,
3096 1963 3205 2003 non
3224 1947 3481 2003 omnibus
3498 1946 3734 2020 quidem,

2143 2034 2241 2101 sed
2269 2042 2651 2115 prolixioribus
2678 2043 2880 2116 passim
2919 2042 3237 2111 subjunctte,
3269 2037 3337 2096 de
3364 2038 3488 2095 ﬁdei
3517 2038 3735 2108 dogma.

2145 2130 2305 2204 tibus,
2338 2150 2459 2207 qua:
2506 2133 2646 2189 forte
2693 2130 2957 2189 Maximus
2994 2131 3191 2202 attigit,
3221 2131 3382 2187 unice
3408 2137 3730 2186 tractantes.

2144 2222 2221 2286 De
2248 2226 2439 2284 iisdem
2484 2242 2614 2283 vero
2650 2226 2942 2297 separatim
2969 2225 3135 2281 etiam
3160 2234 3260 2295 per
3282 2222 3591 2296 systematis
3614 2237 3732 2279 mo-

2142 2314 2267 2376 dum
2307 2320 2465 2390 longe
2512 2318 2730 2376 uberius
2766 2324 2929 2389 quam
2975 2319 3031 2374 in
3068 2316 3167 2372 tati
3206 2322 3431 2372 auctore
3466 2314 3731 2387 quispiam

2142 2412 2551 2477 desideraverit,
2580 2420 2978 2467 commentatus
3006 2418 3108 2466 est.
3154 2409 3342 2465 Restat
3386 2423 3530 2464 nunc
3558 2416 3618 2463 ut
3643 2416 3733 2465 to-

2141 2504 2248 2560 tius
2296 2504 2477 2575 0peris
2525 2503 2943 2575 descriptionem
2986 2510 3045 2559 et
3084 2501 3361 2574 quomodo
3408 2502 3632 2572 singula:
3674 2518 3733 2558 se

2138 2604 2323 2668 partes
2344 2596 2532 2655 ordine
2551 2596 2809 2653 continuo
2839 2597 3128 2668 excipiant,
3160 2596 3346 2667 paucis
3374 2610 3727 2671 exponamus.

2141 2687 2465 2762 Auspicatur
2490 2688 2739 2745 volumen
2769 2686 2852 2745 Pii
2881 2689 2948 2746 Vl
2977 2688 3036 2745 P.
3060 2688 3133 2745 M.
3168 2690 3234 2746 ad
3263 2689 3560 2746 Victoriam
3584 2680 3735 2747 Amc-

2139 2784 2300 2845 deum
2347 2776 2608 2841 Sardiniae
2651 2798 2834 2855 regem
2881 2784 3108 2857 ejiistoia
3138 2783 3213 2857 (d.
3246 2782 3433 2841 Romae
3473 2785 3638 2856 apud.
3670 2778 3731 2841 S.

2139 2870 2363 2933 Mariam
2386 2874 2652 2951 Maiorem
2683 2894 2732 2933 vr
2758 2876 2880 2934 idus
2906 2870 3030 2933 Julii
3061 2893 3148 2937 an.
3182 2874 3342 2945 1784,
3390 2875 3735 2949 pontiﬁcatus

2139 2986 2282 3031 anno
2312 2960 2422 3041 10),
2452 2952 2509 3025 in
2534 2966 2643 3041 qua
2670 2980 2782 3026 tum
2811 2960 3029 3027 Maximi
3054 2964 3122 3025 de
3152 2966 3581 3025 Taurinensibus
3606 2982 3732 3024 me-

2136 3061 2259 3130 rita,
2292 3069 2407 3118 tum
2437 3052 2845 3123 Taurinensium
2874 3070 2928 3117 et
2956 3061 3221 3118 universa:
3247 3060 3422 3131 gentis
3448 3060 3736 3117 Sabaudias

442 3170 572 3226 ergo
606 3155 867 3226 praesidiis
906 3155 1163 3223 munitus,
1192 3130 1461 3227 permulta
1500 3158 1757 3228 opuscula
1794 3158 1916 3228 jure
1944 3174 2034 3214 as~
2056 3130 2111 3196 C
2140 3152 2509 3227 imprimisque
2534 3155 2793 3215 comitum
2820 3150 3125 3225 ducumque
3154 3130 3269 3224 ejus
3292 3162 3347 3210 'et
3367 3166 3552 3223 regum
3581 3142 3737 3207 deni-

436 3242 587 3304 scrui
622 3243 873 3315 Maximo,
900 3248 1006 3305 etsi
1034 3256 1216 3305 essent
1233 3249 1336 3319 qui
1365 3249 1604 3320 ipsorum
1641 3250 1822 3321 aliqua
1856 3250 2037 3307 eidem

436 3350 661 3413 lacepta
700 3338 890 3398 referri
922 3350 1180 3413 oportere
1208 3350 1303 3398 aut
1336 3342 1724 3410 inticiarenter,
1758 3352 1855 3401 aut
1879 3344 2037 3401 dubi-

416 3440 637 3490 ~«rent.
666 3432 824 3501 Quod
853 3434 898 3489 si
923 3433 1212 3505 aliquando
1246 3435 1444 3490 horum
1492 3436 1621 3498 mihi
1664 3437 2039 3511 pmidiorum

441 3525 528 3581 vel
556 3522 735 3595 aliqua
762 3526 847 3581 vel
892 3541 1034 3597 pene
1068 3527 1251 3583 omnia
1284 3527 1592 3596 defuerunt,
1641 3527 1821 3585 induci
1856 3536 2039 3585 tamen

438 3628 552 3675 non
578 3620 751 3689 potui,
782 3625 845 3674 ut
878 3628 1067 3676 sancto
1097 3621 1321 3677 mrtistiti
1350 3621 1711 3691 abjudicanda
1730 3636 1851 3679 esse
1876 3622 2040 3679 duce-

438 3724 580 3775 rem,
602 3722 722 3779 qua:
750 3712 819 3765 ab
855 3712 974 3781 ipso
1012 3712 1176 3769 fuisse
1202 3714 1404 3784 scripta
1428 3714 1555 3785 styli
1574 3730 1645 3770 ac
1666 3716 1935 3774 orationis
1960 3718 2038 3773 si-

440 3798 690 3857 αέΜο
738 3802 1011 3858 suaderet.
1062 3803 1249 3874 Neque
1286 3821 1438 3873 vero,
1470 3806 1617 3876 quod
1640 3807 2037 3877 inquibusdam

438 3894 713 3967 opusculis
758 3894 1013 3950 humilior
1059 3910 1222 3966 quam
1266 3897 1321 3951 iu
1360 3899 1573 3955 caeteris
1618 3901 1691 3955 sit
1724 3902 1921 3967 oratio,
1952 3902 2037 3956 id-

434 3987 588 4044 eirco
616 3988 684 4043 ab
712 3987 900 4043 iisdem
929 3987 1165 4044 Maximo
1190 3990 1522 4067 ascribendis
1562 3992 1825 4049 deterreri
1860 3995 2033 4064 potui.

446 4079 564 4136 Non
593 4080 738 4135 enim
763 4094 881 4134 sum
922 4081 1133 4136 nescius
1168 4098 1458 4138 consuesse
1487 4091 1725 4152 sanctos,
1756 4084 1874 4154 ejus
1906 4101 2040 4156 prae-

443 4172 629 4227 sertim
675 4173 870 4238 astatis,
920 4175 1191 4232 antistites
1242 4178 1557 4234 mitium
1603 4168 2040 4251 eiegar'rtioroque

440 4264 694 4353 oratione
720 4265 818 4331 uti,
850 4279 970 4321 uim
1001 4266 1277 4323 auditores
1318 4269 1644 4338 eloquentia:
1670 4269 2040 4341 doctrinaeque

442 4355 604 4415 laude
624 4364 938 4429 praestantes
958 4359 1107 4417 nacti
1125 4369 1337 4425 esserrt;
1366 4361 1652 4416 basilicae
1675 4369 1891 4426 contra,
1917 4378 2036 4419 cum

447 4450 739 4507 conciones
764 4451 835 4506 ad
862 4452 1175 4523 imperitum
1209 4452 1402 4523 unus
1434 4452 1723 4508 haberent.
1746 4485 1819 4499 —-
1840 4453 2037 4511 Verum
2062 4506 2081 4523 _.

443 4545 545 4603 etsi
574 4560 672 4617 par
708 4514 1015 4603 omnino-iu
1050 4545 1258 4616 aliquot
1293 4514 1510 4601 liiaximi
1546 4546 1843 4617 opusculis,
1875 4556 2038 4617 atque
2062 4514 2120 4580 Ῑ)

442 4638 499 4693 in
527 4637 647 4694 aliis
672 4638 918 4709 pluribus
950 4653 1070 4693 esse
1096 4654 1206 4694 non
1234 4638 1479 4694 videatur
1505 4638 1807 4696 sublimitas
1824 4655 2036 4695 sermo-

444 4732 528 4787 nis
570 4738 626 4785 et
669 4729 966 4799 elegantia;
996 4729 1134 4785 adeo
1176 4739 1357 4787 tamen
1394 4740 1481 4789 est
1509 4732 1699 4799 series,
1728 4732 2037 4797 coiiocatio,

443 4824 735 4880 verborum
759 4822 973 4885 ductus,
1006 4821 1510 4895 mercedemque
1541 4842 1711 4883 sacrm
1746 4826 2039 4898 Scriptum

446 4917 691 4973 locorum
722 4915 861 4970 ratio
888 4915 1097 4983 similis,
1123 4924 1181 4970 ut
1208 4916 1367 4974 facite
1393 4920 1448 4973 iu
1472 4922 1719 4991 utrisque
1748 4920 2039 4978 laximttm

445 5017 720 5065 auctorem
766 5010 943 5078 possis
968 5024 1282 5079 agnoscere.
1312 5010 1434 5068 lam
1460 5028 1595 5069 vero
1620 5016 1667 5069 si
1686 5030 1794 5084 qua
1820 5016 1877 5072 in
1896 5022 2041 5088 opu-

442 5102 593 5158 scula
633 5102 854 5167 incurri,
878 5117 1005 5173 qua
1032 5118 1282 5161 somnne
1308 5113 1421 5161 tam
1448 5105 1674 5175 vulgari,
1702 5107 1915 5174 inuiti,
1941 5109 2040 5165 ab-

441 5196 610 5266 iecto,
658 5194 934 5266 impiicato
979 5197 1177 5268 scripta
1221 5207 1420 5266 essent,
1460 5206 1523 5255 ut
1564 5215 1789 5271 prorsus
1824 5201 2041 5272 indigna

447 5287 684 5344 Maximo
717 5287 1055 5355 viderentur;
1079 5304 1145 5346 ea
1164 5291 1419 5360 equidem
1444 5292 1580 5351 nihil
1596 5293 1854 5353 hmsitans
1872 5295 2040 5349 statui

446 5379 599 5450 rejici
655 5388 910 5451 oportere
958 5382 1017 5436 in
1077 5397 1359 5439 numerum
1420 5400 1646 5456 operum
1699 5387 2039 5458 spuriorum‘,

440 5486 756 5544 quanquam
778 5473 839 5528 in
868 5473 1076 5544 aliquot
1112 5474 1392 5533 codicibus
1437 5478 1694 5551 inscripta
1721 5486 1904 5537 essem
1928 5479 2041 5535 Ma-

445 5565 578 5621 ximi
600 5565 849 5636 ejusdem
866 5568 1105 5624 nomine.
1132 5587 1153 5621 ο
1172 5567 1333 5636 Quod
1359 5572 1628 5641 posterius
1654 5573 1817 5631 latius
1840 5573 2041 5632 ibidem

447 5655 717 5715 editorum
743 5657 1017 5716 Ambrosii
1044 5667 1102 5715 et
1127 5658 1412 5730 Augustini
1435 5678 1468 5719 e
1494 5679 1748 5736 congreg.
1780 5664 1845 5725 S.
1866 5667 2039 5725 Mauri

446 5745 729 5810 uberis
742 5748 850 5827 ιι..
873 5752 1100 5812 (rsum
1125 5751 1538 5815 Baiteriniorum
1564 5759 1829 5834 exemplis
1852 5760 2044 5823 defen-

2139 3264 2243 3318 que
2269 3248 2547 3319 pietatem,
2580 3246 2633 3304 in
2676 3247 2873 3305 tuenda
2912 3248 3366 3321 propagandaque
3391 3246 3515 3303 ﬁdei
3544 3236 3737 3303 cathe-

2142 3341 2255 3399 lica:
2287 3338 2532 3400 doctrina
2566 3340 2900 3399 alacritatem
2947 3349 3002 3398 et
3051 3342 3107 3398 in
3151 3338 3502 3414 apostolicam
3544 3339 3733 3398 sedem

2140 3434 2483 3493 devotionem
2533 3435 2606 3489 ita
2653 3434 2934 3507 praedicat,
2983 3444 3043 3492 ut
3082 3452 3192 3493 non
3238 3434 3483 3495 omiserit
3528 3435 3739 3503 singula

2139 3528 2455 3599 pontiﬁcum
2496 3525 2865 3586 Romanorum
2906 3527 3367 3601 pnedecessorum
3396 3540 3617 3588 suorum
3642 3528 3736 3584 iit-

2096 3662 2099 3665 »
2142 3621 2272 3677 teris
2298 3628 2355 3676 et
2381 3615 2732 3677 Guichenonii
2775 3620 3059 3679 Sabaudize
3088 3621 3280 3678 domus
3304 3614 3736 3695 historiograpbi

2143 3713 2463 3769 testimoniis
2490 3710 2828 3771 conﬁrmare.
2855 3716 3111 3786 Sequitur
3151 3715 3373 3771 editoris
3409 3716 3737 3789 prteratioin

2141 3807 2278 3867 duas
2303 3815 2489 3879 partes
2518 3807 2709 3876 divisa,
2740 3824 2968 3878 quarum
2999 3826 3102 3864 una
3133 3811 3356 3880 exponit
3383 3805 3565 3878 quibus
3603 3792 3736 3863 sci-i-

2136 3909 2345 3979 ptormn
2373 3909 2423 3956 et
2444 3901 2681 3957 codicum
2712 3902 3050 3974 adjumentia,
3073 3912 3123 3958 et
3155 3920 3255 3975 quo
3281 3903 3465 3959 ordine
3484 3902 3599 3961 haec
3623 3901 3736 3956 edi-

2136 3994 2212 4048 tio
2234 3995 2300 4048 ait
2328 3995 2580 4067 perfecta,
2601 3994 2767 4051 altera
2786 3996 2854 4049 de
2864 3994 3104 4050 doctrina
3127 3991 3347 4049 Maximi
3368 3992 3739 4066 copiosissime

2136 4084 2376 4143 disserit.
2408 4083 2557 4142 Hanc
2583 4087 2783 4157 excipit
2808 4087 2875 4140 de
2913 4085 3033 4142 Vita
3065 4082 3384 4143 S.‘-Ma:rimi
3410 4082 3739 4166 Conmenta-

2136 4177 2248 4232 rius
2275 4177 2709 4245 verbosissimos,
2738 4178 2881 4235 binis
2908 4168 3175 4237 columnis
3214 4179 3524 4250 impressus.
3548 4176 3739 4233 Proxi-

2136 4286 2228 4329 ma
2285 4278 2409 4327 sunt
2461 4274 2755 4328 testimonia
2815 4275 3124 4345 scriptorum
3169 4273 3741 4329 ecclesiasticorum‘de

2139 4365 2349 4436 scriptis
2378 4364 2437 4421 S.
2475 4364 2696 4421 Maximi
2739 4365 3098 4434 Taurinensis,
3131 4366 3217 4422 cui
3260 4366 3566 4423 adnectitur
3592 4356 3742 4421 elen-

2140 4457 2275 4529 chus
2317 4457 2599 4514 editionum
2652 4459 2987 4515 homilr’arunt
3028 4468 3078 4514 et
3126 4450 3421 4514 sermonum
3474 4456 3737 4531 ejusdem.

2143 4548 2336 4606 Postea
2366 4552 2551 4605 notitia
2574 4551 2810 4609 codicum
2830 4569 2982 4617 mss.,
3011 4569 3076 4606 ea:
3098 4549 3276 4625 quibus
3302 4552 3503 4606 auctior
3522 4550 3574 4605 et
3598 4540 3741 4605 locu~

2136 4644 2327 4714 pletior
2352 4642 2525 4715 prodit
2562 4645 2906 4725 hacopemm
2942 4646 3002 4701 S.
3043 4644 3264 4701 Maximi
3293 4644 3475 4715 editio,
3498 4645 3739 4714 itemque

2140 4735 2428 4793 declarth
2458 4739 2629 4793 (etatis
2666 4739 2902 4817 codicum
2940 4756 3065 4799 mss.
3101 4756 3330 4811 quorum
3360 4735 3654 4817 specimina
3684 4737 3740 4791 in

2142 4820 2478 4903 tabulismre
2502 4829 2690 4889 incisis
2716 4831 2784 4893 ad
2814 4812 3015 4895 ἀειρεω
3045 4831 3298 4902 subjectis
3327 4830 3451 4886 sunt
3477 4812 3737 4886 exhibita.

2142 4918 2320 4977 Index
2339 4920 2573 4992 denique
2600 4938 2897 4981 annonam
2916 4931 2967 4979 et
2997 4923 3330 4980 homiliarum
3352 4922 3579 4979 sistitur.
3606 4916 3741 4995 Quae

2136 5013 2325 5073 omnia
2346 5012 2502 5083 juxta
2526 5030 2693 5086 quam
2724 5031 2754 5071 a
2784 5016 2944 5071 nobis
2970 5023 3095 5075 sunt
3127 5023 3442 5073 enumerata
3468 5013 3574 5068 200
3594 5013 3741 5089 pagi~

2138 5123 2241 5165 nas
2284 5108 2530 5181 implent.
2580 5109 2785 5166 Dehinc
2982 5125 3263 5167 sermones
3300 5117 3354 5165 et
3379 5107 3617 5165 horniliae
3636 5122 3741 5178 ge-

2145 5200 2296 5257 nuini
2322 5201 2463 5257 binis
2480 5201 2763 5270 columnis,
2792 5201 2948 5259 .dubii
2974 5217 3038 5260 ac
3056 5201 3233 5273 spurii
3254 5216 3357 5272 per
3384 5198 3742 5277 appendicem

2147 5293 2361 5363 adjecti,
2385 5295 2506 5351 latis
2526 5296 2680 5352 lineis
2700 5297 2941 5368 impressi
2963 5306 3277 5368 sequuntur.
3300 5292 3587 5352 Coronam
3605 5309 3743 5366 opus

2144 5386 2342 5442 indices
2372 5387 2473 5444 duo
2495 5389 2727 5444 locorum
2756 5389 3045 5462 Scriptum
3070 5393 3239 5446 sacris
3265 5399 3315 5446 et
3342 5406 3517 5445 rerum
3532 5386 3743 5445 senten-

2118 5480 2432 5559 ﬁﬂ‘umoue
2461 5481 2890 5538 memorabitium.
2933 5481 3088 5550 Quod
3131 5482 3399 5557 reliqum
3432 5489 3741 5552 est,,typo-

2144 5573 2335 5644 graphi
2363 5573 2642 5633 solertiam
2672 5592 2782 5637 non
2811 5576 2950 5637 intra
2989 5575 3213 5634 editoris
3235 5584 3410 5635 artem
3428 5572 3742 5645 substitisse

2144 5673 2413 5722 notamus.
2445 5665 2659 5723 Gaudet
2685 5668 2829 5724 enim
2872 5668 2992 5727 hac
3026 5665 3197 5724 editio

2142 5753 3751 5857 miscandidisottenetisnypozummatvm
