4040 6324
434 263 447 271 ι

263 411 521 485 elegantia
546 418 604 469 et
624 411 794 480 nitor;
820 410 1220 485 descriptiqu
1237 420 1351 469 tam
1371 414 1542 470 oculis
1562 420 1713 484 grata
1734 423 1831 482 est,

1942 410 3390 489 numinenxeditionibuseteoﬂeibuseollegisset,
3428 420 3532 491 Ipsi
3652 450 3662 459 ο

1338 290 1613 356 meum
1650 288 2466 358 mnuum.

263 524 417 583 quam
445 505 726 563 commoda
757 507 971 575 usibus;
1001 507 1235 580 deuiam
1270 509 1540 565 rarissima
1580 518 1843 580 apparent
1946 507 2115 562 tutius
2161 506 2526 578 adiudicaret,
2576 522 2643 564 ex
2684 509 2963 565 titulorum
2999 517 3057 565 et
3092 510 3353 567 orationis
3394 523 3531 567 eon-

262 612 545 671 operarum
573 599 822 666 vitia,'ut
858 600 953 671 qui
978 614 1167 656 verum
1197 608 1359 665 amet,
1389 616 1611 657 necesse
1642 602 1713 657 sit
1758 602 1839 656 l'a-

262 701 434 750 teatur
458 702 708 749 neutrum
753 694 807 749 in
844 691 1177 766 proﬂiganda
1206 694 1313 753 hoc
1339 711 1506 769 opere
1533 693 1614 752 Pii
1645 694 1712 752 Vl
1740 712 1839 753 vo-

257 782 447 841 luntati
476 799 541 841 ac
567 784 807 842 consiliis
833 784 1086 842 defuisse.

857 878 995 943 §iV.
1020 877 1237 932 Codices.
1756 926 1762 931 .

314 969 458 1039 Quin
482 969 737 1028 codicum
763 988 891 1029 mss.
923 972 1045 1029 loco
1064 971 1327 1029 habenda:
1343 972 1453 1030 sint
1477 973 1713 1045 antiqua:
1735 972 1839 1029 illte

252 1063 676 1120 bomiliariorum
689 1064 971 1131 editiones;
988 1065 1044 1121 in
1065 1065 1261 1138 quibus
1282 1056 1836 1133 Maximi,uttotalio«

250 1168 366 1213 rem
394 1154 617 1212 Patrum
644 1158 777 1213 varii
822 1170 1101 1214 sermones
1139 1159 1375 1229 primum
1422 1158 1665 1214 formuiis
1688 1167 1838 1214 stan-

249 1249 359 1305 neis
402 1249 662 1320 exscripti
703 1256 851 1316 sunt,
878 1250 970 1320 qui
1001 1249 1317 1307 addubitare
1364 1250 1545 1318 vellet,
1576 1264 1661 1306 me
1688 1250 1837 1306 illum

249 1341 489 1399 celebres
516 1340 711 1398 Leonis
731 1340 802 1397 ll.
829 1358 1053 1414 operum
1080 1342 1319 1399 editores
1341 1343 1592 1415 exemplo
1620 1359 1720 1399 suo
1744 1356 1835 1400 re-

246 1432 569 1503 darguerem
602 1444 657 1490 et
685 1433 964 1502 docerent,
992 1436 1187 1492 horum
1215 1435 1495 1504 lectiones,
1527 1443 1587 1491 ut
1620 1442 1748 1507 pote
1769 1451 1837 1491 ex

243 1540 370 1583 mss.
414 1525 617 1583 seculo
657 1542 710 1583 ix
750 1527 1141 1597 antiquioribus
1178 1528 1388 1597 ductas,
1429 1543 1537 1584 non
1566 1528 1716 1600 parvi
1750 1524 1834 1583 fa-

242 1618 460 1675 ciendas
512 1632 655 1675 esse.
698 1618 818 1687 Quo
874 1621 1042 1690 magis
1095 1620 1357 1675 miramur
1402 1620 1833 1676 recentissimum

248 1712 458 1768 Maximi
490 1714 771 1780 editorem,
802 1730 988 1769 eorum
1018 1714 1104 1771 vel
1132 1714 1358 1771 oblitum
1387 1729 1531 1784 esse,
1560 1714 1646 1770 vel
1672 1715 1834 1786 plane

1943 600 2188 668 gruentia
2210 608 2488 656 auctorem
2534 613 2784 669 arguens.
2828 600 3013 659 Monet
3052 601 3285 673 denique
3324 602 3381 658 in
3426 602 3532 660 hoc

1936 690 2095 762 juxta
2121 697 2283 762 quam
2307 692 2365 746 in
2394 691 2565 747 tribus
2619 693 2970 764 sequentibus
3015 694 3292 751 codicibus
3313 694 3531 762 [formas

1938 784 2257 857 plerumque
2283 784 2655 841 characterem
2682 793 2776 841 aut
2799 792 3024 857 prorsus
3059 795 3156 843 aut
3180 789 3340 860 plene
3364 788 3530 846 fuisse

1939 876 2166 944 deletas,
2196 877 2353 945 adeo,
2370 887 2431 933 ut
2451 878 2543 934 vix
2565 877 2861 948 fragmenta
2881 880 3130 951 quaedam
3149 881 3525 948 remanserint,

1937 984 2060 1040 qua:
2087 978 2268 1027 tamen
2296 971 2453 1028 facile
2491 971 2738 1042 intelligi,
2774 981 2872 1029 aut
2915 989 3023 1031 non
3055 973 3340 1033 dilbeulter
3364 976 3469 1047 legi
3497 991 3527 1031 a

1938 1064 2114 1134 perito
2136 1064 2339 1120 lectore
2367 1064 2613 1136 possint.

2006 1154 2067 1210 2⁸
2091 1157 2267 1212 Cede:
2300 1156 2644 1225 Pedonensis,
2695 1158 2786 1228 qui
2816 1158 2946 1214 olim
2992 1157 3094 1215 fuit
3122 1161 3435 1217 monasterii
3465 1160 3523 1217 S.

1938 1245 2186 1303 Dalmatii
2207 1247 2274 1304 de
2297 1247 2538 1316 Pedum,
2558 1249 3027 1317 membranaueus,
3052 1250 3288 1319 iii-lolio,
3316 1252 3526 1309 lacertis

1936 1339 2153 1417 quidem
2182 1340 2363 1396 multis
2408 1341 2463 1395 in
2492 1341 2755 1412 partibus,
2778 1341 2856 1395 ita
2880 1347 3062 1396 tamen
3104 1348 3163 1395 ut
3190 1356 3259 1397 ex
3288 1344 3526 1399 numeris

1934 1433 2196 1503 appositis
2248 1433 2493 1503 ὥςηοεαὶ
2530 1433 2701 1505 possit
2726 1434 3146 1505 comprehensas
3190 1434 3246 1489 in
3273 1450 3341 1490 eo
3363 1434 3526 1494 luisse

1932 1523 2184 1579 homilias
2223 1523 2329 1578 24%
2355 1532 2411 1580 et
2443 1538 2728 1581 sermones
2770 1522 2859 1592 10,
2889 1526 3243 1595 videaturque
3278 1517 3526 1583 collectio

1932 1630 2002 1672 ex
2030 1617 2248 1688 cptimis
2274 1617 2672 1689 exemplaribus
2711 1619 2950 1675 condita.
2976 1618 3036 1673 1n
3082 1620 3253 1676 titulis
3278 1621 3524 1675 humilia-

1937 1725 2052 1764 rum
2082 1719 2135 1764 et
2163 1726 2472 1765 sermonum
2523 1716 2621 1781 per
2669 1712 2847 1767 omnia
2870 1710 2991 1767 fere
3034 1726 3159 1768 cum
3208 1711 3523 1768 Tanrinensi

242 1814 336 1860 eos
360 1807 770 1877 contempsisse.
802 1804 908 1861 Sed
946 1807 1134 1876 ingens
1162 1822 1291 1862 mss.
1335 1806 1595 1863 librorum
1630 1820 1750 1878 quae
1786 1807 1834 1862 ei
1866 1808 1913 1870 Β
1937 1802 2226 1858 convenire
2253 1801 2464 1869 dicitur,
2498 1804 2593 1860 sed
2628 1811 2790 1859 estate
2815 1805 3149 1877 superiorem
3188 1813 3244 1860 et
3268 1821 3300 1860 a
3328 1805 3525 1861 steculo

241 1896 561 1967 suppetebat
605 1898 782 1968 copia,
824 1912 983 1954 causa
1028 1898 1174 1954 haud
1215 1898 1376 1956 dubie
1415 1899 1516 1956 fuit
1563 1908 1623 1955 ut
1665 1900 1830 1956 alter-

244 1996 424 2043 utmm
455 1989 728 2045 acciderit.

312 2077 503 2136 Utrum
532 2097 599 2136 ex
619 2082 989 2151 hujuscemodi
1018 2082 1318 2139 Homiliarii
1332 2085 1420 2141 vel
1448 2086 1722 2156 impressis
1744 2087 1830 2142 vel

239 2186 369 2229 mss.
401 2175 822 2246 exemplaribus,
854 2190 923 2230 an
952 2192 1020 2232 ex
1041 2177 1160 2232 aliis
1186 2193 1315 2234 mss.
1344 2177 1620 2235 fasciculis
1646 2180 1833 2237 decer-

234 2275 331 2340 pta
376 2266 537 2322 l’uerit
582 2267 832 2324 collectio
878 2284 1190 2325 sermonum
1236 2269 1495 2337 Maximi,
1536 2285 1697 2341 quam
1726 2273 1833 2327 lla--

244 2359 462 2414 mianus
489 2358 578 2414 ille
607 2359 984 2416 Ascendiensis
1010 2358 1203 2416 Joanni
1246 2360 1514 2435 Gymnico
1561 2365 1835 2421 excuden-

238 2449 362 2505 dam
394 2448 558 2516 dedit,
592 2449 833 2505 nondum
875 2466 905 2505 a
948 2451 1241 2523 quopiam,
1288 2463 1549 2525 quantum
1577 2466 1676 2525 ego
1723 2471 1837 2511 me-

240 2540 392 2607 mini,
424 2540 710 2609 quaesitum
734 2549 833 2598 est.

306 2630 604 2687 Mabillonii
654 2633 932 2690 codicibus
952 2676 968 2701 ,
1021 2634 1380 2692 Ambrosiam
1427 2636 1635 2693 scilicet
1656 2679 1670 2705 ,
1726 2636 1835 2694 Ro-

240 2740 420 2793 mano,
446 2734 501 2781 et
527 2724 862 2796 Sangallensi
890 2744 1012 2784 cum
1047 2730 1176 2785 item
1203 2729 1483 2787 Romanus
1501 2731 1679 2787 editor
1707 2747 1835 2787 usus

234 2812 421 2882 fuerit,
450 2817 787 2873 commodior
806 2817 874 2874 de
912 2819 1103 2875 iisdem
1138 2821 1194 2875 in
1242 2823 1590 2892 sequentibus
1617 2817 1829 2877 dicendi

239 2909 388 2967 locus
416 2912 538 2965 erit.
562 2910 704 2981 Ergo
733 2912 997 2969 Brunonis
1024 2913 1189 2970 Bruni
1219 2932 1347 2972 mss.
1376 2917 1635 2973 librorum
1667 2930 1835 2989 appa-

234 3010 415 3058 ratum
444 3018 729 3060 recensere
756 3020 898 3061 nunc
913 3007 1271 3077 aggredimur,
1305 3010 1396 3080 qui
1414 3010 1632 3081 quidem
1654 3017 1834 3067 tantus

1934 1908 2025 1950 vm
2045 1895 2397 1965 repetendum
2423 1910 2543 1950 esse
2569 1910 2757 1950 versus
2784 1896 2841 1950 in
2868 1902 3113 1953 extremo
3156 1897 3388 1967 appositi
3429 1890 3518 1953 de-

1928 1995 2264 2055 monstrant,
2293 1988 2490 2060 quibus
2511 1989 2746 2059 scriptus
2778 1990 3009 2045 traditur
3034 1989 3135 2045 sub
3168 1988 3396 2061 Ruperto
3428 1991 3520 2045 ab-

1931 2081 2049 2134 bate
2069 2080 2284 2136 (ωηοΜί
2303 2079 2624 2135 Pedonenst's
2646 2089 2701 2136 et
2723 2090 2985 2151 regnante
3016 2079 3216 2137 [erute
3236 2099 3356 2154 rege
3384 2081 3519 2137 Lon-

1930 2172 2283 2244 yobardorum
2312 2182 2360 2227 et
2380 2172 2728 2229 Francorum.
2763 2173 2903 2229 Anni
2928 2183 3073 2229 nota:
3094 2184 3447 2230 evanuerunt.

2007 2265 2069 2318 5°
2112 2264 2287 2320 Codex
2335 2264 2655 2320 Pedonensis
2691 2266 2859 2331 alter,
2910 2269 3387 2335 membranaceus,
3439 2266 3520 2324 in-

1934 2364 2153 2426 quarto,
2188 2356 2368 2412 saeculi
2410 2373 2485 2421 xi,
2515 2366 2759 2412 exoratus
2784 2358 2985 2429 quippe
3011 2372 3042 2411 α
3070 2358 3297 2430 losepho
3340 2377 3521 2415 mona-

1934 2447 2051 2513 cho,
2081 2462 2180 2520 quo
2206 2458 2436 2517 more
2452 2449 2611 2504 abbas
2642 2449 2903 2505 Henricus
2929 2452 3245 2506 monasterio
3258 2452 3363 2507 'isti
3387 2450 3521 2524 pric-

1938 2540 2055 2613 jirit,
2085 2554 2274 2613 rexque
2303 2540 2564 2597 Henricus
2592 2543 2645 2596 in
2678 2538 2839 2597 Italia
2863 2542 3122 2599 obtinebat
3141 2546 3485 2617 principatum
3503 2587 3520 2613 ,

1938 2641 1997 2688 ut
2020 2633 2263 2688 versibus
2287 2635 2353 2687 ad
2382 2634 2586 2690 calcem
2620 2635 2872 2706 ascriptis
2911 2626 3159 2692 similiter
3198 2624 3518 2693 declaratur.

1932 2725 2119 2783 insunt
2142 2724 2380 2782 humilia:
2409 2726 2536 2795 170,
2564 2742 2845 2784 sermones
2872 2728 2942 2784 40
2964 2771 2978 2796 ,
3009 2728 3105 2785 sed
3131 2730 3345 2788 diverso
3374 2744 3405 2786 a
3432 2715 3529 2788 sui

1932 2820 2237 2893 perioribus
2260 2820 2450 2877 ordine
2475 2821 2750 2893 disposita:
2776 2830 2994 2879 etcum
3028 2826 3371 2880 sermonibus
3396 2816 3519 2897 per-

1932 2915 2127 2969 mistac.
2158 2910 2216 2968 in
2245 2913 2421 2970 tronte
2456 2912 2655 2971 litteris
2682 2930 2714 2970 e
2748 2915 2919 2970 minio
2956 2916 3268 2985 maiusculis
3304 2906 3519 2978 Maximi

1935 3023 2132 3063 nomen
2189 3008 2504 3079 inscriptum
2550 3008 2709 3078 gerit.
2757 3007 2939 3080 Scipio
2990 3006 3234 3065 Malfeius
3284 3010 3517 3078 ejusdem

231 3092 355 3163 lfuit,
406 3103 641 3181 quantus
682 3096 815 3151 nulli
846 3097 1020 3154 adhuc
1068 3099 1331 3171 ejusmodi
1379 3102 1588 3169 saltem,
1633 3102 1686 3159 id
1728 3112 1830 3171 est,
1929 3108 2055 3157 cum
2085 3101 2362 3173 superiore
2406 3101 2619 3168 aetatis,
2668 3098 2849 3157 seaculi
2878 3110 3071 3174 nempe
3096 3114 3187 3158 vm
3216 3116 3334 3159 esse
3375 3102 3518 3171 judi-

236 3200 346 3245 non
370 3189 663 3245 multorum
693 3191 1025 3247 voluminum
1055 3195 1336 3266 scriptoris
1364 3195 1555 3252 editori
1582 3199 1824 3269 contigit.
1857 3198 1904 3264 C
1932 3193 2111 3249 nabat.
3440 3194 3445 3205 ‘

236 3274 407 3336 Erant
436 3291 615 3338 autem
643 3285 841 3355 partim
886 3284 1056 3343 ltalici
1075 3327 1089 3351 ,
1140 3289 1337 3360 partim
1366 3287 1691 3360 Germanici,
1724 3307 1831 3363 qua

234 3373 543 3441 posteriore
570 3374 933 3446 appellatione
959 3377 1122 3433 etiam
1158 3377 1464 3439 Helveticos
1493 3391 1548 3439 et
1585 3382 1833 3454 Belgicos

239 3464 499 3531 quosdam
529 3467 954 3538 comprehendit.
986 3467 1169 3528 Series
1190 3480 1371 3527 autem
1392 3476 1633 3530 omnium
1664 3476 1743 3531 sic
1773 3491 1833 3533 se

234 3551 422 3611 habet.

542 3665 593 3704 Α.
636 3658 853 3709 conicias
886 3656 961 3709 lix
992 3666 1175 3711 ITALIA
1214 3662 1527 3722 eosQUism.

298 3736 348 3795 ἰ.
377 3739 675 3813 Subalpt'ni.
719 3773 780 3782 —
808 3745 869 3799 1°
900 3745 1075 3802 Codex
1114 3746 1467 3804 Taurincnsis.
1494 3750 1835 3805 Membrana-

238 3840 389 3897 ceus,
422 3831 650 3899 in—folio,
682 3835 878 3890 steculo
925 3844 1073 3891 certe
1110 3852 1165 3892 xi
1193 3839 1456 3909 scriptus,
1506 3854 1614 3910 quo
1643 3841 1833 3907 verisi-

234 3921 421 3979 milius
458 3930 540 3978 est
588 3940 711 3979 eum
736 3938 808 3980 ex
836 3927 1056 3997 optimis
1102 3928 1497 4000 exemplaribus
1523 3929 1688 3987 fuisse
1734 3931 1833 3987 du-

227 4016 412 4069 ‘ctum.
446 4012 492 4067 'A
516 4015 808 4070 recentiori
842 4020 1006 4071 manu
1037 4020 1284 4090 apposita
1331 4028 1448 4075 erat
1490 4022 1765 4093 inscriptio
1816 4042 1829 4078 :

233 4107 323 4163 Ad
360 4124 511 4162 usum
558 4109 775 4180 majoris
821 4108 1052 4169 écclesia:
1100 4112 1455 4183 Taurinensis.
1503 4115 1827 4174 Conlinebat

234 4201 443 4283 partim,
466 4200 732 4270 humilius,
766 4206 960 4274 partim
991 4219 1269 4262 sermones
1298 4206 1510 4266 Maximi
1542 4208 1662 4279 122,
1690 4228 1833 4283 quo-

184 4284 193 4291 ’
232 4290 355 4349 rum
400 4280 583 4364 plures
618 4297 859 4351 nondum
901 4297 1103 4375 lucem
1132 4306 1483 4372 aspexerant,
1537 4280 1833 4375 eorumque

124 4374 133 4384 ’
236 4384 471 4472 indicem
501 4402 606 4441 una
634 4404 756 4442 cum
784 4388 953 4445 titulis
982 4401 1037 4448 et
1055 4373 1222 4449 initiis
1247 4395 1578 4465 singulorum
1606 4373 1828 4472 separa-

237 4478 334 4532 tim
366 4468 547 4535 babes
615 4481 667 4535 in
722 4482 1019 4539 novissima
1066 4486 1302 4543 editione
1348 4468 1685 4562 descriptum
1735 4509 1828 4564 pp.

2005 3284 2067 3338 ιο
2087 3283 2268 3340 Codex
2286 3284 2652 3357 Amaniensis,
2680 3282 2738 3339 id
2774 3293 2877 3352 est,
2910 3286 3222 3341 monasterii
3261 3297 3358 3341 seu
3385 3287 3518 3356 prio.

1936 3386 2084 3433 ratus
2107 3379 2175 3434 de
2204 3378 2467 3450 Appenia,
2498 3376 2564 3432 ad
2596 3379 2740 3449 quod
2789 3378 2919 3435 olim
2964 3378 3262 3450 pertinuit,
3312 3376 3521 3434 iii-folio

1932 3476 2124 3541 parvo,
2156 3469 2503 3543 imperfectus
2530 3470 2585 3525 in
2608 3470 2875 3543 principio
2897 3478 2952 3528 et
2981 3470 3035 3525 in
3052 3480 3320 3542 corpore;
3340 3470 3521 3535 avulsa

1927 3563 2080 3619 enim
2105 3571 2231 3619 sunt
2255 3562 2427 3619 multa
2474 3561 2621 3619 folia.
2668 3560 3149 3633 Complectebatur
3177 3569 3358 3617 autem
3403 3570 3522 3617 ser-

1930 3668 2125 3713 munes
2150 3654 2243 3721 31,
2272 3657 2524 3713 nominas
2552 3671 2684 3713 vero
2731 3654 2798 3711 70
2824 3655 2925 3729 (a),
2956 3663 3016 3712 ut
3059 3671 3127 3713 ex
3173 3655 3409 3711 numeris
3438 3658 3521 3715 i‘e-

1934 3750 2194 3806 stantium
2212 3750 2500 3821 colligitur.
2518 3749 2605 3806 Ex
2626 3750 2799 3807 forma
2816 3750 3145 3807 charaCteris
3173 3749 3241 3805 ad
3270 3751 3521 3809 saeculum

1936 3859 1990 3898 ix
2019 3838 2105 3898 vel
2124 3852 2396 3900 summum
2420 3842 2489 3900 ad
2517 3861 2551 3901 x
2579 3838 2769 3901 referri
2794 3834 2959 3899 debet
2986 3842 3096 3917 (b);
3146 3842 3200 3899 id
3230 3843 3376 3916 quod
3396 3844 3521 3900 sub-

1934 3937 2159 4010 scriptio
2195 3938 2596 4011 quodammodo
2645 3938 2966 4004 conﬁrmat,
3024 3938 3079 3993 in
3126 3952 3233 4007 qua
3278 3935 3521 3993 Lotharii

1935 4032 2275 4107 Mperatoris
2298 4034 2605 4106 (incertum,
2632 4028 2677 4101 ἶ,
2702 4032 2795 4104 qui
2823 4047 2912 4087 an.
2936 4029 3061 4099 8H,
3089 4046 3177 4086 an.
3206 4028 3273 4097 II,
3301 4029 3393 4102 qui
3429 4045 3517 4086 an.

1930 4120 2038 4177 947
2066 4124 2293 4194 imperio
2321 4124 2525 4195 potitus
2553 4120 2674 4195 fuit)
2706 4118 2763 4177 ﬁt
2789 4123 3015 4181 mentio.
3444 4110 3451 4115 “

2002 4216 2247 4287 Quatuor
2274 4214 2439 4276 hosce
2478 4214 2694 4274 codices
2728 4216 2930 4273 dudum
2972 4225 3098 4275 ante
3143 4217 3333 4273 initum
3364 4232 3394 4272 a
3422 4213 3520 4273 Pio

1932 4306 2001 4366 Vl
2030 4308 2248 4367 Maximi
2274 4304 2466 4368 edendi
2495 4310 2779 4366 consilium
2805 4319 3115 4365 excusserat
3137 4317 3333 4365 etcum
3365 4299 3521 4365 editis

1932 4398 2217 4475 diligenter
2245 4410 2586 4474 compararat
2608 4400 2926 4458 Franciscus
2954 4398 3336 4472 Meyranesius,
3380 4396 3520 4454 Aca-

1934 4488 2124 4551 demiae
2154 4492 2499 4549 Tauriuensis
2523 4490 2825 4563 theologus,
2848 4490 2940 4564 qui
2963 4490 3220 4562 quidquid
3248 4490 3371 4545 inde
3392 4484 3519 4546 eno-

238 4570 396 4625 i67—l
409 4572 494 4628 72.
530 4572 825 4632 Peculiaris
862 4579 1062 4651 quippe
1093 4581 1194 4651 ipsi
1224 4580 1324 4637 fuit
1367 4584 1533 4639 series
1572 4586 1826 4643 continua
1856 4581 1910 4644 D
1932 4588 2161 4653 taverat,
2189 4602 2292 4643 una
2320 4628 2336 4653 ,
2382 4594 2441 4640 ut
2468 4599 2721 4654 auguror,
2754 4600 2877 4639 cum
2925 4591 3171 4638 accurata
3202 4598 3389 4638 eorum
3427 4578 3520 4639 de«

238 4671 292 4719 et
322 4664 603 4735 colligatio
634 4666 982 4726 humiliarum
1030 4673 1415 4746 titulorumque
1457 4679 1826 4750 appositorum

237 4760 365 4817 satis
394 4762 657 4831 castigate
690 4764 933 4834 perfecta
966 4762 1277 4841 descriptio.
1310 4769 1589 4826 Distributi
1617 4770 1831 4826 fuerant

236 4852 441 4909 scilicet
469 4869 745 4911 sermones
784 4864 837 4911 et
873 4856 1108 4915 homilize
1127 4857 1282 4929 juxta
1314 4862 1439 4915 anni
1476 4861 1830 4918 ecclesiastici

238 4950 519 5017 tempora,
573 4956 628 5001 ut
676 4947 868 5006 divinis
914 4951 1106 5009 olliciis
1150 4953 1496 5009 insertdrent.
1543 4952 1714 5010 Simul
1759 4969 1829 5011 ex

239 5036 426 5092 eodem
470 5040 659 5109 patet,
706 5041 1026 5098 collectione
1052 5041 1155 5099 hac
1193 5044 1554 5116 antiquiorem
1599 5046 1825 5103 alteram

238 5130 537 5197 exstitisse;
586 5132 851 5201 siquidem
895 5136 1128 5209 scriptor
1173 5137 1290 5207 ejus
1335 5140 1533 5209 passim
1567 5154 1688 5210 quae
1725 5132 1826 5211 ipsi

238 5217 457 5277 deerant
498 5222 772 5279 indicavit.
826 5223 978 5283 Unde
1006 5228 1210 5299 colligit
1247 5228 1421 5286 editor
1448 5231 1607 5302 longe
1644 5233 1827 5304 plures

236 5326 395 5383 quam
422 5326 567 5373 nunc
589 5324 824 5386 exstant,
853 5334 887 5373 a
911 5318 1147 5377 laximo
1178 5323 1389 5378 habitas
1415 5332 1470 5379 et
1494 5324 1660 5381 lectas
1676 5318 1821 5381 'olim

238 5404 290 5458 in
315 5408 707 5479 antiquioribus
726 5409 1001 5469 codicibus
1030 5411 1197 5473 fuisse
1214 5415 1479 5471 homines.
1512 5416 1622 5474 Nec
1648 5416 1822 5474 levem

238 5498 396 5555 etiam
418 5541 434 5568 ,
488 5500 628 5559 idem
670 5503 866 5575 inquit,
913 5505 1058 5563 hunc
1101 5506 1335 5564 indicem
1360 5509 1463 5566 sibi
1509 5512 1822 5583 praestitisse

229 5589 620 5661 reiecturum,
642 5602 706 5651 et
722 5609 865 5665 qm
892 5597 1154 5655 ‘bomilias
1184 5608 1245 5655 et
1264 5614 1549 5659 sermones
1591 5603 1811 5661 Iaximi

307 5729 389 5874 (ei
415 5729 508 5788 Sic
533 5732 587 5788 in
614 5731 792 5819 praet,
820 5735 930 5819 alio
949 5737 1074 5795 loco
1101 5737 1205 5792 ηο
1233 5739 1494 5823 scriptum
1521 5751 1625 5797 est.

307 5800 363 5874 υ
418 5800 481 5858 ιιι
514 5812 709 5861 notitia
741 5807 992 5865 codicum
1035 5825 1192 5867 error
1232 5811 1617 5870 escendam.

304 5800 992 5874 uita-notatam
1035 5825 1192 5867 error
1232 5800 1617 5870 εειένίιιειιιιυ.
1664 5813 1813 5869 mw!

1930 4679 2221 4750 scriptione
2265 4672 2484 4747 Iosephi
2515 4674 2802 4730 Vernauze
2841 4673 3063 4729 hortatu
3104 4673 3170 4729 ad
3215 4670 3518 4733 Brunonem

1930 4764 2169 4824 Brunum
2216 4767 2533 4833 transmisit,
2575 4765 2661 4822 cui
2698 4765 2946 4822 universe
2991 4762 3231 4837 quidem,
3285 4762 3405 4823 cum
3437 4760 3517 4841 iob

1931 4866 2286 4928 vetustatem,
2333 4867 2444 4915 tum
2489 4852 2559 4915 ob
2588 4852 2789 4914 miram
2830 4852 2972 4914 inter
3000 4872 3059 4914 se
3105 4844 3517 4915 consensionem

1930 4950 2223 5025 plurimum
2278 4950 2632 5023 proluerunt,
2683 4942 2983 5021 praesertim
3034 4958 3215 5006 autem
3268 4944 3516 5007 auctores

1932 5045 2273 5114 exstiterunt,
2297 5040 2355 5101 ut
2374 5042 2626 5103 nonnulla
2650 5045 2880 5102 antehac
2910 5043 3128 5111 inedita,
3159 5060 3277 5117 qua:
3299 5028 3514 5099 Maximi

1931 5152 2129 5193 nomen
2155 5136 2208 5193 in
2239 5137 2303 5194 iis
2330 5137 2644 5209 pralerrent
2672 5134 2730 5192 in
2772 5135 2942 5208 iisque
2988 5143 3102 5191 tres
3138 5135 3206 5192 de
3233 5130 3513 5206 Baptisllto

1932 5228 2211 5300 tractatus,
2250 5234 2303 5289 ei
2340 5240 2629 5290 assereret.
3269 5227 3273 5232 ’
3436 5217 3445 5227 ’

2001 5326 2070 5381 il.
2116 5323 2332 5382 Codices
2366 5324 2747 5393 “recitantes,
2786 5324 2824 5379 i.
2876 5337 2955 5390 e.,
2994 5320 3218 5394 capituli
3274 5320 3515 5380 ecclesia-

1930 5420 2306 5489 Vercellensis,
2352 5401 2489 5491 quos
2525 5417 2835 5492 Subalpinis
2867 5422 3192 5473 aunumerat
3233 5413 3285 5466 in
3316 5408 3505 5480 pra-[.-

1932 5514 2079 5570 tione
2103 5514 2299 5570 editor.
3000 5553 3010 5561 .
3424 5502 3431 5503 ί

1992 5606 2053 5659 to
2084 5604 2702 5663 Cedamus-tacetis
2727 5603 2870 5674 sign.
2892 5590 3512 5661 nmivnﬁn‘foﬁOJm-

1904 5745 2523 5803 saculonescrititur.
