4040 6324
480 344 495 360 ο
536 312 640 370 199

1628 301 1695 361 ΙΝ
1732 305 1789 361 S.
1831 296 2154 360 MAXIMUM
2195 293 2670 360 TAURlNENSEM

3691 301 3811 358 200

533 428 639 486 culi
666 444 736 494 ιιι,
779 424 986 480 duabus
1019 421 1284 478 columnis
1319 427 1602 486 exaratus,
1645 419 2110 490 comprehendens
2135 425 2188 482 Α
2212 420 2507 490 majusculo
2555 417 2723 474 nitido
2765 417 2990 483 exarati,
3022 413 3301 471 sermones
3329 422 3384 470 et
3419 413 3676 470 homilias
3700 431 3818 487 per

538 536 697 576 unam
738 516 1013 578 homiliam
1053 513 1120 570 de
1160 511 1401 568 Calendis
1451 511 1720 579 Januarii,
1753 514 1807 567 in
1860 512 2110 568 omnibus

537 612 691 667 editis
714 611 1046 679 impressam.

602 701 664 754 2ο
700 698 871 753 Codex
899 698 1316 752 membranaceus
1345 697 1480 766 sign.
1507 713 1658 752 num.
1692 712 1866 766 1.xvu,
1898 693 2113 748 in-folio

537 790 806 856 maximo,
864 788 1044 844 saeculi
1093 805 1166 843 xu
1197 788 1284 842 vel
1330 805 1444 854 xm,
1492 789 1718 856 integer,
1752 787 2116 856 complectens

535 897 841 938 sermonem
871 880 984 950 jam
1010 880 1285 949 vulgatum
1316 880 1378 932 de
1419 879 1775 944 Mirabilibus,
1807 885 1862 932 et
1889 886 2118 947 quatuor

538 976 661 1032 illos
705 990 984 1030 sermones
1025 974 1089 1028 de
1134 972 1358 1028 Eusebio
1416 972 1565 1027 Verc.
1609 991 1689 1044 ep.
1723 983 1771 1027 et
1813 981 2059 1042 martyre,
2086 989 2118 1027 a

435 1077 440 1082 '
541 1070 725 1126 Bruno
752 1070 892 1124 inter
911 1069 1124 1138 spurios
1154 1066 1404 1136 rejectos.

609 1161 666 1215 5⁰
695 1160 869 1215 Codex
894 1158 1312 1213 membraaaceus
1339 1158 1477 1226 sign.
1511 1173 1658 1212 num.
1684 1174 1870 1223 ωιιιιιι,
1903 1156 2119 1212 in-folio

541 1252 797 1318 maximo,
827 1250 1006 1306 saeculi
1035 1267 1108 1304 xu
1135 1250 1218 1304 vel
1259 1267 1372 1313 xm,
1405 1258 1464 1304 ut
1504 1248 1797 1304 adnotatur
1836 1248 1935 1321 (α),
1971 1248 2123 1304 exhi-

541 1346 677 1401 bens
707 1344 774 1398 12
803 1343 997 1414 partim
1025 1358 1322 1408 sermones,
1348 1341 1547 1411 partim
1575 1341 1843 1396 homilias.

613 1438 1048 1494 Vercelleusibus
1088 1435 1362 1491 codicibus
1417 1435 1471 1488 in
1523 1434 1778 1504 operibus
1830 1433 1887 1487 S.
1928 1433 2124 1488 Leonis

543 1533 654 1602 jam
684 1531 766 1586 usi
797 1537 956 1586 erant
975 1529 1169 1583 fratres
1199 1528 1491 1583 Ballerinii.
1528 1528 1599 1582 At
1641 1528 1695 1581 in
1725 1542 1876 1581 usum
1898 1525 2126 1580 Romani

547 1623 768 1678 editoris
799 1621 977 1676 denuo
1017 1621 1252 1676 excussit
1286 1619 1530 1689 ejusdem
1560 1620 1800 1675 ecclesiae
1837 1618 2126 1673 canonicus

547 1715 672 1770 Ant.
699 1715 891 1772 Franc.
923 1715 1143 1770 Frisius.

2213 519 2389 566 totum
2411 526 2610 565 annum
2647 510 2699 563 in
2729 508 2866 564 duas
2891 516 3072 579 partes
3113 507 3425 563 distributas
3446 505 3812 563 exhibebant.

2212 601 2563 671 Reliquorum
2605 600 2759 670 juxta
2801 600 2977 655 :etatis
3025 599 3221 654 seriem
3247 599 3363 655 lucc
3389 607 3473 654 est
3513 599 3654 669 apud
3677 614 3815 655 eum

2216 693 2481 748 recensio.

2285 785 2412 839 Cod.
2448 784 2590 852 Vat.,
2620 783 2796 840 in-fol.
2822 785 2978 852 min.,
3002 799 3152 840 num.
3183 783 3308 852 248,
3338 785 3639 853 membran,
3671 801 3807 840 saec.

2219 895 2271 949 ιιι
2298 879 2528 933 circiter.

2289 970 2416 1025 Cod.
2452 971 2594 1038 Vat.,
2627 989 2772 1028 num.
2818 972 2975 1040 1278,
3003 978 3059 1028 et
3086 972 3206 1026 Vat.
3251 965 3455 1038 Patat.;
3503 989 3650 1028 num.
3677 972 3812 1036 450,

2220 1062 2427 1128 in-fol.,
2461 1064 2858 1120 membranacei
2878 1065 3056 1132 ambo,
3080 1063 3297 1119 circiter
3320 1079 3443 1120 suae.
3479 1081 3552 1120 x1.

2292 1154 2419 1210 Cod.
2466 1156 2579 1210 Vat.
2626 1173 2771 1212 num.
2803 1156 2964 1224 4222,
2988 1157 3183 1212 litteris
3228 1155 3647 1226 Longobardicis
3674 1174 3805 1215 exa-

2221 1256 2392 1314 ratus,
2426 1247 2597 1304 in-fol.
2645 1266 2818 1314 max.,
2846 1266 2970 1304 saec.
3008 1267 3060 1304 xi
3087 1249 3358 1320 (fortasse
3385 1251 3622 1306 scribere
3643 1253 3816 1307 volui?

2225 1356 2296 1405 xt,
2330 1340 2374 1393 si
2404 1355 2530 1395 vere
2554 1342 2729 1395 astatis
2753 1341 2996 1396 ordinem
3027 1341 3304 1412 servavit).

2298 1428 2425 1484 Cod.
2462 1431 2605 1496 Vat.,
2635 1447 2780 1485 num.
2813 1429 2983 1496 4951,
3015 1446 3137 1486 stec.
3171 1447 3225 1486 xi
3264 1431 3351 1487 vel
3374 1449 3447 1487 xu
3491 1433 3621 1488 olim
3661 1435 3818 1492 card.

2227 1521 2428 1588 Sirleti,
2463 1523 2632 1578 nitide
2656 1532 2710 1578 et
2731 1523 3018 1592 diligenter
3045 1525 3294 1595 scriptus,
3320 1540 3389 1580 ex
3409 1540 3518 1595 quo
3542 1526 3726 1596 plures
3754 1528 3812 1583 de

2229 1611 2528 1683 Epiphania
2571 1617 2826 1682 homilitn,
2878 1617 3007 1672 item
3061 1617 3131 1673 de
3200 1615 3611 1690 Quadragesima
3652 1629 3709 1675 et
3751 1619 3814 1677 S.

2227 1693 2434 1762 Joanne
2456 1707 2694 1778 Baptista
2723 1709 3022 1780 descriptas.

617 1807 704 1862 lll.
737 1807 946 1862 Codices
968 1806 1336 1871 Novarienses,
1368 1806 1405 1859 i.
1429 1821 1503 1872 c.,
1528 1805 1865 1860 bibliotheca:
1885 1803 2122 1859 ecclesiae
2155 1811 2202 1870 Β
2301 1798 2430 1853 Cod.
2467 1799 2608 1865 Vat.,
2641 1817 2789 1856 num.
2818 1799 2972 1868 1196,
2999 1801 3241 1871 ejusdem
3264 1804 3482 1859 circiter
3501 1806 3694 1870 atatis,
3725 1806 3819 1860 vi-

549 1900 874 1958 eathedralis
895 1899 1240 1955 Novariensis

623 1991 685 2044 1°
726 1990 899 2045 Codex
923 1988 1340 2042 membranaceus
1370 1989 1506 2056 sign.
1538 2002 1683 2040 num.
1713 2002 1748 2040 x
1771 1985 1869 2058 (b),
1896 1985 2132 2051 in-folio,

552 2082 735 2139 saeculi
758 2097 835 2146 ιιι,
869 2081 1060 2135 litteris
1083 2080 1375 2134 initialibus
1397 2079 1671 2146 eleganter
1697 2079 1854 2148 pictis
1889 2087 2130 2134 ornatus.

551 2173 973 2244 Comprehendit
1003 2172 1140 2227 duas
1182 2173 1246 2226 de
1285 2171 1554 2227 Communi
1583 2170 1686 2226 SS.
1719 2181 2002 2243 martyrum
2036 2172 2135 2227 ho-

555 2265 734 2328 milias
765 2263 858 2336 (c).

621 2356 684 2410 2°
723 2355 897 2411 Codex
938 2356 1356 2423 membranaceus
1401 2355 1536 2424 sign.
1579 2371 1726 2409 num.
1775 2371 1857 2421 ιιι,
1908 2354 2132 2422 in-folio,

551 2449 748 2505 saaculi.
776 2464 874 2513 xu,
919 2448 1110 2502 litteris
1135 2447 1318 2502 itidem
1361 2447 1652 2501 initialibus
1673 2447 1949 2515 coloratis,
1974 2464 2135 2502 unam

550 2537 826 2594 homiliam
851 2538 912 2591 de
941 2537 1048 2593 SS.
1075 2537 1388 2609 martyribus
1409 2538 1510 2592 hac
1532 2538 1587 2592 in
1616 2537 1704 2592 ed.
1731 2539 1835 2593 col.
1861 2537 1966 2592 265
2007 2554 2137 2594 con-

553 2630 748 2686 tinens.

623 2722 685 2775 5ο
712 2721 886 2777 Codex
912 2722 1333 2776 membranaceus
1365 2723 1500 2791 sign.
1536 2738 1682 2778 num.
1711 2739 1873 2784 xxvu,
1908 2723 2132 2790 in-folio,

556 2814 737 2870 surculi
767 2831 820 2868 xi
851 2814 948 2884 (ά),
975 2814 1168 2868 litteris
1205 2813 1496 2867 initialibus
1534 2822 1588 2868 et
1628 2814 1795 2869 titulis
1830 2814 2134 2879 rubricatis,

556 2906 749 2976 partim
789 2906 1055 2969 homilias,
1099 2905 1298 2975 partim'
1346 2920 1620 2960 sermones
1665 2905 1754 2970 27,
1799 2920 1987 2968 clunes
2023 2904 2136 2974 jam

557 2996 818 3064 Vulgatos,
844 3004 1120 3066 priestans.

624 3088 687 3141 4°
719 3088 894 3144 Codex
921 3089 1344 3144 membranaceus
1378 3090 1513 3159 sign.
1541 3107 1687 3146 num.
1731 3107 1858 3156 χιιι,
1891 3089 2132 3156 in-folio,

2236 1899 2319 1946 tas
2345 1901 2654 1948 sanctorum
2702 1901 2756 1948 et
2810 1895 3086 1964 passiones
3132 1903 3429 1968 martyrum
3469 1896 3726 1952 referens.
3763 1898 3823 1957 In

2235 2000 2302 2040 eo
2350 1995 2580 2055 quatuor
2634 1987 2704 2042 de
2753 1986 2813 2042 8.
2869 1986 3075 2042 Joanne
3130 1987 3364 2060 Baptista
3412 2005 3690 2045 sermones
3733 2007 3824 2044 rc-

2236 2076 2396 2145 perti.

2308 2167 2519 2222 Codices
2549 2168 2668 2224 Vat.
2699 2169 2892 2238 signati
2915 2186 3059 2224 num.
3091 2169 3247 2234 1267,
3283 2170 3437 2237 1269,
3465 2171 3620 2233 1270,
3657 2171 3822 2237 6150,

2237 2257 2402 2323 6451,
2435 2259 2591 2326 6452,
2624 2270 2752 2326 etc.,
2783 2270 2838 2316 et
2893 2261 3014 2316 Vat.
3065 2264 3258 2334 regime
3288 2264 3502 2318 Suecor.
3539 2262 3672 2328 125,
3717 2263 3826 2316 128

2237 2357 2292 2404 ct
2317 2349 2439 2412 559,
2472 2352 2562 2420 qui
2583 2367 2771 2407 omnes
2800 2352 2870 2410 ad
2893 2368 3015 2408 smc.
3043 2351 3242 2408 Christi
3266 2371 3337 2409 xu
3355 2355 3648 2425 pertinent.

2311 2441 2438 2497 Cod.
2470 2443 2590 2497 Vat.
2611 2444 3585 2516 Reg.,num.1025,membranaceus,
3619 2446 3825 2513 in-fol.,

2238 2551 2358 2591 530.
2387 2553 2498 2591 XIII.

2311 2629 2485 2685 Codex
2510 2631 2668 2697 alter,
2695 2648 2842 2686 num.
2877 2632 2964 2697 19,
2997 2624 3188 2699 iii-fol.,
3214 2633 3456 2703 ejusdem
3484 2635 3673 2689 :etatis.

2311 2720 2437 2776 Cod.
2480 2722 2622 2790 Vat.,
2655 2740 2803 2778 num.
2832 2723 2952 2791 587,
2981 2741 3104 2780 smc.
3145 2743 3252 2780 xlv.

2257 2867 2266 2878 ,
2312 2815 2524 2870 Codices
2554 2816 2676 2870 Vat.
2719 2816 2919 2883 Palat.,
2952 2833 3098 2872 num.
3134 2815 3256 2882 185,
3290 2815 3415 2884 452,
3447 2816 3569 2882 455,
3613 2817 3829 2872 charta-

2238 2907 2340 2972 cei,
2369 2906 2549 2962 saeculi
2575 2910 2684 2961 inv.
3335 2925 3337 2927 ί

2310 2996 2437 3052 Cod.
2473 2996 2596 3051 Vat.
2616 2997 2882 3066 0ttobon.,
2909 3016 3055 3055 num.
3081 3000 3201 3068 106,
3217 3001 3420 3066 in-fol.,
3438 3002 3828 3064 membranac.,

2239 3106 2363 3146 smc.
2389 3106 2464 3158 xl,
2491 3088 2618 3145 Cod.
2649 3089 2770 3144 Vat.
2801 3087 2973 3145 Ottob.
3001 3092 3156 3156 alter,
3182 3109 3328 3147 num.
3363 3092 3483 3157 775,
3513 3093 3566 3146 in
3594 3107 3704 3161 quo
3730 3107 3834 3161 per

560 3189 832 3246 exaratus,
879 3189 937 3234 ut
977 3181 1030 3235 in
1071 3189 1198 3235 nota
1229 3180 1406 3236 eidem
1454 3183 1683 3252 ascripta
1727 3182 1948 3250 legitur,
1994 3196 2137 3236 anno
2165 3170 2210 3234 C
2242 3184 2540 3238 sententias
2568 3191 2624 3237 et
2666 3183 2940 3238 doctrinas
2981 3180 3200 3238 Patrum
3249 3184 3422 3253 agitur
3451 3183 3519 3237 de
3560 3182 3835 3254 mysteriis

559 3272 714 3326 1251.
739 3271 969 3328 Ornatus
993 3282 1095 3338 est,
1122 3283 1179 3328 ut
1201 3275 1399 3340 caeteri,
1425 3282 1482 3330 et
1502 3276 1742 3330 continet
1772 3274 1839 3328 12
1865 3289 2141 3330 sermones

554 3363 664 3435 jam
694 3365 866 3420 editos
888 3373 942 3420 et
972 3365 1090 3420 aliis
1117 3364 1277 3421 codd.
1311 3365 1675 3422 confirmatos.

623 3458 948 3514 Excusserat
996 3459 1160 3514 hosce
1208 3458 1568 3514 Novarienses
1615 3457 1830 3514 codices
1878 3461 1932 3514 in
1984 3476 2139 3516 usum

557 3548 721 3605 Bruni
744 3548 886 3604 idem
908 3547 1034 3603 Ant.
1066 3548 1258 3616 Franc.
1291 3549 1513 3604 Frisius.
1544 3548 1733 3605 Plures
1761 3559 1938 3606 autem
1962 3561 2017 3605 et
2040 3567 2144 3622 op-

557 3643 717 3697 timas
745 3642 1018 3697 variantes
1066 3641 1328 3696 lectiones
1371 3642 1742 3712 suppeditasse
1793 3644 1893 3699 sibi
1935 3645 2138 3711 scribit,

557 3732 791 3801 indeque
838 3733 1042 3802 colligit
1091 3749 1158 3788 ex
1181 3734 1439 3803 perfectis
1486 3735 1790 3808 archetypis
1837 3753 1932 3793 eos
1976 3737 2140 3794 fuisse

555 3823 871 3892 descriptos.
899 3824 1033 3879 Cum
1056 3824 1488 3883 Vercellensibus
1514 3844 1656 3898 saepe
1683 3831 2027 3886 conveniunt.

622 3912 711 3968 ιν.
757 3913 965 3968 Codices
996 3913 1236 3970 Romani.

626 4034 661 4066 α
693 4009 954 4064 Vaticani.
980 4009 1036 4064 ln
1061 4011 1386 4067 bibliotheca
1409 4013 1668 4069 Vaticana
1692 4023 1922 4070 testatur
1964 4015 2141 4070 editor

555 4099 678 4170 plus
707 4099 924 4167 triginta
956 4100 1288 4158 homiliarios
1310 4119 1368 4158 se
1398 4106 1686 4174 reperisse,
1727 4121 1955 4175 quorum
1983 4115 2138 4161 vetu-

554 4191 746 4246 stiores
771 4190 838 4244 ad
865 4191 1013 4246 initia
1043 4194 1223 4249 saeculi
1253 4197 1430 4250 octavi
1458 4196 1649 4251 referri
1692 4213 1849 4268 posse
1889 4196 2140 4252 videren-

555 4287 662 4345 tur,
690 4280 953 4348 siquidem
987 4282 1243 4338 Romanis
1283 4285 1684 4342 characteribus
1710 4285 1986 4355 quadratis
2014 4301 2138 4356 per-

554 4375 738 4444 scripti
769 4387 940 4430 erant.
974 4375 1224 4446 Plerique
1269 4359 1458 4433 omnes
1499 4378 1712 4445 integri,
1739 4395 1804 4433 ex
1837 4388 1989 4449 parte
2010 4379 2139 4434 olim

555 4463 625 4519 ad
649 4465 902 4522 Sirletum
947 4468 1092 4522 card.
1126 4468 1489 4537 pertinebant,
1515 4469 1605 4537 qui
1652 4469 1827 4538 aliqua
1855 4470 1908 4524 in
1950 4470 2138 4525 iisdem

2242 3274 2629 3345 redemptionis
2651 3275 2916 3339 humanae,
2950 3275 3195 3345 interque
3217 3290 3308 3330 eas
3336 3275 3565 3345 plurima
3590 3275 3834 3329 citantur

2243 3364 2299 3420 S.
2327 3364 2564 3422 Maximi.
2591 3365 2736 3437 Opus
2763 3366 3038 3434 ineditum,
3083 3368 3287 3436 absque
3329 3367 3566 3422 auctoris
3609 3367 3835 3421 nomine

2242 3455 2381 3513 forte
2408 3458 2764 3528 perscriptum
2793 3466 3036 3514 extremo
3059 3474 3181 3514 sscc.
3214 3475 3321 3513 xiv.

2315 3551 2615 3620 Antequam
2646 3559 2825 3605 autem
2848 3551 2996 3621 ipsos
3024 3551 3185 3606 hosce
3205 3550 3418 3606 codices
3453 3551 3831 3621 perlustrant,

2243 3652 2527 3714 acceperat
2572 3660 2602 3698 a
2647 3643 2808 3699 Petro
2839 3643 3059 3717 Aloysio
3107 3641 3360 3709 Galletio,
3405 3644 3670 3699 monacho
3717 3653 3833 3698 tum

2242 3733 2441 3789 Bened.
2474 3748 2728 3804 congreg.
2771 3735 3102 3799 Casinensis,
3143 3741 3264 3804 post
3293 3734 3584 3806 Cyrenensi
3611 3735 3823 3804 episco.

2242 3842 2334 3896 po,
2354 3826 2528 3880 varias
2550 3826 2809 3881 lectiones
2823 3841 2890 3880 ex
2913 3826 3033 3880 Vat.
3060 3824 3222 3880 codd.
3247 3835 3301 3880 et
3323 3841 3601 3881 sermones
3622 3825 3835 3893 aliquot

2243 3919 2528 3986 diligenter
2548 3918 2674 3973 inde
2698 3917 3017 3988 descriptos,
3041 3931 3160 3986 qua:
3189 3918 3462 3972 stimulum
3485 3925 3636 3972 tanto
3664 3916 3836 3970 acrio-

2242 4024 2354 4063 rem
2405 4009 2506 4079 ipsi
2543 4008 2854 4063 indiderunt
2905 4007 2975 4062 ad
3015 4008 3195 4063 omnia
3243 4009 3355 4063 suis
3398 4007 3572 4063 oculis
3625 4021 3834 4076 cogno-

2242 4092 2464 4155 scenda.

2313 4194 2365 4265 β.
2412 4191 2656 4246 Basilica:
2691 4191 2750 4247 S.
2782 4189 2947 4245 Petri.
2980 4190 3349 4247 Recensentur
3375 4206 3466 4245 sex
3494 4207 3512 4244 :

2313 4285 2367 4336 1°
2408 4285 2580 4340 Codex
2601 4287 2735 4354 sign.
2782 4300 2928 4340 num.
2977 4283 3113 4350 106,
3144 4284 3247 4338 litt.
3273 4283 3335 4351 C,
3362 4282 3835 4349 membranaeeus,

2243 4376 2434 4444 in-fol.,
2466 4394 2586 4433 saec.
2621 4394 2712 4432 xu.
2903 4393 2919 4410 ι
3653 4383 3656 4386 ’

2317 4469 2378 4523 2v
2421 4467 2594 4524 Codex
2616 4469 2753 4524 alter
2780 4469 3061 4525 continens
3100 4469 3352 4525 homilias
3373 4477 3429 4524 et
3455 4483 3736 4525 sermones
3779 4468 3836 4523 in

555 4575 652 4617 sua
683 4559 966 4615 adnotavit
995 4577 1184 4626 manu;
1218 4576 1342 4631 pars
1370 4576 1554 4615 eorum
1600 4561 1796 4629 regina:
1843 4560 2139 4618 Succorum
2165 4553 2218 4614 D
2243 4564 2501 4619 lectiones
2530 4562 2865 4618 distributos.

556 4652 842 4708 Christinae
871 4655 989 4715 fuit,
1023 4653 1111 4706 alii
1141 4669 1207 4707 ex
1238 4651 1592 4708 Ottoboniana
1624 4653 1988 4724 suppellectile
2011 4670 2137 4724 pro—
2217 4714 2220 4717 ,

557 4744 683 4800 fecti
721 4755 895 4801 erant.
928 4746 1132 4813 Singuli
1176 4747 1242 4802 ad
1273 4747 1608 4802 condendam
1631 4747 1686 4803 S.
1728 4748 1945 4804 Maximi
1972 4749 2138 4805 colle-

565 4834 798 4889 ctionem
832 4836 1032 4902 aliquid
1061 4837 1424 4892 contulerunt.
1469 4836 1689 4893 Pratfert
1726 4849 1906 4897 autem
1935 4841 2142 4896 caeteris
2172 4815 2182 4856 ⁷

564 4934 695 4992 tres,
735 4929 826 4996 qui
856 4927 1099 4981 indubias
1122 4929 1299 4982 saeculi
1329 4947 1420 4984 vm
1452 4939 1608 4986 notas
1634 4933 1969 4998 exhiberent,
2003 4934 2144 4988 inter

563 5032 702 5087 quos
727 5017 1112 5072 celeberrimus
1140 5019 1184 5073 is
1224 5020 1315 5086 qui
1359 5019 1625 5075 Gennadii
1668 5022 1861 5076 librum
1907 5025 1971 5077 de
2006 5023 2147 5078 Viris

559 5110 846 5165 illustribus
897 5110 1373 5180 complectebatur.
1430 5111 1533 5165 Alii
1589 5112 1697 5167 duo
1759 5116 1953 5182 signati
2000 5133 2144 5170 num.

560 5197 706 5254 5855
726 5209 781 5256 et
803 5200 942 5258 5856
969 5201 1383 5266 membranacei,
1403 5202 1614 5256 in-folio
1636 5219 1823 5274 parvo,
1841 5207 2150 5264 charactere

635 5339 711 5412 (ar)
753 5339 842 5394 Sic
890 5340 940 5394 in
991 5339 1201 5412 notitia,
1245 5338 1299 5412 i_n
1348 5339 1668 5408 prmlatione
1707 5349 1887 5412 autem
1918 5344 2135 5410 scribit,

599 5408 833 5466 ertinere
862 5426 985 5465 eum
1014 5410 1081 5465 ad
1112 5408 1368 5463 sarculum
1401 5425 1452 5463 XI
1486 5417 1541 5464 et
1572 5411 1856 5480 complecti
1896 5408 2143 5469 homilias

599 5428 833 5466 ertmere
862 5428 985 5465 eum
1014 5428 1081 5465 au
1112 5428 1368 5463 ssecumm
1401 5428 1452 5463 χι

561 5428 659 5544 18,
693 5497 879 5535 omnes
901 5481 1011 5552 jam
1045 5481 1181 5552 typis
1209 5479 1476 5552 vulgatas.

635 5551 708 5621 (b)
746 5552 802 5606 In
827 5551 971 5621 prch.
999 5550 1148 5606 audit
1172 5550 1222 5604 ei
1251 5553 1517 5620 septimus.

636 5627 708 5693 (c)
750 5623 841 5677 Sic
871 5623 922 5676 in
945 5622 1278 5693 pnefatione.
1331 5622 1384 5693 In
1419 5622 1627 5693 notitia
1668 5622 1918 5678 codicum
1963 5634 2144 5680 autem

564 5691 768 5764 scribit,
821 5691 1089 5764 repertum
1132 5695 1185 5748 in
1244 5707 1311 5764 eo
1354 5691 1518 5764 fuisse
1561 5708 1866 5764 sermonem
1899 5712 2058 5749 muun
2084 5699 2146 5750 de

566 5762 833 5821 Communi
855 5762 1138 5836 martyrum
1157 5764 1217 5819 S.
1241 5762 1457 5818 Maximi
1483 5764 1700 5820 nomine
1727 5763 1964 5820 nondum
1989 5777 2148 5822 antea

2309 4653 2375 4708 5ο
2394 4653 2568 4709 Codex
2584 4655 2720 4723 sign.
2745 4669 2890 4708 num.
2910 4652 3032 4720 210,
3053 4654 3105 4709 in
3128 4669 3234 4724 quo
3255 4653 3505 4710 collectio
3523 4668 3836 4709 sermonum

2194 4734 2212 4791 τ’
2247 4744 2434 4802 Leonis
2459 4745 2554 4812 M-.,
2582 4747 2722 4801 inter
2743 4762 2880 4816 quos
2909 4747 3148 4801 nonnulli
3179 4746 3270 4816 qui
3298 4745 3358 4800 S.
3390 4745 3608 4799 Maximi
3644 4753 3824 4815 poste.

2251 4841 2396 4896 ribus
2432 4839 2760 4908 temporibus
2783 4839 3069 4909 adjudieati
3106 4848 3248 4894 sunt.
3271 4839 3462 4894 Saeculi
3485 4839 3700 4893 videtur
3726 4856 3836 4894 xlv.

2323 4930 2386 4983 4°
2427 4928 2600 4984 Codex
2619 4931 2757 5000 sign.
2785 4948 2933 4985 num.
2969 4931 3018 4998 7,
3052 4931 3116 4985 A.
3159 4929 3530 4986 Lectionarius
3552 4940 3608 4985 et
3631 4932 3844 5002 passio-

2252 5022 2457 5087 narius,
2481 5022 2724 5077 continet
2746 5029 2955 5092 partem
2979 5021 3214 5076 homiliie
3237 5020 3293 5075 S.
3321 5019 3539 5076 Maximi
3568 5022 3630 5075 de
3671 5020 3845 5075 Mira-

2255 5114 2458 5170 bilibris.

2330 5206 2389 5259 5°
2429 5194 2603 5261 Codex
2641 5206 2778 5274 sign.
2807 5221 2955 5261 num.
2979 5205 3069 5272 40,
3105 5206 3166 5261 Α.
3201 5205 3510 5263 Lectionar.
3555 5207 3850 5262 continens

2249 5345 2476 5410 editum,
2519 5343 2612 5410 qui
2645 5351 2823 5398 exstet
2851 5344 2904 5398 in
2928 5343 3019 5399 ed.
3057 5344 3219 5400 Rom.
3245 5346 3350 5400 col.
3383 5344 3504 5399 651.
3541 5345 3610 5398 At
3641 5344 3848 5400 ibidem

2251 5417 2468 5479 dicitur,
2520 5414 2759 5468 describi
2808 5415 2955 5470 hunc
3004 5431 3306 5471 sermonem
3355 5431 3422 5470 ex
3479 5431 3603 5469 cvm
3649 5414 3848 5470 codice

2252 5487 2380 5540 bibl.
2407 5485 2463 5537 S.
2497 5484 2659 5554 Marci
2690 5483 3056 5540 Venetiarum.
3094 5485 3318 5540 Videtur
3346 5483 3484 5540 adeo
3527 5485 3642 5554 ipsa
3671 5487 3851 5541 multi-

2258 5556 2386 5609 tudo
2415 5553 2663 5609 codicum
2692 5571 2854 5610 causa
2885 5557 3046 5612 fuisse
3074 5557 3272 5611 ut‘hmc
3318 5555 3694 5610 confunderet.

2329 5626 2405 5697 (ά)
2429 5624 2484 5679 ln
2509 5625 2820 5682 praefatione
2857 5644 2912 5682 ιιι
2942 5628 3026 5682 vel
3056 5627 3122 5682 ad
3158 5641 3424 5682 sununum
3453 5643 3486 5680 ιι
3511 5626 3692 5681 saeculi
3723 5639 3850 5682 esse

2254 5699 2483 5752 traditur
