4040 6324
217 329 306 392 ’301
1263 325 1532 382 ΝΟΤΙΤῙΑ
1571 325 2396 383 ΙΙΙΞΤΟΜΟΟ-ῌΤΤΕΒΑΒΙΑ.

3354 331 3458 387 θοι

213 438 334 507 pcto
359 446 550 518 partim
569 457 864 509 serrnones,
895 441 1090 513 partim
1142 441 1389 499 homilias
1431 441 1486 496 8.
1534 438 1773 494 Maximi.
1807 445 1856 503 Α
1953 439 2000 496 δ.
2043 439 2400 502 γαιιεεειιαηε,
2435 441 2468 494 i.
2502 456 2553 495 e.
2585 441 2920 497 bibliothecis
2948 441 3303 499 Vallicellanae
3348 440 3454 498 PP.

281 541 340 594 6°
367 537 539 593 Codex
579 536 714 604 sign.
760 550 906 590 num.
959 531 1013 599 9,
1037 533 1100 588 A.
1149 532 1452 590 Lectionar.
1497 532 1782 588 continens

216 643 479 690 sermones
509 627 561 681 in
586 623 714 679 Nat.
741 623 1092 696 apostolorum
1119 622 1264 678 Petri
1285 633 1333 677 et
1361 621 1518 677 Pauli
1559 630 1613 678 et
1645 622 1782 677 alte-

217 737 326 779 rum
353 719 414 773 de
437 717 498 773 S.
527 715 828 770 Laurentio.

280 810 543 867 Caeterum
565 812 793 863 testatur
812 805 1044 872 Brunus,
1062 805 1278 862 codices
1297 804 1353 861 S.
1375 803 1520 860 Petri
1545 819 1654 875 pm
1677 819 1783 859 (xe-

216 905 337 961 teris
357 899 824 960 emendatissimos
851 913 991 965 esse,
1014 898 1257 968 utrisque
1279 906 1479 964 autem,
1501 896 1650 966 hisce
1677 895 1786 952 sci-

216 998 333 1053 licet
351 1001 404 1049 et
433 991 726 1057 Vaticanis,
747 990 854 1047 hoc
875 990 1113 1061 impertit
1133 990 1384 1059 elogium,
1411 1004 1506 1045 eos
1527 996 1583 1044 et
1603 1002 1788 1044 emen-

217 1085 416 1141 datiore
457 1090 638 1150 textu,
680 1083 1049 1139 characterum
1090 1081 1266 1136 nitore
1298 1089 1352 1135 et
1399 1080 1695 1150 elegantia,
1732 1086 1790 1135 et

215 1184 471 1236 concentu
486 1175 628 1232 inter
650 1190 728 1242 se,
742 1175 964 1245 reliquis
983 1173 1232 1250 omnibus
1245 1172 1485 1244 praeferri
1510 1181 1785 1243 oportere.

276 1291 325 1343 γ.
352 1266 411 1323 S.
439 1266 619 1321 Crucis
637 1267 694 1321 iu
713 1264 1021 1330 Jerusalem,
1046 1265 1082 1320 i.
1109 1279 1158 1320 e.
1185 1264 1522 1320 bibliotheca:
1538 1263 1792 1320 Romana:

213 1359 516 1418 monasterii
563 1357 621 1414 S.
665 1357 853 1414 Crucis
897 1358 951 1412 in
992 1355 1313 1422 Jerusalem,
1357 1355 1562 1411 ordinis
1586 1354 1790 1412 Cister-

210 1450 415 1506 ciensis.
442 1448 592 1505 Inter
610 1449 710 1504 hos
737 1449 899 1518 longe
928 1447 1409 1518 praestantissimus
1431 1447 1530 1502 fuit
1561 1465 1574 1498 :

278 1541 336 1595 I°
365 1542 541 1596 Codex
569 1539 624 1595 Ν
628 1541 1001 1606 ouautuleusis,
1028 1539 1082 1596 id
1105 1548 1207 1605 est,
1239 1540 1331 1609 qui
1359 1539 1486 1595 olim
1527 1545 1644 1593 erat
1668 1553 1789 1592 mo-

210 1633 423 1691 nasterii
448 1625 807 1688 NOnantulani
838 1631 890 1686 in
930 1645 1062 1701 agro
1083 1629 1388 1695 Mutinensi,
1420 1637 1546 1684 ante
1586 1643 1788 1683 annum

208 1713 398 1779 Christi
424 1722 814 1791 octogesimum
843 1720 1140 1792 acquisitus
1177 1721 1246 1775 all
1289 1721 1543 1775 Anselmo
1572 1719 1786 1783 abbate,

1885 531 2310 600 congregationis
2335 528 2566 585 Oratorii
2587 531 2642 585 S.
2676 529 2904 603 Philippi
2933 532 3096 597 Nerii,
3127 546 3246 602 quae
3272 533 3460 590 lectio-

1885 624 2048 678 nariis
2074 622 2227 678 valde
2255 623 2549 693 insignibus
2570 623 2833 690 abundat,
2865 633 2924 680 ut
2949 623 3155 696 pridem
3181 641 3213 679 a
3237 624 3460 681 Balleri-

1887 713 1988 768 niis
2016 713 2265 769 fratribus
2317 715 2370 769 in
2418 714 2612 771 Leonis
2656 715 2724 770 Μ.
2759 715 2998 772 editione
3031 717 3209 774 edocti
3255 734 3458 776 sumus.

1887 803 2278 876 Septemdecim
2307 822 2373 862 ex
2404 807 2468 865 iis
2495 809 2695 864 evolvit
2724 809 2964 874 Brunus,
2994 809 3046 865 in
3075 810 3267 880 quibus
3304 813 3463 883 quin-

1887 896 2140 964 quaginta
2182 904 2336 952 erant
2377 896 2590 952 Maximi
2633 913 2910 955 sermones
2952 907 3009 955 et
3033 899 3299 968 homilias,
3328 916 3466 971 quos

1889 999 2011 1040 cum
2039 985 2196 1041 editis
2221 985 2476 1052 contulit;
2507 1001 2699 1057 nempe
2724 1005 2736 1040 :

1961 1073 2021 1128 1ο
2051 1073 2226 1130 Codex
2250 1075 2334 1139 II,
2360 1076 2817 1141 membranaceus,
2851 1076 3030 1133 in-fol.
3057 1094 3225 1148 max.,
3263 1095 3386 1138 me.
3414 1099 3465 1139 ιιι

1890 1162 2124 1230 circiter,
2159 1166 2212 1220 in
2241 1181 2348 1236 quo
2376 1181 2568 1221 novem
2596 1181 2874 1222 sermones
2898 1165 3133 1223 Maximi.

1893 1303 1898 1306 _
1960 1254 2024 1308 2°
2053 1253 2228 1310 Codex
2264 1255 2359 1323 VI,
2391 1257 2774 1323 membranae,
2801 1257 2980 1314 in-fol.
3005 1275 3172 1324 max.,
3197 1277 3318 1318 sate.
3356 1279 3465 1319 xm.

1961 1347 2025 1402 3°
2055 1347 2229 1403 Codex
2258 1347 2390 1414 VII,
2423 1350 2672 1416 membr.,
2704 1349 2757 1404 in
2787 1349 2878 1406 fol.
2903 1365 3071 1416 max.,
3095 1366 3216 1408 szec.
3250 1369 3358 1409 xrv.

1963 1437 2025 1493 4°
2055 1437 2231 1495 Codex
2263 1439 2428 1507 VIII,
2458 1443 2706 1508 membr.,
2741 1442 2920 1498 in-fol.
2966 1458 3132 1511 max.,
3181 1459 3302 1500 saec.
3357 1462 3472 1502 xm.

1895 1526 1960 1582 Hi
1998 1544 2106 1584 non
2153 1530 2251 1585 nisi
2280 1547 2444 1587 unum
2491 1541 2582 1588 aut
2629 1533 2854 1589 alterum
2901 1533 3114 1590 Maximi
3160 1549 3467 1594 sermonem

1892 1620 2182 1676 habebant.
2273 1647 2288 1654 -

1967 1709 2028 1764 5°
2061 1711 2235 1767 Codex
2265 1712 2367 1781 IX,
2400 1713 2639 1784 ejusdem
2684 1716 2857 1774 aetatis
2884 1731 2947 1788 ap
2975 1714 3157 1772 forma:
3183 1731 3248 1772 ac
3273 1731 3468 1788 przece‘

212 1811 672 1880 munbranaceus,
704 1812 935 1877 in—lolio,
979 1819 1196 1867 notatus
1221 1826 1368 1865 num.
1399 1807 1486 1864 XC
1518 1810 1572 1864 in
1611 1809 1791 1864 fronte
1817 1812 1866 1875 Β
1891 1800 2044 1867 deus,
2075 1811 2185 1857 tres
2212 1819 2488 1861 sermones
2513 1805 2841 1860 continebat.

209 1897 413 1976 quidem
423 1906 712 1971 exteriore,
723 1919 1027 1976 quanquam
1039 1904 1181 1959 intus
1189 1918 1308 1974 pag.
1329 1903 1353 1956 1
1371 1918 1516 1958 num.
1531 1900 1787 1958 CXXXIV

209 2000 433 2072 praefert.
455 1996 655 2055 Omnes
675 1998 792 2069 ejus
811 1998 1152 2054 bibliothecae
1177 1996 1390 2053 codices
1411 2012 1532 2052 cum
1553 1995 1786 2065 antiqui-

208 2100 331 2158 tate,
357 2093 468 2147 tum
489 2093 739 2147 accurata
759 2089 1024 2166 scriptura
1045 2087 1471 2156 antiquitateque
1493 2084 1784 2150 antecellit,

206 2192 514 2257 spectatque
553 2182 618 2238 ad
657 2181 911 2238 saeculum
941 2196 1009 2236 vn
1036 2180 1124 2236 vel
1151 2186 1416 2235 summum
1444 2194 1554 2232 VIII.
1587 2177 1789 2233 Ductus

205 2275 500 2330 litterarum
528 2272 806 2329 Romanus
834 2281 934 2339 est,
977 2271 1248 2335 secundae,
1277 2279 1336 2324 ut
1382 2270 1562 2336 aiunt,
1592 2269 1785 2333 uitatis,

201 2365 478 2436 paululum
499 2377 726 2433 vergens
754 2363 820 2417 ad
846 2361 1331 2430 Longobardicum.
1366 2359 1410 2413 Α
1438 2373 1556 2428 pag.
1592 2357 1694 2412 I29
1721 2358 1790 2413 ad

205 2456 325 2521 160,
373 2455 545 2525 inquit
587 2454 795 2510 Brunus
836 2454 891 2508 in
917 2451 1249 2523 praefatione,
1289 2450 1565 2520 sexaginta
1593 2449 1788 2520 partim

205 2547 480 2612 homilias,
513 2547 707 2616 partim
737 2558 1013 2600 sermones
1040 2543 1432 2613 complectitur,
1481 2541 1570 2610 qui
1601 2555 1789 2596 omnes

203 2637 376 2706 judice
403 2636 550 2692 card.
582 2635 799 2692 Besutio
839 2635 893 2689 in
939 2634 1114 2689 indice
1161 2633 1401 2702 ejusdem
1448 2632 1786 2688 bibliotheca:

203 2728 256 2783 S.
286 2727 575 2782 Maximum
606 2734 882 2781 auctorem
904 2733 1214 2794 agnoscant.
1249 2723 1316 2776 At
1346 2725 1396 2777 in
1423 2723 1613 2778 notitia
1638 2723 1786 2779 codi-

203 2835 341 2881 cum,
369 2818 458 2872 ubi
479 2816 718 2871 omnium
746 2813 1019 2884 sigillatim
1045 2813 1230 2870 titulos
1253 2821 1514 2879 recenset,
1537 2821 1785 2868 numerat

204 2908 287 2962 65.
317 2907 657 2963 Mabillonius
686 2916 896 2972 contra,
927 2906 1017 2976 qui
1041 2905 1245 2976 pridem
1266 2921 1333 2960 eo
1362 2920 1489 2960 usus
1515 2913 1650 2971 erat,
1681 2905 1782 2960 ho-

206 2998 376 3053 milias
405 2998 457 3052 in
487 3013 554 3053 eo
576 2997 838 3053 contineri
864 2997 1050 3052 scribit
1079 2995 1165 3062 75,
1198 3011 1261 3050 ex
1301 2995 1495 3064 quibus
1514 2995 1784 3066 pleraeque

203 3089 442 3144 etiamin
487 3088 782 3158 exemplari
826 3087 1162 3156 Sangallensi
1191 3086 1543 3140 habebantur.
1592 3085 1783 3141 Inscri-

1963 1893 2027 1946 6°
2056 1892 2230 1949 Codex
2257 1893 2384 1961 XV,
2413 1893 2654 1964 ejusdem
2693 1895 2876 1952 forma:
2903 1906 2958 1953 et
2983 1897 3174 1964 aetatis,
3202 1913 3474 1955 sermones

1893 1982 2085 2040 decem
2114 1984 2347 2041 Maximo
2377 1987 2635 2042 inscribit.

1965 2076 2118 2131 70-9o
2147 2077 2357 2134 Codices
2369 2078 2531 2145 XIX,
2553 2078 2658 2134 XX
2678 2089 2734 2136 et
2752 2079 2857 2135 XX
2872 2081 2933 2135 γ.
2959 2080 3168 2138 Primus
3195 2091 3279 2139 est
3301 2099 3474 2139 mem-

1891 2169 2068 2234 bran.,
2111 2168 2288 2224 in-fol.
2329 2185 2496 2236 max.,
2533 2171 2726 2227 litteris
2761 2171 3178 2242 Longobardicis
3203 2184 3474 2240 exaratus.

1892 2261 2070 2316 swculi
2105 2259 2241 2316 forte
2269 2278 2350 2327 rx;
2378 2262 2618 2330 ejusdem
2647 2265 2820 2319 aetatis
2847 2274 2904 2320 et
2928 2266 3130 2329 formae,
3165 2282 3264 2321 nec
3293 2257 3472 2324 tamen

1892 2353 2238 2418 characteris,
2281 2369 2343 2409 ac
2370 2355 2562 2424 reliqui
2591 2354 2717 2411 duo.
2764 2355 3000 2422 Quilibet
3021 2373 3207 2413 eorum
3235 2375 3342 2414 non
3370 2361 3474 2415 nisi

1894 2444 2110 2499 unicum
2141 2443 2355 2500 Maximi
2383 2462 2688 2502 sermonem
2713 2449 3042 2505 continebat.

1962 2535 2058 2589 1οο
2087 2535 2262 2592 Codex
2289 2539 2424 2608 sign.
2454 2539 2506 2602 4,
2551 2549 2757 2610 septem
2803 2541 3054 2598 homilias
3090 2543 3348 2599 exhibens
3376 2560 3473 2615 per

1889 2626 2014 2682 anni
2043 2627 2299 2684 circulum
2319 2669 2334 2693 ,
2365 2629 2418 2684 in
2445 2631 2639 2700 quibus
2665 2640 2871 2704 septem
2899 2633 3112 2688 Maximi
3141 2650 3434 2692 sermones.

1960 2717 2056 2771 11ο
2073 2727 2128 2774 et
2145 2719 2239 2773 12°
2255 2719 2427 2776 Codex
2457 2721 2499 2774 Α
2521 2722 2574 2790 9,
2601 2724 2764 2778 codex
2780 2726 2824 2777 A
2850 2723 2942 2791 10;
2974 2733 3198 2795 uterque
3220 2729 3470 2793 membr.,

1887 2809 2062 2866 in-fol.
2092 2827 2258 2876 max.,
2289 2828 2410 2869 uec.
2443 2831 2562 2880 xm;
2596 2816 2741 2884 prior
2761 2816 2976 2872 unicum
2998 2817 3061 2872 de
3082 2816 3187 2873 SS.
3215 2819 3474 2890 Apostolis

1885 2901 2042 2958 Petro
2062 2913 2110 2958 et
2133 2904 2320 2969 Paulo,
2349 2908 2614 2976 posterior
2632 2923 2726 2962 sex
2747 2908 2969 2978 profert.

1959 2994 2187 3048 l5°-I7°
2218 2995 2430 3051 Codices
2460 2997 2502 3050 A
2537 2998 2619 3063 16,
2643 2998 2686 3051 Β
2713 2998 2766 3064 5,
2796 2997 2841 3053 II
2871 2999 2923 3064 2,
2956 2999 3002 3054 Η
3028 3003 3078 3067 7,
3110 3000 3155 3055 ll
3185 3002 3272 3068 23,
3306 3019 3470 3060 unum

1887 3086 1972 3141 vel
1998 3087 2223 3142 alterum
2253 3104 2558 3144 sermonem
2583 3099 2677 3145 aut
2705 3091 2979 3147 homiliam
3006 3095 3432 3166 suppeditantes.

204 3187 346 3250 ptum
377 3187 525 3247 erat,
574 3179 763 3236 eodem
811 3185 978 3245 teste,
1021 3178 1075 3233 iu
1122 3176 1299 3233 fronte
1339 3177 1538 3233 codicis
1587 3192 1783 3232 nomen
1807 3171 1856 3238 C
1959 3203 2000 3236 ε.
2035 3179 2430 3236 Lateranemes.
2463 3182 2522 3236 In
2553 3183 2708 3253 hujus
2736 3186 2968 3240 basilica:
3004 3187 3266 3244 tabulario
3293 3190 3472 3259 plures

206 3274 434 3327 auctoris
460 3290 472 3325 :
497 3271 589 3326 sed
611 3287 678 3326 eo
703 3271 918 3333 abraso,
941 3269 1114 3324 sancti
1143 3269 1408 3326 Ambrosii
1436 3283 1629 3324 nomen
1657 3269 1793 3330 subs

206 3362 463 3417 stitutum.
494 3361 780 3416 Maximam
799 3369 981 3416 tamen
1005 3366 1211 3430 partem
1233 3360 1422 3414 harum
1444 3359 1784 3414 homiliarum

207 3449 416 3508 Maximi
447 3468 566 3508 esse
611 3459 796 3507 censet
838 3469 849 3502 :
893 3451 1105 3505 tametsi
1149 3449 1392 3520 quaedam
1438 3449 1554 3504 alia:
1598 3448 1787 3504 Hiero-

208 3540 347 3610 nymi
374 3551 431 3596 et
457 3540 734 3610 Augustini
759 3540 859 3596 sub
887 3555 1076 3596 eorum
1105 3539 1323 3594 nomine
1351 3539 1563 3594 inserta:
1583 3547 1784 3593 essent.

272 3631 334 3684 2°
363 3632 538 3688 Codex
569 3631 977 3687 Nonantuleusis
1006 3631 1158 3696 alter,
1187 3631 1426 3701 signatus
1453 3645 1601 3684 num.
1625 3627 1788 3683 XCIX

209 3723 370 3794 (intus
410 3723 642 3790 LXVII),
674 3723 1133 3785 membranaceus,
1165 3720 1301 3787 ιιι-4,
1331 3721 1647 3775 charactere
1675 3718 1787 3773 Ro-

207 3828 364 3870 mano
384 3815 616 3869 rotundo
639 3823 694 3868 et
709 3813 960 3882 eleganti,
977 3813 1172 3868 saeculo
1191 3813 1404 3867 circiter
1423 3828 1497 3866 xu
1515 3819 1787 3866 exaratus.

207 3901 474 3975 Principio
521 3905 850 3959 exorcismos
893 3917 1054 3972 super
1096 3904 1486 3970 en‘ergumenos
1529 3900 1787 3969 continet,

207 3994 398 4049 deinde
425 3993 686 4066 epistolas
713 3991 847 4046 duas
872 3991 1158 4060 'pontiticis
1201 3990 1340 4044 Max.
1385 3991 1448 4045 A.
1480 3989 1789 4060 (Alexandri

205 4082 292 4152 III,
317 4093 473 4156 putat
493 4084 753 4155 Brunus);
785 4093 1057 4155 postremo
1079 4099 1108 4138 a
1129 4098 1247 4154 pag.
1275 4081 1309 4136 5
1331 4083 1398 4137 ad
1420 4082 1520 4137 165
1540 4082 1787 4138 homilias

208 4190 588 4245 sermonesque
617 4175 673 4231 S.
715 4174 930 4228 Maximi
958 4173 1046 4239 96,
1088 4175 1141 4229 in
1181 4175 1374 4244 quibus
1415 4173 1484 4228 48
1512 4188 1788 4230 sermones

211 4267 513 4321 nullatenus
559 4267 625 4320 ab
679 4266 745 4321 iis
780 4281 917 4334 quos
963 4264 1130 4321 codex
1174 4265 1261 4321 XC
1307 4267 1546 4322 continet
1583 4266 1786 4322 discre-

211 4366 418 4426 pantes,
452 4356 592 4412 unde
621 4371 805 4412 verum
833 4371 1020 4411 eorum
1047 4364 1324 4412 auctorem
1351 4355 1641 4412 Maximum
1668 4372 1789 4412 esse

214 4463 329 4502 cum
357 4447 577 4503 Besutio
604 4446 815 4502 Brunus
851 4453 1064 4512 censet,
1097 4447 1506 4517 astipulantibus
1551 4447 1789 4502 versibus

1886 3273 2034 3334 olim,
2083 3288 2244 3341 quam
2293 3289 2434 3329 nunc
2478 3284 2797 3342 supersunt,
2851 3271 3120 3330 exstitisse
3163 3277 3376 3332 codices
3405 3294 3471 3332 ex

1889 3365 2125 3418 numeris
2173 3363 2446 3432 inscriptis
2495 3371 2679 3432 patere
2725 3372 2911 3418 monet
2958 3363 3185 3419 Brunus.
3231 3364 3473 3432 Quatuor

1888 3460 2069 3508 tamen
2115 3451 2321 3508 invenit
2366 3452 2687 3516 homiliaria,
2736 3468 2962 3521 quorum
2994 3455 3096 3508 tria
3146 3455 3470 3520 membran.,

1889 3543 2101 3598 in-folio
2146 3558 2314 3608 max.,
2366 3543 2679 3597 charactere
2721 3542 2963 3597 Romano
3010 3543 3176 3599 nitide
3228 3555 3470 3612 exarata,

1888 3633 2084 3687 saeculo
2107 3649 2160 3686 xi
2187 3631 2386 3702 scripta
2409 3639 2612 3696 censet,
2638 3639 2886 3701 quartum
2907 3631 3082 3688 in-fol.
3107 3634 3321 3701 minori,
3345 3651 3469 3692 saec.

1892 3739 2002 3778 xui.
2036 3722 2114 3777 Ex
2151 3721 2524 3790 grandioribus
2573 3722 2675 3778 illis
2715 3722 2823 3778 duo
2867 3722 2920 3778 in
2963 3723 3139 3780 fronte
3187 3725 3473 3783 voluminis
3497 3774 3529 3782 ..
3565 3771 3572 3776 .

1893 3813 2209 3883 inscriptum
2236 3812 2532 3882 gerebant:
2563 3812 2913 3884 Compositum
2941 3831 2974 3867 a
3001 3813 3297 3870 Secundino
3330 3815 3470 3870 Tau-

1892 3904 2202 3959 romiuitano
2231 3904 2466 3973 episcopo
2489 3909 2721 3973 tempore
2743 3905 2910 3957 sancti
2938 3902 3155 3976 (ἕτεροτί
3190 3922 3359 3976 papae.

1962 3992 2037 4048 Ex
2067 3988 2522 4051 Lateranensibus
2549 3995 2792 4066 quaedam
2835 4004 2959 4050 ante
3007 3995 3224 4063 inedita,
3276 4014 3472 4070 nempe

1890 4101 2191 4144 sermonem
2239 4087 2294 4142 in
2331 4087 2596 4143 dominica
2645 4085 2948 4142 Palmarum
2985 4095 3042 4143 et
3085 4088 3152 4144 de
3187 4087 3473 4147 Communi

1890 4178 2242 4248 plurimorum
2293 4185 2587 4250 martymm
2638 4179 2966 4249 desumpsit,
3027 4178 3235 4248 aliaque
3282 4196 3470 4236 eorum

1892 4271 2201 4328 testimonio
2247 4270 2615 4335 continuavit,
2664 4271 2992 4340 omninoque
3017 4269 3468 4337 ,Balleriniorum,

1890 4365 1982 4434 qui
2011 4363 2475 4420 emendatissimos
2500 4370 2785 4428 censeant,
2817 4362 3135 4432 subscripsit
3161 4364 3467 4419 sententiae.

1964 4463 2010 4523 ζ.
2043 4457 2438 4512 Casanateuses.
2473 4455 2804 4510 Bibliotheca
2834 4453 2979 4509 card.
3026 4452 3304 4507 Casanata:
3333 4454 3472 4521 apud

214 4534 498 4594 barbaricis
535 4539 602 4594 ab
640 4539 790 4593 initio
818 4553 1004 4593 eorum
1034 4539 1278 4608 ascriptis
1313 4547 1368 4593 et
1409 4539 1584 4595 titulo.
1613 4538 1789 4595 Etiam
1814 4535 1870 4597 D
1891 4547 1997 4602 FF.
2027 4548 2438 4619 praedicatorum
2479 4545 2546 4599 ad
2593 4545 2842 4598 Minervae
2869 4545 3004 4598 duos
3033 4544 3256 4611 praebuit
3294 4544 3469 4598 homi-

215 4628 365 4699 hujus
392 4631 595 4686 codicis
627 4645 934 4686 sermonum
975 4629 1381 4685 homiliarumve
1402 4631 1586 4687 titulos
1605 4632 1786 4700 singu-

217 4716 294 4775 los
319 4719 652 4790 transcripsit
680 4721 733 4774 in
772 4719 958 4774 notitia
986 4719 1167 4784 codd.,
1197 4719 1292 4775 sed
1318 4735 1574 4776 numerus
1591 4721 1786 4790 .similie

211 4815 290 4863 ter
315 4825 377 4865 ac
400 4811 453 4864 in
484 4810 652 4880 priori
674 4809 972 4879 discrepat,
1005 4823 1105 4864 nec
1129 4807 1198 4863 96
1226 4808 1320 4864 sed
1349 4808 1418 4861 92
1443 4809 1780 4864 exhibentur.

278 4901 336 4954 3°
361 4899 745 4956 Leetiouarium
765 4901 959 4956 saeculo
975 4900 1085 4957 fere
1107 4918 1196 4956 xm
1213 4901 1586 4971 perscriptum,
1609 4902 1787 4968 signa-

219 4995 321 5044 tum
348 5008 494 5046 num.
538 4990 572 5043 9
598 4990 764 5061 (intus
788 4989 934 5060 222),
960 4989 1171 5046 in-folio
1200 4989 1492 5058 grandiori,
1521 4991 1788 5046 membra-

219 5094 391 5147 naceo,
418 5081 610 5138 litteris
636 5081 909 5150 quadratis
929 5092 1229 5135 exaratum.
1253 5080 1574 5136 Continebat
1601 5082 1787 5137 lectio-

217 5183 304 5226 nes
327 5173 393 5228 de
420 5173 690 5242 Tempore
719 5180 774 5226 et
801 5171 868 5226 de
895 5172 1106 5226 Sanctis
1134 5180 1190 5227 et
1216 5172 1463 5228 homilias
1490 5173 1710 5242 aliquot.

279 5259 336 5312 4ο
364 5261 746 5317 Lectionarium
786 5258 1123 5314 Cistercieuse
1167 5263 1413 5327 alterum,
1457 5263 1636 5318 saeculi
1678 5280 1784 5330 xw,

217 5347 414 5406 in-folio
434 5352 618 5407 itidem
639 5349 928 5420 grandiori,
951 5351 1272 5417 membran.,
1298 5353 1606 5409 charactere
1625 5355 1786 5410 semi-

218 5442 416 5508 gothico
441 5444 761 5514 exscriptus.
795 5441 1012 5497 Inerant
1037 5441 1106 5494 l2
1133 5443 1366 5498 homiltze
1393 5443 1448 5499 S.
1483 5445 1714 5501 Maximi.

280 5530 471 5588 Monita
491 5545 548 5589 et
561 5534 832 5588 variantes
850 5532 1111 5588 lectiones
1129 5540 1296 5588 testes
1314 5534 1538 5590 advocat
1553 5535 1777 5605 Brunus,

221 5631 280 5672 ex
303 5622 492 5690 quibus
517 5631 750 5686 constet,
781 5631 1043 5693 quantum
1069 5622 1316 5681 utilitatis
1343 5625 1397 5680 hi
1419 5625 1632 5684 codices
1666 5627 1779 5684 edi-

223 5710 340 5769 tioni
365 5731 474 5770 sua:
497 5716 840 5772 contulerint.

412 5809 678 5870 ΡΑτιοι..
727 5809 916 5871 LVII.

1888 4638 2070 4693 liarios
2089 4637 2304 4692 codices
2331 4634 2790 4696 membranaceos,
2821 4632 3004 4687 in-fol.
3038 4647 3205 4694 max.,
3237 4632 3471 4702 eleganti

1888 4734 1945 4781 et
1990 4725 2158 4780 nitido
2204 4725 2449 4778 Romano
2480 4721 2798 4776 charactere
2843 4736 2966 4776 saec.
2998 4721 3112 4777 fere
3141 4739 3193 4777 xt
3218 4724 3466 4794 scriptos.

1891 4818 1960 4870 At
2007 4830 2176 4886 pauca
2230 4829 2322 4882 ex.
2349 4813 2413 4868 iis
2468 4827 2567 4883 pro
2606 4811 2837 4868 Maximo
2881 4812 3161 4884 collegisse
3207 4830 3265 4870 sc
3306 4823 3470 4870 testa-

1889 4916 1995 4962 tur.

1962 5021 2012 5059 η.
2043 4996 2332 5064 Zeladiani,
2364 4995 2416 5051 id
2443 5002 2546 5060 est,
2576 4993 2788 5050 codices
2828 4995 2918 5064 qui
2947 5001 3072 5051 sunt
3110 5011 3277 5066 penes
3315 4999 3467 5052 card.

1888 5087 2078 5143 Franc.
2109 5084 2240 5141 Xav.
2273 5085 2341 5141 de
2370 5084 2582 5149 Zelada,
2613 5084 2742 5139 bibl.
2783 5083 2904 5140 Vat.
2955 5083 3261 5155 praefectum
3281 5129 3295 5154 ,
3330 5088 3470 5143 inter

1887 5191 2023 5247 quos
2043 5176 2245 5232 eminet
2268 5194 2279 5229 :

1962 5267 2017 5320 1·
2045 5265 2218 5322 Codex
2244 5264 2610 5330 Urbeuetanus,
2637 5279 2668 5316 a
2688 5265 2922 5334 capitqu
2949 5265 3271 5322 cathedralis
3287 5265 3470 5340 {Urbe-

1881 5347 2091 5412 vctanae
2120 5355 2220 5425 ipsi
2248 5353 2391 5409 dono
2420 5353 2597 5418 datus,
2626 5354 3088 5420 membranaceus,
3118 5355 3322 5412 in-folio
3350 5371 3465 5410 ma-

1890 5452 2034 5506 ximo
2062 5450 2264 5520 optime
2292 5454 2547 5503 exaratus
2574 5447 2643 5502 ab
2675 5447 2998 5516 octingentis
3035 5449 3250 5504 circiter
3292 5447 3465 5502 annis.

1889 5539 2032 5595 Inter
2051 5539 2232 5610 plures
2259 5537 2616 5594 celebriorum
2643 5535 2745 5591 PP.
2777 5537 3026 5592 homilias
3053 5538 3234 5609 plures
3252 5534 3319 5621 _S.
3353 5534 3467 5589 Ma-

1891 5630 2016 5684 ximi
2047 5630 2229 5694 habet,
2259 5643 2485 5710 quarum
2513 5628 2811 5692 nonnullae,
2841 5629 2944 5682 etsi
2987 5626 3202 5682 nomine
3232 5625 3469 5682 auctoris
3517 5669 3524 5675 .

1889 5729 2128 5787 careant,
2156 5720 2314 5776 fidem
2337 5728 2515 5775 tamen
2537 5735 2606 5797 ex
2629 5719 2754 5775 aliis
2779 5717 3053 5774 codicibus
3083 5711 3466 5776 nanciscuntur

3083 5804 3121 5862 7
