4040 6324
1644 274 1710 328 ΙΝ
1746 274 1803 330 S.
1844 271 2164 328 MAXIMUM
2203 267 2684 326 TAUKINENSEM

3711 271 3827 328 ποι

547 393 634 458 Ex
653 395 844 451 eadem
865 399 1124 466 pmterea
1148 389 1470 445 bibliotheca
1494 387 1657 441 Bruni
1681 387 1861 441 usibus
1888 385 2127 441 concessi
2156 390 2206 448 Α
2231 385 2412 439 stastis
2440 399 2503 439 ac
2526 383 2720 438 summi
2742 383 2898 452 pretii
2929 382 3092 438 libros
3114 398 3238 438 mss.
3263 385 3599 441 celeberrimi
3629 375 3833 443 mena;

548 485 784 546 fuerunt.

619 575 681 632 2°
708 575 878 632 Codex
899 572 1355 633 membranaceus,
1375 569 1578 624 in-folio
1601 585 1763 632 max.,
1789 576 1906 621 acta
1923 575 1978 620 et
2000 581 2124 636 pas-

554 668 731 723 siones
754 673 1046 737 martyrum
1073 663 1376 728 contincns,
1405 670 1464 716 et

613 755 670 812 5'
701 754 873 812 Codex
901 754 1251 820 lectionarius,
1284 753 1336 808 in
1365 768 1472 821 quo
1502 759 1731 819 quatuor
1760 747 1972 803 Maximi
2003 762 2118 802 ser-

547 869 756 910 mones.

616 950 663 1000 θ.
708 943 959 1000 Chisiani.
1011 939 1070 995 In
1116 939 1363 995 Chisiana
1412 935 1737 991 bibliotheca
1787 949 1915 988 mss.
1974 931 2123 987 libris

517 1036 1002 1098 'abundantissima
1029 1040 1138 1087 tres
1159 1029 1358 1086 evolvit
1384 1027 1737 1091 homiliarios,
1765 1040 1993 1095 quorum
2016 1022 2121 1078 duo

545 1126 939 1186 membranacei
971 1122 1169 1189 in-fol.,
1220 1138 1340 1177 saec.
1395 1137 1487 1185 xn,
1537 1119 1664 1172 olim
1694 1115 1931 1171 Ecclesia
1982 1114 2122 1168 Ana-

545 1221 781 1290 gniensis
807 1217 1062 1289 possedit.
1084 1215 1294 1270 Tertius
1323 1221 1439 1267 erat
1464 1212 1775 1267 chartaceus
1803 1223 1923 1263 smc.
1956 1225 2042 1272 xv,
2067 1215 2122 1261 et

543 1299 729 1381 plures
756 1308 972 1363 Maximi
999 1321 1273 1362 sermones
1295 1304 1483 1358 dubios
1511 1301 1836 1356 continebat.

621 1427 655 1459 ι.
687 1400 1063 1465 Carrarianus,
1096 1398 1148 1452 id
1195 1403 1310 1462 est,
1362 1394 1531 1451 codex
1559 1393 1800 1465 praesulis
1851 1389 2119 1445 Francisci

547 1491 832 1558 Carrarire,
864 1507 1029 1548 sacra:
1073 1487 1500 1558 congregationis
1547 1485 1756 1541 concilii
1803 1499 1832 1536 a
1875 1483 2114 1537 secretis.

544 1585 668 1641 Fuit
689 1585 814 1640 olim
839 1583 1089 1639 Ecclesia:
1112 1578 1508 1648 Strigoniensis,
1535 1586 1590 1631 et
1618 1575 1948 1629 Breviarium
1978 1573 2119 1641 ejus-

547 1677 670 1734 dem
698 1677 954 1732 continet.
986 1673 1225 1743 Scriptus
1262 1682 1346 1726 est
1386 1670 1439 1723 in
1488 1667 1811 1723 membranis
1859 1662 2115 1725 candidis,

2231 475 2379 530 sterii
2406 471 2693 540 Farfensis,
2725 473 2861 530 duos
2901 473 3167 544 prmcipue
3213 475 3518 532 observavit
3546 479 3826 535 membra-

2231 581 2448 631 naceos,
2474 565 2639 620 in-fol.
2667 582 2834 632 max.,
2857 566 3199 623 lectionarios
3219 583 3286 623 ex
3305 568 3452 623 card.
3480 567 3822 628 'I‘amburinii

2229 659 2493 712 sententia
2523 658 2716 713 saeculo
2748 675 2800 712 xi
2829 658 3173 729 perscriptos.
3224 655 3438 715 Tertius
3485 661 3656 716 codex
3684 663 3824 719 item

2230 751 2689 818 membranaceus,
2717 751 2932 806 in-folio
2961 751 3176 815 minori,
3207 751 3385 808 saeculi
3427 771 3480 818 x,
3527 769 3649 810 cum
3694 756 3825 810 aliis

2230 843 2542 898 tractatibus
2571 841 2816 897 bomilias
2855 842 3056 913 aliquot
3090 842 3565 914 complectebatur.
3600 843 3823 899 Duode—

2226 932 2328 987 cim
2349 933 2423 1004 (in
2436 934 2586 1006 prcef.
2613 933 3037 1003 quatuordecim)
3070 949 3344 989 sermones
3371 931 3428 988 S.
3458 930 3671 988 Maximi
3698 934 3819 1002 jam

2224 1023 2397 1079 editos
2422 1025 2476 1079 in
2506 1024 2570 1078 iis
2597 1025 2830 1091 invenit,
2857 1024 3143 1096 pluresque
3171 1023 3294 1080 inde
3320 1025 3588 1081 variantes
3615 1025 3817 1082 lectio—

2224 1132 2320 1172 nes
2347 1117 2658 1189 desumpsit.
2683 1144 2686 1146 -

2293 1205 2402 1261 VII.
2435 1206 2647 1264 Codices
2697 1207 3053 1266 Sublacemes.
3101 1207 3181 1265 Ex
3226 1210 3570 1266 vetustissimi
3619 1227 3813 1266 mona-

2221 1302 2372 1358 sterii
2401 1301 2741 1358 Sublaeensis
2769 1302 3092 1359 bibliotheca
3132 1313 3242 1358 tres
3280 1302 3493 1360 codices
3522 1320 3651 1358 mss.
3683 1317 3810 1359 cum

2222 1395 2379 1451 editis
2407 1395 2650 1450 contulit.
2683 1394 2851 1450 Erant
2891 1404 3070 1450 autem
3116 1395 3434 1451 Lectionarii
3477 1397 3654 1452 saeculi
3695 1413 3808 1465 xiv,

2223 1487 2277 1541 in
2307 1489 2615 1543 membrana
2646 1487 2738 1543 fol.
2770 1505 2912 1543 max.
2948 1488 3136 1544 litteris
3164 1485 3404 1546 Gothicis
3432 1489 3663 1556 exarati,
3695 1500 3810 1545 tres

2221 1593 2497 1634 sermones
2518 1577 2573 1634 S.
2603 1576 2818 1632 Maximi
2846 1581 3204 1634 continentes.

2295 1670 2424 1726 VIII.
2459 1669 2671 1726 Codices
2702 1671 3064 1727 Beneventani.
3108 1671 3164 1725 In
3202 1670 3523 1727 bibliotheca
3553 1669 3810 1728 Ecclesiae

547 1768 857 1823 charactere
878 1764 1044 1818 nidito
1064 1762 1120 1817 Et
1141 1761 1390 1828 eleganti,
1415 1758 1568 1813 initio
1595 1759 1705 1812 fere
1727 1755 1904 1810 saeculi
1926 1753 2118 1808 decimi
2153 1750 2197 1812 Β
2225 1762 2614 1820 Βθηθνθηιδηω
2643 1766 2876 1834 antiquis
2897 1764 3047 1820 libris
3069 1781 3192 1820 mss,
3220 1764 3646 1830 instructissima,
3668 1780 3812 1834 qua-

546 1859 705 1925 sexti,
732 1858 953 1928 picturis
987 1852 1422 1926 splendidissimis
1470 1867 1498 1905 a
1542 1848 1748 1905 Joanne
1776 1847 2122 1910 Boccardino,

547 1953 665 2006 cive
691 1951 1001 2006 Florentino
1032 1949 1085 2002 in
1112 1949 1218 2002 hoc
1245 1947 1376 2000 artis
1399 1959 1599 2015 genere
1628 1943 1850 2004 eximio,
1883 1947 2122 1995 ornatus.

546 2042 764 2112 Septem
787 2041 1034 2096 bomilias
1053 2039 1266 2094 Maximi
1291 2039 1598 2102 exhibebat,
1614 2051 1837 2113 quarum
1861 2035 2129 2088 variantes

547 2135 809 2191 lectiones
836 2134 947 2189 suis
975 2133 1105 2188 locis
1131 2139 1258 2186 sunt
1286 2130 1591 2202 proposita).

616 2249 662 2281 κ.
695 2224 867 2281 Codex
888 2223 1205 2277 bibliotheca:
1224 2221 1481 2292 Angelica:
1511 2218 1570 2274 S.
1596 2218 1889 2287 Augustini.
1916 2215 2128 2270 Brevia-

545 2317 683 2371 rium
705 2315 884 2372 saeculi
907 2329 992 2380 xv,
1008 2313 1492 2374 membranaceum,
1513 2307 1742 2372 in-folio,
1762 2307 1977 2363 eosdem
2002 2319 2130 2374 qua-

545 2416 670 2463 tuor
687 2421 962 2461 sermones
981 2412 1166 2459 sancto
1187 2402 1419 2456 Maximo
1441 2401 1726 2455 attributos
1741 2390 2122 2468 compleCtens,

545 2512 681 2568 quos
701 2495 1030 2552 Breviarium
1051 2492 1304 2549 Ecclesia:
1324 2491 1606 2547 Veliternae
1627 2491 1887 2546 continet.

615 2586 878 2641 Caeterum
927 2585 1171 2639 lustravit
1216 2583 1379 2638 etiam
1407 2581 1617 2637 Brunus
1645 2582 1995 2636 bibliothecas
2021 2577 2127 2636 Co-

550 2679 849 2734 himnarum
895 2678 1169 2741 comitum,
1222 2674 1652 2729 Barberiniorum
1682 2681 1736 2728 et
1767 2673 2122 2737 Albanorum;

551 2778 606 2822 at
645 2768 776 2824 nihil
821 2767 874 2822 in
923 2783 1109 2822 eorum
1149 2765 1421 2821 codicibus
1466 2765 1728 2834 reperisse
1769 2780 1828 2819 se
1875 2763 2122 2826 aﬂirmat,

551 2858 693 2929 quod
733 2875 838 2915 non
870 2859 1051 2913 tritum
1090 2857 1353 2912 editorum
1381 2856 1715 2926 superiorum
1741 2871 2009 2920 sermone,
2035 2861 2126 2908 aut

551 2968 658 3007 non
681 2951 1050 3024 pervulgatum
1073 2958 1234 3004 esset.
1257 2946 1390 3002 Cum
1407 2957 1582 3003 autem
1604 2947 1668 3001 ad
1685 2945 1988 3017 pontiﬁcem
2011 2961 2126 2999 ma-

551 3047 751 3100 ximum
796 3045 1020 3102 relatum
1050 3048 1218 3104 esset,
1249 3056 1406 3110 quam
1428 3040 1578 3095 dives
1605 3056 1712 3109 prae
1731 3038 1937 3094 cmteris
1979 3037 2126 3092 libris

2202 1860 2351 1911 ‘tuor
2379 1857 2601 1926 reperiri
2629 1866 2811 1912 monet
2837 1856 3067 1921 codices,
3099 1857 3187 1928 qui
3231 1872 3506 1912 sermones
3545 1857 3611 1911 10
3651 1857 3810 1914 exhi-

2228 1947 2390 2002 beant
2413 1944 2471 2002 S.
2509 1945 2724 2002 Maximi
2765 1949 2980 2003 nomine
3024 1947 3320 2016 insignitos.
3366 1947 3812 2004 Membranaceos

2229 2054 2346 2094 esse
2373 2039 2636 2104 declarat,
2680 2037 2854 2095 in-fol.
2887 2056 3060 2106 max.,
3093 2041 3330 2109 signatos
3371 2056 3514 2093 num.
3549 2038 3601 2105 l,
3630 2037 3706 2102 II,
3733 2039 3808 2094 Ill

2230 2137 2283 2184 et
2311 2127 2395 2196 IV,
2428 2139 2481 2184 et
2509 2129 2701 2184 saeculo
2731 2146 2800 2185 xu
2827 2145 2934 2184 non
2959 2127 3260 2197 inferiores,
3293 2139 3351 2184 ut
3379 2145 3445 2184 ex
3489 2130 3807 2184 charactere

2230 2219 2378 2288 argui
2394 2220 2581 2290 possit,
2598 2229 2650 2274 et
2667 2236 2730 2274 ex
2744 2219 2943 2288 judicio
2957 2221 3360 2276 eminentissimi
3377 2221 3523 2276 card.
3544 2218 3808 2292 Stephani

2228 2307 2464 2378 Borgiae,
2512 2302 2601 2381 qui
2641 2311 2891 2382 decerpta
2930 2327 2996 2366 ex
3026 2312 3090 2366 iis
3117 2328 3236 2366 cum
3283 2311 3462 2366 Bruno
3505 2313 3806 2368 communi—

2228 2405 2386 2456 cavit.

2297 2492 2384 2546 IX.
2419 2493 2592 2547 Codex
2649 2492 2974 2558 Veliternus,
3024 2491 3352 2547 Breviarium
3396 2493 3511 2562 ejus
3549 2491 3804 2548 Ecclesia

2227 2584 2439 2648 sistens,
2459 2592 2703 2638 servatus
2725 2584 2776 2637 in
2807 2583 3069 2638 tabulario
3098 2584 3314 2653 capituli
3336 2582 3612 2648 Veliterni,
3635 2599 3805 2638 mem-
3895 2641 3900 2644 _

2227 2677 2546 2740 branaceus,
2573 2674 2786 2730 in-folio
2815 2691 2999 2745 parvo,
3025 2675 3202 2730 saeculi
3233 2687 3316 2739 xv,
3349 2673 3660 2730 charactere
3689 2675 3806 2729 exi-

2227 2769 2335 2824 mio
2365 2778 2418 2824 et
2447 2768 2637 2823 litteris
2680 2768 2968 2823 initialibus
3010 2767 3283 2836 eleganter
3325 2767 3477 2837 pictis
3524 2776 3799 2822 exaratus.

2227 2863 2466 2930 Quatuor
2489 2877 2764 2917 sermones
2791 2862 2843 2916 in
2873 2859 3242 2916 collectionem
3271 2857 3591 2914 Brunianam
3621 2858 3805 2914 tradu-

2228 2963 2344 3009 ctos
2373 2955 2631 3018 continet,
2663 2968 2893 3022 quorum
2913 2951 3017 3006 duo
3045 2951 3216 3006 sancti
3246 2950 3542 3018 Augustini,
3576 2949 3666 3004 alii
3693 2949 3805 3004 duo

2228 3043 2397 3098 sancti
2440 3043 2654 3096 Maximi
2699 3057 2892 3096 nomen
2937 3040 3244 3111 praeferunt.
3301 3039 3806 3109 Communicavcrat

553 3154 681 3192 mss.
707 3135 940 3190 Maximo
971 3133 1260 3205 profuturis
1287 3141 1427 3187 esset
1450 3129 1753 3186 Casincnsis
1781 3130 2121 3195 bibliotheca,
2151 3114 2197 3176 (ἶ
2229 3153 2349 3192 cum
2378 3136 2556 3191 Βι-ιιιιο
2599 3134 3049 3191 eminentissimus
3091 3131 3391 3204 Stephanus
3438 3129 3652 3202 Borgia,
3689 3131 3805 3202 jam

551 3230 721 3298 ipsum
743 3224 978 3280 Brunum
1001 3224 1250 3278 Casinum
1279 3238 1336 3276 se
1357 3221 1598 3276 conferre
1639 3236 1838 3288 eosque
1875 3221 2124 3274 evolvere

549 3318 717 3389 jussit.
754 3315 936 3369 Paruit
966 3314 1053 3370 ille
1083 3323 1137 3367 et
1161 3311 1534 3382 adjuvantibus
1574 3310 1745 3366 doctis
1771 3310 1974 3377 aliquot
2013 3307 2127 3376 ejus

551 3405 974 3476 congregationis
1019 3403 1293 3457 monachis
1320 3400 1386 3454 20
1415 3400 1627 3455 codices
1665 3400 1913 3454 excussit.
1961 3396 2126 3451 Erant

551 3506 728 3552 autem
761 3515 773 3550 ε

620 3587 683 3641 V.
711 3587 919 3642 Codices
942 3583 1262 3650 Casincnses,
1288 3598 1474 3637 onmes
1495 3580 1905 3641 membranacei,
1931 3580 2123 3649 partim

554 3677 819 3750 Romano,
852 3677 1046 3746 partim
1077 3672 1480 3742 Longobardico
1509 3672 1817 3727 charactere
1845 3669 2048 3724 exarati
2073 3677 2128 3723 et

553 3766 832 3820 meliorum
879 3765 1185 3818 criticorum
1210 3763 1414 3832 judicio
1460 3760 1528 3815 ad
1571 3777 1604 3815 x
1641 3761 1726 3814 vel
1776 3777 1827 3814 xi
1877 3759 2126 3814 saeculum

554 3854 834 3910 referendi.
860 3853 1214 3923 Signahantur
1235 3853 1316 3906 his
1338 3852 1572 3905 numeris
1597 3869 1608 3902 :
1637 3849 1737 3902 102
1759 3851 1911 3919 (alias
1943 3844 2122 3920 100i);

553 3945 656 4000 205
687 3945 839 4015 (alias
869 3942 1059 4015 1075);
1095 3942 1194 3996 104
1224 3943 1378 4014 (alias
1403 3941 1593 4011 2030);
1625 3941 1723 3994 106
1755 3942 1906 4010 (alias
1938 3939 2122 4010 1072);

552 4037 651 4091 107
682 4038 834 4110 (alias
863 4035 1050 4104 1054);
1086 4034 1202 4102 1'26,
1231 4034 1351 4102 1'29,
1378 4034 1478 4088 125
1503 4034 1657 4105 (alias
1687 4031 1843 4104 581);
1878 4033 1997 4099 151,
2031 4033 2127 4086 147

552 4129 708 4200 (alias
736 4127 924 4198 1100);
957 4127 1076 4191 114,
1109 4125 1210 4179 142
1254 4126 1408 4194 (alias
1452 4124 1638 4195 1100);
1674 4123 1801 4190 193,
1831 4121 1935 4177 305
1974 4123 2127 4195 (alias

549 4217 730 4290 1080).
762 4214 991 4273 Omnino
1020 4226 1193 4270 autem
1229 4217 1504 4284 sexaginta
1533 4230 1808 4269 sermones
1846 4215 2127 4284 plerosque

549 4310 664 4382 jure
691 4311 860 4366 sancti
882 4308 1097 4363 Maximi
1128 4322 1322 4361 nomen
1349 4307 1578 4362 ferentes
1598 4307 1649 4360 in
1671 4306 1735 4360 iis
1755 4305 2122 4376 deprehendit.

550 4402 797 4457 Attamen
827 4414 1026 4472 paucos
1067 4413 1134 4452 ex
1163 4396 1352 4451 iisdem
1381 4396 1433 4450 in
1463 4396 1838 4466 appendicem,
1872 4405 2124 4466 tanquam

550 4494 761 4564 spurios
808 4499 864 4547 et
902 4489 1133 4544 Maximo
1182 4485 1456 4556 indignos,
1489 4503 1597 4543 non
1643 4488 1887 4543 obstante
1934 4489 2124 4544 horum
2151 4477 2204 4538 D

549 4584 796 4638 codicum
849 4582 1167 4637 auctoritate
1221 4579 1424 4648 rejecit.
1473 4577 1609 4633 Illud
1659 4580 1894 4634 notabile
1944 4579 2121 4646 ducit,

549 4677 692 4752 quod
720 4677 935 4732 homilia
965 4675 1027 4728 de
1064 4671 1374 4746 Evahgelica
1402 4671 1699 4727 Piscatione
1727 4679 1780 4727 et
1817 4681 2038 4741 quartus
2065 4687 2128 4727 ac

550 4770 970 4841 septuagesimus
989 4783 1185 4830 sermo,
1207 4765 1268 4820 de
1289 4763 1474 4820 Natali
1495 4767 1660 4820 sancti
1687 4764 1973 4831 Laurentii,
2006 4781 2126 4820 cum

552 4860 654 4915 nisi
678 4859 790 4912 sola
821 4857 974 4910 unius
1012 4857 1210 4910 codicis
1250 4853 1619 4910 Laurentiana:
1647 4855 1894 4911 Medieea:
1930 4857 2126 4911 biblio-

553 4953 722 5006 thecaa
741 4948 1028 5020 epigraphe
1048 4946 1280 5000 Maximo
1301 4947 1492 5000 ascribi
1514 4949 1814 5017 nequirent,
1832 4949 1942 5018 jam
1963 4950 2126 5003 etiam

552 5039 899 5108 inscriptione
940 5036 1139 5092 codicis
1177 5036 1395 5090 alterius
1422 5035 1579 5104 hujus
1614 5037 1950 5093 bibliotheca:
1977 5040 2129 5110 quasi

555 5132 792 5188 firmiore
820 5130 1216 5185 asseveratione
1256 5127 1306 5182 ei
1334 5128 1492 5182 tribui
1534 5128 1833 5183 videantur.
1864 5129 2129 5186 Caeterum

556 5238 864 5296 quanquam
893 5223 1054 5276 hosce
1082 5220 1295 5276 codices
1344 5219 1535 5287 insigni
1577 5219 1735 5290 plane
1785 5221 1938 5276 bonae
1965 5223 2128 5291 frugis

558 5313 876 5370 variantiuln
903 5311 1190 5366 lectionum
1220 5309 1372 5380 copia
1393 5305 1681 5364 Maximum
1707 5309 1971 5365 illustrare
1999 5313 2128 5366 scri-

558 5409 662 5473 bit,
694 5405 890 5460 fatetur
919 5411 1095 5458 tamen
1115 5443 1130 5467 ,
1155 5416 1249 5456 eos
1271 5399 1584 5472 plerumque
1612 5401 1684 5455 ita
1714 5416 1835 5456 cum
1859 5399 2130 5458 Vaticanis

559 5511 872 5568 congruere,
905 5503 964 5550 ut
992 5493 1045 5550 in
1075 5493 1140 5548 iis
1174 5492 1263 5548 vix
1286 5491 1574 5564 quidquam
1600 5490 1926 5564 deprehendi
1961 5493 2132 5564 possit

560 5590 833 5647 dissimile.

635 5679 719 5738 Vi.
750 5679 961 5739 Codices
989 5678 1286 5750 Farfenm.
1335 5674 1478 5729 Inter
1505 5675 1682 5745 plures
1728 5692 1946 5734 summa:
1973 5686 2125 5732 vctu-

2230 3226 2285 3282 S.
2321 3228 2384 3280 R.
2411 3226 2472 3281 C.
2501 3227 2645 3282 card.

2301 3317 2362 3371 Χ.
2395 3315 2605 3371 Codices
2654 3314 2942 3370 Bobienses.
2995 3312 3256 3370 Bobiense
3301 3313 3683 3369 monasterium
3722 3323 3808 3369 est

2230 3411 2285 3465 S.
2312 3410 2623 3465 Columbam
2650 3411 2703 3464 in
2728 3423 2793 3464 eo
2823 3416 2994 3463 tractu
3015 3408 3240 3462 ducatus
3260 3404 3686 3471 Mediolanensis,
3711 3407 3806 3474 qui

2231 3516 2370 3553 nunc
2413 3498 2671 3553 Sardinia:
2718 3498 2829 3565 regi
2873 3504 3052 3566 paret,
3085 3495 3236 3565 cujus
3264 3494 3474 3550 codices
3503 3493 3558 3548 S.
3588 3493 3806 3548 Maximi

2231 3591 2485 3660 opuscula
2537 3590 2872 3644 continentes
2925 3586 3104 3641 laudat
3152 3585 3470 3640 Muratorius
3526 3586 3576 3639 in
3630 3584 3808 3640 indice

2231 3681 2566 3736 bibliothecae.
2595 3681 2712 3747 ejus
2737 3679 2913 3735 saeculi
2937 3695 2970 3732 χ
2993 3677 3136 3734 edito
3159 3678 3212 3732 in
3237 3679 3494 3746 Antiquit.
3519 3679 3678 3733 medii
3703 3679 3804 3733 mvi

2232 3783 2362 3829 tom.
2392 3773 2457 3828 Ill
2476 3816 2490 3840 ,
2519 3786 2640 3843 pag.
2671 3771 2792 3826 819.
2824 3770 2952 3837 Quze
2980 3787 3099 3825 cum
3129 3770 3466 3838 cognovisset
3493 3770 3805 3824 monasterii

2231 3865 2532 3920 Casincnsis
2555 3873 2714 3932 atque
2736 3861 3163 3930 congregationis
3189 3861 3334 3915 istius
3356 3861 3520 3914 abbas
3542 3860 3805 3928 generalis

2229 3953 2534 4009 Dominicus
2562 3953 2780 4018 Favilla,
2802 3953 3017 4023 scripsit
3043 3951 3108 4006 ad
3137 3950 3447 4007 Bobiensem
3475 3951 3718 4005 abbatem
3749 3958 3804 4004 et

2231 4049 2504 4102 mandavit
2530 4055 2588 4101 ut
2629 4046 2697 4101 de
2742 4046 3013 4102 codicibus
3043 4043 3240 4100 eisdem
3269 4051 3617 4112 cognosceret
3656 4051 3710 4096 et
3738 4042 3804 4096 ad

2230 4154 2289 4192 se
2316 4137 2555 4192 referret.
2601 4136 2707 4191 Sed
2750 4135 3024 4206 rescripsit
3061 4135 3168 4200 ille,
3201 4133 3395 4188 frustra
3439 4133 3654 4188 eosdem
3684 4149 3715 4186 a
3744 4149 3802 4187 se

2231 4231 2444 4300 suisque
2483 4244 2601 4284 esse
2625 4229 2954 4298 perquisitos
2991 4242 3055 4282 ac
3095 4227 3302 4281 nescire
3341 4241 3419 4291 se,
3451 4227 3550 4281 nisi
3593 4227 3804 4294 penitus

2228 4320 2515 4391 perierint,
2566 4335 2672 4390 quo
2717 4333 2844 4374 casu
2897 4317 3091 4372 sublati
3137 4326 3191 4372 et
3235 4332 3490 4385 quorsum
3546 4312 3803 4386 asportati

2231 4409 2444 4465 fuerint.
2487 4408 2545 4465 In
2584 4409 2648 4464 iis
2685 4423 2814 4464 vero
2847 4408 2937 4477 qui
2975 4407 3148 4488 adhuc
3169 4408 3220 4460 in
3243 4422 3340 4461 suo
3361 4407 3685 4460 monasterio
3705 4422 3802 4459 ex—

2232 4508 2374 4556 stent
2401 4501 2692 4565 codicibus,
2725 4507 2850 4554 octo
2879 4514 2994 4553 esse
3027 4500 3271 4553 inventos
3299 4512 3576 4551 sermones
3597 4495 3652 4550 S.
3687 4494 3801 4548 Ma-

2233 4590 2361 4645 ximi
2391 4591 2606 4644 nomine
2636 4590 2936 4657 insignitos,
2968 4603 3103 4656 quos
3143 4587 3374 4641 exscribi
3419 4587 3582 4640 etiam
3611 4595 3667 4639 et
3696 4584 3803 4639 Ro-

2233 4696 2374 4734 mam
2405 4679 2470 4733 ad
2500 4679 2732 4734 Brunum
2764 4681 2901 4733 mitti
2926 4681 3039 4748 ipse
3069 4679 3290 4733 curavit.
3320 4675 3394 4731 Ex
3427 4677 3508 4731 his
3540 4686 3662 4732 octo
3692 4693 3805 4731 ser-

2232 4769 2478 4825 monibus
2523 4780 2630 4826 trcs
2675 4771 2888 4838 genuini
2933 4779 3085 4824 erant
3129 4777 3184 4824 et
3229 4777 3384 4823 antea
3432 4768 3578 4832 editi,
3613 4769 3808 4839 reliqui

2233 4861 2466 4930 quinque
2513 4869 2763 4929 tanquam
2807 4860 3066 4931 suppositi
3122 4860 3174 4913 in
3221 4859 3567 4930 appendicem
3621 4867 3746 4913 sunt
3775 4874 3806 4912 a

2233 4949 2408 5008 Bruno
2431 4951 2632 5020 rejecti.

2303 5041 2387 5096 XI.
2421 5043 2630 5098 Codices
2654 5040 3007 5112 Neapolitani,
3038 5056 3173 5110 quos
3201 5042 3444 5096 lustravit
3471 5049 3524 5095 et
3551 5038 3805 5110 excerpta

2231 5150 2351 5191 cum
2381 5133 2558 5188 Bruno
2585 5132 2998 5188 communicavit
3023 5131 3256 5199 Angelus
3284 5131 3448 5185 Maria
3480 5130 3804 5195 Bandinius;

2302 5250 2353 5282 α.
2389 5224 2714 5280 Bibliotheca:
2735 5224 2927 5278 Montis
2951 5223 3154 5278 Oliveti.
3186 5222 3356 5294 Ilujus
3383 5223 3434 5276 in
3458 5223 3645 5278 notitia
3672 5221 3804 5287 duo,

2232 5319 2283 5372 in
2321 5317 2631 5388 praefatione
2678 5323 2790 5370 tres
2837 5324 3118 5371 enumerat
3164 5314 3395 5376 codices,
3445 5314 3535 5382 qui
3586 5306 3806 5366 Maximi

2231 5408 2434 5475 aliquot
2461 5408 2732 5463 orationes
2759 5408 3116 5463 continerent.
3167 5395 3464 5461 Homiliarii
3503 5417 3720 5466 omnes,
3750 5409 3804 5456 et

2231 5498 2462 5567 quidem.

2303 5589 2356 5642 1⁸
2387 5587 2557 5645 Codex
2587 5592 3046 5657 membranaceus,
3077 5588 3254 5644 in-fol.
3286 5604 3451 5650 max.,
3488 5587 3801 5641 charactem

2233 5681 2474 5736 Romano
2503 5692 2769 5747 exaratus,
2803 5683 2999 5746 saeculi,
3034 5690 3090 5736 ut
3137 5682 3190 5735 in
3239 5680 3549 5754 prmfatione
3592 5677 3801 5738 Brunus
