4040 6324
561 267 662 324 207

1633 273 1723 330 ,ΙΝ
1757 274 1814 330 S.
1857 272 2178 330 MAXIMUM
2219 275 2702 334 TAURINENSEM

626 383 744 440 Non
788 384 960 440 levem
1001 398 1069 439 ex
1101 383 1436 440 Lucensihus
1464 399 1594 442 mss.
1628 386 1919 442 utilitatem
1957 401 2016 442 se
2045 401 2139 443 ce-
2167 389 2220 450 Α
2317 387 2452 442 XVI.
2484 387 2700 443 Codices
2729 388 3128 452 Modoetienses,
3161 395 3194 446 i.
3227 409 3276 448 c.
3309 393 3648 454 bibliothecae
3675 402 3830 473 capi-

556 477 702 548 pisse
728 473 942 530 Maximi
972 474 1153 530 editor
1179 482 1433 534 testatur.
1479 475 1588 532 Sed
1627 493 1751 534 cum
1779 477 1930 533 addit
1962 493 2022 534 se
2070 477 2140 533 ad

556 567 769 622 laudem
789 565 1106 622 eorumdem
1126 567 1290 624 silere
1315 583 1424 624 non
1455 584 1636 640 posse,
1666 559 1811 640 quod
1839 570 1973 626 nihil
2013 586 2141 641 spu-

554 661 717 728 rium,
745 661 879 717 nihil
897 663 1299 732 supposititium
1326 667 1381 721 in
1415 666 1522 722 illis
1549 667 1622 722 sit
1645 675 1962 744 contentum
1990 669 2142 738 (qua-

552 763 776 825 propter
801 769 871 811 ex
901 757 1121 827 optimis
1148 758 1553 838 exemplaribus
1581 758 1774 816 ductos
1811 760 2134 831 existimat),

550 845 626 913 id,
675 847 950 917 quomodo
989 864 1113 905 cum
1157 849 1610 911 antecedentibus
1655 853 1909 922 componi
1945 853 2138 923 possit,

551 937 760 994 nescire
790 954 878 994 me
903 939 1098 996 fateor.

623 1027 740 1084 XV.
765 1029 980 1085 Codices
1012 1030 1433 1089 Mediolanenses

619 1143 672 1175 α.
704 1118 1036 1176 Bibliotheca:
1063 1120 1309 1178 Basilica
1333 1123 1710 1179 Ambrosiaiite.

620 1210 684 1264 1ο
714 1210 890 1266 Codex
926 1211 1063 1280 sign.
1113 1212 1193 1267 lit.
1225 1209 1288 1268 (Ξ.
1337 1228 1486 1268 num.
1529 1211 1620 1279 98,
1650 1222 1906 1269 exaratus
1943 1212 2138 1268 litteris

548 1303 975 1373 Longohardicis
1019 1311 1213 1361 octavo
1261 1305 1480 1362 circiter
1530 1305 1744 1360 saeculo.
1800 1305 1847 1360 ls
1891 1307 2007 1375 ipse
2053 1312 2140 1360 est

548 1410 712 1464 quem
739 1396 974 1466 primum
1015 1395 1351 1453 Mahillonius
1396 1405 1454 1454 et
1492 1412 1603 1459 non
1633 1397 1832 1452 minori
1856 1395 2136 1464 diligentia

549 1493 675 1556 post
691 1501 816 1540 eum
846 1484 1170 1541 Muratorius
1199 1487 1457 1542 excussit.
1493 1485 1736 1557 Uterque
1761 1485 1907 1541 haud
1935 1501 2136 1556 paucos
2163 1531 2177 1542 .

548 1576 787 1632 ineditos
832 1585 958 1636 ante
1008 1593 1288 1633 sermones
1339 1594 1407 1633 ex
1455 1594 1524 1634 eo
1577 1579 1787 1645 eduxit,
1841 1579 2136 1650 pluresque

548 1667 715 1722 etiam
744 1668 953 1723 notavit
979 1668 1121 1723 inter
1154 1668 1542 1725 Ambrosianos
1565 1669 1678 1739 jam
1703 1678 1820 1725 tum
1847 1671 2130 1738 vulgatos;

2251 476 2344 532 tuli
2370 477 2652 534 Modoetize
2683 479 2935 550 (Monza).

2320 567 2374 621 l°
2403 567 2577 626 Codex
2605 570 2740 639 sign.
2772 570 2859 636 ΙΙΙ,
2888 573 3344 638 membranaccus,
3377 575 3612 645 in-folio,
3645 583 3830 640 sectili

2246 673 2354 723 vni,
2386 659 2476 727 qui
2503 658 2743 717 diversos
2785 676 3062 718 sermones
3111 663 3165 718 in
3208 664 3469 723 lectiones
3506 670 3829 730 distributos

2245 750 2636 820 complectitur.

2315 840 2376 894 2°
2403 841 2579 898 Codex
2605 845 2740 913 sign.
2773 846 2817 901 B
2843 846 2931 914 XI,
2964 849 3424 916 membranaceus,
3455 851 3685 921 in-folio,
3719 871 3816 911 sze-

2244 933 2349 988 culi
2379 950 2469 988 xu.

2313 1024 2376 1078 5°
2406 1023 2581 1080 Codex
2602 1027 2735 1096 sign.
2765 1027 2806 1082 Β
2829 1027 2893 1094 Χ,
2922 1031 3378 1096 membranaceus,
3407 1032 3621 1095 in-l'olio
3649 1051 3823 1102 max.,

2241 1117 2420 1171 sa:culi
2451 1134 2535 1178 χι..

2311 1206 2467 1262 XVII.
2493 1208 2707 1264 Codices
2737 1210 2933 1267 Veneti.
2965 1212 3083 1284 ipsa
3112 1214 3308 1287 inclyta
3342 1215 3682 1273 Venetiarum
3707 1235 3824 1275 res-

2241 1299 2470 1370 publica,
2493 1300 2650 1354 simul
2667 1316 2730 1356 ac
2749 1302 2816 1358 de
2837 1301 2916 1357 Pii
2940 1303 3004 1357 Vl
3025 1305 3250 1360 consilio
3272 1305 3486 1361 Maximi
3502 1310 3822 1364 memoriam

2240 1404 2304 1444 ac
2340 1401 2684 1446 monumenta
2731 1391 3057 1449 instaurandi
3108 1395 3420 1462 inaudisset,
3463 1389 3721 1468 quidquid
3766 1400 3820 1457 in

2238 1479 2396 1535 codd.
2427 1497 2555 1536 mss.
2602 1483 3046 1540 bibliothecarum
3086 1502 3196 1541 suae
3233 1487 3450 1543 ditionis
3478 1489 3654 1543 eidem
3684 1507 3818 1545 con-

2237 1572 2436 1628 ducere
2461 1583 2660 1644 posset,
2686 1577 2862 1644 colligi
2892 1585 2947 1632 et
2972 1579 3226 1647 singulari
3252 1578 3413 1636 olﬁcii
3442 1581 3821 1638 testiﬁcatione

2239 1665 2477 1734 pontiﬁci
2510 1668 2642 1722 tradi
2667 1671 2890 1724 curavit.
2925 1671 3164 1728 Fuerunt
3187 1683 3386 1740 autem,

548 1761 624 1814 ita
649 1767 849 1823 tamen,
882 1768 942 1813 ut
969 1759 1038 1815 de
1067 1761 1320 1815 omnibus
1349 1776 1462 1816 non
1489 1761 1620 1816 satis
1639 1769 1850 1816 certum
1878 1760 1983 1816 sibi
2013 1775 2133 1816 esse
2165 1763 2210 1823 Β
2310 1779 2361 1810 α.
2394 1756 2722 1814 Bibliotheca
2743 1759 2802 1816 S.
2832 1761 3002 1816 Marci
3027 1779 3044 1816 :

543 1849 804 1918 judicium
833 1849 1116 1906 fateretur.
1141 1850 1352 1922 Quippe
1379 1846 1603 1906 mutilus
1621 1860 1704 1906 est
1725 1849 1899 1906 codex
1939 1866 2050 1906 non
2077 1851 2132 1906 in

543 1940 724 1997 fronte
751 1942 950 2008 solum,
975 1941 1074 1998 sed
1103 1942 1268 1997 etiam
1307 1941 1366 1998 in
1393 1943 1542 1999 calce
1569 1942 1799 2012 aliisque
1827 1958 1988 2013 quam
2014 1943 2134 2012 plu-

500 2023 501 2027 “
542 2031 697 2086 rimis
726 2032 779 2086 in
809 2031 965 2094 locis,
996 2031 1141 2100 quod
1163 2031 1287 2100 jure
1313 2047 1412 2088 suo
1453 2047 1673 2089 causam
1712 2047 1832 2088 esse
1858 2035 2134 2090 existimat

543 2120 890 2188 Muratorius,
916 2139 1014 2178 cur
1034 2123 1266 2178 clariora
1289 2123 1359 2179 de
1377 2123 1566 2178 harum
1587 2124 1929 2179 homiliarum
1950 2133 2131 2181 aucto-

540 2227 604 2268 re
651 2211 1052 2268 desiderentur.
1103 2212 1482 2283 Praztereaque
1528 2214 1679 2280 illud,
1728 2214 1876 2286 quod
1903 2216 2128 2286 quidam

539 2306 708 2362 insint
754 2321 1033 2362 sermones
1085 2307 1178 2376 qui
1219 2321 1482 2377 expresso
1521 2307 1742 2362 nomine
1783 2307 1840 2362 S.
1891 2306 2126 2364 Maximo

539 2394 822 2451 Taurinati
867 2397 1124 2467 episcopo
1175 2397 1518 2465 tribuuntur;
1569 2398 1715 2454 unde
1770 2402 1920 2456 nasci
1959 2403 2126 2457 sentit

538 2487 926 2556 suspicionem,
956 2504 1025 2544 ne
1065 2489 1269 2556 caeteri,
1302 2505 1532 2560 quorum
1559 2491 1677 2562 ipse
1720 2507 1829 2548 non
1871 2493 2126 2548 scribitur

538 2585 750 2643 auctor,
783 2578 851 2632 ad
878 2579 1014 2634 alios
1055 2589 1308 2635 auctores
1333 2580 1664 2650 pertineant.
1689 2581 1917 2650 Dignum
1939 2592 2121 2640 autem

537 2676 845 2721 memoratu
868 2683 1086 2733 censeo,
1109 2667 1256 2739 quod
1278 2669 1346 2724 de
1367 2670 1472 2725 hoc
1495 2670 1681 2727 codice
1708 2686 1878 2742 nuper
1903 2673 2121 2730 demum

537 2755 752 2811 Brunns
797 2757 1082 2826 comperit,
1128 2773 1252 2812 cum
1294 2773 1457 2828 super
1501 2760 1619 2829 ipso
1643 2775 1710 2816 ex
1757 2761 1915 2818 Joan.
1960 2763 2118 2832 Bapt.

535 2847 747 2906 Branca
775 2850 1070 2906 substituto
1097 2851 1336 2920 praefecti
1375 2853 1504 2909 bibl.
1550 2854 1794 2911 Ambros.
1818 2857 2119 2928 quaesisset,

533 2942 865 3012 pertinuisse
885 2959 1010 2998 eum
1039 2944 1169 2999 olim
1199 2944 1268 2999 ad
1307 2948 1694 3001 monasterium
1723 2947 2009 3012 Bobiense,
2033 2964 2122 3003 ex-

535 3032 735 3089 cidisse
764 3035 912 3101 inde,
937 3049 1241 3106 magnoque
1264 3037 1357 3092 diu
1382 3046 1508 3108 post
1534 3041 1711 3109 pretio
1733 3056 1762 3094 a
1793 3041 1939 3096 card.
1966 3040 2114 3095 Frid.

2233 1897 2236 1900 .
2308 1847 2368 1900 10
2397 1847 2571 1904 Codex
2597 1852 2734 1920 sign.
2768 1869 2913 1906 num.
2945 1853 3118 1921 CLlll,
3166 1856 3343 1910 szeculi
3385 1873 3457 1921 xi,
3497 1872 3624 1926 pars
3651 1858 3813 1912 nimi-

2234 1955 2351 1994 rum
2381 1942 2551 2009 prima
2581 1943 2865 1998 homiliarii
2891 1945 3157 2001 distributi
3182 1947 3234 2000 in
3263 1947 3368 2001 duo
3391 1947 3626 2016 ingentia
3652 1949 3813 2008 volu-

2232 2033 2374 2087 mina
2404 2035 2832 2102 memhranacea,
2867 2037 3088 2104 in-l'olio,
3120 2054 3236 2108 quae
3259 2038 3396 2107 juris
3432 2040 3560 2094 olim
3599 2039 3814 2096 fuerunt

2230 2124 2376 2179 card.
2411 2125 2772 2196 Bessarionis,
2803 2137 2858 2183 et
2885 2138 3008 2198 post
3035 2130 3102 2185 ah
3131 2131 3321 2186 eodem
3353 2148 3475 2186 cum
3505 2131 3622 2187 aliis
3646 2134 3813 2202 ipsius

2229 2215 2379 2272 libris
2405 2217 2549 2273 dono
2575 2220 2878 2290 reipubliae
2910 2222 3053 2275 data.
3096 2221 3238 2276 Satis
3264 2221 3544 2277 emendate
3578 2224 3812 2294 scriptus

2229 2315 2331 2368 est,
2361 2319 2428 2360 ex
2458 2321 2631 2376 eoque
2667 2308 2775 2363 duo
2803 2311 2866 2362 de
2897 2307 3310 2382 Quadragesima
3337 2326 3612 2367 sermones
3651 2322 3809 2367 antea

2228 2393 2414 2449 inediti
2443 2398 2668 2466 accepti,
2695 2415 2924 2470 quorum
2945 2401 3094 2470 prior
3118 2401 3258 2456 inter
3284 2402 3532 2456 homilias
3552 2403 3657 2458 col.
3686 2402 3806 2468 l09,

2227 2486 2365 2541 alter
2392 2487 2532 2543 inter
2567 2505 2842 2546 sermones
2876 2493 2980 2548 col.
3024 2491 3124 2545 447
3165 2491 3251 2548 ed.
3299 2492 3454 2549 Rom.
3503 2494 3679 2550 locum
3715 2511 3808 2550 oc-

2227 2588 2410 2650 cupat.

2294 2670 2358 2724 2°
2389 2670 2562 2727 Codex
2607 2675 2743 2743 sign.
2785 2691 2930 2730 num.
2966 2676 3153 2742 DVlll,
3185 2679 3624 2734 membranaceus
3654 2681 3803 2744 item,

2225 2763 2452 2827 in-l‘olio,
2482 2765 2658 2819 saeculi
2701 2783 2800 2830 xu;
2829 2783 2956 2837 pars
2986 2769 3220 2823 secunda
3259 2769 3479 2825 alterius
3517 2771 3803 2827 homiliarii

2224 2854 2364 2919 libri,
2399 2870 2504 2909 non
2535 2865 2641 2910 tam
2670 2858 2928 2925 castigate
2955 2859 3157 2928 scripti,
3188 2874 3347 2928 quam
3379 2860 3497 2914 libri
3528 2862 3805 2931 postulant

2222 2943 2314 3012 qui
2344 2944 2553 3012 publice
2579 2945 2632 2998 in
2661 2946 2886 3000 ecclesia
2923 2947 3026 3015 legi
3072 2948 3264 3002 solent.
3298 2947 3562 3019 Repertus
3589 2957 3706 3005 erat
3745 2951 3800 3006 in

2222 3033 2336 3088 inde
2376 3034 2432 3088 S.
2474 3034 2635 3090 Marci
2676 3037 2950 3092 immixtus
2987 3039 3225 3107 pauculis
3267 3041 3643 3106 voluminibus,
3680 3056 3801 3111 qua:

534 3125 833 3182 Borromeo
849 3099 1062 3198 pax-imi)
1078 3099 1502 3186 ac-biblioth-ecze
1525 3099 1892 3187 Ambrosianus
1913 3131 2118 3186 illatum
2144 3099 2193 3164 (ἶ
2223 3121 2511 3179 Petrarcha
2540 3126 2589 3179 ei
2618 3126 2858 3181 ecclesia:
2883 3099 3127 3193 donarat,
3157 3127 3387 3196 indeque
3424 3129 3476 3183 in
3513 3099 3801 3185 bibliothe-

534 3235 675 3276 essc.
708 3219 806 3275 Hic
827 3229 1010 3275 autem
1035 3220 1230 3290 codex,
1262 3238 1384 3278 cum
1418 3223 1508 3278 diu
1551 3225 1701 3278 solus
1740 3224 1884 3294 apud
1913 3223 2120 3279 Medio-

533 3309 783 3366 lancnses
807 3312 1058 3380 cognitus
1099 3311 1310 3376 fuisset,
1341 3315 1432 3382 qui
1481 3313 1700 3369 Maximi
1743 3315 1942 3384 scripta
1971 3330 2118 3384 qua:-

531 3399 659 3454 dam
687 3403 994 3456 contineret
1018 3419 1030 3455 :
1054 3417 1228 3471 nuper
1256 3401 1478 3457 demum
1507 3403 1598 3458 alii
1641 3419 1766 3458 cum
1795 3402 2112 3470 Mediolani,

533 3499 650 3545 tum
685 3490 967 3546 Modoetize
994 3493 1196 3548 inventi
1221 3500 1368 3558 sunt,
1394 3508 1462 3548 ex
1484 3493 1679 3562 quibus
1706 3509 1987 3549 sermones
2013 3495 2114 3550 ali-

533 3583 626 3651 qui
653 3581 840 3636 inediti
869 3591 926 3638 et
964 3583 1148 3654 plures
1175 3585 1447 3641 variantes
1475 3585 1737 3641 lectiones
1763 3585 1833 3640 ad
1876 3585 2115 3642 Brunum

533 3672 829 3727 redierunt.
864 3673 1064 3744 Nempe
1091 3693 1102 3727 :

476 3838 480 3842 1
606 3760 662 3814 2°
703 3761 875 3816 Codex
913 3763 1252 3831 homiliarius,
1282 3766 1511 3836 scriptus
1552 3768 1607 3822 in
1648 3769 1978 3836 membrana,
2010 3784 2112 3824 sm-

533 3856 655 3910 culo
680 3854 790 3910 l'ere
814 3871 883 3910 xi.
917 3855 998 3910 Ex
1024 3871 1091 3912 eo
1119 3859 1336 3914 homilia
1360 3858 1578 3914 Maximi
1604 3862 1823 3916 nomine
1861 3863 2112 3931 insignita

533 3947 586 4002 in
620 3947 916 4003 Traditione
942 3949 1178 4020 symboli,
1213 3950 1394 4005 multis
1418 3967 1540 4006 cum
1568 3952 1898 4008 variantibus
1927 3954 2113 4008 lectio-

531 4039 686 4094 nibus
713 4054 780 4095 ex
803 4041 988 4095 codice
1015 4041 1312 4110 superiore,
1349 4057 1496 4095 num.
1533 4040 1622 4105 98,
1653 4043 1966 4097 transmissa
1991 4044 2106 4098 fuit.

597 4129 656 4183 5°
684 4129 858 4185 Codex
875 4130 1315 4186 membranaceus
1335 4130 1527 4196 in-l'ol.,
1559 4132 1872 4188 charactere
1900 4132 2112 4203 Longo-

528 4217 746 4277 bardico
776 4228 1046 4286 exaratus,
1080 4220 1276 4276 saeculo
1305 4237 1378 4276 ix.

600 4313 660 4366 ιυ
683 4312 858 4368 Codex
887 4314 1014 4367 item
1043 4312 1501 4377 membranaceus,
1531 4312 1756 4378 in-folio,
1791 4314 1968 4370 saeculi
1996 4331 2068 4370 xi.
2093 4323 2096 4326 ‘

485 4416 497 4427 '
595 4405 658 4459 5°
687 4404 862 4461 Codex
884 4405 1123 4475 ejusdem
1144 4404 1395 4472 basilicas,
1419 4407 1879 4474 membranaceus,
1911 4407 2103 4474 in-fol.,

521 4497 699 4553 seculi
731 4513 805 4553 ix.

592 4586 653 4639 6°
681 4587 856 4642 Codex
891 4587 1029 4645 alter
1057 4586 1295 4658 ejusdem
1323 4589 1516 4654 aetatis,
1546 4589 1638 4659 qui
1663 4604 1773 4645 non
1804 4598 1979 4646 exstat
2001 4591 2105 4646 nisi

521 4680 573 4734 in
597 4679 890 4748 exemplari
919 4688 1140 4736 exarato
1168 4695 1256 4735 an.
1288 4679 1427 4735 1514
1452 4695 1484 4736 a
1505 4682 1766 4738 canonico
1787 4679 1999 4746 Casola.
2022 4680 2103 4736 Ex

521 4779 624 4831 hoc
671 4778 903 4832 homilize
947 4781 1152 4848 aliquot
1189 4780 1405 4836 Maximi
1453 4797 1648 4839 nomen
1687 4783 2032 4854 praeferentes
2070 4799 2101 4838 a

521 4876 694 4932 Fiisio
734 4879 993 4933 canonico
1033 4879 1102 4932 ad
1142 4879 1376 4934 Brunum
1417 4890 1542 4937 sunt
1578 4885 1919 4950 transmissae,
1963 4885 2103 4941 inter

519 4990 654 5044 quas
678 4974 946 5046 praecipua
980 4976 1048 5032 de
1085 4977 1424 5046 reparatione
1452 4980 1693 5035 ecclesiae
1730 4983 1950 5052 majoris
1989 4983 2102 5038 Me-

518 5074 873 5131 diolanensis.

587 5179 641 5248 β.
699 5175 1028 5232 Bibliothecx
1081 5176 1493 5246 metropolitano:
1543 5177 1774 5233 ecclesia:
1830 5177 2096 5234 Mediola-

435 5288 443 5296 '
518 5281 711 5336 nensis.

579 5381 644 5442 1⁸
676 5381 850 5437 Codex
877 5381 1338 5444 membranaceus,
1357 5376 1562 5436 in-folio
1582 5377 1735 5446 min.,
1760 5377 1895 5448 sign.
1923 5377 2003 5433 lit.
2029 5377 2089 5444 F,

519 5499 664 5540 num.
699 5482 787 5550 56,
820 5484 998 5540 saeculi
1026 5499 1137 5540 xm.

586 5583 648 5637 2"
676 5584 850 5641 Codex
875 5585 1331 5650 membranaceus,
1360 5581 1534 5641 in-l'ol.
1563 5597 1728 5665 ma_x.,
1760 5582 1894 5652 sign.
1942 5596 2087 5636 num.

517 5685 636 5741 202.

2221 3230 2339 3269 cam
2368 3215 2658 3270 translatus
2685 3217 2799 3270 fuit.
2831 3216 3149 3272 Continebat
3173 3227 3279 3273 tres
3307 3234 3584 3275 sermones
3609 3219 3665 3274 S.
3692 3219 3798 3274 Ma-

2221 3307 2347 3360 ximi
2372 3308 2587 3361 nomine
2615 3307 2755 3377 apud
2784 3308 3018 3363 Brunum
3064 3311 3238 3365 editos
3277 3310 3380 3364 col.
3427 3309 3550 3376 651,
3598 3309 3706 3366 655
3741 3325 3798 3368 et

2220 3396 2346 3451 635.

2289 3489 2342 3560 β.
2373 3485 2651 3542 Patavinns
2671 3489 2839 3544 codex
2868 3489 3183 3545 bibliotheca:
3205 3492 3592 3556 canonicorum,
3614 3492 3794 3548 saeculi

2219 3595 2306 3636 xv.
2340 3594 2406 3633 ex
2435 3594 2544 3648 quo
2571 3579 2678 3634 duo
2705 3596 3000 3644 sermones,
3025 3596 3252 3650 quorum
3283 3582 3418 3636 alter
3445 3583 3632 3652 incipit
3661 3599 3675 3634 :
3711 3584 3794 3636 Ad

2215 3669 2557 3726 exhibendum
2603 3680 2781 3726 vestra:
2823 3673 3067 3726 cliaritati
3105 3689 3410 3738 sermonem,
3449 3681 3577 3738 etc.;
3608 3673 3744 3728 alter
3774 3691 3788 3726 :

2215 3761 2375 3817 Recte
2402 3772 2552 3835 atque
2577 3780 2641 3817 ex
2681 3761 2868 3828 debito,
2901 3771 3028 3829 etc.,
3057 3764 3319 3835 descripti.
3352 3763 3625 3820 Posterior
3650 3764 3790 3820 inter

2215 3857 2476 3924 genuinos
2502 3857 2676 3910 locum
2713 3865 2938 3925 occupat
2973 3857 3074 3912 col.
3110 3855 3232 3923 623,
3265 3857 3412 3926 prior
3440 3858 3579 3912 inter
3597 3857 3788 3915 dubios

2216 3945 2269 4000 in
2298 3946 2610 4015 appendice,
2640 3946 2744 4000 col.
2777 3945 2865 3999 55.

2287 4035 2468 4093 XVIII.
2499 4035 2712 4091 Codices
2744 4036 3058 4092 Veronenses
3086 4052 3180 4094 seu
3208 4036 3542 4094 bibliotheca
3570 4039 3784 4108 capituli

2214 4126 2555 4183 Veronensis.

2223 4257 2226 4259 -
2286 4219 2345 4270 1ο
2375 4217 2548 4273 Codex
2584 4219 2720 4287 sign.
2753 4233 2896 4273 num.
2931 4218 3017 4285 75,
3059 4219 3515 4283 membranaceus,
3558 4217 3781 4282 iii-folio,

2211 4326 2390 4364 εωουιι
2413 4327 2522 4364 Vlll.

2237 4310 2550 4454 3:111:12:le
2595 4400 2730 4468 sign.
2789 4414 2934 4454 num.
2986 4397 3108 4461 451,
3155 4398 3596 4454 membranaceus
3632 4400 3782 4465 item,

2127 4465 2187 4529 υ
2210 4491 2555 4561 ejusdemque
2580 4465 2752 4546 astatis
2780 4507 2841 4544 ac
2882 4491 3082 4546 formze.
3120 4489 3355 4559 Uterque
3380 4505 3658 4546 sermones
3684 4491 3786 4546 ali-

2208 4592 2340 4653 quot
2360 4584 2734 4655 suppeditavit,
2762 4597 2990 4651 quorum
3017 4581 3284 4636 variantes
3312 4581 3567 4638 lectiones
3594 4583 3649 4636 in
3664 4581 3784 4638 'an-

2207 4677 2571 4732 notationihus
2598 4692 2626 4729 a
2659 4675 2838 4730 Bruno
2861 4681 2984 4728 sunt
3009 4673 3278 4728 exliibiuc.

2275 4769 2333 4823 5°
2371 4767 2545 4822 Codex
2591 4768 2727 4836 sign.
2778 4782 2925 4820 num.
2964 4765 3052 4827 49,
3084 4764 3322 4832 ejusdem
3358 4765 3552 4829 anatis,
3585 4777 3782 4834 perga-

2205 4875 2374 4918 menae
2402 4859 2708 4928 formaeque,
2741 4858 2881 4913 unde
2926 4855 3336 4927 proﬁciscuntur
3379 4855 3644 4911 Lectiones
3683 4873 3781 4915 seu

2207 4955 2569 5025 Expositiones
2614 4951 3014 5022 Evangeliorum
3057 4949 3243 5004 nullihi
3297 4949 3473 5004 adhuc
3523 4950 3774 5016 inventae,

2203 5062 2334 5118 quas
2372 5045 2586 5115 quidem
2617 5043 2825 5098 Brunus
2863 5056 2969 5096 non
3011 5041 3250 5096 diversas
3278 5048 3430 5110 putat
3463 5056 3493 5093 a
3529 5041 3664 5096 libro
3694 5042 3779 5096 in-

2203 5138 2401 5208 scripto
2429 5137 2492 5190 de
2519 5132 2768 5206 Capitulis
2807 5132 3226 5204 Evangeliorum,
3256 5146 3415 5201 quem
3444 5131 3776 5197 Gennadius,

2200 5225 2468 5282 Honorius
2498 5224 3009 5294 Angustodnnensis,
3040 5232 3094 5279 et
3134 5222 3456 5278 Trithemius
3483 5223 3622 5277 inter
3662 5221 3777 5278 Ma-

2202 5317 2329 5371 ximi
2353 5332 2516 5387 opera
2546 5323 2844 5385 recensent.
2880 5313 3147 5370 Praeterea
3174 5330 3240 5370 ex
3279 5327 3346 5367 eo
3375 5313 3627 5383 exscripti
3650 5322 3777 5369 sunt

2200 5406 2306 5462 duo
2333 5416 2608 5473 tractatus,
2637 5422 2864 5476 quorum
2885 5422 3023 5460 unus
3045 5414 3126 5461 est
3145 5413 3330 5460 contra
3348 5403 3608 5473 Paganos,
3637 5403 3768 5458 alter

2199 5504 2384 5551 contra
2428 5495 2667 5562 Judzeos;
2699 5497 2789 5564 qui
2818 5497 2917 5552 etsi
2947 5495 3182 5552 auctoris
3212 5509 3404 5549 nomen
3446 5509 3552 5548 non
3579 5493 3773 5562 prtel'e-

2199 5596 2338 5652 rant,
2370 5587 2514 5655 digni
2545 5596 2720 5642 tamen
2751 5587 2914 5643 habiti
2943 5593 3066 5641 sunt
3099 5586 3166 5640 ab
3196 5587 3296 5640 isto
3318 5584 3522 5639 cditorc
3550 5592 3773 5653 propter

2200 5681 2455 5737 orationis
2485 5688 2537 5734 et
2569 5681 2950 5736 sententiarum
2977 5695 3097 5734 cum
3128 5679 3246 5732 aliis
3277 5677 3608 5732 Maximiani:
3631 5691 3769 5745 opu-
