4040 6324
214 299 312 354 209

1237 293 1504 354 ΝΟἸΊἸΊΑ
1540 291 2328 354 HlS1URlCO—LIT'I‘ERARIA

3340 301 3444 356 210

212 412 365 469 sculis
390 409 750 475 concordiam,
779 410 868 478 qui
897 408 1070 466 eidem
1101 407 1588 464 tribuerentur..l'lx
1617 416 1766 460 vetu—
1798 409 1847 465 A
1873 409 2056 461 ciensis
2085 410 2302 476 ordinis,
2330 418 2663 479 cnartaceus,
2687 411 2814 478 in-8,
2839 409 3003 467 nitido
3023 411 3330 464 charactere
3347 427 3445 462 ex-

212 511 343 560 state
367 501 566 556 codicis
595 510 768 556 tamen
799 501 1034 572 pluribus
1063 501 1266 557 lacunis
1293 501 1557 555 laborant.

276 592 446 650 liosce
473 589 807 648 Veronenses
833 591 1048 648 codices
1085 592 1138 646 in
1167 607 1318 646 novae
1353 589 1601 646 editionis
1632 602 1774 643 com-

210 686 418 744 modum
445 685 802 742 conferendos
827 686 1034 741 curavit
1068 685 1292 741 antistes
1319 683 1556 754 ejusdem
1587 681 1772 736 Eccle-

157 768 166 775 ’
209 781 296 836 size
321 777 554 834 Joannes
582 778 921 834 Morosimus.

1881 507 2060 553 aratus
2089 516 2119 553 a
2148 498 2311 555 fratre
2336 498 2543 556 Joanne
2569 501 2637 556 de
2664 502 2854 557 Waqu
2905 519 2991 557 an.
3044 499 3200 567 16%|),
3242 501 3443 570 aliquot

1877 591 2092 647 Maximi
2121 607 2397 649 sermones
2415 593 2697 650 continens
2717 593 2934 666 ρι’ωῆιο
2961 593 3115 648 titulo
3138 610 3150 646 :
3171 592 3444 648 Sermones

1877 685 2012 738 beati
2055 683 2276 740 Maximi
2323 685 2657 741 Taurinensis
2695 689 2924 758 epismpi
2947 725 2961 748 ,
2993 693 3097 744 etc.
3147 684 3446 740 Varietates

1875 775 2065 830 horum
2093 776 2336 833 codicum
2377 777 2619 848 ascripta:
2652 777 2870 834 fuerunt
2893 776 3113 838 editioni
3137 775 3446 832 Coloniensi

274 869 408 926 XIX.
442 867 618 926 Codex
645 869 948 924 Brixiensis.
972 869 1273 940 Capitulum
1294 868 1531 924 ecclesia:
1557 864 1774 936 majoris
1876 883 1965 922 an.
1998 866 2156 922 1535.

210 964 494 1020 Brixiensis
527 963 898 1018 lectionarium
941 970 1120 1018 servat
1158 961 1645 1022 membranaceum,
1695 957 1775 1011 in-

208 1057 347 1124 folio,
378 1057 558 1112 saeculi
599 1073 712 1119 xm,
753 1055 893 1111 unde
938 1062 1159 1110 curante
1200 1053 1355 1108 Joan.
1406 1051 1619 1106 Mannio
1659 1049 1778 1104 Bri-

208 1149 464 1204 xiensium
492 1148 734 1202 antistite
761 1145 868 1201 duo
896 1161 1171 1200 sermones
1216 1143 1386 1198 sancti
1417 1141 1652 1197 Maximi
1674 1155 1774 1196 Im-

208 1238 344 1294 mine
367 1238 633 1303 exornati,
660 1251 852 1306 nempe
872 1236 934 1290 de
958 1233 1182 1310 Corpore
1200 1233 1411 1298 Christi,
1436 1233 1487 1286 in
1507 1231 1592 1286 ed.
1618 1230 1772 1285 Rom.

2334 1016 2386 1053 ι).
2428 1013 2645 1055 οουιοιε
2684 1012 2984 1052 ιιεινιιιτιει.

1946 1150 2100 1205 Haud
2127 1165 2257 1207 sane
2286 1151 2422 1206 alius
2449 1159 2624 1207 exstat
2650 1151 2786 1206 liber
2812 1165 2912 1232 ms.
2942 1149 3206 1205 celebrior

1948 1242 2010 1296 1°
2039 1242 2227 1298 Codice
2255 1243 2608 1314 Sangallensi,
2636 1257 2797 1312 quem
2822 1241 3026 1312 pimus
3047 1241 3176 1314 adiit
3205 1239 3450 1296 Mabillo-

207 1328 304 1384 col.
340 1325 468 1394 279,
498 1336 553 1382 et
580 1328 642 1381 de
671 1327 1097 1397 Quadragesima,
1128 1324 1231 1380 col.
1274 1322 1397 1390 417,
1427 1338 1544 1377 cum
1574 1322 1778 1390 aliquot

1889 1334 2017 1389 nius.
2050 1334 2099 1389 ls
2122 1349 2252 1390 vero
2281 1335 2468 1403 quanti
2495 1349 2618 1388 eum
2645 1333 2832 1389 ias-rit
2857 1340 2913 1387 et
2937 1332 3113 1401 qualia
3141 1347 3210 1386 ex
3236 1347 3301 1386 eo
3321 1331 3452 1386 edu-

209 1417 532 1472 variantibus
580 1416 898 1472 lectionibus
939 1415 1241 1486 deprompti
1281 1413 1514 1469 fuerunt.
1559 1412 1681 1467 Haec
1709 1411 1777 1467 de
1878 1426 2038 1493 xerit,
2076 1440 2237 1495 supra
2277 1424 2496 1480 domum
2522 1432 2621 1480 εει,
2655 1421 3102 1478 commodam“;
3127 1427 3306 1475 autem
3341 1420 3452 1474 Ma-

207 1509 393 1565 ltalicis
411 1510 689 1566 codicibus
719 1509 946 1565 Brunus.
980 1508 1217 1564 Aderant
1235 1523 1364 1564 vero
1391 1516 1447 1562 et

792 1661 840 1700 Β.
871 1660 1172 1700 ϐΕΙΙΔΝΙΕΙ.

1878 1518 2099 1572 billonio
2127 1531 2352 1586 operat:
2389 1531 2563 1584 suam,
2583 1514 2727 1586 quod
2753 1514 2967 1570 silentio
2994 1512 3268 1584 praeterire
3301 1510 3454 1566 nefas

1877 1606 1968 1674 sit,
2016 1605 2351 1662 Her-manuus
2393 1606 2712 1674 Schenkius,
2759 1605 2908 1673 bibl._
2935 1602 3296 1672 Sangallensis
3341 1610 3454 1656 tum

1879 1698 2180 1770 praefectus.
2213 1698 2361 1754 Nunc
2390 1713 2578 1754 recens
2599 1698 2668 1753 de
2689 1697 2878 1753 eodem
2907 1697 3207 1752 accuratius
3234 1694 3300 1748 ad
3321 1693 3455 1749 Bru—

274 1778 404 1833 Data
447 1788 565 1834 erat
611 1779 723 1834 haec
757 1779 1031 1849 provincia
1062 1795 1092 1833 a
1125 1777 1218 1833 Pio
1246 1776 1314 1834 Vl
1344 1775 1407 1831 P.
1439 1776 1510 1832 M.
1541 1775 1777 1847 Josepho

1889 1769 2009 1844 num
2038 1788 2220 1844 retulit
2247 1788 2581 1844 bibliotheae
2610 1789 2761 1843 istius
2790 1789 2915 1842 item
2944 1785 3224 1856 praefectus
3253 1784 3313 1839 Ρ.
3345 1783 3456 1839 Ma-

207 1870 492 1940 Garampio
519 1870 658 1941 apud
687 1869 1044 1925 Viennensem
1074 1868 1404 1939 imperialem
1443 1867 1618 1922 aulam
1650 1876 1778 1922 tunc
1879 1896 2015 1950 εηυε
2060 1879 2539 1952 ηυηςεηωγιίθι-υε
2582 1881 2762 1950 (nonis
2799 1869 3064 1933 δεηυπίίε
3093 1877 3273 1947 1779),
3304 1895 3322 1928 ς
3357 1876 3458 1931 Αε..

208 1963 502 2032 apostolico
540 1963 737 2030 legato,
777 1972 834 2017 ut
869 1964 917 2018 si
953 1961 1083 2033 quid
1121 1978 1188 2018 ex
1231 1960 1665 2017 Germanicarum
1694 1961 1778 2016 bi-

1879 1973 2066 2028 sentiri
2113 1987 2172 2027 se
2217 1970 2409 2026 Joanni
2451 1971 2778 2038 Mabillonio,
2817 1979 2874 2025 et
2917 1969 3148 2024 Martino
3193 1966 3458 2022 Gerberto

205 2055 592 2111 bliothecarum
619 2057 892 2112 codicibus
919 2072 1046 2111 mss.
1079 2053 1146 2110 ad
1171 2055 1466 2112 ornandum
1489 2053 1780 2110 Maximum
1881 2064 2107 2135 principi
2134 2072 2189 2118 ει
2216 2063 2392 2117 abbati
2422 2060 2478 2116 δ,
2509 2061 2692 2128 Βιειείί,
2723 2060 2962 2116 codicem
2991 2061 3164 2130 ipsum
3191 2058 3458 2113 membra-

206 2148 318 2203 erui
360 2155 560 2218 posset,
591 2148 643 2203 id
687 2148 836 2204 cordi
878 2148 977 2203 sibi
1024 2163 1145 2203 esse
1188 2149 1406 2213 sineret,
1439 2155 1494 2201 et
1520 2155 1779 2215 quantum

205 2248 405 2311 posset,
429 2249 660 2308 urgeret.
686 2240 736 2294 ls
763 2241 922 2310 igitur
941 2256 1062 2295 cum
1083 2239 1275 2296 frustra
1294 2257 1392 2296 suo
1414 2239 1579 2310 ipsius
1598 2238 1783 2293 iabore

206 2347 268 2387 ac
308 2330 572 2386 industria
608 2332 946 2388 bibliotheca:
979 2334 1229 2402 Augustae
1263 2333 1428 2388 libros
1476 2333 1782 2394 evolvisset,

205 2423 272 2479 ad
299 2423 596 2478 monachos
623 2423 826 2479 ordinis
853 2423 910 2480 S.
942 2424 1216 2480 Benedicti
1245 2441 1303 2480 se
1340 2425 1622 2488 convertit,
1649 2438 1786 2494 prse-

205 2514 457 2584 sulesque
477 2516 924 2570 monasteriorum
941 2515 1364 2586 Ratisponensis,
1387 2513 1780 2580 Gottwicensis,

207 2605 584 2661 Lambacensis
624 2606 913 2675 Augimque
966 2607 1155 2661 Divitis
1211 2609 1455 2661 hortatus
1501 2614 1583 2662 est
1626 2615 1684 2660 ut
1729 2606 1784 2660 in

207 2695 387 2752 vetera
445 2695 888 2751 bibliothecarum
942 2712 1156 2751 suarum
1210 2696 1534 2766 exemplaria
1590 2695 1784 2764 inquiri

208 2788 472 2859 juberent,
505 2789 550 2844 si
578 2788 704 2858 quid
733 2788 1038 2844 collectioni
1075 2804 1295 2859 operum
1325 2789 1380 2844 S.
1414 2788 1628 2842 Maximi
1654 2803 1784 2858 pro-

209 2878 441 2934 futurum
461 2879 637 2948 detegi
666 2888 866 2950 posset.
899 2879 1007 2936 Nec
1026 2879 1243 2936 defuere
1267 2880 1340 2935 illi
1363 2879 1558 2935 oﬂicio.
1589 2879 1785 2934 Scribit

209 2971 346 3024 enim
392 2969 623 3035 Brunus,
655 2971 899 3026 certatim
946 2987 976 3024 a
1017 2971 1292 3028 monachis
1321 2971 1389 3025 ad
1419 2971 1468 3024 id
1503 2987 1636 3040 opus
1662 2987 1784 3025 cur-

209 3075 323 3115 sum
353 3076 502 3127 esse;
534 3062 800 3132 perfectos
829 3062 1030 3118 indices
1064 3062 1512 3133 locupletissimos
1538 3063 1785 3117 homilia-

211 3166 324 3206 rum
354 3160 409 3207 et
437 3167 746 3208 sermonum
774 3152 1022 3219 Maximi;
1052 3155 1323 3208 variantes
1352 3154 1609 3209 lectiones
1643 3153 1783 3208 haud
1808 3125 1855 3188 ο

212 3245 355 3314 parvi
396 3245 703 3314 pendendas
744 3246 1146 3315 diligentissime
1187 3247 1553 3317 transcriptas,
1587 3246 1787 3301 indica-

213 3342 315 3389 tam
357 3337 602 3392 codicum
648 3345 862 3392 ;etatem
915 3346 1076 3408 atque
1115 3339 1482 3408 priestantiam
1514 3339 1568 3391 in
1596 3337 1788 3406 quibus

213 3429 466 3496 opuscula
496 3437 769 3484 exstarent
796 3429 852 3484 S.
885 3428 1100 3484 Maximi
1133 3429 1336 3484 nomini
1378 3429 1629 3500 inscripta
1664 3447 1675 3480 :
1709 3436 1791 3482 at-

214 3534 314 3588 que
356 3519 470 3574 haec
499 3522 677 3574 omnia
718 3521 949 3591 denique
979 3519 1202 3575 Romam
1242 3536 1272 3575 a
1302 3520 1518 3576 laudato
1564 3519 1791 3590 praesule

214 3613 521 3665 transmissa
542 3619 683 3666 sunt.
709 3611 948 3667 Fuerunt
967 3621 1145 3667 autem
1168 3611 1379 3667 codices
1406 3613 1544 3666 sicut
1563 3611 1789 3680 accepit,

217 3703 300 3757 alii
332 3705 588 3774 temporis
617 3715 743 3761 nota
775 3707 1030 3774 insigniti,
1054 3707 1143 3761 alii
1171 3706 1359 3761 eadem
1381 3712 1626 3759 carentes
1651 3722 1662 3755 :

285 3796 342 3848 1'
353 3796 569 3851 Codices
587 3797 810 3852 abbatia:
820 3800 1002 3870 Augia:
1015 3797 1198 3852 Divitis
1221 3808 1354 3862 octo,
1368 3797 1562 3864 signati
1584 3809 1788 3850 numm.

217 3885 422 3951 12,121,
459 3887 786 3952 15,16,19,
819 3887 908 3952 2|,
939 3887 1027 3953 29,
1058 3887 1147 3940 39.

282 3977 345 4030 2"
408 3976 582 4031 Codex
639 3977 956 4032 bibliotheca:
1009 3978 1069 4032 S.
1119 3977 1420 4032 Emmerani
1465 3977 1792 4048 Ratisponse,

215 4067 680 4134 membranaceus,
707 4067 928 4135 inofolio,
951 4070 1087 4138 sign.
1112 4070 1216 4124 litt.
1239 4069 1301 4134 E,
1325 4085 1468 4124 num.
1489 4069 1540 4145 4,
1566 4084 1689 4125 saec.
1719 4086 1790 4125 Ix.

283 4156 344 4212 5⁸
370 4156 546 4212 Codex
574 4158 888 4216 bibliotheca
916 4160 1302 4228 Lambacensis,
1333 4162 1792 4228 membranaceus,

219 4249 446 4316 ili—folio,
478 4252 654 4306 saeculi
684 4269 794 4307 xm.

287 4342 349 4396 4ο
372 4341 548 4398 Codex
569 4344 882 4401 bibliotheca:
902 4344 1275 4411 Cottwicensis,
1297 4348 1630 4410 chartaceus,
1653 4346 1789 4414 sign.

223 4434 261 4490 L
286 4434 336 4501 5,
368 4436 546 4491 s'eculi
577 4450 665 4492 xw
694 4437 774 4492 vel
805 4454 892 4492 xv.

735 4587 782 4626 C.
813 4587 1026 4628 CODICES
1056 4588 1275 4629 BELCICI.

294 4707 407 4764 Duo
435 4710 632 4779 reperti
662 4717 786 4764 sunt
805 4710 858 4764 in
880 4709 1046 4780 Belgii
1068 4711 1405 4767 bibliothecis
1433 4712 1646 4768 codices
1666 4727 1792 4767 mss.

226 4814 448 4868 quorum
472 4816 655 4854 curam
684 4801 869 4869 gessit,
909 4803 1195 4857 mandante
1234 4802 1437 4870 lgnatio
1466 4803 1635 4858 Busca
1669 4817 1800 4872 apo-

228 4890 420 4946 stolicae
447 4891 591 4947 sedis
614 4891 754 4960 apud
783 4891 973 4959 Belgas
1013 4893 1212 4960 legato,
1255 4893 1347 4962 qui
1390 4895 1443 4946 in
1484 4907 1552 4946 eo
1584 4891 1799 4959 negotio

230 4983 489 5050 pontiﬁcis
522 4983 694 5052 jussui
741 4985 939 5053 paruit,
985 5000 1104 5040 can.
1155 4983 1622 5039 Vandenvelderus
1669 4983 1799 5038 bibl.

232 5069 425 5129 Lovan.
466 5074 754 5146 przefectus
779 5083 834 5130 et
857 5075 1140 5154 theologia:
1175 5075 1465 5146 professor.
1507 5073 1674 5130 Erant
1700 5074 1806 5130 sci-

233 5162 350 5218 licet
368 5185 380 5219 :

302 5256 358 5308 1°
387 5257 561 5314 Codex
591 5257 906 5312 bibliotheca
927 5257 985 5312 S.
1020 5257 1236 5313 Martini
1266 5259 1628 5314 canonicorum
1657 5276 1807 5331 regu-

237 5348 417 5404 larium
447 5351 672 5418 Locum,
701 5349 1161 5417 membranaceus,
1191 5350 1396 5406 in—folio
1423 5352 1678 5419 maximo,
1703 5366 1802 5406 sm-

239 5441 336 5495 culi
374 5458 448 5511 xl,
492 5443 699 5499 duobus
743 5442 1103 5498 voluminibus
1148 5443 1407 5498 exhibens
1453 5443 1698 5500 homilias
1741 5445 1804 5500 de

242 5529 480 5605 Tempore
525 5545 580 5590 et
622 5537 684 5590 de
732 5536 963 5603 Sanctis,
1005 5537 1145 5591 inter
1181 5552 1315 5606 quas
1361 5537 1572 5604 triginta
1611 5539 1804 5607 partim

242 5623 486 5695 homilise,
517 5630 706 5697 partim
735 5643 1014 5684 sermones
1040 5629 1098 5682 S.
1127 5627 1362 5682 Maximi.

308 5716 370 5771 2°
399 5717 573 5775 Codex
591 5720 907 5775 bibliotheca:
925 5719 1146 5776 abbatia:
1166 5718 1588 5775 Camberonensis
1615 5720 1805 5776 Cister-

1884 2171 2137 2222 naccum,
2189 2153 2428 2221 in-folio,
2477 2154 2668 2208 litteris
2719 2150 3135 2221 Longobardicis
3179 2155 3458 2206 exaratum

1884 2262 2005 2300 saec.
2029 2261 2119 2300 vm
2149 2260 2254 2299 non
2283 2244 2637 2300 recentiorem
2657 2259 2774 2299 esse
2792 2243 3071 2296 aientibus.
3102 2241 3258 2295 Falso
3279 2248 3459 2294 autem

1885 2335 2164 2403 Augustini
2195 2349 2387 2389 nomen
2416 2333 2685 2403 praeferre.
2715 2332 2854 2386 Nihil
2873 2332 3016 2386 enim
3037 2331 3089 2384 in
3109 2345 3178 2384 eo
3196 2327 3461 2383 contineri

1885 2426 2223 2482 homiliarum
2244 2434 2336 2480 aut
2353 2439 2682 2491 sermonum,
2697 2405 2848 2492 quod
2866 2428 3144 2490 acceptum
3165 2417 3462 2488 Augustino

1885 2521 1956 2574 sit
1983 2516 2338 2573 referendum.
2361 2515 2624 2571 Constare
2649 2515 2701 2569 id
2723 2513 2924 2568 scilicet
2942 2526 3007 2566 ex
3029 2511 3198 2565 altero
3220 2506 3461 2577 ejusdem

1888 2610 2222 2665 bibliothecae
2251 2608 2380 2663 noni
2408 2606 2587 2662 szeculi
2612 2605 2819 2671 codice,
2847 2603 2934 2658 cui
2963 2602 3074 2656 haec
3106 2599 3320 2670 praelixa
3344 2597 3462 2668 epi-

1885 2704 2086 2774 graphe
2113 2721 2124 2755 :
2160 2701 2504 2757 "anciliorum
2542 2697 2765 2752 Maximi
2790 2695 3015 2766 episcopi
3049 2710 3140 2764 per
3171 2699 3330 2746 totum
3357 2707 3458 2744 an-

1885 2811 2006 2848 num
2027 2794 2092 2847 de
2111 2793 2324 2847 diversis
2347 2787 2703 2863 festivitatibus
2725 2787 2953 2842 volumen
2971 2784 3120 2840 ualde
3137 2792 3297 2838 aetiis.
3325 2780 3460 2836 Nam

1885 2899 2006 2940 cum
2035 2882 2236 2939 eaedem
2266 2895 2485 2952 prorsus
2513 2879 2745 2934 bomilia:
2773 2879 2826 2932 in
2866 2878 2970 2932 hoc
3014 2884 3175 2945 atque
3221 2875 3278 2928 in
3308 2880 3461 2927 velu-

1886 2975 2053 3030 stiore
2081 2974 2173 3028 illo
2201 2972 2388 3028 codice
2415 2972 2812 3037 contineantur,
2841 2967 3018 3035 magni
3047 2965 3099 3020 id
3127 2973 3274 3021 certe
3298 2977 3459 3031 argu-

1887 3068 2054 3122 menti
2081 3081 2200 3122 esse
2243 3073 2516 3136 oportere,
2547 3077 2757 3120 errasse
2793 3061 3139 3116 vehementer
3164 3056 3460 3123 librarium,

1886 3160 1978 3229 qui
2033 3158 2383 3227 Augustinum
2438 3155 2652 3210 Maximi
2699 3153 3076 3224 opusculorum
3125 3148 3464 3205 constituerit

1890 3258 2184 3305 auctorem.
2213 3249 2270 3302 lu
2293 3264 2360 3303 eo
2385 3263 2547 3319 porro
2567 3245 2807 3301 difﬁdere
2832 3260 2892 3299 se
2911 3261 2942 3298 a
2965 3241 3296 3308 Mabillonio,
3319 3239 3466 3308 quod

1891 3343 2004 3412 ipse
2033 3341 2281 3395 bomilias
2309 3355 2415 3394 non
2443 3338 2561 3408 plus
2589 3337 2875 3403 nonaginta
2904 3335 2956 3388 in
2985 3341 3210 3401 utroque
3257 3329 3349 3384 illo
3379 3343 3466 3383 co-

1889 3434 2008 3490 dice
2033 3440 2300 3498 numeret,
2330 3429 2667 3486 Mabillonius
2691 3442 2822 3482 vero
2841 3434 3048 3494 septem
3073 3430 3130 3477 et
3152 3421 3465 3490 nonaginta,

1892 3526 1993 3579 hac
2041 3524 2260 3578 omnino
2300 3519 2368 3575 de
2413 3535 2598 3587 causa,
2623 3517 2767 3588 quod
2811 3513 3148 3569 Mabillonius
3175 3510 3242 3566 de
3280 3525 3465 3566 sacra-

1893 3615 2089 3669 mentis
2135 3613 2301 3667 libros
2335 3618 2562 3680 septem,
2591 3610 2684 3678 qui
2721 3605 3004 3661 Ambrosio
3041 3601 3236 3659 ascribi
3267 3601 3465 3668 solent,

1896 3703 2117 3760 totidem
2147 3701 2362 3756 Maximi
2385 3699 2630 3756 bomilias
2656 3697 2998 3753 existimavit.
3029 3714 3047 3747 ι

1967 3796 2028 3848 2ο
2050 3794 2225 3849 Codex
2246 3794 2383 3848 alter
2407 3807 2438 3846 a
2463 3789 2909 3861 Hungenblykero
2932 3787 3092 3843 modo
3117 3791 3468 3852 memoratus,

1897 3888 2127 3958 scriptus
2148 3887 2287 3941 idem
2316 3885 2508 3940 litteris
2533 3879 2968 3950 Longobardicis.

1969 3978 2092 4034 Haec
2136 3985 2260 4032 sunt
2303 3991 2422 4046 qua:
2467 3973 2641 4030 editor
2679 3971 2950 4027 Romanus
2977 3967 3045 4023 de
3071 3967 3347 4023 codicibus
3373 3980 3470 4020 an-

1897 4071 2122 4137 notavit,
2151 4069 2241 4139 qui
2271 4082 2421 4123 novxe
2449 4066 2571 4121 huic
2600 4062 2905 4120 collectioni
2929 4059 3221 4118 condenda:
3247 4056 3469 4130 profue-

1899 4171 2043 4229 runt,
2074 4161 2212 4215 inter
2237 4175 2373 4229 quos
2397 4167 2577 4213 tamen
2614 4155 2782 4211 tribus
2808 4153 2932 4221 illis,
2965 4167 3102 4222 quos
3128 4149 3470 4206 Mabillonius

1899 4254 2126 4323 primum
2180 4250 2412 4315 evolvit,
2460 4263 2654 4318 nempe
2703 4244 3057 4316 Sangallensi,
3087 4239 3473 4297 Nonantutensi

1899 4357 2040 4397 nunc
2067 4341 2127 4396 S.
2157 4339 2335 4394 Crucis
2369 4341 2425 4392 in
2460 4337 2767 4397 Jerusalem,
2800 4344 2856 4390 et
2892 4332 3230 4387 Ambrosiam
3271 4330 3474 4386 Medio-

1898 4435 2007 4488 lani
2032 4433 2232 4503 primas
2259 4440 2313 4486 et
2341 4432 2455 4500 ipse
2491 4429 2681 4484 defert.
2726 4425 3020 4481 Parabatur
3051 4425 3213 4478 etiam
3241 4423 3474 4477 Gallico-

1820 4496 2192 4579 1)rum-mss.
2250 4496 2489 4584 collatio,
2544 4517 2660 4584 sed,
2709 4516 2950 4586 quamvis
2996 4513 3084 4568 diu
3139 4519 3473 4581 exspectata,

1901 4614 2134 4670 nondum
2164 4611 2389 4665 Romam
2417 4608 2642 4678 perferri
2683 4612 2953 4676 potuerat,
2983 4619 3102 4658 cum
3144 4601 3246 4656 sibi
3278 4601 3476 4656 diutius
3574 4667 3580 4672 ﬁ

1900 4703 2327 4775 exspectantium
2353 4698 2615 4755 desideria
2642 4695 2970 4767 suspendere
2998 4709 3104 4749 non
3139 4710 3298 4765 posse
3324 4692 3473 4748 vide-

1901 4806 2068 4853 retur.
2094 4795 2342 4849 Attamen
2365 4791 2635 4863 pollicitus
2661 4797 2742 4844 est
2766 4803 2847 4854 se,
2870 4786 3028 4842 simul
3061 4803 3125 4844 ac
3148 4788 3249 4858 ipsi
3269 4786 3476 4844 reddita

1903 4887 2082 4954 fuerit,
2110 4899 2219 4941 non
2246 4883 2651 4940 commissurum
2678 4894 2798 4936 esse
2834 4887 2892 4934 ut
2930 4879 2984 4950 in
3015 4879 3079 4934 iis
3107 4878 3471 4945 numerandis,

1906 4977 2232 5036 aestimandis
2268 4986 2428 5047 atque
2466 4971 2797 5030 celebrandis
2828 4970 3060 5026 studium
3085 4985 3238 5026 suum
3267 4969 3478 5024 deside-

1907 5080 2074 5127 retur.
2107 5069 2344 5138 Denique
2393 5066 2520 5122 illud
2547 5065 2760 5122 silentio
2784 5063 3057 5136 praeterire
3089 5076 3297 5132 nequeo
3326 5061 3476 5131 adje-

1908 5175 2022 5222 ctas
2049 5179 2166 5220 esse
2192 5164 2246 5218 in
2265 5161 2371 5217 fine
2399 5152 2682 5217 voluminis
2703 5158 2960 5213 Romanae
2987 5157 3237 5212 editionis
3264 5155 3331 5210 ad
3356 5155 3479 5211 ube-

1907 5259 2104 5314 riorem
2135 5256 2337 5312 notitim
2365 5254 2524 5324 hujus
2551 5252 2794 5310 codicum
2835 5250 3240 5306 illustrationem
3270 5250 3480 5304 tabulas

1909 5359 2140 5421 quatuor
2189 5347 2430 5418 ejusdem
2478 5361 2542 5401 ac
2591 5346 2762 5416 ipsum
2819 5343 3066 5399 volumen
3111 5341 3335 5408 moduli,
3373 5355 3481 5394 scre

1911 5443 2126 5511 incisas,
2157 5442 2210 5496 in
2239 5438 2431 5511 quibus
2461 5437 2526 5491 27
2574 5437 2867 5508 specimina
2894 5435 3262 5490 characterum
3291 5439 3344 5484 et
3371 5431 3480 5484 for-

1913 5549 2011 5590 mze
2056 5533 2299 5588 codicum
2346 5530 2694 5599 insigniorum
2739 5529 3212 5596 repraesentantur,
3253 5520 3320 5574 ad
3361 5533 3482 5590 quae

1914 5633 2121 5697 spectat
2145 5623 2437 5681 Dectaratio
2467 5622 2634 5678 celatis
2661 5632 2820 5687 supra
2848 5618 3284 5672 commemorata.

2159 5863 2267 5887 mm."
2279 5869 2305 5883 α
2365 5875 2370 5879 ν
2394 5861 2430 5877 δ
