4040 6324
567 281 666 338 211

1376 285 1802 344 DECLAMTIO
1829 282 2098 344 .‘ETATIS
2136 287 2332 344 CODD.
2367 288 3012 346 MANUSCRIPTORUM.

3713 289 3821 347 ΞΜ.

849 545 1484 625 .DEGLARATIO
1556 547 1942 624 IETATIS
2015 546 2462 624 CODICUM
2539 490 3492 630 MANUSGRIPTORUM.

1029 975 1240 1031 Codices
1267 977 1445 1046 prima!
1474 977 1676 1032 tabulae.

627 1107 918 1181 [caxxxvu]
955 1109 997 1163 ι.
1029 1108 1184 1164 Circa
1213 1111 1444 1180 speciem
1472 1111 1797 1168 characteris
1818 1111 2018 1166 codicis
2038 1111 2137 1167 Va-

555 1200 720 1254 ticani
744 1215 890 1255 num.
925 1199 953 1252 1
984 1200 1239 1256 delineati
1269 1217 1377 1256 non
1424 1217 1526 1260 una
1572 1209 1654 1256 est
1679 1201 1822 1271 apud
1847 1203 2135 1272 scriptores

554 1292 929 1361 diplomaticos
951 1294 1154 1362 opinio,
1186 1301 1245 1348 ut
1268 1293 1428 1350 docet
1454 1293 1791 1350 Mabillonius
1813 1301 1944 1348 tom.
1975 1294 1997 1348 I
2027 1302 2135 1349 tra-

554 1389 732 1438 ctatus
775 1382 837 1437 de
888 1382 963 1438 Re
991 1383 1340 1453 diplomatica,
1391 1399 1509 1454 pag.
1556 1384 1678 1450 487,
1709 1400 1830 1440 cum
1859 1385 2024 1453 aliqui
2068 1384 2134 1438 ad

553 1475 809 1530 saeculum
827 1492 918 1531 vm
938 1476 1191 1544 referant,
1222 1479 1313 1532 alii
1340 1495 1389 1533 vr
1432 1479 1627 1534 saeculo
1656 1494 1894 1534 comvum
1922 1487 2127 1548 putent.

623 1565 687 1619 II.
728 1566 788 1621 In
815 1567 1002 1622 eadem
1047 1568 1357 1638 opinionum
1405 1571 1663 1623 varietate
1713 1578 1955 1623 versatur
1986 1569 2132 1638 judi~

553 1657 695 1712 cium
736 1658 983 1712 secunda:
1041 1659 1238 1728 speciei
1291 1660 1616 1714 characteris
1671 1659 1872 1713 codicis
1924 1659 2134 1715 Sanctae

553 1748 736 1804 Crucis
781 1750 834 1802 in
859 1747 1155 1804 Jerusalem
1195 1765 1341 1804 num.
1373 1750 1409 1802 2
1446 1750 1636 1819 positi,
1668 1749 1977 1804 Mabillonio
2015 1749 2132 1818 ipso

551 1848 710 1906 teste,
759 1840 885 1895 dum
923 1831 1133 1896 similes
1149 1842 1346 1896 formas
1375 1843 1644 1898 exhibeat.
1695 1841 1813 1895 Vid.
1866 1851 1995 1897 tom.
2042 1841 2128 1907 III,

549 1943 671 1998 pag.
698 1929 766 1983 40
789 1939 845 1985 et
864 1930 949 1995 41,
974 1947 1171 2000 easque
1192 1932 1258 1986 ad
1286 1933 1538 1986 saeculum
1559 1948 1630 1986 vn
1655 1932 1742 1987 vel
1769 1947 1857 1986 vm
1885 1940 2133 2001 spectare

549 2020 666 2089 ejus
693 2021 914 2077 inclinat
934 2024 1222 2077 sententia.

615 2112 702 2167 IIl.
744 2112 923 2168 Tertia
955 2115 1162 2183 species
1198 2115 1525 2170 characteris
1552 2115 1752 2170 codicis
1780 2115 1998 2183 capituli
2027 2115 2131 2170 Ve—

545 2204 788 2258 ronensis
836 2220 982 2258 num.
1016 2205 1049 2258 5
1077 2205 1190 2260 visa
1217 2213 1299 2260 est
1343 2205 1642 2260 clarissimo
1682 2204 1978 2259 marchioni
2005 2204 2126 2260 Sci-

543 2295 691 2363 pioni
720 2294 930 2350 Maifeio
958 2295 1196 2364 ejusdem
1233 2298 1408 2352 aetatis
1444 2312 1506 2352 ac
1548 2297 1853 2372 superiores
1880 2296 2123 2362 codices;

2146 985 2212 1046 Ἀ

2701 985 2910 1042 Codices
2942 990 3102 1053 tertia:
3129 991 3336 1052 tabulis.

2312 1071 2446 1137 XIV,
2479 1072 2589 1129 XV.
2623 1074 2699 1131 De
2726 1086 2885 1137 aetate
2913 1078 3534 1146 codicumbibliothccm
3562 1085 3814 1152 Vallicel-

2239 1165 2393 1231 lanae,
2423 1181 2654 1234 quorum
2681 1169 2952 1239 specimen
2974 1188 3120 1233 num.
3151 1173 3219 1228 14
3247 1183 3303 1232 et
3323 1174 3391 1230 15
3410 1177 3659 1246 traditur,
3684 1181 3816 1240 mihi

2237 1273 2345 1320 non
2377 1266 2460 1314 est
2501 1259 2869 1329 laborandum,
2901 1272 2961 1318 ut
2999 1264 3294 1334 inquiram;
3343 1272 3617 1338 praecessit
3670 1275 3815 1330 enim

2231 1347 2488 1416 judicium
2517 1351 2860 1410 eruditissimi
2887 1355 2990 1412 viri
3012 1355 3232 1428 Josephi
3259 1357 3576 1429 Blancbinii,
3609 1365 3703 1432 qui
3747 1366 3816 1424 ad

2237 1439 2486 1492 szeculum
2516 1457 2569 1494 ιιι
2598 1442 2681 1496 vel
2714 1460 2786 1502 xu
2806 1445 3075 1516 pertinere
3101 1446 3405 1508 afﬁrmavit.

2309 1529 2444 1586 XVI.
2485 1531 2702 1602 Species
2727 1536 3048 1592 characteris
3075 1539 3274 1595 codicis
3299 1541 3543 1597 Vaticani
3575 1559 3721 1598 num.
3748 1543 3817 1598 19

2235 1624 2430 1691 signati
2458 1627 2778 1682 concinnata
2807 1628 3020 1685 videtur
3044 1631 3185 1687 circa
3211 1633 3461 1688 saeculum
3493 1648 3606 1690 xm.
3639 1637 3814 1707 Aliqui

2236 1713 2464 1774 fortasse
2483 1716 2642 1785 paulo
2670 1719 2996 1775 anteriorem
3012 1720 3344 1790 judicabant.

2307 1806 2462 1862 XVII.
2505 1808 2778 1866 Tardioris
2821 1814 2942 1877 aevi,
2987 1814 3194 1871 scilicet
3234 1817 3414 1880 saecidi
3443 1834 3550 1885 xiv,
3600 1820 3645 1876 si
3694 1820 3816 1890 quis

2233 1908 2450 1968 putaret
2473 1901 2749 1976 [CLXXXIX)
2781 1903 3024 1961 codicem
3043 1908 3358 1964 monasterii
3383 1907 3568 1974 Sancti
3595 1910 3786 1968 Colum

2233 1990 2358 2051 bani
2415 1991 2692 2052 Bobiensis
2733 2011 2882 2060 num.
2920 1996 3008 2063 17,
3036 2013 3067 2052 a
3113 2000 3341 2060 veritate
3369 2017 3478 2060 non
3505 2002 3811 2069 recederet,

2233 2084 2390 2138 nulla:
2427 2085 2691 2156 siquidem
2719 2095 2860 2142 notae
2889 2090 3081 2160 prioris
3109 2093 3367 2162 temporis
3394 2093 3541 2150 ineo
3589 2096 3811 2166 senapi-

2231 2175 2466 2232 ciuntur.

2307 2264 2486 2322 XVIII.
2519 2265 2685 2324 Multo
2707 2271 3060 2340 antiquiorem
3083 2272 3321 2332 dicerem
3345 2275 3587 2332 codicem
3613 2276 3807 2335 biblio-

545 2357 738 2458 nempe
761 2390 906 2458 quod
935 2357 1072 2444 inter
1098 2406 1169 2444 vn
1202 2400 1258 2444 et
1283 2407 1373 2444 vm
1419 2357 1669 2445 smculuin
1696 2391 1766 2444 sit
1791 2357 2122 2445 collocanda.
2159 2374 2203 2432 Β
2235 2358 2400 2458 the“
2429 2357 2638 2458 sane?
2665 2360 2851 2418 emas
2871 2364 2926 2420 in
2950 2363 3247 2458 ³θω³³ιεω
3266 2384 3411 2426 num’
3429 2368 3496 2421 18
3515 2370 3808 2445 “gnatum

609 2479 697 2533 IV.
743 2480 817 2538 De
836 2495 952 2534 aevo
973 2481 1171 2535 codicis
1199 2481 1327 2534 olim
1357 2476 1576 2549 capituli
1619 2478 1942 2535 Urbcvctani
1974 2495 2117 2534 num.

540 2571 594 2634 4,
624 2585 767 2624 nunc
795 2571 935 2640 apud
961 2572 1442 2627 eminentissimum
1470 2571 1794 2626 cardiualem
1814 2571 1880 2626 de
1901 2572 2116 2627 Zelada.

540 2676 649 2715 non
676 2669 761 2714 est
787 2661 1176 2727 ambigendum,
1210 2678 1330 2716 cum
1372 2664 1426 2715 in
1467 2662 1658 2717 eodem
1685 2663 1891 2731 legatur
1919 2665 2120 2718 exscri-

538 2760 665 2822 ptus
689 2751 896 2807 Joanne
921 2751 995 2806 IX
1022 2753 1294 2822 pontiﬁce.
1319 2753 1522 2808 .Tenuit
1549 2763 1726 2809 autem
1753 2754 1987 2810 Joannes
2012 2755 2120 2810 Ro-

537 2855 754 2898 manum
779 2844 1112 2915 pontiﬁcium
1140 2848 1208 2901 ab
1245 2862 1387 2901 anno
1415 2846 1518 2908 902
1555 2847 1624 2902 ad
1659 2864 1858 2903 annum
1885 2848 2006 2904 905.

975 2937 1187 2994 Codices
1209 2939 1449 2994 secunda:
1471 2938 1676 2995 tabulae.

609 3027 672 3080 V.
713 3028 966 3084 Succedit
991 3046 1139 3085 num.
1172 3029 1206 3082 5
1232 3032 1501 3100 specimen
1531 3033 1854 3089 characteris
1899 3035 2119 3090 alterius

541 3117 743 3174 codicis
770 3119 1010 3175 Vaticani
1054 3121 1246 3190 signat.
1278 3138 1426 3176 num.
1475 3121 1600 3190 248,
1631 3123 1781 3196 cujus
1834 3133 1962 3180 mtas
2008 3142 2115 3184 non

539 3211 680 3265 ultra
734 3229 768 3266 x
812 3212 1067 3267 saeculum
1096 3229 1125 3267 a
1155 3214 1342 3283 peritis
1387 3215 1633 3285 ponitur,
1672 3217 1760 3272 vel
1811 3218 1963 3274 initio
2012 3235 2114 3274 sa:-

534 3300 639 3355 culi
669 3317 739 3354 xt.

603 3389 688 3443 VI.
721 3389 904 3446 Serius
929 3400 1012 3446 est
1031 3394 1336 3462 scriptionis
1365 3410 1532 3464 genus
1559 3399 1760 3454 codicis
1779 3399 2114 3455 bibliothecae

529 3479 840 3552 [caxxxvm]
879 3481 1062 3538 Sancti
1089 3483 1253 3540 Marci
1283 3487 1627 3543 Venetiarum
1674 3506 1820 3544 num.
1853 3490 1886 3543 6
1916 3491 2114 3545 Roma-

529 3584 650 3633 nam
672 3569 894 3625 formam
923 3573 1181 3628 exhibens
1209 3575 1450 3643 nitidam,
1495 3580 1786 3650 paucisque
1811 3581 1960 3648 siglis
1982 3597 2113 3637 con-

529 3665 775 3713 tractam.
805 3661 914 3716 Nec
942 3679 1040 3718 nos
1086 3663 1220 3719 fallit
1264 3676 1390 3722 nota
1438 3671 1612 3726 aetatis
1662 3672 1715 3725 in
1765 3671 1871 3727 ﬁne
1907 3672 2113 3728 codicis

529 3752 794 3819 apposita,
823 3769 1014 3823 nempe
1042 3772 1183 3832 anno
1214 3757 1371 3812 1158.

598 3839 706 3893 VII.
741 3842 1011 3898 Absimilis
1039 3863 1144 3902 non
1175 3858 1259 3903 est
1285 3851 1507 3918 scriptio
1535 3853 1912 3923 subsequentis
1951 3855 2104 3910 codi-

527 3932 608 3986 cis
633 3931 868 4000 ejusdem
894 3935 1230 3993 bibliothecae
1259 3939 1442 3994 Sancti
1477 3940 1642 3996 Marci
1669 3958 1818 3997 num.
1852 3945 1882 3997 7
1911 3947 2100 4014 positi;

527 4022 650 4078 ideo
688 4041 921 4082 scaevum
952 4031 1298 4098 praecedentis
1337 4033 1676 4087 arbitramur.

593 4113 720 4169 VIII.
751 4115 900 4173 Haud
929 4120 1062 4175 levis
1097 4129 1181 4176 est
1203 4121 1505 4176 differentia
1530 4123 1858 4181 characteris
1900 4127 2102 4182 codicis

517 4202 855 4264 biinOthecaa
884 4209 1153 4265 Vaticana:
1182 4212 1308 4264 olim
1339 4211 1634 4268 Succorum
1664 4216 1858 4282 reginae
1886 4233 2032 4271 num.
2064 4217 2100 4271 8

520 4296 769 4368 descripti
807 4315 837 4354 a
856 4301 1220 4369 superioribus
1259 4303 1531 4359 codicibus
1553 4305 1890 4362 bibliothecas
1915 4307 2097 4364 Sancti

517 4381 680 4442 Marci
709 4388 1074 4454 Venetiarum,
1099 4406 1220 4444 cum
1251 4392 1367 4460 ejus
1395 4395 1577 4464 apices
1603 4399 1989 4456 contractiores
2015 4402 2096 4455 vi-

516 4473 758 4534 deantur.
809 4477 986 4545 Quare
1013 4478 1128 4547 ejus
1164 4488 1378 4536 :ctatem
1419 4485 1674 4541 saeculum
1716 4503 1808 4543 xm
1853 4491 2094 4559 attigisse

514 4566 760 4625 dicimus.

580 4658 669 4712 IX.
711 4658 892 4715 Codex
919 4658 1127 4717 Sanctis
1151 4663 1338 4722 Crucis
1374 4668 1427 4722 in
1444 4667 1744 4728 Jerusalem
1773 4689 1923 4728 num.
1954 4673 1989 4727 9
2011 4676 2087 4731 si-

507 4756 702 4815 gnatus
730 4762 902 4815 neque
931 4749 1072 4807 inter
1098 4756 1444 4824 antiquiores,
1470 4776 1569 4816 nec
1588 4761 1730 4818 inter
1755 4766 2090 4833 posteriores

507 4839 850 4907 collocamus,
881 4858 1004 4899 cum
1048 4849 1325 4917 scripturae
1352 4850 1521 4908 forma
1580 4864 1635 4910 et
1686 4861 2088 4916 contractiones

505 4930 682 4985 szcculi
713 4947 804 4988 xm
831 4936 1100 4992 scribendi
1127 4954 1332 4994 morem
1361 4944 1721 5010 praeseferant.

575 5020 641 5086 X,
681 5020 767 5086 XI,
801 5021 912 5086 XII,
941 5024 1349 5094 XIII.'Quatuor
1373 5035 1578 5101 species
1606 5038 1909 5107 scriptionis
1933 5040 2079 5096 Lon-

2230 2447 2401 2502 forma
2425 2451 2563 2508 enim
2588 2451 2886 2508 litterarum
2909 2457 3163 2516 saeculum
3189 2474 3268 2514 xu
3283 2459 3368 2516 vel
3395 2459 3603 2522 initium
3630 2464 3810 2521 saeculi

2230 2551 2323 2590 xm
2363 2539 2624 2607 ostendit;
2675 2550 2836 2611 atque
2866 2544 2939 2599 ita
2969 2549 3136 2602 sensit
3161 2550 3612 2610 eminentissimus
3632 2553 3807 2607 cardi-

2229 2629 2363 2682 nalis
2385 2629 2649 2697 Besutius,
2680 2635 2771 2701 qui
2798 2632 3105 2706 frequenter
3132 2639 3347 2698 'codices
3367 2657 3494 2706 mss.
3519 2643 3806 2698 hibliothe~

2227 2737 2304 2776 cae
2333 2723 2570 2790 ejusdem
2593 2742 2700 2794 przc
2730 2729 2976 2786 manibus
2997 2731 3203 2788 habuit.

2300 2815 2437 2870 XIX.
2469 2817 2578 2874 Nec
2607 2818 2672 2874 ab
2699 2819 2938 2889 ejusdem
2964 2824 3247 2882 cardinalis
3263 2825 3465 2895 judicio
3484 2827 3806 2891 recedimus,

2227 2923 2350 2962 cum
2375 2907 2440 2963 de
2468 2915 2628 2963 (etate
2653 2909 2856 2966 codicis
2888 2911 2955 2965 99
2975 2927 3135 2982 agere
3166 2915 3488 2981 debeamus;
3510 2931 3634 2972 cum
3661 2917 3805 2972 enim

2225 2997 2296 3064 ad
2344 2999 2596 3054 sicculum
2643 3017 2717 3056 xu
2761 3017 2879 3059 esse
2927 3004 3260 3068 referendum
3301 3022 3397 3064 sua
3434 3023 3596 3066 manu
3635 3009 3803 3064 adno~

2227 3093 2378 3146 tavit.

2298 3184 2412 3239 XX.
2444 3187 2522 3241 Ad
2552 3191 2898 3246 velustiorcm
2928 3191 3224 3248 litterarum
3265 3191 3491 3247 formam
3519 3192 3698 3248 saeculi
3725 3194 3800 3247 vi.

2224 3275 2421 3332 delicet
2456 3294 2510 3333 1x
2543 3281 2751 3336 accedit
2788 3282 2989 3338 codicis
3018 3282 3345 3340 Veronensis
3391 3285 3614 3354 scriptio
3649 3301 3797 3339 num.

2221 3362 2312 3428 20,
2337 3373 2392 3419 et
2420 3367 2557 3424 hanc
2603 3369 2656 3423 in
2682 3370 2884 3439 judicio
2912 3373 3226 3442 praelaudati
3254 3377 3579 3432 marchionis
3623 3376 3800 3434 Maﬂei

2221 3456 2530 3524 opinionem
2559 3461 2848 3528 sequimur.
2877 3461 3036 3518 Certe
3061 3465 3364 3533 hujusmodi
3391 3466 3609 3522 codices
3637 3482 3796 3522 vene-

2220 3545 2442 3600 randam
2472 3549 2757 3616 quamdam
2785 3554 3160 3622 antiquitatem
3187 3557 3554 3627 pricseferunt.

2666 3662 2876 3719 Codices
2899 3677 3096 3737 qnam:
3125 3668 3328 3724 tabulae.

2137 3743 2185 3806 ε
2287 3774 2426 3828 XXI.
2457 3775 2573 3851 Non
2603 3777 2856 3834 auderem
2885 3780 3128 3836 codicem
3158 3784 3566 3839 eminentissimi
3597 3784 3664 3838 de
3691 3783 3793 3838 Ze-

2213 3862 2338 3917 lada
2366 3865 2518 3933 cujus
2546 3867 2817 3936 specimen
2866 3876 2951 3923 est
3002 3871 3101 3925 sub
3128 3887 3274 3925 num.
3329 3872 3414 3937 21,
3460 3873 3792 3943 superiorem

2211 3954 2409 4009 saeculo
2444 3972 2534 4010 xm
2559 3956 2844 4024 alﬁrmare,
2877 3959 3021 4027 quod
3052 3962 3193 4016 nulla
3222 3964 3532 4018 vetustioris
3565 3965 3663 4018 :evi
3693 3980 3790 4018 ve-

2153 4054 2156 4058 ‘
2209 4045 2367 4111 stigia
2397 4047 2451 4100 in
2481 4047 2648 4102 forma
2677 4050 2887 4119 apicum
2910 4052 3279 4127 inspicientur.

2281 4134 2438 4190 XXII.
2471 4136 2558 4190 Ad.
2581 4139 2820 4194 eamdem
2847 4142 3056 4196 accedit
3093 4152 3310 4199 aetatem
3355 4145 3525 4200 codex
3567 4147 3789 4216 capituli

2205 4227 2551 4293 Veronensis,
2567 4229 2715 4297 cujus
2736 4230 2906 4286 forma
2933 4235 3206 4303 scripturae
3226 4251 3372 4290 num.
3397 4235 3469 4290 Ἡ
3481 4237 3782 4291 exhibetur.

2205 4319 2395 4375 Modus
2418 4323 2690 4377 scribendi
2719 4323 2992 4380 Romanus
3012 4327 3066 4381 in
3095 4335 3326 4398 utroque
3347 4329 3536 4385 codice
3565 4339 3787 4400 apparet

2202 4410 2346 4466 inter
2369 4413 2628 4467 saeculum
2653 4423 2726 4469 x11
2755 4426 2809 4470 et
2837 4433 2928 4472 xm
2949 4417 3198 4473 usitatus.

2272 4501 2452 4557 XXIII.
2494 4503 2741 4574 Speciem
2769 4508 2933 4564 etiam
2967 4511 3274 4580 scriptionis
3301 4512 3662 4579 semigothica:
3688 4527 3784 4567 co-

2200 4591 2338 4648 dicis
2366 4593 2688 4650 Lectionarii
2719 4596 2934 4654 Sanctae
2967 4598 3153 4657 Crucis
3200 4602 3254 4656 in
3295 4601 3590 4658 Jerusalem
3629 4620 3778 4658 num.

2196 4680 2267 4736 2'5
2295 4682 2551 4738 delincari
2592 4688 2912 4756 curavimus,
2959 4706 3128 4760 quam
3165 4693 3449 4762 peritiores
3490 4695 3778 4762 antiquarii

2193 4775 2389 4830 Baculo
2417 4792 2505 4830 xlv
2530 4777 2790 4835 tribuunt.

2269 4867 2446 4922 XXIV.
2481 4868 2616 4925 Huic
2635 4873 2988 4942 synchronus,
3018 4875 3104 4930 vel
3133 4875 3294 4946 paulo
3319 4876 3569 4946 superior
3592 4875 3780 4934 dicen-

2192 4957 2296 5012 dus
2320 4960 2424 5013 erit
2451 4959 2622 5015 codex
2643 4961 2984 5020 Sublacensis
3008 4981 3157 5021 num.
3183 4965 3252 5020 24
3270 4968 3494 5037 positus.

2262 5047 2421 5115 XXV,
2449 5048 2630 5116 XXVI,
2664 5051 2866 5110 XXV-ll.
2901 5053 3034 5112 Tres
3075 5066 3365 5133 sequentes
3402 5059 3774 5115 characterem

502 5113 820 5218 Sotiiil'difm:
844 5129 976 5218 quiis
1005 5118 1104 5174 Sub
1118 5122 1386 5218 bunum,
1414 5123 1498 5190 11,
1523 5125 1608 5193 12,
1633 5128 1720 5196 15,
1743 5132 2075 5201 exhibemus,
2106 5111 2162 5171 Ῑ)
2189 5111 2654 5211 ίοινιῐιωξᾳιιεινιιιιι
2680 5147 2851 5215 prima
2873 5165 3020 5203 num.
3048 5111 3124 5203 2757
3153 5111 3239 5205 est
3265 5111 3771 5218 codicisVa‘ticaiii,

499 5206 544 5260 si
577 5204 706 5260 ﬁdes
726 5205 970 5266 habenda
1007 5219 1089 5266 est
1115 5211 1422 5272 Mabillonio
1444 5226 1574 5274 tom.
1597 5220 1684 5286 III,
1709 5237 1830 5293 pag.
1863 5225 1984 5293 352,
2013 5229 2079 5284 de

503 5295 580 5358 Re
627 5296 978 5367 diplomatica,
1009 5304 1204 5360 eiecqu
1242 5322 1298 5363 ix
1324 5307 1695 5381 destinantur;
1737 5324 1885 5372 tanta
1930 5320 2076 5374 enim

499 5399 608 5440 non
631 5394 714 5441 est
735 5389 872 5443 inter
892 5390 1038 5460 ipsos
1060 5394 1399 5456 characteres
1421 5403 1670 5470 varietas,
1695 5416 1755 5462 ut
1772 5409 1840 5464 ad
1864 5410 2076 5467 diversa

500 5480 740 5546 tempora
766 5479 958 5538 referri
984 5483 1233 5544 debeant.

2189 5235 2360 5290 altera
2396 5236 2597 5292 codicis
2631 5239 2871 5295 ecclesiis
2899 5241 3200 5306 Veliternae,
3255 5251 3312 5298 et
3366 5243 3523 5298 tertia
3571 5242 3775 5298 codicis

2189 5324 2532 5382 bibliotheca:
2557 5327 2742 5384 Sancti
2792 5329 3004 5386 Martini
3029 5332 3379 5388 Lovaniensis
3417 5348 3567 5387 num.
3609 5331 3682 5385 96
3721 5340 3773 5387 et

2187 5412 2279 5480 2‘1,
2335 5417 2578 5484 quamvis
2628 5417 2916 5478 dissimiles
2966 5423 3028 5477 in-
3068 5423 3266 5479 seculo
3314 5439 3384 5478 xv
3431 5429 3557 5478 sunt
3595 5420 3770 5480 collo-

2187 5505 2398 5564 eandm.
