2020 3162
280 174 332 202 225

885 172 912 198 S.
934 169 1052 197 MAXIMI
1073 165 1296 195 TAURINENSIS

1856 160 1909 187 ’ὶὶι

280 232 368 259 luutas
381 229 498 257 donandi
522 229 638 262 deﬁciat,
656 236 736 264 quam
762 228 910 256 substantia
925 225 1064 260 largiendi.
1081 226 1104 254 Δ
1119 239 1208 262 tamen
1220 233 1324 267 longius
1335 241 1349 259 δ
1365 231 1504 259 εθιγςιιοιιε
1519 233 1667 265 separatur.
1685 228 1738 255 Nec
1749 229 1908 255 societatem

281 274 344 303 Hinc
357 279 444 302 autem
460 274 519 301 ideo
534 273 649 301 sollicite
666 274 767 300 faciunt
780 295 787 307 ,
801 273 862 308 quia
874 272 1002 307 majorem
1017 271 1067 298 sibi

279 320 525 348 remunerationem
540 328 590 355 pro
604 320 654 347 hac
676 319 857 347 sollicitudine
872 322 982 353 sperant
996 317 1067 344 futu-

279 373 346 393 ram.
362 365 390 392 Si
404 372 480 399 ergo,
496 364 609 399 fratres,
624 365 715 392 sazculi
729 365 806 392 istius
820 364 943 392 homines
957 368 1068 398 propter

278 411 417 446 praesentis
440 411 551 438 honoris
575 411 689 445 gloriam
708 412 807 438 terreni
823 410 893 444 regis
907 410 948 437 sui
971 408 1067 436 natalis

279 455 351 484 diem
374 460 448 483 tanta
465 460 478 474 λ
492 456 659 490 apparitione
678 456 827 490 suscipiunt
843 464 849 482 ε
866 455 880 474 ιι
893 459 992 490 quanta
1017 462 1067 482 nos

278 501 450 529 accuratione
464 502 558 528 teterui
578 501 648 536 regis
663 501 749 529 nostri
759 500 823 528 Jesu
835 500 935 528 Christi
948 500 1066 527 natalem

277 547 414 581 suscipere
437 547 568 574 debemus
580 568 588 580 ,
603 547 649 582 qui
668 554 718 582 pro
737 547 882 574 devotione
904 549 997 573 nostra
1012 554 1066 573 non

280 592 360 619 nobis
374 593 551 627 temporalem
570 593 700 627 largietur
713 592 825 627 gloriam
834 613 841 626 ,
853 591 901 620 sed
915 596 1044 619 aeternam
1057 600 1064 624 ;

238 657 242 658 ν
277 645 328 666 nec
338 639 440 666 terreni
452 639 565 666 honoris
576 638 836 666 administrationem
847 637 930 671 dabit,
941 644 1000 672 qua:
1010 644 1067 664 suc-

277 691 386 712 cessore
400 683 501 718 ﬁnitur,
512 684 559 712 sed
570 685 688 712 caelestis
702 685 809 719 imperii
824 684 994 717 dignitatem,
1006 691 1066 718 quae

276 738 329 757 non
353 730 435 758 habet
452 735 464 750 ³
477 731 677 758 successorem?
698 730 789 763 Qualis
808 734 896 758 autem
911 730 924 748 ἀ
941 737 1065 757 remune-

276 775 347 802 ratio
362 779 454 803 nostra
468 775 502 802 sit
518 775 617 809 futura,
632 775 698 802 dicit
716 776 849 810 propheta
866 784 873 801 :
887 773 955 806 Quia
975 774 1065 801 oculus

276 830 328 849 non
342 822 416 856 vidit,
431 830 480 848 nec
496 822 566 848 auris
579 822 687 854 audiuit,
700 830 745 848 nec
757 822 784 848 in
796 829 840 848 cor
853 821 964 848 hominis
973 827 1065 846 ascen-

275 868 324 902 dit,
337 876 395 903 qute
408 868 554 903 preparavit
577 867 646 894 Deus
661 867 826 903 diligentibus
847 875 874 894 se
889 866 976 902 (Isai.
993 874 1064 899 Lxlv,

1119 280 1219 307 habere
1234 282 1360 314 poterunt
1371 276 1522 305 immundus
1534 281 1562 303 et
1573 279 1690 308 sanctus,
1707 282 1803 302 avarus
1817 278 1845 302 et
1855 275 1908 301 mi-

1118 325 1234 352 sericors
1246 344 1253 355 ,
1270 327 1411 358 corruptus
1425 326 1453 349 et
1468 322 1543 356 virgo
1555 342 1562 354 ,
1578 321 1629 348 nisi
1641 320 1712 355 quod
1734 320 1819 353 magis
1832 320 1909 353 iuge-

1100 361 1103 363 .
1119 369 1203 396 rendo
1216 377 1245 396 se
1260 368 1383 402 indignus
1397 366 1573 395 oll‘ensionem
1594 365 1740 398 contrahit,
1753 371 1814 392 cum
1828 364 1910 391 mini-

1118 422 1163 442 me
1190 422 1219 442 se
1244 414 1390 448 cognoscit.
1409 412 1418 432 1
1436 413 1502 439 Dum
1515 412 1587 440 enim
1601 411 1658 438 vult
1679 410 1814 438 ofﬁciosus
1826 417 1903 441 esse.

1119 460 1264 495 injuriosus
1276 459 1369 487 existit
1385 467 1391 485 :
1407 459 1475 486 sicut
1490 458 1534 485 ille
1549 458 1575 485 in
1588 456 1734 491 Evangelio
1745 456 1802 490 qui,
1815 456 1841 483 in
1856 464 1910 483 em-

1119 510 1147 533 tu
1158 510 1311 534 sanctorum
1332 505 1467 535 invitatus,
1483 503 1516 531 ad
1530 500 1635 537 nuptias
1651 502 1742 529 venire
1764 509 1844 529 ausus
1867 505 1909 528 est

1117 555 1221 579 vestem
1236 558 1290 578 non
1301 551 1403 578 habens
1417 549 1564 585 nuptialem
1580 547 1688 584 (Matth.
1704 555 1738 580 u;
1755 555 1824 579 xxu;
1840 547 1907 574 Luc.

1117 604 1161 624 xw
1176 596 1201 631 );
1213 600 1242 624 et
1255 603 1316 623 cum
1329 596 1397 623 alius
1411 595 1510 622 niteret
1521 593 1635 629 justitia,
1649 594 1716 620 alius
1732 593 1834 620 luceret
1844 591 1908 623 ﬁde,

1117 641 1185 669 alius
1200 641 1325 669 castitate
1332 640 1456 675 fulgeret,
1468 640 1512 667 ille
1522 639 1595 667 solus
1609 638 1780 666 conscientiae
1790 638 1909 666 fwditate

1116 687 1246 723 pollutus,
1257 686 1362 720 cunctis
1375 685 1578 720 splendentibus
1592 684 1707 720 deformi
1715 683 1830 711 horrore
1847 691 1909 711 sor-

1116 733 1198 761 debat
1213 742 1219 760 :
1236 737 1264 760 et
1277 732 1384 767 quando
1397 731 1457 766 plus
1475 730 1554 758 simul
1568 729 1792 759 discumbentium
1811 728 1909 756 beato-

1116 787 1176 806 run
1191 778 1324 806 candebat
1342 777 1479 808 sanctitas,
1494 781 1570 815 tanto
1583 775 1668 809 magis
1688 778 1860 810 peccatorum
1876 775 1909 802 il-

1117 824 1169 852 lius
1183 824 1330 860 apparebat
1344 823 1512 858 improbitas,
1522 822 1567 856 qui
1578 825 1703 856 potuerat
1714 820 1802 847 minus
1815 820 1909 855 displi-

1117 870 1204 898 cuisse
1228 869 1339 897 forsitan
1351 888 1359 901 ,
1383 868 1404 895 si
1421 868 1447 894 in
1462 866 1627 895 consortium
1646 865 1781 900 justorum
1797 865 1909 892 minimc

276 918 300 940 et
312 913 328 940 I
339 913 398 942 Cor.
414 922 432 940 u
444 914 463 947 ).
480 913 581 946 Quibus
597 914 760 941 indumentis
775 921 825 941 nos
844 913 970 940 exornari
984 920 1066 948 opor-
1080 911 1104 942 B
1117 924 1147 944 se
1162 916 1289 944 dedisset.
1315 914 1462 949 Propterea
1485 919 1549 946 ergo
1568 912 1688 939 sublatus
1702 916 1722 929 π·
1737 911 1859 938 manibus
1881 915 1909 937 et

277 964 325 988 tet.
341 959 418 993 Quod
433 964 522 986 autem
544 959 661 987 diximus
681 967 742 993 nos,
762 960 814 987 hoc
830 963 873 986 est
890 959 993 986 animas
1014 967 1065 986 no-

275 1011 354 1038 stras,
369 1006 431 1040 quia
444 1013 492 1032 rex
504 1010 596 1032 noster
607 1004 731 1032 Christus
749 1012 802 1032 non
817 1009 872 1031 tam
888 1004 1004 1032 nitorem
1019 1011 1065 1032 ve-

275 1052 366 1085 stium,
382 1059 462 1087 quam
476 1052 624 1079 animarum
639 1051 751 1086 requirit
764 1042 899 1084 aﬁ'eclum,
916 1058 967 1078 nec
980 1051 1065 1086 inspi-

275 1098 312 1125 cit
338 1101 494 1132 ornamerrta
520 1104 663 1132 corporum
677 1116 684 1128 ,
706 1096 753 1123 sed
777 1096 964 1124 considerat.e
984 1096 1065 1123 corda

275 1143 448 1175 meritorum;
465 1149 515 1170 nec
525 1141 627 1175 fragilis
640 1141 739 1176 cinguli
754 1141 942 1176 pnecingentis
959 1140 1066 1169 lumbos

275 1188 467 1223 operositatem
482 1187 604 1219 miratur,
620 1186 668 1214 sed
680 1186 758 1214 fortis
772 1186 939 1214 castimonia:
952 1186 1065 1214 restrin-

276 1233 363 1267 gentis
374 1233 512 1260 libidinem
527 1232 560 1260 ad
573 1232 727 1267 pudicitiam
741 1232 801 1267 plus
816 1232 939 1259 miratur.
955 1231 1066 1259 Ambia-

279 1285 339 1305 mus
353 1284 417 1312 ergo
433 1277 546 1305 inveniri
557 1281 619 1305 ante
634 1278 719 1312 ipsum
734 1278 841 1313 probati
857 1277 924 1311 ﬁde,
943 1278 952 1296 1
966 1278 1067 1312 compti

276 1324 478 1357 misericordia,
494 1324 613 1352 moribus
634 1329 646 1348 8
668 1325 786 1352 accurati
809 1334 815 1351 :
843 1328 871 1352 et
893 1324 939 1358 qui
964 1324 1067 1351 ﬁdelius

277 1369 414 1398 Christum
428 1370 523 1405 diligit,
536 1370 645 1398 nitidius
655 1378 685 1398 se
698 1371 886 1398 mandatorum
898 1370 957 1405 ejus
974 1370 1067 1397 obser-

279 1415 388 1444 vatione
402 1420 548 1451 componat
558 1437 565 1449 ,
582 1420 612 1443 ut
626 1416 639 1434 ιι
653 1424 717 1444 vere
727 1416 786 1445 ’nos
811 1417 839 1443 in
859 1424 888 1444 se
902 1416 1013 1455 credere
1028 1416 1066 1443 vi-

278 1462 356 1495 deat,
378 1470 439 1490 cum
454 1462 491 1489 ita
512 1462 539 1489 in
554 1461 612 1496 ejus
630 1462 803 1489 solemnitate
818 1462 950 1496 fulgemus
962 1483 970 1494 ,
990 1466 1019 1489 et
1033 1469 1067 1489 eo

279 1508 364 1542 magis
386 1508 462 1536 la2tus
477 1508 511 1535 sit
526 1515 642 1543 quo-nos
656 1509 824 1543 perspexerit
835 1508 966 1543 puriores.
980 1508 1067 1543 Atque

279 1553 341 1581 ideo
366 1558 428 1581 ante
451 1554 603 1589 complures
623 1554 680 1582 dies
698 1556 704 1573 1
722 1555 901 1583 castilicemus
921 1555 1003 1582 corda
1019 1562 1067 1582 no-

1118 962 1240 997 pedibus,
1256 961 1283 988 in
1298 960 1424 988 tenebras
1445 959 1595 986 exteriores
1613 957 1771 992 expellitur,
1788 964 1841 984 non
1860 963 1907 983 so-

1117 1008 1173 1035 lum
1185 1007 1257 1042 quod
1267 1010 1394 1042 peccator
1405 1009 1474 1038 erat,
1489 1004 1536 1031 sed
1543 1004 1606 1038 quia
1616 1011 1678 1031 cum
1688 1006 1816 1037 peccator
1825 1006 1908 1035 esset,

1117 1052 1268 1081 sanctitatis
1289 1051 1339 1079 sibi
1361 1050 1487 1078 meritum
1503 1049 1665 1087 vindicabat.
1681 1048 1764 1082 Igitur
1776 1069 1784 1081 ,
1800 1047 1907 1080 fratres,

1116 1099 1268 1134 suscepturi
1287 1097 1403 1125 natalem
1416 1102 1428 1115 ιι
1441 1096 1546 1124 Domini
1558 1116 1566 1129 ,
1592 1095 1625 1122 ab
1639 1095 1713 1122 omni
1727 1102 1777 1122 nos
1796 1094 1908 1121 delicto—

1117 1152 1176 1172 rum
1190 1144 1255 1172 Iiece
1268 1150 1413 1179 purgemus
1425 1163 1432 1175 ,
1454 1141 1606 1176 repleamus
1627 1141 1769 1167 thesauros
1789 1139 1847 1174 ejus
1865 1139 1908 1166 di-

1117 1196 1256 1217 versorum
1267 1195 1408 1215 munerum
1421 1186 1509 1218 donis,
1526 1190 1555 1213 ut
1569 1186 1595 1212 in
1610 1185 1654 1213 die
1666 1188 1758 1213 sancta
1769 1189 1782 1203 ο
1795 1185 1840 1218 sit,
1857 1192 1908 1211 un-

1117 1235 1152 1263 de
1167 1234 1300 1270 peregrini
1316 1233 1449 1268 accipiant
1462 1254 1469 1266 ,
1485 1231 1640 1259 reﬁciantur
1649 1230 1755 1264 viduae,
1773 1237 1908 1266 pauperes

1117 1281 1274 1308 vestiantur.
1288 1280 1354 1307 Nam
1365 1279 1445 1314 quale
1459 1279 1520 1312 erit,
1534 1277 1595 1305 siin
1607 1284 1660 1304 una
1667 1276 1816 1311 eademque
1826 1275 1909 1303 domo

1118 1327 1189 1354 inter
1202 1326 1324 1354 servulos
1338 1325 1417 1352 unius
1426 1324 1528 1352 domini
1549 1323 1617 1350 alter
1631 1322 1748 1350 exsultet
1759 1322 1785 1348 in
1799 1321 1909 1348 holose-

1118 1373 1201 1407 ricis,
1229 1373 1297 1400 alter
1330 1375 1502 1400 consumetur
1524 1370 1550 1398 in
1579 1370 1694 1405 pannis;
1721 1368 1788 1396 alius
1813 1372 1909 1396 :cstuet

1118 1419 1194 1453 cibo,
1213 1419 1280 1447 alius
1304 1419 1401 1446 famem
1423 1418 1558 1452 frigusque
1578 1417 1727 1449 sustineat;
1748 1416 1793 1444 ille
1804 1419 1909 1443 emctet

1112 1465 1273 1492 hesternam
1289 1463 1473 1499 indigestionis
1496 1462 1633 1497 crapulam
1650 1481 1657 1493 ,
1684 1462 1728 1489 hic
1752 1461 1909 1489 hesternam

1116 1509 1211 1544 jejunii
1234 1509 1349 1537 inediam
1384 1517 1438 1536 non
1463 1508 1596 1535 resolvat?
1618 1508 1672 1534 Aut
1692 1507 1753 1541 quis
1779 1507 1831 1534 erit
1859 1514 1908 1534 πιθα

1119 1559 1182 1581 stne
1197 1554 1327 1582 orationis
1342 1553 1452 1582 effectus
1463 1554 1500 1580 P?
1520 1552 1638 1580 Petimus
1652 1556 1682 1579 ut
1705 1552 1851 1579 liberemur
1875 1551 1908 1578 ab

279 1603 344 1631 stra,
357 1599 518 1627 mundemus
532 1601 734 1633 conscientiam,
751 1601 922 1636 puriﬁcemus
933 1600 1066 1635 spiritum,
1081 1598 1103 1630 C
1119 1601 1238 1633 inimico,
1253 1600 1298 1636 qui
1315 1608 1369 1627 non
1383 1607 1475 1627 sumus
1494 1599 1619 1627 liberales
1641 1599 1667 1625 in
1693 1598 1799 1626 fratres.
1817 1597 1908 1625 Simus

280 1652 311 1672 ac
331 1645 422 1678 nitidi,
435 1650 464 1673 et
476 1645 535 1673 sine
549 1646 653 1674 macula
677 1646 841 1673 immaculati
861 1647 868 1670 i
894 1646 1069 1680 suscipiamus

278 1691 422 1719 adventum
439 1701 445 1718 :
462 1697 491 1719 ut
512 1692 587 1727 cujus
601 1693 727 1720 nativitas
741 1701 789 1728 per
800 1693 998 1720 immaculatam
1011 1693 1068 1720 vir-

280 1736 370 1770 ginem
383 1737 521 1769 constitit,
536 1737 594 1771 ejus
607 1738 703 1765 natalis
718 1745 766 1772 per
777 1738 963 1765 immaculatos
976 1746 1069 1766 servos

279 1785 447 1816 procuretur.
462 1781 588 1817 Quisquis
599 1783 671 1810 enim
692 1781 703 1801 ¹ί
731 1783 758 1809 in
778 1783 822 1810 illa
843 1783 886 1810 die
903 1783 1025 1811 sordidus
1042 1784 1071 1820 4

279 1825 367 1859 fuerit,
379 1834 411 1854 ac
417 1827 544 1862 pollutus,
553 1828 670 1855 natalem
681 1826 791 1861 Christi,
804 1832 950 1863 votumque
960 1837 1012 1856 non
1023 1837 1069 1856 cu-

279 1875 330 1898 rat.
343 1870 450 1899 Intersit
465 1872 526 1900 licet
540 1872 680 1900 dominicae
692 1873 832 1900 festivitati
842 1881 965 1908 corpore,
977 1879 1068 1902 mente

296 1968 352 1996 iosa
363 1977 415 1996 non
426 1969 502 1996 desit.
513 1969 543 1997 In
557 1969 616 1997 cod.
630 1974 720 1997 autem
731 1978 827 1998 CLxxw
842 1971 906 1998 bibl.
915 1971 984 1998 redii.
993 1971 1065 1999 Eccl.

308 2023 314 2030 .
330 2003 463 2039 Florent.,
478 2012 504 2040 p.
521 2003 566 2041 9i,
580 2013 595 2032 a
609 2009 696 2040 tergo,
710 2005 746 2032 ita
760 2005 859 2040 legitur
873 2014 878 2031 :
898 2005 931 2032 Ut
945 2007 972 2032 in
984 2015 1068 2041 quan-

280 2044 332 2065 tum
346 2047 494 2076 pnerogare
508 2040 629 2076 voluerit,
644 2042 671 2067 in
683 2044 782 2076 tantum
794 2041 949 2076 prierogatio
964 2042 1068 2076 copiosa

279 2081 330 2111 non
345 2074 409 2101 desit
420 2074 438 2108 ,⁷
449 2079 473 2111 et
495 2079 555 2101 ante
568 2075 686 2111 voluntas
707 2074 824 2111 donandi
845 2074 975 2111 deﬁciat,
990 2074 1067 2111 quam

279 2109 424 2145 substantia
448 2110 586 2145 largiendi.
602 2109 695 2137 Codex
716 2118 782 2137 vero
810 2110 838 2138 S.
859 2110 951 2138 Crucis
965 2109 1065 2138 in'Jer.

279 2144 375 2172 habet:
391 2144 521 2176 Quantum
535 2153 675 2181 prorogare
689 2145 806 2177 voluerit;
820 2147 848 2172 in
863 2150 962 2181 tantum
975 2154 1067 2181 proro-

279 2180 350 2215 gatio
363 2181 468 2215 copiosa
482 2188 534 2206 non
545 2179 626 2213 desit,
641 2184 665 2206 et
680 2184 740 2206 ante
753 2180 872 2207 voluntas
887 2179 1006 2215 donandi
1026 2181 1071 2208 de-

279 2214 360 2249 ficiat,
373 2214 425 2242 etc.
438 2214 580 2242 Postremo
590 2214 695 2242 codices
704 2215 763 2242 Vat.
774 2215 837 2249 455,
849 2214 912 2249 455,
923 2221 950 2242 et
961 2215 1071 2243 Modoe-

279 2250 345 2277 tien.
362 2250 414 2291 435
427 2259 432 2276 :
449 2249 481 2276 In
496 2254 619 2291 guantum
640 2251 776 2291 prorogari
790 2252 914 2283 voluerit,
929 2252 957 2277 in
970 2255 1070 2278 tantum

280 2286 431 2347 proragatio
446 2286 549 2321 copiosa
568 2293 621 2312 non
634 2285 725 2312 desit.’

281 2326 331 2382 au;
363 2321 407 2382 (ἐῗὲ
431 2321 488 2348 Vat.
503 2320 569 2355 Reg.
586 2319 647 2355 I25,
659 2325 734 2348 tanta
748 2322 912 2356 apparitione
927 2321 1071 2357 suscipiunt

281 2363 331 2390 qua
340 2374 349 2387 ,
364 2363 416 2383 etc.

1121 1652 1134 1671 ει
1150 1646 1300 1673 imitatores
1323 1645 1428 1673 Domini
1441 1651 1452 1664 τ
1469 1645 1562 1672 nostri.
1580 1644 1608 1672 Si
1622 1644 1693 1672 enim
1709 1644 1754 1672 ille
1774 1651 1909 1679 pauperes

1119 1693 1147 1719 in
1158 1692 1261 1719 caelesti
1277 1696 1288 1709 ⁵
1300 1691 1386 1726 gratia
1409 1691 1494 1718 voluit
1509 1690 1586 1718 nobis
1610 1697 1670 1718 esse
1683 1693 1823 1717 consortes
1834 1710 1843 1723 ,
1863 1696 1910 1716 cur

1121 1737 1199 1765 nobis
1211 1744 1267 1764 non
1278 1737 1331 1764 sint
1351 1736 1377 1763 in
1392 1736 1541 1763 substantia
1559 1739 1666 1762 terrena
1680 1734 1838 1762 consortes?
1857 1733 1911 1760 Nec

1120 1783 1240 1810 extranei
1257 1783 1265 1800 1
1283 1785 1344 1809 sunt
1365 1781 1498 1809 alimoniis
1510 1801 1517 1814 ,
1532 1781 1577 1816 qui
1590 1781 1614 1816 5
1626 1780 1723 1808 fratres
1743 1784 1805 1807 sunt
1818 1787 1908 1807 sacra-

1122 1828 1229 1861 mentis,
1247 1827 1297 1854 nisi
1310 1827 1382 1862 quod
1394 1826 1492 1854 rectius
1506 1825 1578 1861 apud
1593 1825 1676 1852 Deum
1697 1832 1746 1860 per
1761 1825 1835 1859 ipsos
1854 1825 1912 1859 agi-

1122 1882 1181 1902 mus
1195 1880 1303 1901 causam
1326 1876 1446 1900 nostram
1458 1893 1466 1906 ,
1481 1876 1510 1900 ut
1525 1871 1624 1900 nostris
1636 1876 1649 1890 ιι
1663 1878 1710 1899 eos
1725 1871 1828 1898 alamus
1842 1878 1911 1898 sum-

1121 1973 1291 2000 conscientias
1298 1991 1306 2004 ,
1321 1976 1374 2000 etc.

1159 2007 1258 2048 tidem
1278 2007 1345 2036 Cod.
1370 2007 1399 2035 S.
1424 2006 1517 2035 Crucis
1532 2007 1559 2034 in
1578 2006 1645 2040 Jer.,
1674 2007 1832 2034 immaculati
1854 2006 1911 2034 Do—

1122 2051 1194 2070 nunt.

1158 2076 1171 2096 ¹ί
1186 2077 1270 2109 Idem,
1282 2076 1402 2112 Quisquis
1413 2078 1481 2104 enim
1494 2078 1522 2104 iu
1536 2078 1658 2113 praesenti
1672 2078 1809 2113 festivitate
1823 2077 1910 2105 sordi-

1123 2113 1170 2139 dus
1186 2114 1271 2173 {um-il,
1288 2122 1318 2138 ac
1331 2113 1453 2147 pollutus,
1469 2117 1521 2140 etc.

1161 2147 1168 2165 1
1198 2148 1257 2173 dem
1273 2148 1353 2173 βοά..
1372 2148 1434 2173 Cum
1455 2148 1521 2173 mini:

1161 2147 1168 2165 1
1186 2147 1257 2174 Idem
1273 2148 1353 2181 Cod.,
1372 2148 1434 2174 Cum
1455 2148 1559 2175 minime
1580 2148 1789 2183 recognoscitur;
1809 2152 1834 2174 et
1852 2148 1912 2174 dum

1124 2183 1210 2209 animo
1222 2183 1271 2209 rull
1287 2184 1418 2217 ofﬁriosus
1431 2191 1494 2209 esse.

1160 2217 1177 2227 "‘
1190 2217 1255 2244 Cod.
1273 2218 1376 2244 Sanch
1387 2217 1479 2244 Crucis
1493 2218 1520 2244 in
1533 2217 1691 2250 Jerusalem,
1710 2222 1738 2245 ct
1757 2216 1911 2248 Martinen..

1143 2258 1258 2288 τυρίον-ευ
1275 2262 1335 2287 ergo
1357 2253 1482 2285 sublatus,
1505 2253 1592 2288 ligatis
1606 2253 1737 2288 manibus,
1751 2256 1804 2279 etc.
1821 2252 1913 2288 Codex

1124 2261 1258 2314 propterea
1275 2262 1335 2287 ergo
1357 2261 1482 2285 suvtatus,
1505 2261 1592 2288 rigatis
1606 2261 1737 2286 manum,
1751 2261 1804 2279 etc.
1821 2261 1913 2279 hunc:

1148 2288 1259 2321 atican.,
1273 2293 1409 2323 propterea
1423 2296 1483 2323 ergo
1498 2287 1613 2315 sublatus
1622 2307 1630 2321 ,
1645 2287 1762 2315 manibus
1773 2291 1797 2314 et
1808 2287 1913 2322 pedibus

1124 2323 1240 2359 ligatis._
1301 2357 1329 2359 __
1394 2332 1396 2335 '
1432 2343 1458 2359 _.

1161 2357 1276 2385 nCodex
1301 2357 1408 2384 Floren.
1430 2356 1459 2384 S.
1485 2356 1577 2385 Crucis
1604 2358 1701 2385 minor.
1727 2361 1854 2384 convent.
1878 2364 1913 2389 Iv,

319 2390 332 2409 ι’
347 2390 412 2418 Cod.
434 2391 463 2418 S.
479 2390 572 2420 Crucis
591 2392 617 2418 in
637 2390 786 2420 Jerusalem
799 2414 807 2426 ,
828 2401 878 2428 qua
896 2401 943 2420 nos
963 2400 1073 2419 accura-
1086 2392 1112 2423 Ι)
1126 2393 1194 2420 Plut.
1208 2393 1251 2425 '55,
1269 2393 1294 2419 in
1307 2392 1485 2419 Laurentiana
1500 2393 1711 2428 mirercongruit
1730 2393 1814 2419 textui
1835 2391 1914 2418 Cale

282 2425 361 2451 tione.

294 2431 414 2486 ὀἳεάοει.
431 2460 492 2486 Vat.
506 2460 567 2493 4'55,
584 2469 750 2489 successores.

318 2493 332 2511 ά
348 2493 414 2535 ϐοᾷἶ
430 2494 458 2521 S.
470 2495 568 2535 Crucis
588 2497 615 2523 in
634 2495 701 2529 Jer.,
718 2495 808 2528 Qualis
828 2502 912 2524 autem
927 2503 1016 2525 nostra
1031 2507 1071 2525 re-

284 2533 440 2563 muneratio,
451 2533 503 2556 etc.

326 2570 337 2583 °
358 2563 424 2591 Cod.
440 2564 613 2599 Camberon.,
625 2566 717 2592 merita
731 2567 856 2593 cordium.

324 2599 333 2618 ί
349 2599 414 2627 Cod.
429 2599 491 2627 Vat.
503 2598 569 2634 Reg.
586 2600 651 2634 1‘25,
664 2601 775 2627 contenti
791 2602 979 2628 misericordia.
1008 2620 1013 2624 .

321 2639 333 2657 κ
349 2634 414 2662 Cod.
430 2635 499 2662 :edil.
518 2630 619 2663 Eccles.
632 2630 764 2668 Florent.,
775 2636 887 2663 moribus
901 2637 1032 2663 adornati.

321 2669 335 2688 λ
348 2668 415 2697 God.
432 2670 491 2697 Vat.
509 2669 575 2702 Reg.
588 2670 649 2702 125,
661 2671 762 2697 omittit
772 2680 839 2697 vere.
891 2670 893 2672 ’

324 2705 330 2724 1
350 2704 416 2732 Cod.
431 2705 491 2732 Vat.
507 2704 575 2732 435:
590 2705 742 2733 Mundemus
756 2714 875 2741 corpora,
887 2706 1069 2733 consrientiam

284 2741 460 2777 puriﬁcemus,
470 2746 495 2767 et
507 2741 645 2777 splendidi,
663 2745 687 2768 et
705 2741 768 2777 sine!
780 2742 898 2777 macula,
909 2741 1069 2777 immaculati

286 2775 390 2804 Domini
404 2775 573 2811 suscipiamus
592 2776 737 2802 adventum.
759 2775 831 2803 Idem
851 2776 936 2803 codex
951 2776 1020 2802 tedii.
1036 2776 1066 2802 E.

284 2810 378 2852 Flora:
395 2811 476 2852 Atque
487 2811 554 2843 ideo,
575 2811 746 2843 dilectissimi,
759 2815 787 2852 ut
799 2810 975 2852 spiritualibus
991 2811 1067 2852 indu-

287 2847 376 2873 mentis
392 2846 492 2873 animas
500 2852 600 2874 nostras
611 2854 729 2873 ornemus
741 2866 748 2878 ,
761 2850 785 2872 et
799 2850 826 2872 ut
840 2846 867 2872 in
880 2851 1068 2880 superuentura:

288 2883 368 2908 noctis
395 2882 487 2917 vigiliis
513 2882 645 2917 pervigiles
667 2889 722 2908 esse
744 2882 886 2915 possimus,
914 2881 1065 2908 mandemus

1124 2428 1229 2456 siniano
1245 2437 1250 2453 :
1269 2428 1417 2456 Suscepturi
1431 2428 1544 2454 natalem
1560 2427 1626 2454 diem
1637 2427 1753 2455 Domini.

1161 2467 1174 2480 ο
1189 2463 1278 2490 Codex
1287 2461 1368 2489 Edil.
1381 2461 1446 2489 eccl.
1461 2462 1544 2496 Flor.,
1553 2467 1580 2489 ut
1592 2463 1619 2489 in
1634 2462 1675 2489 die
1685 2467 1785 2494 sancta,
1796 2463 1915 2498 quatiam

1125 2498 1326 2532 superimminet,
1341 2498 1475 2532 sit,runde,
1487 2501 1539 2524 etc.

1162 2539 1175 2559 P
1188 2533 1255 2561 Cod.
1273 2532 1333 2559 Vat.
1348 2531 1410 2564 455,
1423 2536 1466 2568 aut
1489 2533 1545 2568 quis
1559 2533 1608 2568 erit
1624 2537 1721 2559 nostrm
1736 2532 1862 2559 orationis
1873 2532 1914 2565 ef-

1126 2571 1216 2605 fectus,
1231 2567 1529 2605 cumnpetimltsliberari
1540 2567 1576 2605 gl:
1592 2568 1720 2605 inimico?

1161 2610 1174 2628 ιι
1190 2603 1262 2630 Idem
1278 2601 1343 2629 Cod.
1360 2601 1442 2628 Edil.
1457 2602 1524 2629 eccl.
1540 2602 1625 2634 Flor.,
1642 2602 1728 2629 Simus
1745 2603 1842 2636 itaque,
1858 2603 1914 2636 [ra-

1126 2643 1188 2670 tres,
1204 2639 1345 2665 imitatores
1360 2636 1467 2664 Domini
1478 2639 1570 2664 nostri.
1587 2637 1616 2666 Si
1626 2637 1668 2664 ille
1683 2645 1806 2672 pauperes
1827 2637 1852 2663 in
1865 2645 1915 2663 ar-

1125 2672 1373 2716 lesti‘gloriqlvol‘uit
1387 2672 1462 2699 nobis
1471 2681 1527 2716 esse
1537 2678 1668 2716 consortes
1677 2693 1684 2704 ,
1699 2678 1751 2699 etc.

1159 2714 1168 2726 τ
1185 2708 1253 2735 Cod.
1271 2708 1412 2735 Martinen.
1428 2708 1528 2735 omittit
1541 2709 1633 2735 nostri.

1158 2748 1167 2761 ι
1181 2743 1252 2778 Idem
1263 2742 1329 2778 Cod.
1345 2743 1426 2769 habet
1439 2743 1522 2778 gloria
1533 2750 1582 2777 pro
1593 2743 1791 2778 gratiairtostrq.

1159 2779 1167 2795 ι
1184 2777 1250 2804 Cod.
1263 2778 1292 2804 S.
1307 2776 1401 2805 Crucis
1421 2774 1449 2804 iu
1471 2774 1621 2805 Jerusalem
1640 2781 1667 2805 ct
1683 2776 1742 2804 Vat.
1769 2775 1836 2810 Reg.
1854 2774 1914 2811 I25,

1121 2821 1167 2839 nec
1178 2813 1296 2839 extranei
1308 2812 1360 2838 sint
1371 2813 1513 2846 alimoniis,
1528 2816 1579 2839 etc.

1156 2852 1168 2865 υ
1183 2847 1210 2874 In
1223 2848 1283 2875 cod.
1300 2846 1445 2874 Martiueu.
1461 2847 1537 2875 deest
1548 2855 1600 2874 eos.
