4040 6324
1641 289 1920 344 HOMILIA
1958 289 2019 343 ll.

3340 293 3443 349 sas

207 416 392 490 ptibus,
435 411 526 481 qui
567 409 642 465 illi
671 418 698 448 ι
727 409 953 478 gratiam
994 413 1173 477 agant.
1207 405 1234 444 ιι
1265 403 1531 475 Quidquid
1581 414 1760 458 autem
1788 417 1835 472 Α
1864 385 2103 458 Ecclesia
2155 403 2412 458 Dominus
2439 403 2787 475 deprecetur;
2814 415 2869 461 et
2896 407 3038 476 quod
3069 406 3159 461 ille
3199 406 3444 465 fortassis

202 520 396 580 pauper
435 502 662 557 Domino
700 499 989 567 benedicit,
1015 499 1090 553 illi
1117 497 1330 570 proiicit
1354 539 1370 564 ,
1399 512 1507 568 quo
1534 495 1765 552 faciente

207 612 230 640 ο
257 595 474 653 Domino
520 592 808 648 benedicit.
852 589 920 644 Et
946 591 1087 664 sicut
1114 589 1375 658 scriptum
1402 593 1486 642 est
1528 585 1595 642 de
1625 588 1715 642 illo
1745 606 1757 640 :

202 689 287 747 Va:
311 688 382 743 illi
403 685 629 752 homini,
656 699 752 754 per
776 697 935 752 quem
965 697 1159 737 nomen
1187 679 1398 735 Domini
1426 679 1767 749 blasphema-

199 790 316 844 tur;
365 779 437 832 ita
483 783 540 831 et
569 772 597 813 ἀ
644 774 712 830 de
767 774 860 829 illo
902 773 1196 828 scribitur:
1252 769 1364 825 Pax
1412 770 1540 825 huic
1591 770 1767 824 homi-

198 871 249 926 ni
276 911 290 935 ,
343 882 441 938 per
486 879 647 936 quem
722 878 917 918 nomen
985 861 1194 917 Domini
1257 860 1593 914 benedicitur
1644 859 1766 914 Sal-

196 958 405 1014 vatoris.
455 957 511 1027 θ
554 954 721 1022 Quale
773 961 857 1010 est
905 961 1082 1007 autem
1150 951 1400 1006 meritum
1449 951 1723 1020 largientis
1751 993 1765 1020 ,

194 1057 249 1105 ut
272 1050 414 1106 solus
442 1047 563 1116 quis
591 1053 847 1116 operetur
875 1044 928 1098 in
957 1043 1118 1098 domo
1150 1052 1194 1107 θ,
1227 1049 1284 1097 et
1310 1040 1328 1079 τ
1361 1057 1459 1112 per
1483 1041 1683 1097 multos
1712 1042 1765 1096 in

1871 504 2055 566 petere
2081 496 2148 552 de
2186 497 2473 552 Divinitate
2502 515 2608 553 non
2633 501 2823 554 audeat
2848 542 2862 566 ,
2896 501 3246 570 plurimorum
3279 501 3444 554 inter-

1869 591 2182 660 pellantium
2210 591 2564 659 orationibus,
2590 594 2749 646 etiam
2778 594 2920 662 quod
2955 611 3061 649 non
3083 595 3333 663 sperabat
3360 608 3442 648 ac-

1869 680 2072 751 cipiat?
2106 680 2259 748 Quod
2291 691 2315 728 8
2345 681 2410 736 ad
2457 682 2780 751 adjutorium
2823 691 3065 739 nostrum
3114 698 3442 739 commemo-

1870 785 1996 826 rans
2025 772 2215 826 beatus
2238 771 2527 842 Apostolus
2563 773 2639 826 ait
2672 791 2683 825 :
2716 773 2782 828 Ut
2815 792 2905 844 per
2944 774 3130 829 multos
3160 778 3443 846 gratiarum

1869 864 2007 916 actio
2036 865 2290 934 referatur
2315 881 2409 934 pro
2431 864 2579 918 nobis
2610 863 2697 933 (ll
2725 864 2844 918 Cor.
2877 864 2936 934 l).
2971 865 3036 918 Et
3063 866 3256 920 iterum
3285 883 3297 918 :
3321 863 3350 902 ιι
3376 864 3444 920 ω

1869 955 1965 1023 ﬁat
1992 955 2184 1008 oblatio
2212 964 2389 1010 nostra
2410 964 2620 1026 accepta
2646 957 2977 1026 sanctificata
3009 958 3061 1009 in
3093 956 3292 1024 Spiritu
3321 971 3442 1009 san-

1867 1055 1949 1099 cto
1975 1043 2150 1116 (Rom.
2183 1045 2291 1116 xv).

1582 1151 1926 1214 HOMILIA
1971 1154 2049 1216 ll.

189 1258 254 1314 In
288 1257 508 1312 adventu
537 1255 832 1320 Dominico,
871 1262 919 1308 et
948 1253 1011 1306 de
1030 1250 1246 1333 adquod
1267 1251 1513 1333 scriptum
1534 1262 1610 1333 est
1638 1251 1772 1333 Luc.
1795 1271 1902 1333 xvtt
1933 1272 1965 1333 :_
1983 1274 2000 1306 ‹
2038 1255 2186 1310 Sicut
2215 1254 2688 1333 fulgur‘coruscans
2727 1255 2790 1308 de
2811 1255 2952 1319 caelo,
2977 1256 3050 1309 ita
3072 1258 3170 1310 erit
3197 1257 3442 1314 adventus

1029 1319 1150 1375 Filii
1173 1319 1422 1386 hominis;
1455 1341 1470 1372 ι
1499 1332 1548 1375 et
1568 1322 1632 1376 de
1649 1323 1846 1378 duobus
1864 1325 1917 1378 in
1947 1325 2076 1380 lecto
2096 1319 2216 1392 uno,

2301 1325 2431 1378 atth.
2459 1341 2598 1380 xxxv.

1605 1413 1994 1470 ADMONITIO.

246 1515 301 1570 In
327 1514 593 1584 varietate
620 1511 784 1584 multa
806 1510 1052 1584 codicum
1077 1525 1204 1564 mss.
1242 1523 1533 1584 versamur,
1557 1509 1718 1584 _quo_d
1747 1509 1815 1564 ad
1835 1518 2132 1584 auctorem,
2184 1511 2410 1584 titulum
2421 1519 2482 1584 et
2532 1512 2741 1584 initium
2768 1512 2926 1582 hujus
2948 1513 3181 1568 homilize
3210 1524 3439 1584 spectat.

180 1586 315 1642 Flor.
340 1583 515 1639 Codd.
548 1581 788 1654 proiecto
817 1589 913 1654 tet
934 1596 974 1654 x_
998 1578 1138 1654 Plut.
1171 1595 1256 1654 xiv
1291 1578 1420 1654 bibl.
1453 1577 1642 1654 Medic.
1673 1579 2042 1654 Laurentianus
2071 1580 2127 1634 8.
2163 1581 2434 1654 Ambrosii
2463 1583 2680 1654 nomine
2707 1577 2970 1637 exornant
2991 1577 3441 1652 quemadmodum

177 1656 335 1712 etiam
367 1647 580 1710 veteres
613 1667 800 1707 omnes
827 1649 1065 1718 ejusdem
1090 1649 1269 1721 Patris
1289 1649 1542 1721 editores.
1574 1649 1642 1721 At
1672 1650 1725 1702 in
1754 1647 2131 1721 S._Maximnm
2163 1651 2319 1719 longe
2350 1651 2530 1720 plures
2571 1653 2901 1721 potiorisque
2947 1647 3282 1708 auctoritatis
3308 1669 3443 1709 con-

176 1726 414 1780 veniunt.
450 1722 688 1778 Primum
706 1717 1125 1776 vetustissimum
1154 1719 1394 1788 codicem
1437 1717 1770 1788 Helveticum
1817 1717 2220 1788 Sangallensem
2261 1717 2690 1784 recensebimus,
2719 1717 2910 1778 deinde
2956 1722 3257 1778 Romanum
3284 1723 3352 1776 99
3374 1725 3431 1779 S.

179 1793 362 1850 Crucis
391 1795 448 1849 in
478 1791 612 1855 Jer.,
664 1791 1038 1861 Ratisponen._
1061 1789 1118 1861 SA.
1165 1787 1784 1861 Emmerami_homi_l_.l,
1816 1787 1943 1861 pag.
1972 1789 2024 1856 3,
2068 1788 2389 1844 Lambacen.
2443 1790 2463 1842 l
2495 1831 2509 1855 ,
2542 1807 2662 1861 pag.
2693 1791 2745 1861 fl,
2780 1792 2899 1846 Vat.
2948 1809 3094 1847 num.
3130 1794 3287 1860 1267,
3320 1793 3439 1848 Vat.

176 1863 340 1934 Palat.
383 1863 557 1934 1276,
589 1857 844 1934 νίιῌίοθιιῖ
877 1869 978 1934 tet
995 1859 1318 1934 M_odoeti_en_.
1352 1859 1451 1934 sig“.
1483 1857 1524 1911 E
1554 1875 1628 1913 ιιι.
1651 1859 1752 1934 _His
1779 1857 2232 1934 conformesgunt
2261 1876 2327 1914 ex
2357 1857 2661 1934 editoribus
2676 1860 2967 1934 Gymnicus
2988 1863 3170 1918 homil.
3207 1857 3334 1934 ξίν.
3373 1867 3399 1934 l7
3425 1881 3440 1922 :

171 1927 644 2010 Galesinius-hotn.
674 1933 726 1998 1,
758 1945 887 2010 pag._
913 1929 1010 2010 3:5;
1039 1929 1382 2010 Theophylus
1410 1927 1752 2010 Raynaudus,
1777 1927 2052 2010 pag..l9_5.
2085 1929 2460 2010 Demonstrat?
2481 1927 2907 2010 homilim:hujus_
2925 1941 3167 2010 auctore,
3192 1933 3259 1988 de
3285 1927 3442 2010 titulo

171 2016 324 2072 agam
347 2003 520 2058 brevi.
552 2003 617 2056 Et
648 2011 704 2056 ut
733 1999 923 2072 acad;
939 1999 1677 2072 Sangallensiexordiamur,
1711 2000 1852 2072 hunc
1883 1999 2094 2072 titulum
2118 2001 2332 2072 prmfert
2363 2019 2374 2051 :
2414 2000 2605 2071 Incipit
2647 1999 2938 2056 exhortatio
2960 2002 3029 2055 ad
3055 1999 3272 2072 plebem,
3303 2013 3350 2056 et
3380 2005 3443 2058 de

167 2069 227 2146 eo
255 2075 395 2146 quod
425 2076 672 2146 scriptum
697 2073 846 2146 estin
877 2069 1156 2146 Evangelio
1189 2085 1205 2122 :
1239 2069 1385 2146 Sicut
1421 2069 1599 2146 fulgur
1629 2069 1784 2146 desub
1828 2071 1971 2146 ctelo,
1998 2072 2070 2122 ita
2113 2071 2209 2146 erit
2249 2070 2494 2146 adventus

2535 2073 2635 2140 ﬁlii
2670 2073 2926 2136 hominis;
2969 2081 3018 2125 et
3054 2073 3118 2126 de
3154 2074 3348 2127 duobus
3388 2075 3443 2131 in

168 2139 298 2198 lecto
318 2161 448 2199 uno.
472 2139 726 2197 Eumdem
745 2141 950 2196 habent
970 2139 1203 2212 antiquae
1230 2139 2134 2212 Ambrosiieditionesgsedpatres
2162 2140 2491 2212 Benedictini
2520 2139 2704 2212 congr.
2731 2141 2788 2212 S_.
2807 2141 2976 2196 Mauri
3002 2143 3052 2195 in
3084 2143 3256 2212 indice
3283 2159 3442 2212 supra

167 2222 476 2269 memorato
505 2213 682 2267 ferunt
709 2227 829 2267 esse
853 2208 996 2279 apud
1032 2209 1324 2279 Maximum
1356 2207 1644 2279 Taurinen.
1679 2209 1732 2262 in
1763 2209 1892 2263 bibl.
1927 2207 2028 2279 PB.
2068 2209 2252 2279 homil.
2287 2209 2336 2272 -l,
2367 2207 2668 2279 cumtitulo
2705 2230 2715 2262 :
2751 2210 2815 2263 In
2855 2212 3074 2264 adventu
3118 2207 3362 2277 Domini;
3381 2213 3444 2266 de

161 2300 220 2337 eo
250 2285 393 2352 quod
414 2284 659 2362 scriptum
679 2291 778 2346 est,
807 2276 1085 2362 etclldem
1107 2286 1287 2362 ex‘stat
1315 2278 1375 2362 in_
1396 2277 1520 2362 cod.
1546 2277 1957 2362 "Ritisponensi
1987 2277 2041 2330 8.
2079 2276 2438 2362 .Enimerami.
2462 2278 2668 2362 ‘Codex
2715 2292 2914 2362 autem
2941 2280 3315 2362 hambacensis
3333 2276 3337 2277 ί
3355 2281 3440 2336 dio

158 2345 383 2406 versum
413 2345 649 2416 exhibet,
683 2345 874 2418 nempe
918 2349 1062 2402 hunc
1096 2347 1324 2420 :_Ser_m_o
1356 2348 1408 2420 l_,
1443 2345 1576 2420 beati
1615 2345 1838 2420 Maag'imi
1865 2348 2088 2420 episcopi
2135 2357 2358 2416 tempore
2405 2348 2669 2420 adventus.
2691 2348 2818 2420 iNos
2859 2345 3070 2420 titulum
3110 2352 3440 2420 superiorem

157 2437 198 2498 a.
221 2420 332 2475 PP.
369 2416 1014 2498 ﬂaurinisdesignatum,
1037 2426 1093 2498 et
1117 2416 1334 2497 Codicis
1364 2417 1770 2498 Ratisponensis
1809 2416 2157 2498 praetulimus,
2207 2427 2264 2471 ut
2307 2417 2516 2498 caeteris
2563 2417 2776 2498 Maximi
2807 2419 3109 2498 editoribus_
3139 2416 3443 2498 conformes

157 2491 350 2546 simus.
379 2490 616 2546 Eosdem
637 2490 692 2544 in
716 2487 950 2544 humilia:
980 2487 1131 2542 initio
1159 2487 1454 2555 sequimur,
1485 2487 1820 2557 diversaque
1848 2487 2150 2556 aliquorum
2192 2487 2414 2542 exordia
2462 2487 2514 2541 in
2546 2488 2825 2544 undecima
2869 2489 3220 2545 annotatione
3267 2491 3440 2545 collo-

160 2576 372 2616 camus.

159 2651 565 2708 Anovuemvu.
597 2682 667 2692 —-
689 2650 816 2706 Cum
862 2649 1135 2720 egeritS.
1169 2647 1436 2720 Maximus
1468 2650 1522 2701 in
1561 2666 1755 2719 prwce-
1786 2655 1834 2715 Β
1860 2649 2056 2704 nebras
2100 2649 2336 2705 humano
2383 2651 2565 2716 generi
2612 2665 2719 2704 sum
2765 2651 3044 2720 pravitatis
3091 2651 3352 2718 infundet,
3385 2664 3442 2708 ut

197 2779 201 2782 _
227 2724 378 2778 denti
399 2721 618 2776 humilia
647 2721 710 2774 de
734 2717 908 2790 primo
930 2717 1120 2772 Christi
1151 2718 1372 2771 adventu
1393 2720 1447 2771 in
1472 2717 1680 2790 terram,
1703 2729 1753 2772 et

199 2794 296 2858 ,de
343 2794 542 2848 eximio
589 2789 751 2845 animi
819 2798 1073 2858 apparatu
1120 2804 1220 2857 quo
1265 2797 1338 2841 est
1397 2789 1748 2854 excipiendus,

350 2809 542 2848 eximio
589 2807 751 2845 animt
819 2808 851 2843 a
923 2807 1073 2842 aram
1120 2807 1220 2857 quo
1265 2807 1338 2841 est
1397 2807 1748 2854 excipiamus,

350 2863 481 2916 dam
517 2861 763 2930 explanat
813 2807 1082 2930 Ecgngelii
1105 2859 1248 2921 loca,
1299 2875 1412 2929 qua:
1468 2859 1750 2912 secundum

273 2934 532 2989 alvatoris
573 2931 847 2985 adventum
871 2936 1289 2999 pramonstrant.

223 3115 414 3170 Movet
443 3111 673 3168 fortasse
702 3125 815 3177 vos,
849 3108 1058 3171 fratres,
1098 3107 1111 3145 ί
1145 3122 1241 3162 cur
1271 3106 1526 3161 Dominus
1546 3105 1750 3160 adven-

153 3215 263 3262 tum
287 3219 456 3261 suum
487 3201 727 3257 indicans
759 3200 934 3255 noctis
962 3215 1021 3254 se
1057 3208 1302 3267 tempore
1329 3197 1625 3252 ostenderit
1661 3197 1754 3252 ad-

151 3305 484 3358 venturam,
529 3308 653 3348 cum
699 3291 882 3360 utique
931 3289 1048 3360 ejus
1087 3289 1348 3343 adventus
1392 3300 1584 3356 magna
1631 3304 1752 3342 cum

150 3387 408 3442 claritate
441 3382 576 3447 diei,
611 3384 624 3432 ι
665 3392 860 3449 magno
880 3394 1002 3434 cum
1031 3379 1227 3443 nitore,
1259 3385 1314 3432 et
1341 3376 1533 3431 timore
1555 3377 1756 3447 suscipi

151 3478 354 3534 debeat
380 3493 413 3531 a
436 3474 664 3540 cunctis.
698 3472 1028 3542 Frequenter
1058 3484 1290 3538 namque
1337 3468 1636 3523 audivimus
1672 3483 1760 3522 sa-

149 3572 254 3628 cris
285 3569 522 3624 Litteris
548 3564 918 3636 praedicatum,
948 3563 1257 3632 priusquam
1304 3558 1561 3614 Dominus
1597 3556 1756 3613 Chri-

149 3671 264 3720 stus
289 3659 576 3723 adveniat,
607 3654 991 3710 Antichristum
1022 3658 1390 3720 regnaturum,
1418 3648 1510 3718 qui
1559 3647 1635 3702 ita
1671 3653 1780 3701 te-.

218 3789 244 3817 ι
277 3777 438 3832 Idem
472 3773 593 3829 cod.
625 3771 683 3827 8.
715 3769 901 3825 Crucis
929 3769 982 3822 in
1009 3766 1210 3836 Jerus.,
1241 3765 1462 3836 gratias:

216 3848 246 3888 ιι
275 3830 404 3904 ἱέδά
431 3843 601 3898 Ᾱέὐὶι.
626 3840 775 3896 Eccl.
806 3838 1046 3904 Flor.,et
1064 3836 1121 3890 s.
1147 3830 1336 3890 Cru'cis
1363 3833 1418 3886 in
1438 3830 1757 3898 Jerusalem,

150 3918 936 4048 quei'gdfgfmdfﬁgfrbuo
984 3975 1212 4046 faciente
1254 3971 1506 4027 Dominus
1551 3970 1758 4025 benedi-

147 4069 448 4181 mgrlodem
481 4120 674 4186 codex,
689 4118 763 4171 'de
785 4118 883 4171 isto
903 4113 1152 4185 scriptum
1171 4121 1266 4186 est.

214 4211 240 4238 ο
274 4169 1092 4253 ὲᾞνάὲχνῷὖῖπέὼῐξῙελιὸιε.,’αι
1121 4183 1261 4238 solus
1297 4181 1410 4253 quis
1439 4189 1676 4252 operetur
1709 4183 1762 4236 in
1787 4169 1832 4233 C

149 4270 308 4324 domo
342 4264 482 4319 Dei.

227 4321 439 4393 waod.
479 4332 540 4386 8.
565 4330 752 4384 Crucis
779 4336 834 4383 et
873 4325 1184 4393 Martinen.,
1229 4330 1284 4393 et
1324 4338 1416 4393 per
1445 4321 1764 4393 multosAEc-

149 4390 329 4464 etesiae
373 4403 643 4459 Dominus
691 4399 1008 4470 deprecetur.
1052 4392 1185 4470 Cod.
1222 4390 1339 4446 Vat.
1383 4391 1518 4460 Reg.
1552 4390 1674 4458 125,
1714 4400 1765 4446 et

153 4462 245 4547 per
265 4462 1089 4547 imultas_Ec_clesi_a's_quinum
1118 4462 1441 4547 deprecetur.

223 4531 249 4598 τ
274 4531 446 4603 idem
476 4542 538 4597 8.
569 4538 756 4595 Crucis
785 4539 839 4593 in
863 4536 1000 4603 Jer.,
1028 4531 1164 4604 quod
1192 4532 1509 4602 adjutorium
1529 4539 1764 4585 nostrum

153 4629 589 4673 commemorans
619 4610 814 4672 beatus,
845 4615 950 4662 etc.

224 4671 253 4730 ll
471 4681 616 4737 mdil.
649 4679 780 4735 eecl.
803 4671 976 4746 Flora,
1005 4683 1061 4728 ut
1082 4671 1499 4746 ﬁagwqualitas,
1519 4673 1642 4742 quia
1677 4673 1768 4742 qui

157 4742 381 4813 multum
409 4751 627 4824 Ιιαιζειμ
618 4766 722 4804 non
750 4742 1123 4824 abundabit
1156 4742 1224 4798 Et
1245 4742 1482 4824 reliqua;
1538 4810 1552 4824 _
1632 4811 1665 4824 Δ,

232 4809 466 4882 ἶῖἷᾶω.
503 4821 560 4876 8.
584 4809 935 4883 Emmerami,
956 4809 1418 4883 Lambacensiset
1434 4809 1768 4883 Modoetien-

160 4899 234 4954 sis
271 4879 532 4953 hdmilia:
563 4891 666 4944 hoc
695 4889 905 4943 initium
923 4879 1302 4955 praemittunt:
1336 4879 1769 4955 Igituriquoniam

161 4949 515 5035 pbstﬂteinpus
539 4955 897 5035 spiritualibus
927 4949 1090 5035 epulis
1117 4953 1328 5022 reficere
1359 4949 1454 5035 nos
1484 4949 1720 5035 debemus
1751 4964 1767 5000 :

161 5018 442 5092 iustitiae;
464 5018 594 5104 quid
619 5026 912 5098 evangelica
933 5018 1085 5104 lectio
1114 5018 1468 5104 prosequatur.
1509 5018 1593 5104 Ait
1613 5019 1770 5104 enim

163 5089 456 5170 Dominus,
479 5089 629 5170 'sicut
659 5089 820 5168 nuper
848 5089 1156 5170 audivimus,
1181 5091 1246 5170 d_e
1265 5089 1514 5170 adventus
1543 5089 1772 5170 suitem-
1795 5107 1799 5110 -

164 5158 538 5248 iéiéTSjéut
563 5158 740 5248 ξυιειξέ
754 5162 1242 5248 ,οοτξξοειξξρθβιιδ
1263 5159 1430 5248 celo:
1448 5158 1650 5248 ita???
1672 5158 1772 5248 ἕλιξί

167 5226 532 5303 Qéhids‘r‘ini
561 5226 817 5295 hominis.
853 5233 918 5287 Et
948 5232 1094 5286 addit
1130 5235 1186 5286 in
1214 5227 1634 5300 consequentibus
1667 5244 1683 5281 :
1713 5226 1770 5280 In

165 5317 256 5373 illa
285 5323 463 5373 nocte
493 5316 660 5366 erunt
685 5305 792 5362 duo
817 5305 871 5358 in
892 5303 1032 5373 lecto
1058 5316 1348 5373 uno,_unu_s
1377 5307 1696 5373 assumetur,
1719 5305 1774 5352 ct

165 5369 685 5450 tinﬁusrelinquetur
716 5394 728 5428 :
761 5375 878 5450 dua:
904 5372 1167 5450 molentes
1197 5371 1256 5450 in,
1274 5369 1522 5450 pistrino,
1546 5384 1651 5422 una
1669 5383 1768 5450 ,εει

165 5438 447 5522 sumetur,
477 5438 539 5507 e't
566 5464 672 5516 una
702 5445 1053 5514 relinquetur.
1086 5438 1257 5494 Movet
1279 5441 1499 5508 fortasse
1528 5453 1633 5500 vos,
1662 5439 1772 5507 fra-

166 5535 270 5579 tres
286 5568 302 5579 .
337 5535 455 5579 etc.

215 5534 485 5650 εὲἷκῗὶῗέε
515 5585 896 5656 Sangallensis,
921 5589 976 5636 et
1004 5581 1060 5636 S.
1092 5578 1278 5634 Crucis
1304 5579 1355 5631 in
1389 5575 1496 5632 Jer.
1527 5577 1772 5644 sequenti

169 5662 490 5735 praefationi
530 5657 804 5735 homiliam
847 5659 1140 5735 annectunt
1184 5668 1194 5700 :
1369 5719 1400 5735 ⁸.

243 5717 554 5789 Daucorun'
601 5727 876 5781 admodum
924 5723 1118 5776 dierum
1170 5719 1500 5788 occupatione
1538 5717 1770 5770 detentus

1861 2741 2035 2796 lucem
2057 2742 2300 2796 veritatis
2351 2757 2508 2797 nemo
2558 2757 2695 2812 pene
2740 2743 3022 2812 respiciat,
3055 2751 3110 2798 et
3137 2744 3361 2814 caligine
3389 2748 3440 2818 7

1859 2835 2075 2905 propria
2106 2834 2361 2904 operiens
2382 2844 2593 2890 mentes
2621 2835 2916 2901 hominmn,
2933 2837 3228 2893 edacitatem
3249 2853 3439 2906 quam-

1859 2925 1982 2979 dam
2033 2926 2400 2995 spiritualibus
2443 2927 2614 2984 oculis
2658 2927 2952 2983 exhibebit.
3008 2929 3347 3001 Nec_mirum
3395 2931 3438 2985 si

1861 3015 2107 3071 diabolus
2135 3018 2344 3072 emittat
2371 3018 2667 3087 iniquitatis
2701 3019 2970 3081 tenebras,
3004 3035 3125 3074 cum
3175 3020 3288 3090 ipse
3335 3037 3438 3076 nox

1860 3106 1930 3160 sit
1957 3107 2196 3160 omnium
2225 3117 2586 3177 peccatorum.
2620 3107 2701 3162 Ad
2725 3109 2881 3179 hujus
2903 3109 3062 3178 igitur
3088 3118 3280 3166 tetram
3314 3113 3440 3167 cali-

1864 3199 2044 3266 ginem
2073 3198 2441 3268 depellendam
2477 3200 2625 3254 velut
2672 3201 2846 3268 fulgur
2885 3202 3152 3270 quoddam
3200 3201 3443 3258 Christus

1831 3335 1836 3338 .
1865 3287 2130 3342 adveniet.
2163 3287 2230 3340 Et
2249 3289 2388 3344 sicut
2415 3289 2720 3345 lucescente
2748 3291 2834 3345 die
2858 3306 2964 3345 nox
2993 3291 3340 3360 subvertitur,
3371 3294 3442 3348 ita

1864 3386 2182 3432 coruscante
2209 3377 2489 3434 Salvatore
2529 3379 2887 3434 Antichristus
2915 3379 3204 3452 eﬂ'ugatur;
3237 3397 3337 3436 nec
3365 3383 3443 3436 ul-

1867 3469 2034 3524 terius
2062 3470 2261 3539 poterit
2304 3469 2653 3524 disseminare
2699 3470 2994 3538 iniquitatis
3021 3486 3130 3524 sua:
3175 3470 3442 3538 tenebras,

1865 3574 1988 3613 cum
2017 3559 2195 3613 lumen
2224 3560 2467 3614 veritatis
2494 3558 2772 3614 effulserit.
2799 3559 2955 3626 Quod
2982 3571 3163 3614 autem
3189 3561 3262 3615 ait
3297 3579 3307 3613 :
3343 3561 3446 3616 Illa

1867 3658 2016 3703 nocte
2034 3657 2183 3703 erunt
2209 3650 2309 3704 duo
2339 3653 2392 3703 in
2420 3650 2549 3704 lecto
2571 3667 2692 3714 uno,
2724 3666 2856 3704 unus
2890 3660 3196 3715 assumetur,
3225 3661 3274 3705 et
3313 3669 3444 3707 unus

1862 3765 2200 3834 caetuivestro
2228 3763 2402 3817 videor
2425 3763 2668 3834 defuisse,
2682 3772 2732 3818 et
2755 3765 2971 3834 alterius
2992 3763 3240 3818 Ecclesia:
3265 3783 3442 3820 neces~

1862 3832 2099 3886 sitatibus
2140 3844 2396 3898 evocatus,
2453 3832 2660 3887 minime
2697 3833 2834 3887 vobis
2873 3835 3099 3889 studium
3141 3836 3444 3902 dependisse

1865 3903 1957 3974 [a_l.
2008 3902 2234 3956 studium
2274 3904 2481 3958 solitum
2525 3904 2886 3974 impendisse];
2924 3905 3014 3957 sed
3051 3908 3278 3974 quamvis
3306 3907 3444 3961 vobis

1862 3971 2116 4042 abfuerim
2145 3989 2377 4044 corpore,
2403 3983 2570 4026 tamen
2600 3990 2631 4026 a
2660 3973 2798 4027 vobis
2836 3971 3014 4030 amore
3040 3971 3139 4028 non
3170 3976 3312 4044 defui
3328 3993 3345 4036 ;
3393 3985 3445 4030 et

1862 4042 2330 4117 peregrinatus_[a‘l.
2359 4044 2556 4096 unitate
2581 4052 2749 4117 tamen
2771 4061 2802 4096 a
2828 4046 3006 4097 vestris
3025 4046 3216 4117 animis
3236 4042 3339 4099 non
3368 4048 3443 4117 fui

1864 4113 2254 4183 peregrinatusl’
2283 4113 2401 4166 licet
2447 4115 2834 4168 conversatione
2879 4113 3245 4180 membrorum,
3274 4113 3444 4168 tanien

1865 4183 2018 4264 vestri
2045 4185 2397 4264 spiritusgnon
2447 4184 2523 4254 fui
2555 4185 2871 4264 peregrinus,
2903 4185 3006 4264 nisi
3016 4185 3164 4264 quod
3201 4187 3338 4264 intra
3367 4201 3447 4264 me

1865 4251 2230 4326 desiderio'vos
2261 4251 2510 4312 tenebam.
2541 4251 2597 4306 ut
2617 4251 2741 4326 quos
2770 4263 3003 4326 aspectus
3024 4251 3149 4326 mihi
3177 4252 3446 4326 subtrahe-

1865 4333 1959 4393 ret,
1994 4323 2202 4377 dilectio
2231 4332 2587 4392 pra'sentaret,
2630 4322 2708 4393 vel
2735 4322 2858 4393 quos
2901 4322 3156 4377 obtutibus
3178 4327 3281 4376 non
3310 4324 3446 4393 vide-

1865 4392 2004 4458 bam,
2033 4395 2185 4447 corde
2213 4391 2592 4463 complecterer.
2627 4391 2791 4446 Eram
2824 4393 2962 4445 enim
2991 4393 3315 4463 sollicitusin
3339 4392 3446 4463 dies

1865 4463 2116 4533 singulos,
2138 4460 2570 4533 quemadmodum
2591 4464 2898 4532 festinanter
2918 4461 3152 4533 quotidie
3187 4461 3256 4533 ad
3286 4460 3448 4533 eccle-

1867 4528 1997 4584 siam
2027 4528 2284 4593 veniretis,
2314 4542 2366 4602 et_
2386 4528 2680 4602 quanquam
2701 4546 2862 4602 essem
2986 4537 3152 4602 vestra
3184 4528 3448 4602 devotione

1867 4617 2098 4664 securus,
2144 4598 2465 4670 trepidabant
2512 4598 2702 4660 tamen,
2709 4600 2864 4718 "quia
2894 4598 2986 4650 hoc
3016 4598 3203 4718 ipsum,
3226 4598 3360 4668 quod
3394 4598 3448 4650 in

1867 4671 2008 4718 nobis
2033 4687 2296 4718 noveram-
2312 4685 2416 4718 non
2437 4668 2686 4718 videbam.
2765 4668 2811 4718 ic
2825 4669 2962 4718 enim
2983 4683 3013 4718 a
3060 4675 3198 4718 ectus
3221 4676 3448 4718 paternae

1867 4617 2098 4664 securus,
2144 4613 2465 4670 trepidabant
2512 4613 2702 4660 tamen,
2709 4615 2864 4718 "quia
2894 4613 2986 4650 noc
3016 4614 3032 4649 t
3071 4613 3203 4662 sum,
3226 4613 3358 4668 quoa
3394 4613 3448 4650 tn

1860 4671 2008 4726 vobis
2033 4687 2296 4735 noveram,
2312 4685 2416 4721 non
2437 4668 2686 4737 videbam.
2729 4735 2735 4737 Α
2765 4668 2811 4737 ie
2825 4669 2962 4720 enim
2983 4613 3198 4735 αἰδοῖαι
3219 4676 3448 4737 paterna:

1868 4741 2076 4808 pietatis
2103 4747 2200 4804 est,
2230 4734 2290 4790 ut
2315 4738 2377 4790 de
2397 4735 2697 4808 absentibus
2718 4734 2890 4808 liberis
2919 4734 3152 4808 nontam
3180 4734 3317 4790 certa
3359 4753 3448 4807 spe

1870 4805 2094 4879 gaudeat
2121 4825 2274 4879 quam
2306 4806 2527 4860 sollicita
2567 4807 2877 4879 cogitatione
2904 4807 3169 4879 desperet,
3199 4816 3270 4879 et,
3291 4805 3444 4861 simul

1871 4875 1932 4930 ac
1953 4875 2383 4943 videre'desierit,
2411 4890 2590 4930 amare
2617 4875 2732 4945 plus
2763 4878 2954 4930 noverit
2993 4875 3010 4930 ἐ
3043 4894 3104 4930 ac
3133 4894 3226 4946 per
3250 4877 3344 4930 hoc
3373 4879 3448 4930 in-

1873 4947 2168 5019 telligimus,
2191 4947 2325 5019 quod
2350 4963 2498 5019 am_or
2524 4947 2659 5000 inter
2689 4955 2965 5019 prtesentes
2988 4956 3165 5019 gratus
3204 4949 3290 5009 sit,
3314 4949 3450 5000 inter

1871 5015 2105 5071 absentes
2133 5015 2392 5072 molestus.
2420 5015 2582 5070 Eram
2601 5015 2722 5087 ergo
2744 5017 2807 5071 de
2826 5017 2962 5069 vobis
2984 5015 3194 5081 anxius,
3211 5027 3440 5081 maestus,

1871 5096 1919 5140 et
1950 5087 2196 5158 trepidus,
2226 5104 2290 5141 ne
2316 5088 2427 5158 quis
2449 5103 2530 5158 me
2556 5086 2764 5140 absente
2791 5104 2882 5158 per
2908 5087 3270 5158 negligentiam
3294 5087 3449 5139 cade-

1874 5166 1974 5222 ret,
2029 5155 2091 5210 ne
2143 5158 2253 5228 quis
2303 5155 2495 5211 diaboli
2537 5157 2745 5228 insidiis
2783 5155 3060 5228 laberetur;
3111 5155 3450 5228 Memineram

1870 5228 2007 5284 enim
2031 5225 2267 5297 luporum
2297 5227 2496 5280 rabiem
2524 5225 2819 5280 absentibus
2843 5225 2956 5296 plus
2978 5226 3256 5297 praevalere
3275 5235 3450 5297 pasto-

1877 5297 2035 5350 ribus.
2069 5296 2174 5351 Sed
2204 5296 2427 5351 Domino
2449 5299 2666 5367 gratias,
2699 5297 2832 5367 quod
2860 5305 2910 5350 et
2940 5313 3026 5350 vos
3053 5296 3243 5351 illtesos
3279 5304 3451 5367 custo-

1876 5367 2020 5434 divit,
2051 5376 2098 5420 et
2122 5370 2427 5437 parvitatem
2450 5364 2622 5420 meam
2651 5364 2910 5437 revocavit
2931 5367 3254 5437 incolumem.
3283 5364 3451 5434 Igitur

1876 5433 2131 5508 quoniam
2157 5446 2270 5507 post
2308 5447 2501 5506 tempus
2522 5433 2874 5508 spiritualibus
2909 5436 3088 5508 epulis
3111 5433 3328 5504 reficere
3359 5445 3452 5483 nos

1878 5505 2136 5570 debemus,
2158 5505 2441 5560 'videamus
2478 5505 2600 5575 quid
2637 5505 2944 5574 evangelica
2973 5505 3122 5557 lectio
3169 5515 3450 5571 prosequa-

1882 5587 1980 5630 tur.
2013 5584 2118 5629 etc.

2201 5640 2368 5700 halat.
2407 5646 2572 5699 Vatir.
2623 5645 2766 5712 legit.
2822 5660 3009 5711 magna
3058 5656 3172 5692 cum
3218 5636 3454 5688 claritate

1899 5733 1992 5768 -t’t.

1899 5719 1992 5769 Dei.
