4040 6324
585 269 684 325 227

1811 268 1862 324 S.
1901 268 2144 323 MAXIM
2184 268 2630 323 TAURINENSIS

585 385 898 454 relinquetur
925 355 1074 453 (Luc.
1107 397 1242 448 xvu;
1274 380 1464 435 Matth.
1496 381 1666 450 xxrv),
1701 389 1725 418 ι
1747 381 1836 437 hic
1863 382 1972 450 jam
1994 398 2172 437 resur-
2199 388 2244 444 Α
2277 381 2368 435 fiat
2395 391 2594 450 castus,
2640 383 2855 440 humilis
2897 392 2953 440 et
2991 385 3266 442 modestus
3315 404 3327 440 :
3369 387 3436 444 de
3473 403 3583 458 quo
3616 387 3644 428 ἰ
3673 399 3846 448 strato

584 473 838 530 rectionis
865 472 1112 527 meritum
1143 471 1560 538 demonstratur,
1598 472 1741 541 quod
1779 488 1878 543 pro
1906 473 2162 541 qualitate

582 563 792 619 vivendi
835 561 906 617 sit
944 561 1113 632 gratia
1143 563 1470 632 resurgendi,
1503 578 1564 618 ac
1594 571 1794 618 tantam
1841 563 1897 618 in
1941 562 2163 631 singulis

582 655 880 723 quibusque
909 654 1320 709 resurrectionis
1348 669 1467 709 esse
1515 653 1847 722 distantiam,
1873 662 1929 708 ut
1954 653 2163 709 duobus

581 743 742 796 etiam
771 743 973 813 pariter
1001 741 1409 811 dormientibus,
1443 749 1497 799 et
1519 760 1622 799 una
1665 745 1793 799 sede
1831 745 2159 813 quiescenti-

581 826 704 903 bus,
751 836 972 905 aequalis
1019 851 1124 890 non
1173 837 1344 906 possit
1379 851 1499 893 esse
1546 837 1861 908 assumptio.
1907 835 2162 903 Quamvis

581 929 723 981 enim
749 928 942 984 eodem
973 929 1231 984 consortii
1259 930 1458 985 lectulo
1486 939 1800 995 teneantur,
1826 933 1929 1000 pro
1954 930 2162 985 meritis

580 1031 757 1077 tamen
787 1023 922 1078 alter
957 1040 1144 1079 eorum
1190 1025 1430 1094 rapietur
1473 1024 1542 1078 ad
1585 1025 1802 1093 omium,
1834 1024 1970 1078 alter
1994 1024 2161 1079 relin-

578 1121 773 1182 quetur
801 1115 854 1168 in
884 1115 1056 1169 terris.
1091 1113 1284 1171 Lectus
1305 1114 1518 1184 quidem
1549 1122 1733 1170 noster
1755 1114 2058 1170 communis
2079 1121 2164 1168 est

578 1211 738 1258 teme
766 1203 923 1272 hujus
943 1205 1326 1274 amplissimum
1355 1205 1548 1271 solum,
1580 1206 1631 1258 in
1657 1219 1766 1273 quo
1796 1219 2025 1274 corpora
2066 1220 2162 1259 no~

577 1301 688 1348 stra
718 1293 960 1363 deposita
988 1294 1253 1360 tutissima
1283 1293 1412 1348 sede
1441 1294 1800 1362 requiescunt.
1845 1292 1903 1346 In
1931 1294 2035 1348 hoc
2061 1298 2160 1347 au-

578 1393 686 1437 tem
731 1383 930 1437 lectulo
969 1383 1058 1438 ille
1087 1384 1300 1438 mollius
1339 1384 1557 1452 dormit,
1603 1385 1843 1454 quisquis
1883 1385 2063 1439 durius
2109 1385 2160 1438 in

577 1474 686 1527 vita
717 1488 774 1528 se
802 1473 1046 1541 gesserit.
1071 1471 1359 1528 Possumus
1400 1475 1542 1528 enim
1574 1475 1686 1545 ipsa
1714 1476 1953 1530 membra
1979 1483 2160 1530 nostra

580 1562 807 1617 lectulos
831 1572 1044 1618 nostros
1073 1563 1320 1634 proprios
1367 1580 1700 1635 nuncupare,
1748 1566 1802 1619 iu
1824 1565 2016 1636 quibus
2040 1566 2158 1619 ani-

577 1669 678 1706 ma:
703 1661 896 1710 nostra:
924 1654 950 1694 ιι
983 1656 1036 1710 in
1063 1655 1297 1726 quodam
1323 1663 1492 1710 sta-ato
1527 1657 1840 1711 suavissime
1869 1656 2159 1712 demoran-

2265 474 2612 544 spiritualiter
2640 475 2707 528 ad
2731 475 3083 547 paralytieum
3131 477 3332 532 dictum
3375 487 3457 534 est
3497 494 3529 534 a
3569 479 3800 538 Domino
3830 500 3843 535 :

2269 566 2438 638 Surge
2473 585 2490 621 :
2525 568 2647 622 tolle
2681 577 2703 605 °
2747 569 2932 622 lectum
2979 577 3140 636 tuum,
3179 579 3228 626 et
3269 571 3475 625 ambula
3505 571 3718 641 (Matth.
3757 591 3843 640 tt;

2266 654 2392 710 Luc.
2426 656 2502 728 v).
2554 656 2671 712 Non
2719 657 2864 712 enim
2911 667 3017 719 tam
3063 659 3119 714 in
3155 674 3222 715 eo
3251 645 3618 718 admirationis
3645 663 3846 731 aliquid

2264 754 2401 815 erat,
2449 755 2507 801 ut
2548 747 2809 803 contracti
2853 748 3034 803 lectuli
3080 749 3311 817 ligneam
3358 760 3559 806 crate
3605 761 3851 821 portaret

2263 837 2610 908 paralyticus,
2629 852 2790 906 quam
2839 848 2900 892 ut
2945 840 3168 896 resoluti
3206 842 3449 911 corporis
3483 842 3752 912 menibra,
3792 853 3851 898 et

2263 926 2538 981 debilitate
2577 925 2841 984 confracti
2861 969 2880 996 ,
2923 930 3067 984 velut
3104 931 3295 985 anima:
3339 945 3450 986 sum
3491 934 3848 989 necessarium

2265 1019 2519 1074 lectulum
2548 1019 2875 1090 paralytieus
2914 1021 3030 1090 ipse
3066 1028 3322 1088 gestaret,
3347 1030 3405 1078 et
3443 1037 3628 1079 cora
3659 1025 3852 1092 positis

2261 1107 2457 1165 Judaiis
2486 1110 2715 1180 propriis
2744 1110 2917 1165 abiret
2942 1111 3185 1180 pedibus,
3218 1113 3309 1182 qui
3356 1113 3605 1167 manibus
3651 1115 3848 1168 allatus

2263 1197 2436 1255 fuerat
2464 1201 2669 1255 alienis.
2703 1200 2760 1254 lu
2804 1202 2907 1256 hoc
2936 1202 3094 1270 plane
3119 1202 3279 1274 (sicut
3305 1201 3442 1271 dixi)
3463 1204 3736 1274 completa
3767 1211 3849 1258 est

2262 1292 2574 1362 prophetica
2617 1291 2706 1346 illa
2747 1293 3013 1347 sententia
3049 1311 3060 1345 :
3103 1285 3331 1347 Versasti
3366 1302 3583 1348 stratum
3629 1285 3742 1364 ejus
3791 1297 3847 1348 in

2259 1385 2563 1454 inﬁrmitate
2580 1385 2723 1454 ejus;
2743 1382 2762 1421 ί
2782 1391 2837 1438 et
2858 1399 3010 1439 versa
3027 1384 3144 1440 vice
3164 1393 3402 1455 portaret
3438 1385 3636 1440 lectum
3664 1386 3718 1439 in
3739 1400 3846 1454 quo

2265 1475 2440 1531 fuerat
2469 1476 2630 1546 paulo
2653 1485 2779 1531 ante
2799 1485 3059 1547 portatus,
3085 1485 3140 1531 et
3159 1477 3336 1530 anima
3365 1477 3524 1545 illius,
3553 1493 3672 1547 qua:
3699 1477 3845 1547 prius

2261 1567 2478 1622 vasculo
2506 1568 2746 1636 corporis
2773 1567 3066 1634 ferebatur,
3095 1575 3284 1637 postea
3312 1583 3509 1637 corpus
3537 1575 3695 1621 suum
3725 1568 3845 1638 ipsi

2262 1658 2444 1712 utilius
2479 1655 2862 1712 circumferret.
2897 1655 3083 1711 Potest
3136 1657 3296 1712 etiam
3324 1657 3513 1727 accipi,
3542 1657 3686 1727 quod
3727 1657 3844 1712 ait:

578 1752 695 1810 tur;
719 1745 862 1814 quod
890 1745 1106 1815 quidem
1135 1758 1376 1801 sanctum
1409 1747 1728 1816 prophetam
1757 1748 1988 1802 sensisse
2019 1748 2160 1802 arbi-
2192 1756 2235 1818 Β
2265 1749 2434 1804 Erunt
2456 1750 2554 1804 duo
2581 1751 2632 1803 in
2659 1749 2790 1804 lecto
2809 1766 2934 1817 uno,
2955 1766 3088 1803 unus
3109 1759 3420 1807 assumatur.
3443 1755 3490 1803 et
3526 1751 3662 1804 unus
3685 1747 3844 1804 relin-

575 1844 712 1902 tror,
741 1847 860 1891 cum
903 1838 1032 1894 dicit
1063 1857 1074 1892 :
1111 1838 1413 1894 Universum
1445 1842 1501 1911 8
1528 1851 1750 1894 stratum
1787 1841 1900 1911 ejus
1943 1844 2158 1896 versasti

574 1927 629 1979 in
659 1927 960 1996 infirmitate
987 1929 1098 1998 ejus
1130 1928 1310 1999 (Psal.
1343 1931 1456 2000 ιι).
1505 1929 1702 1984 Beatus
1749 1930 1892 1984 enim
1937 1937 2022 1985 est
2049 1930 2159 1999 ille,

578 2017 731 2086 cujus
753 2023 978 2072 stratum
998 2016 1258 2074 Dominus
1279 2020 1335 2074 in
1359 2020 1524 2089 ipsius
1545 2019 1854 2074 infirmitate
1883 2031 1904 2058 ο
1936 2034 2160 2074 conver-

578 2107 671 2174 tit;
705 2115 764 2162 ut
792 2110 883 2178 qui
911 2109 1084 2165 fuerat
1121 2111 1280 2182 paulo
1310 2118 1436 2166 ante
1481 2112 1798 2181 iracundus,
1847 2113 2077 2181 adulter,
2105 2122 2162 2168 et

574 2198 840 2268 petulans,
888 2209 942 2256 et
978 2209 1294 2258 cunctorum
1321 2204 1586 2260 scelerum
1616 2205 2014 2261 infirmitatibus
2040 2205 2158 2275 ple-

490 2291 491 2294 “
575 2303 695 2358 nus,
725 2299 996 2346 assuetum
1034 2305 1234 2362 (κη-ρας
1271 2293 1389 2364 ejus
1431 2295 1575 2350 malo
1605 2307 1826 2351 versans
1875 2296 2156 2365 Dominus,

2261 1853 2463 1912 quetur,
2495 1841 2923 1896 Christianorum
2958 1841 3108 1911 plebs
3136 1848 3191 1896 et
3219 1841 3448 1910 populus
3487 1839 3798 1895 Iudaeorum
3825 1883 3844 1908 ,

2265 1934 2358 2002 qui
2385 1935 2533 1989 velut
2563 1949 2668 1988 uno
2698 1934 2911 2001 lectulo,
2945 1935 3049 1988 hoc
3075 1941 3159 1989 est
3181 1948 3288 1989 una
3317 1934 3695 1989 mandatorum
3724 1934 3844 2002 lege

2261 2031 2535 2092 tenentur,
2567 2031 2621 2078 et
2649 2025 2815 2078 veluti
2862 2024 3021 2078 simili
3067 2024 3475 2080 resurrectionis
3513 2024 3694 2094 specie
3723 2023 3842 2092 gloo

2262 2117 2484 2170 riantur.
2521 2115 2672 2171 Tunc
2713 2117 2877 2184 igitur
2912 2114 3336 2171 Christianorum
3383 2115 3574 2171 beatus
3613 2113 3842 2185 populus

2272 2216 2574 2267 assumatur
2603 2209 2655 2262 in
2682 2207 2926 2281 gloriam,
2959 2215 2985 2255 ε
3013 2205 3319 2262 Judreorum
3341 2214 3522 2263 autem
3544 2213 3841 2262 conventus

2263 2300 2596 2368 relinquetur
2625 2299 2676 2354 in
2705 2306 2868 2355 terra.

1963 2433 2310 2498 HOMILIA
2346 2433 2455 2497 Ill.

1768 2533 1935 2604 Super
1954 2535 2135 2591 eadem
2164 2539 2317 2593 verba
2342 2537 2632 2608 Evangelii.

2013 2625 2406 2683 ADMONITIO.

640 2717 695 2788 9
713 2706 909 2788 Patens
932 2705 1090 2784 hujus
1108 2714 1345 2788 homilite
1373 2730 1494 2788 cum
1514 2716 1994 2788 superiorenexus,
2020 2718 2360 2788 etgcolligatio
2375 2716 2506 2788 satis
2520 2716 2754 2788 ostendit
2769 2727 2981 2788 [namq

2986 2729 3052 2769 ne
3079 2716 3268 2770 eodem
3297 2729 3364 2769 ex
3395 2714 3542 2770 fonte
3569 2726 3836 2772 manasse.

575 2783 918 2843 Atcertiores
939 2783 1040 2856 nos
1066 2785 1279 2855 quidem
1302 2783 1680 2856 redduntimss.
1705 2785 1936 2856 codices,
1970 2793 2026 2839 ut
2055 2783 2434 2856 Sanga'llensis,
2468 2785 2942 2856 Lamba<zensis,$.
2967 2783 3163 2840 ’Crucis
3190 2786 3243 2839 in
3273 2783 3379 2840 Jer.
3413 2785 3482 2838 90
3518 2797 3576 2840 et
3599 2783 3685 2849 99,
3710 2785 3839 2839 Val.-

572 2856 850 2927 licellanus
871 2872 930 2919 ll,
959 2853 1246 2927 Vaticanus
1275 2871 1414 2927 unus
1433 2853 1586 2920 1967,
1607 2865 1749 2927 pag.‘
1769 2855 1856 2922 15,
1884 2853 2293 2927 Novarien.'_27,
2326 2875 2378 2927 p.
2411 2856 2495 2920 18,
2528 2857 2614 2927 cui
2640 2857 2773 2927 item
2811 2855 2868 2910 S.
2900 2855 3114 2909 Maximi
3145 2865 3338 2910 nomen
3366 2856 3641 2924 prasitum
3681 2856 3838 2927 extri-

572 2925 719 2982 bent.
751 2925 861 2981 Nec
879 2925 1274 2985 dissidet-leae.
1307 2925 1573 2990 Gillotius,
1601 2924 1692 2994 qui
1722 2924 1938 2981 Parisiis
1959 2941 2046 2980 an.
2081 2925 2216 2980 1569
2244 2924 2508 2982 rec’udeus
2533 2926 2589 2981 8.
2620 2925 2887 2980 Ambrosii
2913 2939 3097 2994 opera,
3132 2935 3186 2980 et
3209 2927 3346 2982 hanc
3375 2927 3645 2980 bomiliam
3661 2925 3838 2980 collo-

572 3012 703 3052 cans
731 3012 878 3065 num.
900 2994 975 3048 ‘29
1022 3011 1346 3065 sermonum,
1379 2998 1658 3065 annotavit
1684 2997 1739 3050 in
1781 3011 1951 3065 marg.
1983 3016 1995 3048 :
2030 2995 2178 3051 Idem
2205 2996 2354 3049 habet
2383 2997 2648 3049 Maximus
2682 2995 3108 3057 Mediolanensis,
3140 2995 3285 3064 quod
3315 3011 3505 3050 errans
3531 2995 3682 3059 dixit,
3709 2995 3839 3050 Fuit

572 3067 715 3148 enim
735 3057 994 3150 Maximus
1025 3057 1512 3150 'f'ayinensis‘.h8ed
1534 3065 1601 3150 ad
1626 3057 1926 3150 ﬁrmiorem
1944 3066 2146 3150 horum.
2165 3068 2538 3150 auctori-tatem
2569 3067 2772 3150 qp‘tim‘e
2812 3066 3061 3150 cond‘ucit
3090 3057 3298 3150 ‘Alcuini
3325 3057 3704 3150 testiinonium,
3727 3067 3836 3148 qui

572 3150 671 3191 suo
699 3136 750 3190 in
778 3135 1090 3191 llomiiiario
1103 3129 1293 3206 Venet.
1313 3136 1441 3190 edit.
1465 3145 1651 3200 serm.,
1671 3134 1703 3188 4
1725 3150 1847 3206 pag.
1865 3136 1918 3201 8,
1937 3149 2054 3191 eam
2067 3137 2165 3191 sub
2176 3137 2233 3191 S.
2249 3136 2461 3190 Maximi
2493 3129 2652 3190 tradit
2680 3135 2747 3190 ad
2763 3135 3050 3206 secundam
3075 3133 3393 3190 dominicam
3419 3134 3715 3206 Adventus;
3727 3129 3838 3205 ipsi

609 3206 901 3262 osteriores
919 3217 1108 3262 omnes
1127 3205 1363 3262 editores
1391 3204 1816 3263 conformantur.
1840 3206 1993 3273 Quod
2023 3209 2068 3260 si
2095 3208 2150 3260 in
2171 3207 2489 3275 quibusdam
2509 3206 2788 3275 codicibus
2805 3205 2866 3258 S.
2888 3204 3171 3259 Ambrosio
3193 3206 3491 3270 ascribitur,
3518 3206 3571 3260 hi
3589 3204 3840 3275 profecto

607 3276 800 3348 abendi
828 3285 962 3348 sunt;
978 3276 1203 3348 minimi,
1227 3291 1349 3348 cum
1379 3292 1552 3348 neque
1591 3293 1834 3342 numero,
1867 3293 2041 3348 neque
2069 3274 2646 3348 antiquitateilaximo
2675 3274 2975 3348 faventibus
3019 3275 3124 3348 sint
3158 3275 3492 3348 coaequandi.
3535 3274 3839 3348 Manendum

569 3356 732 3414 porro
758 3347 927 3402 lcetor
949 3343 1036 3401 hic
1064 3351 1166 3412 est,
1200 3343 1440 3415 additum
1466 3343 1501 3401 a
1531 3349 1685 3401 nobis
1727 3348 1849 3402 huic
1878 3343 2054 3402 eidem
2092 3343 2326 3402 homilise
2383 3347 2746 3415 fragmentum
2768 3345 3006 3400 nondum
3036 3345 3256 3415 editum,
3278 3343 3426 3415 quod
3454 3361 3522 3400 ex
3551 3345 3838 3401 codicibus

571 3409 924 3485 Sangallens‘i,
961 3409 1196 3471 Florent.
1222 3433 1258 3479 ι,
1290 3410 1431 3470 Plut.
1463 3431 1570 3470 xiv.
1599 3417 1724 3470 bibl.
1752 3417 1946 3472 Medic.
1981 3417 2259 3482 Laurent.,
2293 3425 2347 3470 et
2370 3414 2436 3468 99
2463 3409 2596 3472 bibl.
2628 3414 2685 3469 S.
2717 3411 2905 3470 Crucis
2944 3415 2996 3468 in
3025 3409 3322 3469 Jerusalem
3361 3415 3760 3486 exscripsimus.

573 3553 959 3607 Mcuusuruu.
985 3584 1055 3593 —
1082 3550 1319 3605 Continet
1362 3551 1574 3604 Itomilia
1615 3551 1847 3605 eamdem
1881 3549 2153 3621 Evangelii
2175 3553 2222 3616 Ο
2257 3550 2448 3619 quisve
2485 3548 2784 3604 nolit-iouis
2826 3546 3068 3603 eﬁ‘ectus.
3106 3546 3246 3602 Nulli
3289 3515 3509 3602 dubium
3556 3557 3660 3612 est,
3689 3551 3839 3618 quod

641 3621 1008 3690 expositionem
1026 3621 1267 3692 ampliori
1285 3622 1702 3690 interpretatione
1717 3633 2042 3675 exornatam.

642 3733 930 3804 Superiore
959 3735 1227 3791 dominica
1258 3736 1550 3806 capitulum
1590 3736 1955 3804 evangelicum
1983 3735 2153 3792 disse-

576 3835 756 3882 rentes
784 3837 990 3898 partem
1016 3826 1302 3898 quamdam
1324 3843 1390 3883 ex
1409 3822 1500 3882 illo
1528 3829 1967 3896 perstrinximus;
1990 3840 2152 3897 supe-

573 3927 704 3985 rest,
735 3927 796 3973 ut
847 3919 1122 3988 sequentia
1164 3919 1532 3974 decurramus.
1577 3919 1963 3988 Descripsimus
2009 3921 2152 3975 enim

571 4009 698 4077 quid
727 4017 867 4064 esset
897 4009 1041 4079 quod
1077 4009 1332 4064 Dominus
1360 4009 1436 4062 ait
1469 4027 1479 4060 :
1508 4007 1571 4061 In
1593 4009 1685 4062 illa
1712 4021 1857 4063 nocte
1879 4019 2026 4063 erunt
2052 4010 2152 4064 duo

571 4101 622 4155 in
638 4100 764 4155 lecto
789 4117 910 4168 uno,
930 4110 1017 4157 etc
1032 4119 1067 4167 .;
1091 4116 1234 4156 nunc
1248 4114 1375 4168 ergo
1398 4099 1693 4166 videamus,
1713 4101 1861 4169 quod
1891 4101 2155 4170 reliquum

571 4200 656 4246 est
688 4211 700 4245 :
733 4192 866 4248 dicit
892 4193 1039 4248 enim
1065 4190 1092 4229 ιι
1121 4191 1303 4246 divina
1349 4193 1614 4245 sententia
1647 4210 1658 4244 :
1701 4191 1872 4244 Erunt
1899 4191 2016 4247 dum
2040 4207 2154 4246 mo-

570 4281 730 4337 lentes
759 4285 814 4336 in
859 4285 1115 4350 pistrino;
1145 4298 1250 4334 una
1276 4291 1584 4347 assumetur,
1620 4293 1668 4335 et
1703 4297 1807 4336 una
1845 4284 2156 4356 relinquetur

571 4372 722 4443 (Luc.
757 4373 906 4442 xvu).
928 4370 1160 4426 Primum
1191 4372 1352 4438 igitur
1371 4371 1822 4427 considerandum
1860 4371 1874 4410 ί
1901 4381 2002 4436 est,
2021 4389 2159 4444 quo-

570 4464 737 4520 modo
783 4471 1000 4520 constet
1047 4459 1302 4519 molent'is
1349 4463 1619 4528 cilicium;
1649 4464 1850 4519 deinde
1897 4480 2016 4533 quae
2053 4466 2160 4520 sint

570 4553 708 4621 dure,
738 4569 856 4625 quae
886 4556 1088 4612 molere
1108 4555 1390 4621 dicuntur;
1413 4557 1576 4611 tertio
1601 4555 1729 4626 quid
1759 4557 2039 4626 pistrinum
2064 4558 2151 4622 sit,

641 4768 672 4796 ⁸
715 4760 897 4814 Codex
941 4759 1108 4814 Vatic.
1164 4757 1334 4830 Palat.
1388 4755 1557 4821 1276,
1607 4761 1660 4814 in
1701 4775 1810 4830 quo
1850 4759 1957 4813 alia
1986 4773 2147 4813 manu

574 4828 662 4881 hic
689 4839 867 4881 sermo
896 4830 1177 4882 aseribitur
1206 4829 1508 4894 Ambrosio,
1543 4831 1670 4896 legit
1712 4828 1732 4882 ξ
1754 4830 1876 4883 Jam
1917 4845 2148 4883 resurre-

572 4897 755 4949 ctionis
784 4899 1022 4949 meritum
1052 4897 1452 4963 demonstratur,
1483 4901 1618 4967 quod
1650 4915 1753 4953 non
1777 4916 1870 4968 pro
1899 4900 2147 4970 qualitate

572 4966 768 5018 vivendi
795 4967 882 5018 sit.
905 4973 1008 5018 etc.

572 4966 768 5019 vivendi
795 4967 882 5032 sit,
905 4973 1008 5018 etc.

645 5035 670 5072 δ
700 5034 832 5089 Cod.
865 5033 1005 5087 mdil.
1039 5032 1107 5085 bl.
1141 5034 1272 5087 eccl.
1303 5033 1470 5096 Flor.,
1502 5043 1559 5088 et
1601 5035 1720 5088 cod.
1771 5035 1840 5087 99
1867 5036 1925 5090 S.
1954 5036 2143 5092 Crucis

572 5105 625 5157 in
649 5103 781 5168 Jer.,
813 5103 972 5173 ueluti,
991 5105 1045 5156 in
1066 5102 1289 5173 quodam
1318 5111 1482 5156 stratu
1509 5107 1811 5158 suavissime
1829 5106 2138 5161 demoratur.

647 5185 670 5212 °
699 5173 829 5228 Cod.
865 5172 1127 5234 Vallicelq
1157 5176 1400 5226 concutit.

641 5241 667 5280 ἀ
698 5243 841 5299 Idem
871 5241 1016 5304 eod..
1049 5242 1110 5294 de

644 5323 666 5350 ⁶
697 5313 828 5368 Cod.
853 5313 972 5366 Vat.
1011 5310 1153 5364 1267
1175 5321 1228 5365 et
1249 5313 1435 5368 Vallic.
1469 5310 1528 5376 ll,
1570 5311 1842 5376 grabatum
1875 5321 2031 5366 tuum.

644 5383 662 5422 ί
697 5383 752 5436 1η
789 5383 972 5437 codice
1005 5397 1044 5448 ι,
1073 5380 1211 5434 Plut.
1255 5398 1360 5436 xiv.
1394 5381 1522 5448 bibl.
1570 5380 1956 5446 Laurentianze,
1999 5391 2053 5436 et
2091 5383 2142 5436 in

571 5453 690 5510 cod.
719 5453 775 5507 S.
811 5452 997 5507 Crucis
1031 5446 1087 5504 in
1127 5449 1320 5517 Jerus.,
1365 5446 1516 5519 cuju's
1548 5451 1708 5520 paulo
1731 5460 1854 5506 ante
1899 5453 2145 5506 memini-

571 5541 710 5589 mus,
743 5524 934 5592 legitnr
965 5539 975 5573 :
1003 5523 1191 5592 κυνῆ-9
1237 5537 1383 5592 versa
1428 5528 1656 5592 portaret
1704 5522 1959 5575 lectulum.
1993 5520 2146 5586 Quod

572 5589 832 5668 idem_fer't
860 5592 1028 5668 codex
1059 5589 1325 5668 S._(_3rucis
1367 5589 1762 5668 in'Jerusalem,

644 5673 669 5710 Β
701 5663 1090 5718 Laurentianus
1117 5661 1258 5716 idem
1288 5661 1428 5718 eod..
1463 5659 1764 5716 Judazaruni
1805 5672 1971 5715 autem
2002 5677 2146 5715 exse-

1199 5259 1230 5296 ο
1259 5251 1443 5296 suam.

2256 3644 2462 3698 molere
2490 3642 2643 3698 aliter
2681 3658 2790 3696 non
2817 3649 3050 3706 constat,
3073 3642 3176 3696 nisi
3209 3641 3424 3697 duobus
3450 3641 3716 3711 lapidibus
3737 3659 3840 3714 ap-

2255 3736 2478 3807 paratis,
2503 3743 2558 3789 et
2585 3734 3030 3790 convenientibus
3047 3734 3170 3799 sibi,
3217 3741 3274 3788 ut
3303 3734 3459 3788 alteri
3501 3748 3569 3788 ex
3611 3734 3695 3789 bis
3721 3751 3841 3789 Ina-

2254 3827 2480 3897 gnitudo
2499 3827 2720 3882 alterius
2743 3827 3074 3896 imponatur:
3100 3834 3154 3880 et
3174 3826 3322 3880 illum
3335 3825 3557 3894 quidem
3580 3827 3836 3896 lapidem,

2255 3920 2346 3988 qui
2373 3921 2385 3969 l
2419 3920 2566 3990 prior
2592 3919 2864 3984 sternitur,
2890 3933 3008 3972 esse
3036 3919 3242 3988 pigrum
3265 3919 3320 3972 et
3341 3917 3570 3984 tardum,
3595 3925 3648 3973 et
3675 3924 3838 3989 pene,

2257 4017 2316 4063 ut
2345 4010 2416 4063 ita
2447 4007 2693 4075 dixerim,
2737 4009 2969 4065 otiosum
3002 4025 3067 4064 ac
3111 4011 3212 4065 nisi
3236 4009 3528 4079 superioris
3549 4011 3842 4081 participa-

2263 4101 2408 4154 tione
2429 4101 2624 4170 lapidis
2665 4111 2950 4157 ornaretur
2996 4103 3045 4166 ι,
3079 4100 3304 4158 forsitan
3354 4102 3690 4157 necessarius
3727 4114 3840 4157 non

2258 4189 2552 4248 videretur.
2581 4193 2658 4248 Ita
2679 4194 2807 4249 dum
2838 4193 2928 4248 ille
2955 4200 3228 4264 operatur,
3263 4193 3427 4248 etiam
3458 4194 3560 4248 iste
3589 4193 3737 4248 utilis
3757 4194 3840 4248 in-

2259 4286 2486 4340 venitur.
2520 4285 2613 4340 llle
2634 4294 2814 4340 autem
2841 4284 2883 4350 ι,
2910 4287 2962 4340 id
2990 4295 3072 4342 est
3100 4287 3346 4356 superior
3365 4286 3502 4356 lapis
3599 4294 3711 4341 tota
3739 4301 3839 4342 ve-

2258 4374 2477 4429 locitate
2505 4375 2684 4444 operis
2712 4365 3108 4439 circumfertur,
3137 4385 3196 4429 ut
3220 4374 3410 4430 fallens
3429 4375 3622 4431 oculos
3643 4378 3698 4431 in
3719 4377 3841 4446 ipsa

2257 4465 2535 4520 celeritate
2563 4473 2708 4519 stare
2734 4467 2984 4520 credatur
3001 4505 3016 4531 ,
3046 4463 3339 4536 etputetur
3359 4467 3649 4522 immobilis
3692 4483 3837 4532 esse,

2259 4558 2384 4611 dum
2409 4558 2596 4612 currit.
2627 4555 2727 4623 Qui
2748 4564 2949 4628 quanto
2975 4559 3263 4614 violentius
3295 4566 3447 4615 actus
3476 4557 3653 4626 fuerit,
3684 4567 3840 4615 tanto

2257 4757 2470 4812 crabilis
2492 4766 2789 4814 conventus.
2824 4756 3004 4813 Codex
3033 4769 3164 4813 vero
3203 4756 3272 4810 99
3307 4758 3363 4812 S.
3404 4759 3591 4816 Crucis
3633 4761 3686 4816 in
3717 4761 3831 4818 Jer.

2253 4833 2352 4900 pro
2382 4829 2772 4900 relinquenti-in
2808 4836 2947 4900 terra
2968 4828 3139 4900 habet
3179 4829 3494 4900 relinquetur
3526 4833 3578 4883 in
3614 4842 3835 4888 tartara.

2322 4896 2347 4935 δ
2386 4897 2442 4952 ln
2461 4896 2592 4953 Cod.
2628 4897 2694 4950 99
2732 4896 2786 4952 S.
2819 4897 3006 4953 Crucis
3029 4899 3080 4950 in
3109 4896 3216 4952 Jer.
3260 4896 3472 4952 additur
3490 4901 3688 4954 eadem.

2328 4968 2340 5005 ί
2386 4967 2518 5022 Cod.
2547 4967 2806 5023 Valliccll.
2842 4981 2896 5031 tt,
2928 4967 3361 5021 considerandum
3385 4969 3528 5022 nobis
3555 4979 3650 5023 est.

2325 5044 2338 5088 t
2388 5038 2522 5092 Cod.
2555 5039 2609 5092 S.
2644 5038 2832 5092 Crucis
2860 5039 2912 5091 in
2940 5037 3075 5100 Jer.,
3107 5039 3190 5091 cui
3217 5037 3547 5094 conformior
3586 5045 3668 5094 est
3709 5040 3835 5096 Vat.

2250 5107 2404 5163 1267.
2441 5110 2582 5162 ocior
2605 5108 2717 5162 solo
2746 5109 3009 5162 sternitur.
3036 5107 3166 5160 item
3191 5107 3313 5160 cod.
3349 5107 3470 5161 Vat.
3505 5108 3668 5172 1267.,

2169 5165 2222 5225 D
2321 5177 2344 5214 ιε
2389 5177 2624 5240 Uterque
2649 5178 2818 5232 codex
2839 5178 2895 5231 S.
2927 5177 3110 5233 Crucis
3139 5177 3192 5229 in
3220 5177 3326 5232 Jer.
3355 5178 3498 5231 addit
3524 5181 3618 5234 ita.
3649 5169 3834 5236 Codex

2250 5248 2372 5301 Vat.
2407 5247 2547 5300 1267
2571 5248 2734 5301 habet
2761 5253 3079 5302 oneraretur.

2295 5316 2342 5400 ,ι
2387 5316 2520 5400 Qod.
2567 5316 2758 5371 Novar.
2811 5315 2899 5380 27,
2943 5317 3032 5370 ille
3077 5326 3246 5371 autem
3293 5318 3428 5371 idem
3478 5319 3713 5388 superior
3755 5319 3838 5370 la-

2253 5403 2362 5492 Ριῖἷι
2379 5397 2534 5511 033's.
2568 5456 2826 5525 Sangall.,
2861 5464 2914 5511 et
2961 5456 3078 5512 eod.
3113 5455 3181 5508 99
3215 5455 3269 5511 S.
3319 5456 3505 5512 Crucis
3535 5456 3586 5510 in
3629 5455 3760 5516 ιω..
3794 5463 3836 5508 et

2256 5535 2398 5577 tanta
2426 5527 2710 5579 velocitate.
2756 5525 2821 5579 Et
2849 5527 2968 5580 cod.
2999 5545 3012 5580 l
3045 5525 3296 5588 Lauren.,
3332 5527 3428 5579 hac
3466 5536 3613 5579 tanta
3655 5528 3839 5587 veleri-

2257 5604 2360 5646 tate
2383 5597 2549 5663 operis
2579 5597 2955 5666 circumfertur,
2989 5601 3042 5647 ut
3072 5594 3383 5649 volubilitate
3413 5612 3524 5648 sua.
