4040 6324
1597 333 1874 391 ιιοιιιιιΑ
1911 334 1994 389 Ill.

3342 355 3444 405 ιω

183 465 308 522 opus
348 445 636 518 perfectius
678 450 1103 499 consummatur.
1139 443 1216 498 lta
1269 457 1401 512 ergo
1437 443 1586 514 prior
1614 443 1751 514 lapis
1775 449 1831 506 Α
1852 444 2020 498 litatis
2047 445 2339 516 asperitate
2367 447 2594 513 mollita,
2625 449 2886 519 producat
2909 469 3064 506 omne
3083 457 3222 523 quod
3255 473 3445 528 purum

180 549 296 605 stat,
318 539 483 609 jacet,
511 543 567 592 et
590 551 727 606 pene
745 535 877 590 nihil
908 534 1162 604 prodest;
1193 534 1282 590 ille
1313 550 1441 590 vero
1463 534 1754 602 alter,qu:e

180 633 489 695 inferuntur,
525 637 717 684 cuncta
767 627 1012 696 suscipit,
1050 641 1171 697 qua:
1211 626 1454 689 veniunt,
1504 624 1752 679 universa

178 720 562 792 complectitur,
592 726 646 772 et
687 733 784 789 per
830 719 932 789 ιο
974 716 1289 772 cavernulas
1316 715 1577 786 quasdam
1606 722 1754 768 nter-

177 831 292 889 que,
339 810 486 883 quod
514 819 786 882 operetur,
835 809 1086 881 acquirit.
1113 807 1216 877 Qui
1245 808 1401 864 molit
1439 813 1621 862 autem
1647 805 1754 861 hoc

175 907 362 963 habere
400 902 615 958 videtur
663 902 852 965 cilicii,
904 910 963 956 ut
1003 900 1246 971 pervigili
1287 913 1417 955 cura
1459 913 1752 967 granorum

174 996 454 1068 asperitate
495 992 792 1057 confracta,
825 1008 892 1047 ex
932 992 1134 1046 intimis
1174 1001 1385 1055 eorum,
1417 988 1753 1058 occultisque

173 1088 458 1145 visceribus
508 1085 883 1156 similaginem,
931 1084 1331 1155 medullamqne
1361 1081 1664 1155 producat,
1698 1090 1753 1138 et

173 1179 395 1236 sordium
423 1178 642 1234 levitate
662 1178 922 1242 discussa,
957 1177 1010 1230 in
1032 1179 1281 1247 apertum
1302 1175 1547 1246 proferat
1569 1191 1750 1242 omne,

172 1274 307 1346 quod
331 1287 529 1344 purum
553 1279 652 1338 est,
677 1285 745 1329 ex
771 1283 880 1342 que
916 1271 1328 1328 mundissimum
1355 1283 1552 1344 panem
1579 1271 1752 1328 eonﬁ-

171 1367 310 1423 ciens
327 1364 561 1437 gratiam
603 1365 808 1422 domini
839 1375 1223 1437 consequatur.
1269 1363 1380 1424 llos
1414 1370 1576 1438 igitur
1615 1369 1755 1426 duos

171 1464 393 1518 molares
424 1461 635 1532 lapides
665 1462 775 1518 duo
815 1480 936 1519 esse
965 1466 1200 1520 arbitror
1249 1466 1620 1533 Testamenta,
1651 1469 1757 1525 hoc

172 1564 247 1610 est
277 1555 456 1626 legem
497 1553 716 1628 Moysis,
751 1565 807 1611 et
845 1557 1198 1628 Evangelium
1249 1561 1478 1629 Domini,
1512 1577 1632 1634 quae
1681 1563 1754 1619 ita

170 1658 286 1704 sunt
324 1641 610 1719 disposita,
671 1647 757 1702 vel
814 1658 1038 1720 parata,
1098 1659 1155 1705 ut
1204 1651 1304 1706 sibi
1347 1650 1753 1711 Testamentum

1857 545 1957 592 est.
1988 537 2160 604 Quam
2189 537 2590 595 similitudinem
2623 539 3088 599 Testamentorum
3111 545 3443 606 Ezecliielcm

1855 629 2173 700 prophetam
2203 631 2436 686 arbitror
2460 634 2858 702 perstrinxisse,
2890 651 3011 690 cum
3032 637 3160 693 dicit
3188 649 3359 698 rotam
3387 644 3442 700 in

1857 719 2039 775 medio
2059 730 2191 776 rota:
2218 737 2337 778 esse
2362 735 2660 779 connexum
2693 734 2738 778 ο.
2773 725 2973 782 Harum
3003 729 3164 796 igitur
3182 733 3444 790 molarum

1857 816 2190 883 operatione,
2226 813 2280 870 id
2325 823 2408 872 est
2436 816 2569 872 Novi
2614 832 2679 873 ac
2716 818 2925 876 Veteris
2968 819 3295 880 Testamenti
3341 827 3446 884 hoc

1855 906 1966 976 agit
2009 916 2195 963 sancta
2238 907 2477 964 Ecclesia
2517 925 2648 965 cura
2687 912 2966 980 pervigili,
2999 921 3056 969 ut
3097 925 3444 985 peccatorum

1855 998 2146 1066 asperitate
2173 999 2431 1063 discussa,
2455 1009 2523 1054 ex
2551 1001 2780 1057 occultis
2797 1004 3214 1073 cogitationibus
3239 1009 3448 1064 medul-

1855 1091 1961 1146 lam
2014 1091 2198 1147 mundi
2249 1092 2428 1148 cordis
2482 1091 2685 1160 eliciat,
2717 1103 2772 1149 et
2819 1095 3130 1154 cmlestlbus
3182 1099 3448 1156 mandatis

1856 1184 2115 1239 inundata
2155 1200 2222 1239 ex
2252 1185 2454 1240 intimis
2483 1183 2745 1254 spiritalia
2777 1186 3033 1242 alimenta
3061 1187 3341 1257 producat.
3373 1189 3448 1247 De

1854 1276 2050 1344 quibus
2061 1273 2330 1329 alimentis
2341 1274 2538 1329 Paulus
2557 1277 2836 1346 apostolus
2846 1278 2952 1330 ait:
2974 1275 3080 1330 Lac
3101 1278 3242 1332 vobis
3269 1289 3446 1349 potura

1855 1366 1995 1431 dedi,
2050 1382 2152 1420 non
2189 1379 2360 1420 escam
2387 1365 2440 1436 (1
2469 1363 2589 1420 Cor.
2621 1367 2695 1438 v).
2733 1367 2797 1421 Et
2825 1368 3019 1422 iterum
3047 1386 3058 1420 :
3092 1365 3446 1441 Perfectorunt

1856 1468 2025 1512 autent
2055 1466 2131 1512 est
2157 1455 2327 1512 solida
2358 1476 2475 1512 esca
2503 1456 2688 1529 (Hebr.
2729 1456 2818 1529 v);
2846 1458 2938 1528 qui
2973 1457 2992 1496 τ
3029 1467 3250 1531 propter
3295 1459 3447 1514 babi-

1855 1559 1970 1604 t-nm
1999 1564 2189 1604 sensus
2213 1551 2540 1605 exercitatos
2568 1551 2786 1613 habent.
2832 1563 2897 1606 ac
2927 1553 3173 1622 spiritum
3202 1561 3444 1608 nostrum

1859 1643 2004 1696 omni
2035 1642 2369 1697 humanitate
2399 1641 2713 1714 purificans,
2756 1643 2903 1698 velut
2953 1643 3306 1712 similaginem
3331 1643 3447 1699 Deo

172 1747 450 1808 utrunque
497 1739 810 1802 cenveniat,
851 1740 989 1794 sicut
1031 1742 1107 1795 ait
1157 1741 1450 1798 Salvator;
1488 1743 1611 1800 Non
1639 1748 1756 1801 υεπί
1857 1734 2050 1792 οίτθιιθ
2077 1737 2385 1802 contendit;
2427 1737 2567 1792 sicut
2609 1733 2775 1791 David
2823 1743 3040 1792 sanctus
3068 1738 3142 1791 ait
3177 1755 3188 1789 :
3223 1731 3446 1807 Sacriﬁ-

169 1829 350 1884 aolrere
377 1829 559 1902 legem,
593 1829 682 1884 sed
709 1831 992 1903 adimplere
1014 1833 1204 1897 (Marc.
1246 1835 1323 1905 v).
1361 1835 1424 1890 Et
1445 1825 1559 1890 ad"
1581 1840 1749 1893 vicem

1856 1831 1992 1883 cium
2031 1829 2142 1884 Deo
2166 1829 2379 1901 spiritus
2404 1827 2781 1884 contribulatua
2822 1828 2992 1899 (Paul.
3026 1836 3101 1896 ι).
3136 1817 3305 1882 Tanta
3346 1842 3472 1882 att--

170 1921 426 1975 molarum
474 1920 616 1975 aliud
663 1922 810 1990 prius
858 1921 974 1978 solo
1019 1925 1275 1994 positum,
1339 1926 1480 1981 aliud
1538 1928 1749 2001 insuper

1857 1929 1964 1975 tem
1991 1921 2280 1976 velocitate
2314 1919 2688 1976 circumfertur
2713 1917 3082 1992 Evangeliurn,
3113 1927 3173 1974 ut
3210 1934 3315 1972 non
3345 1919 3446 1976 nisi

167 2011 504 2078 collocatum,
536 2013 639 2068 hoc
667 2022 750 2069 est
780 2015 952 2081 legem
981 2017 1212 2085 primum
1235 2019 1541 2075 horninibus
1562 2023 1756 2078 consti-

166 2109 348 2169 tutam,
391 2104 588 2162 deinde
635 2106 931 2175 perfectum
989 2107 1337 2178 Evangelium
1388 2111 1436 2165 δ.
1481 2113 1612 2180 Quae
1638 2116 1749 2182 lex,

168 2197 305 2252 velut
332 2195 599 2254 inferioris
627 2199 782 2255 mola:
813 2216 1034 2268 saxum,
1067 2201 1139 2256 ita
1170 2211 1286 2257 erat
1316 2204 1487 2272 tarda,
1521 2208 1670 2276 pigra
1698 2215 1754 2264 et

162 2290 373 2357 penitus
399 2289 598 2354 otiosa,
630 2299 688 2344 ut
733 2291 991 2360 quidquid
1037 2294 1313 2362 operando
1355 2306 1668 2366 acceperat,
1701 2298 1754 2352 id

161 2392 326 2432 omne
354 2378 678 2448 perdiderit;
702 2379 916 2434 dicente
935 2379 1002 2434 de
1026 2380 1222 2436 Judzeis
1249 2385 1540 2453 propheta:
1561 2384 1754 2439 0mm

163 2466 570 2532 declinaverunt,
595 2468 747 2522 simul
774 2468 982 2522 inutiles
1004 2471 1131 2540 facil
1161 2479 1300 2538 sunt,
1324 2487 1426 2528 non
1458 2485 1532 2527 ea
1559 2478 1647 2548 qui
1671 2478 1754 2548 {a-

160 2560 258 2612 ciat
286 2557 496 2626 bonum,
524 2578 628 2616 non
653 2570 732 2616 est
759 2578 922 2631 usque
949 2563 1018 2616 ad
1043 2580 1205 2618 unum
1234 2565 1404 2635 (Paul.
1435 2584 1528 2622 xui
1557 2578 1606 2622 et
1634 2570 1745 2639 ett).

159 2651 294 2721 Ergo
315 2653 417 2708 nisi
445 2651 794 2723 Evangelium
823 2658 1222 2726 superpositum
1247 2657 1434 2714 fuisset
1462 2661 1636 2716 adhuc
1664 2663 1748 2718 lex

159 2743 318 2798 veluti
347 2743 522 2811 tarda,
555 2753 610 2799 et
653 2746 830 2813 gravis
870 2746 1076 2816 jaceret
1118 2749 1170 2802 in
1221 2755 1360 2805 terra
1407 2749 1650 2816 Judaica,
1694 2762 1749 2808 et

159 2834 309 2891 uilius
336 2835 625 2906 provincia:
653 2839 1027 2909 cooperiretur
1055 2839 1332 2908 angustiis.
1368 2839 1476 2898 Nisi
1507 2839 1747 2914 Evange-

166 2925 308 2994 litm,
340 2927 580 2996 inquam,
606 2927 790 2983 datum
835 2939 997 2994 esset,
1039 2932 1123 2985 lex
1176 2934 1480 2988 necessaria
1524 2937 1745 2991 omnino

159 3033 258 3073 non
282 3027 442 3074 esset.
464 3015 578 3074 Hoc
602 3030 782 3075 autem
811 3021 897 3076 lex
929 3023 1254 3091 operabatur
1281 3025 1399 3079 sine
1427 3024 1740 3098 Evangelia,

133 3108 290 3180 ,quod
322 3127 430 3166 uno
460 3127 593 3166 saxo
623 3107 737 3167 ﬁeri
766 3117 962 3183 potest.
988 3107 1341 3184 Confringere
1368 3124 1598 3186 poterat,
1632 3137 1740 3176 non

1865 2015 1964 2086 12
1991 2011 2261 2084 sapientes
2290 2027 2505 2068 cursum
2534 2011 2650 2082 ejus
2694 2007 3026 2080 intelligant;
3070 2019 3228 2080 Quem
3257 2011 3449 2064 beatas

1859 2105 2054 2159 Paulus
2083 2105 2387 2172 intelligens
2414 2103 2489 2157 ait
2516 2122 2527 2156 :
2564 2102 2632 2158 Ut
2661 2117 2831 2158 temo
2858 2101 2956 2156 Dei
2975 2111 3146 2155 curret
3177 2111 3225 2164 ις,
3255 2109 3305 2154 et
3338 2100 3447 2153 cla-

1857 2198 2088 2268 riﬁcetur
2111 2196 2137 2234 ιι
2167 2200 2220 2251 in
2241 2198 2400 2251 vobis.
2428 2197 2595 2249 Amen
2616 2195 2680 2263 (ll
2698 2195 2877 2249 Thess.
2904 2196 3005 2265 ιιι).
3033 2194 3051 2231 ί
3079 2191 3446 2264 Insipientittm

1857 2297 2034 2343 autem
2062 2285 2230 2344 oculis
2256 2287 2466 2342 videtur
2501 2283 2848 2354 Evangelium
2879 2293 3041 2348 stare,
3072 2285 3199 2339 dum
3226 2283 3446 2349 vident;

1857 2389 2022 2443 stare,
2047 2381 2282 2448 inQuam,
2317 2379 2446 2434 illud
2469 2386 2681 2448 putant,
2719 2375 3112 2430 omn-mandata
3140 2375 3259 2444 ejus
3281 2369 3448 2444 negli-

1856 2475 2007 2540 gant,
2025 2484 2146 2524 cum
2167 2483 2272 2524 non
2288 2468 2517 2524 credunt
2531 2477 2788 2523 eventura
2804 2479 2942 2531 esse,
2960 2480 3079 2534 quae
3091 2466 3291 2535 scripta
3301 2473 3446 2520 sunt.

1855 2559 2007 2616 Molit
2031 2570 2211 2617 autem
2243 2569 2296 2617 et
2320 2559 2620 2632 Synagoga,
2652 2559 2745 2638 sed
2767 2559 3025 2613 inutiliter
3044 2557 3224 2624 molit;
3253 2557 3451 2628 quippe

1853 2669 1972 2723 qua:
2002 2670 2110 2709 uno
2129 2670 2262 2709 saxo
2293 2651 2306 2704 i
2350 2654 2536 2708 nititur
2565 2653 2844 2717 laborare;
2867 2659 3028 2721 atque
3056 2645 3178 2704 ideo
3208 2665 3316 2704 non
3339 2657 3448 2704 tam

1853 2747 2006 2801 molit
2052 2757 2213 2815 quam
2251 2746 2475 2815 dissipat
2520 2751 2574 2798 et
2619 2741 2926 2811 confringit.
2969 2741 3263 2812 Propterea
3299 2742 3450 2796 uim

1851 2848 1986 2910 opus
2025 2837 2141 2905 ejus
2169 2837 2416 2908 disciplet
2446 2836 2493 2900 ι,
2525 2845 2579 2890 et
2623 2835 2688 2889 ad
2719 2831 2931 2889 iudices
2961 2834 3155 2889 dicitur
3200 2849 3298 2904 per
3321 2847 3450 2904 pro-

1847 2931 2066 3000 phetam
2095 2949 2106 2982 :
2144 2927 2163 2967 ι
2198 2927 2269 2983 Et
2308 2931 2355 2984 si
2380 2929 2615 2998 a/ferutia
2656 2929 2999 2998 similaginent
3029 2925 3344 2981 abantinatio
3372 2933 3449 2981 est

1853 3024 2006 3093 (lani.
2034 3041 2068 3086 ι,
2098 3024 2206 3091 15),
2227 3034 2327 3077 nec
2347 3033 2455 3076 non
2478 3031 2533 3076 et
2561 3023 2676 3091 ipse
2705 3021 2964 3075 Dominus
2989 3019 3294 3089 reprobans
3322 3033 3448 3088 ope-

1847 3118 2072 3174 rationis
2101 3117 2218 3186 ejus
2235 3115 2471 3171 oﬁlcium
2488 3116 2563 3170 ait
2583 3131 2594 3167 :
2631 3113 2814 3168 Cavete
2829 3127 2860 3167 a
2884 3115 3138 3185 fermento
3155 3109 3449 3167 Phariswm

160 3201 408 3270 prodesse
453 3221 464 3255 :
510 3203 649 3258 sicut
683 3205 759 3259 ait
805 3205 995 3260 beatus
1037 3206 1328 3276 Apostolus
1362 3223 1374 3262 :
1421 3207 1532 3263 bet:
1571 3221 1745 3266 autem
1771 3189 1816 3252 (ἶ
1853 3227 1968 3264 rum
1992 3209 2198 3280 (Marc.
2232 3208 2380 3275 mi).
2413 3208 2651 3261 Conatur
2680 3206 2839 3273 igitur
2884 3199 3167 3274 Synagoga
3217 3201 3448 3270 molens,

159 3292 284 3346 irent
315 3302 560 3364 operatur
593 3294 784 3366 (Rom.
818 3305 888 3360 iv,
920 3294 1035 3368 l5),
1064 3298 1291 3366 gratiam
1316 3311 1446 3354 vero
1475 3315 1578 3357 non
1617 3317 1745 3373 prte-

157 3392 274 3439 stat.
307 3382 500 3441 Stante
543 3395 564 3424 α
611 3393 792 3442 autem
839 3385 987 3457 lege,
1030 3387 1378 3459 Evangelium
1417 3390 1601 3447 datum
1639 3402 1744 3460 est,

158 3476 294 3544 quod
315 3477 497 3533 Veteri
517 3479 915 3548 superpositum
936 3477 1284 3536 Testamento
1311 3490 1596 3552 uti-umque
1623 3499 1746 3539 con-

159 3565 371 3622 decorat
405 3585 417 3620 :
457 3572 555 3639 ιι
587 3583 652 3623 ac
677 3577 828 3623 tanta
857 3569 1144 3625 velocitate
1173 3572 1254 3626 sui
1297 3573 1553 3628 malum
1584 3589 1746 3629 ornne

160 3658 474 3730 circumeat;
503 3657 608 3715 hoc
635 3665 718 3715 est
747 3657 952 3715 inferna
975 3661 1174 3726 visitet,
1200 3662 1442 3717 calestia
1471 3669 1740 3733 penetret,

159 3755 369 3804 terrena
398 3749 696 3806 collustret.
736 3750 890 3817 Quod
922 3750 1272 3820 Evangelium
1302 3761 1560 3823 tanquam
1587 3769 1748 3824 supe-

159 3841 261 3894 rior
301 3841 449 3897 mota
476 3851 702 3897 cunctos
743 3843 1028 3898 credentes
1056 3845 1316 3912 suscipit,
1367 3859 1556 3900 omnes
1593 3847 1754 3903 adve-

159 3933 370 3988 nientes
425 3934 643 4004 accipit,
692 3941 747 3987 et
787 3932 933 3988 velut
986 3939 1090 4004 per
1127 3934 1385 4002 quasdam
1438 3937 1755 3993 cavernulas

157 4033 554 4096 prmeeptorum
575 4024 642 4079 ad
655 4025 914 4080 interiora
940 4026 1253 4081 transmittit
1268 4045 1280 4080 :
1296 4034 1353 4083 ut
1367 4023 1394 4064 ἀ
1407 4025 1482 4084 ibi
1491 4027 1616 4085 hinc
1629 4029 1754 4086 inde

155 4115 385 4171 duorum
413 4115 881 4172 Testamenton
923 4117 1247 4174 salluui-ibus
1278 4121 1547 4176 mandatis
1572 4125 1749 4193 genti-

222 4435 248 4464 ι
286 4425 424 4482 Cod.
453 4423 524 4479 99
559 4425 615 4482 S.
648 4425 834 4483 Crucis
870 4438 926 4483 et
953 4425 1148 4484 Novar.
1172 4425 1270 4493 97,
1304 4436 1355 4482 et
1389 4428 1459 4481 ad
1487 4430 1736 4494 invicem;

158 4496 251 4620 sedl
264 4499 386 4622 cedi
419 4496 488 4551 90
516 4496 573 4554 S.
604 4495 791 4554 Crucis
811 4499 864 4552 in
896 4497 1006 4554 Jer.
1036 4499 1193 4569 plane
1221 4513 1344 4554 cum
1373 4505 1524 4553 textu
1552 4508 1740 4556 nostro

159 4581 218 4621 co
256 4582 362 4623 tere
391 4608 406 4622 .

446 4635 708 4710 Sangam,
752 4639 937 4693 deinde
965 4638 1034 4693 ad
1073 4641 1355 4710 perfectum
1397 4635 1741 4710 Evangelia»:

163 4708 535 4780 ron/irmatum.
562 4703 769 4780 'Qodex
801 4703 1084 4780 praeterea'
1203 4708 1261 4764 S.
1303 4705 1495 4780 Crucis
1524 4703 1576 4780 in
1604 4707 1738 4776 Iern,

165 4786 213 4830 ct
237 4780 371 4850 alter
402 4777 500 4843 99;
541 4779 638 4835 sed
660 4777 989 4836 Vallicellan.
1019 4796 1056 4835 ιι
1085 4779 1249 4834 habet
1277 4778 1465 4833 deinde
1493 4777 1562 4832 ad
1581 4781 1744 4850 perfe-

164 4855 288 4901 rtum
318 4846 678 4904 Eranaelium.

232 4929 251 4956 ε
292 4917 426 4992 qod.
452 4917 740 4992 Laurent.,
760 4920 1091 4992 paulokante
1121 4919 1383 4992 indicatus
1411 4927 1583 4992 stante
1622 4935 1744 4990 ergo

166 4987 283 5064 lege.
315 4987 470 5044 Haud
498 5005 654 5046 secus
675 4987 798 5046 cod'.
831 4987 900 5043 99
920 4989 982 5064 S.
1000 4987 1185 5064 (_3_rucis_
1212 4990 1268 5064 ili
1295 4988 1428 5053 Jer.,
1457 4990 1548 5058 qui
1577 4987 1748 5043 variat

168 5057 212 5109 in
243 5060 302 5133 iis
330 5075 449 5128 quae
477 5068 776 5130 sequuntur
804 5080 824 5133 :7
846 5059 982 5133 quod
1014 5057 1185 5114 Veteri
1210 5057 1537 5133 Testamento
1568 5073 1747 5133 super-

166 5129 373 5203 positum
394 5129 665 5203 utrumque
691 5129 1018 5203 condecorat,
1047 5145 1107 5203 ac
1129 5138 1273 5203 tanta
1296 5129 1747 5203 velocitateoperis

167 5197 534 5271 circumfertur,
561 5197 616 5254 tit
645 5201 957 5271 volubilitate
984 5197 1066 5256 sui
1089 5199 1334 5271 saeculum
1362 5211 1511 5271 omne
1532 5197 1748 5271 circuiu-

169 5267 597 5398 Eftcﬁ'nghuuut
625 5271 749 5328 cod.
779 5269 848 5325 90
886 5272 944 5326 S.
980 5271 1167 5326 Cruci’s
1196 5272 1250 5324 in
1277 5267 1412 5333 Jer.,
1439 5269 1561 5325 Vat.
1590 5267 1742 5335 1267,

185 5353 196 5368 ‘
287 5357 316 5394 a
359 5358 438 5397 tce
485 5383 498 5396 .
533 5359 589 5398 ιι.

233 5405 258 5443 δ
295 5410 350 5467 ιιι
379 5411 515 5468 Cod.
550 5411 617 5468 90
641 5411 697 5468 S.
731 5409 918 5467 Crucis
941 5411 995 5466 in
1026 5409 1137 5468 Jer.
1166 5410 1317 5464 deest
1332 5409 1422 5462 ibi.

240 5489 260 5516 θ
299 5479 431 5552 Vide
463 5484 524 5540 3.
574 5483 918 5539 Ambrosium
944 5482 1010 5537 de
1038 5479 1242 5552 Spiritu
1289 5488 1475 5536 sancto
1525 5479 1616 5535 lib.
1668 5496 1741 5546 ιιι,

457 5621 527 5678 90
557 5621 704 5691 Vah,
736 5643 830 5707 pro
856 5625 1056 5679 habitu.

241 5700 262 5737 κ
303 5689 432 5748 Cod.
465 5689 533 5748 99
554 5693 610 5748 S.
640 5693 844 5748 Crucis.
874 5705 1056 5748 currat,

241 5700 262 5737 κ
303 5691 432 5758 Cod.
465 5691 533 5748 99
554 5693 610 5750 S.
640 5691 844 5761 Crucis,
874 5705 1068 5750 currat.

241 5758 269 5801 ¹¹
303 5757 578 5822 ldemcod.
595 5759 680 5834 90,
704 5768 756 5820 in
775 5767 938 5834 nobis,
961 5775 1036 5837 et,
1055 5766 1254 5823 omisso
1269 5765 1449 5830 Amen,
1475 5765 1752 5835 prosequi-

1853 3313 2093 3357 errorem
2114 3301 2402 3356 sustinens.
2429 3296 2640 3350 Etenim
2662 3296 2790 3364 quia
2819 3292 3030 3365 loyses
3051 3292 3186 3347 duas
3208 3291 3450 3361 lapideas

1824 3393 2062 3447 'tabulas
2111 3397 2398 3460 acceperat
2441 3385 2801 3452 Testamenti,
2855 3385 3087 3438 aestimat
3140 3397 3199 3437 se
3239 3381 3450 3437 duobus

1852 3482 2220 3540 instrumentis
2247 3477 2566 3535 necessariis
2595 3473 2829 3547 operari,
2883 3475 3140 3545 ignorans
3187 3473 3328 3542 quod
3358 3472 3449 3529 illa

1853 3574 2158 3628 tabularum
2204 3573 2437 3627 societas
2482 3570 2713 3624 duorum
2758 3565 3228 3622 Testamentum
3268 3565 3449 3621 colla:-

1854 3665 2086 3719 rentium
2115 3663 2216 3718 sibi
2241 3659 2615 3732 puellgurabat
2646 3656 2953 3723 adventum,
2978 3665 3035 3711 et
3058 3656 3182 3711 ideo
3210 3665 3449 3712 asserue-

1856 3756 2013 3812 batur
2033 3754 2101 3808 ad
2127 3762 2384 3808 aeternam
2409 3752 2636 3821 gloriam
2665 3761 2850 3807 sancta
2881 3747 3143 3816 Ecclesia,
3172 3755 3290 3818 quae
3337 3745 3445 3804 Do-

1858 3847 2007 3900 mino
2034 3846 2213 3900 cibum
2244 3845 2545 3900 sanctitatis
2569 3845 2778 3910 emolit,
2804 3843 3143 3911 relinquetur
3169 3851 3349 3897 autem
3377 3841 3447 3897 ad

1860 3939 2032 3995 molas
2059 3947 2307 3995 cruentas
2328 3932 2608 4010 Synagoga
2637 3945 2824 4009 gyrum
2851 3948 3067 4009 semper
3089 3947 3197 3994 sum
3225 3949 3446 4008 passura

1861 4027 2116 4102 perﬁdiae.
2149 4025 2401 4101 Expﬁcit.

1845 4439 1938 4502 tur
1965 4449 1977 4484 :
2002 4429 2374 4502 [capientium
2404 4439 2593 4498 autem,
2625 4439 2737 4502 etc,
2886 4500 2916 4502 η
3029 4501 3036 4502 ί
3327 4495 3332 4500 .

1927 4500 1942 4539 ί
2001 4494 2380 4580 Fragmentum
2400 4494 2648 4580 “codicis
2681 4494 3070 4580 “Sangalleusis
3092 4539 3106 4563 ,
3150 4495 3444 4580 reperitur

1849 4573 2012 4629 etiam
2041 4560 2158 4626 sine
2188 4571 2470 4628 intervallo
2502 4571 2553 4624 in
2595 4571 2782 4625 codice
2813 4560 2881 4621 99
2925 4567 2982 4623 S.
3025 4560 3214 4622 crucis
3239 4560 3299 4622 in
3331 4560 3442 4624 Jer.

1925 4642 1938 4692 i
1987 4637 2166 4697 Codex
2201 4641 2496 4695 rLanrent.
2522 4647 2745 4707 uterque
2772 4639 2893 4693 cod.
2925 4638 2981 4693 S.
3007 4637 3196 4707 Crucis
3227 4639 3280 4691 in
3309 4631 3442 4707 ια..

1851 4711 2036 4768 etVat.
2073 4707 2207 4762 l267
2229 4711 2429 4764 habent
2449 4725 2551 4761 uno
2583 4703 2744 4773 saio;
2781 4709 2876 4762 hoc
2891 4717 2968 4762 est
2994 4707 3104 4763 solo
3142 4705 3313 4763 Veteri
3345 4703 3444 4764 Te;

1853 4790 2105 4836 (ramento
2136 4781 2316 4833 nititur
2337 4779 2598 4832 laborare.

1777 4839 1830 4902 ι)
1877 4919 1882 4920 ν
1925 4851 1952 4888 ι
1991 4849 2136 4920 idem
2189 4849 2312 4904 cod.
2348 4845 2625 4920 Laurent,
2653 4863 2780 4919 opus
2826 4850 2873 4920 ei
2920 4849 3171 4920 displicet.
3201 4848 3276 4920 in,
3316 4849 3442 4905 cod.

1851 4919 1973 5002 vat.
2004 4915 2136 5002 liti?
2160 4917 2465 5002 annectitur
2485 4915 2898 5002 pars-sermonis
2915 4920 2981 4974 de
3001 4915 3226 5002 muliere
3255 4919 3444 5002 Sama-

1851 4992 2025 5045 ritana
2044 4989 2232 5060 ,glqua
2278 5001 2399 5060 ergo
2429 4989 2820 5060 ntisericordiie,
2851 4998 2979 5060 etc,
3015 4991 3235 5060 omnino
3261 5000 3443 5046 extra-

1852 5075 1952 5116 nea
1981 5060 2048 5114 ab
2066 5053 2165 5114 hac
2193 5053 2426 5115 liomilia.
2459 5059 2514 5114 In
2539 5060 2658 5116 cod.
2691 5053 2821 5116 vero
2851 5053 2922 5113 90
2947 5057 3004 5114 S.
3033 5057 3221 5116 Crucis
3250 5063 3302 5115 in
3325 5060 3440 5118 Jer.

1852 5131 2081 5200 habetur
2116 5129 2277 5186 lectio
2309 5139 2364 5200 ut
2397 5131 2449 5185 in
2477 5124 2833 5200 Sangallensi.

1928 5199 1945 5239 ι
1991 5199 2227 5272 Uterque
2255 5197 2427 5256 codex
2450 5200 2505 5257 S.
2541 5197 2726 5258 crucis
2755 5203 2807 5257 in
2836 5199 2946 5257 Jer.
2978 5208 3099 5271 post
3128 5201 3312 5266 verba,
3345 5202 3443 5255 etsi

1856 5272 2088 5343 a/I‘eratis
2117 5273 2482 5341 similaginem,
2513 5272 3322 5343 prosequentibusabominatio
3342 5281 3438 5343 est,

1853 5341 2053 5414 habent
2075 5359 2256 5414 vanum
2285 5349 2394 5414 est;
2421 5341 2563 5413 quod
2593 5341 3164 5414 desumptuni‘videtur
3183 5355 3250 5396 ex
3272 5341 3441 5414 veteri

1849 5413 1980 5467 ltala
2011 5412 2393 5484 versione,_ubi
2422 5409 2630 5484 integer
2653 5409 2916 5484 locus_ita
2945 5411 3139 5484 legitur
3176 5411 3328 5484 apud
3342 5409 3440 5462 δίι-
3490 5481 3493 5484 _

1850 5485 2042 5538 batier.
2076 5491 2205 5538 tom.
2234 5479 2322 5547 Ill,
2355 5497 2478 5553 pag.
2505 5478 2608 5536 517
2646 5484 2776 5538 edit.
2810 5482 2965 5538 Rem.
3000 5478 3224 5553 l7t5,_si
3246 5478 3440 5553 trifera-

1853 5554 2299 5628 tis_sin§lagineiit
2323 5549 2510 5628 vanum
2544 5563 2652 5628 est:
2684 5549 3313 5628 iligniiumagboniinatiO
3360 5556 3439 5628 est

1851 5625 1996 5678 mihi.
2019 5617 2244 5691 Vulgata
2275 5629 2456 5678 autem
2482 5619 2643 5678 habet
2672 5643 2683 5676 :
2716 5617 2838 5680 Issi.
2871 5640 2916 5688 ι,
2956 5621 3047 5691 l5,
3075 5617 3164 5691 Ne
3205 5617 3436 5691 offeratis

1851 5696 1987 5816 altri
2016 5687 2328 5762 sacri/icium
2374 5695 2567 5765 [rustra
2621 5713 2636 5748 :
2687 5687 2947 5750 incensum
2994 5687 3306 5744 abominalio
3360 5693 3435 5741 est

1854 5782 1998 5816 min.

1854 5782 1998 5819 ηιυη.
