4040 6324
1682 303 1961 363 nonum
1995 304 2082 360 tv.
3035 355 3038 360 ,
3404 304 3508 362 εει

260 427 428 480 vinum
449 430 694 494 naturam
717 424 1004 494 humanam
1025 425 1314 494 sumpsisse
1345 431 1824 494 conquererentur.
1860 420 2089 494 Cessent,
2123 421 2295 494 inquit
2329 419 2385 476 S.
2427 420 2687 494 pontifex,
2717 435 2891 475 coram
2919 418 3160 490 queretes,
3209 416 3293 489 qui
3343 420 3505 494 impio

161 498 174 510 °
258 510 503 566 murmure
523 493 706 548 diuinis
735 491 1202 566 dispensationibus
1230 491 1558 566 obloquentes
1582 495 1644 547 tle
1674 491 1960 566 Dominicw
1982 492 2264 545 natiuitatis
2321 491 2578 566 tarditate
2604 499 2906 566 causantur,
2939 497 3202 566 tanquant_
3228 491 3507 566 prateritis

259 561 555 646 temporibus
603 580 705 646 non
759 557 828 617 sit
869 565 1179 646 impensum,
1205 565 1345 646 quod
1361 557 1417 617 in
1446 565 1628 646 ultima
1655 562 1832 646 mundi
1860 566 2012 616 atate
2033 572 2109 615 est
2124 571 2348 646 gestuin.
2383 560 2536 616 Verbi
2550 557 2852 646 .incarnatio
2876 561 2982 614 lucc
3010 557 3505 646 cpntulitlacienda,

256 629 383 707 quod
403 635 572 705 facta;
601 643 653 688 et
669 629 1047 713 sacramentum
1073 629 1262 713 salutis
1291 635 1530 713 humana:
1553 636 1607 713 in
1629 634 1772 713 nullma
1792 629 2350 713 unquam‘antiquitate
2367 633 2696 713 cessavit“...
2722 647 2813 713 nec
2832 647 2946 685 sero
2969 639 3046 684 est
3067 629 3350 699 impletum,
3363 629 3508 713 quod

254 702 445 776 semper
468 713 547 776 est
567 703 836 776 creditum.
854 703 1135 776 Sapientia
1160 721 1297 776 vero,
1324 713 1374 759 et
1393 705 1682 776 benignitas
1713 702 1807 756 Dei
1828 702 1924 755 hac
1941 702 2206 776 salutiferi
2235 702 2904 776 operis_mora_capaciores
2937 716 3034 776 nos
3075 715 3183 755 sua:
3226 702 3508 757 vocationis

254 770 477 844 eﬂ'ecit...
508 772 616 829 Sed
642 791 675 828 ιι
697 770 1060 829 constitutione
1087 775 1266 828 mundi
1285 770 1442 829 unam
1463 770 1792 844 eamdemque
1811 772 2046 827 omnibus
2072 770 2284 827 causam
2306 773 2544 844 instituit.
2570 770 2754 826 Gratia
2772 770 3058 844 enirnDei,
3087 787 3188 842 qua
3207 786 3405 840 semper
3427 780 3508 826 est

254 841 548 899 uniuersitas
562 844 852 915 justiﬁcata
879 852 1198 915 sanctorum,
1230 855 1384 899 aucta
1411 855 1509 911 est,
1540 841 1745 899 Christo
1766 850 2031 915 nascente,
2058 860 2163 915 non
2185 851 2378 915 ictnpta,
2403 849 2464 915 _et
2493 841 2606 915 loco
2625 857 2829 912 magna:
2874 842 3078 915 pietatis
3103 841 3508 915 sacramentum

253 932 346 998 quo
367 922 500 970 totus
661 910 881 968 mundus
905 914 1144 994 impletus
1166 910 1262 981 est,
1289 924 1392 997 tarn
1415 910 1595 985 potens
1623 915 1781 968 etiam
1804 914 1814 966 ι

253 1002 302 1056 ιη
317 983 457 1056 illud
476 983 738 1056 credidere
762 1001 1092 1056 promissum,
1115 1001 1268 1056 quam
1287 1002 1371 1056 qut
1393 1001 1662 1056 suscepere
1680 983 1814 1037 dona

1920 913 1993 965 uis
2022 910 2485 994 signiﬁcationibus
2517 914 2636 982 fuit,
2663 910 2847 965 utnon
2870 912 3040 964 minus
3069 910 3246 992 adepti
3271 911 3396 980 sint,
3420 915 3510 984 qui

1920 999 1949 1036 ι.
1967 982 2189 1056 Drevlus
2210 981 2456 1056 eamdem
2479 982 2793 1056 completus
2812 988 2897 1056 est
2909 979 3281 1056 doctrmam_S.
3307 979 3510 1056 Thom.

251 1025 3510 1124 i'ls'l'ﬁ'u'és'if'ss'fa'éiis}???’:"éZZRJnf'JnTiéL3232:3313illisEZieIEQ'IéibEJZEEiﬁeiﬁésﬁ‘éiniéh'b'lééai21in

250 1120 494 1179 auxilium
519 1141 551 1176 a
572 1123 680 1180 Deo
700 1122 987 1179 hominibus
1013 1125 1172 1195 simul
1191 1141 1307 1177 cum
1327 1125 1452 1195 lege,
1486 1120 1575 1195 per
1601 1141 1700 1195 quo
1719 1123 1911 1195 salvari
1940 1120 2202 1195 poterunt,
2229 1122 2422 1195 scilicet
2441 1122 2569 1195 ﬁdes
2594 1120 2921 1195 etliatoris,
2944 1137 3036 1195 per
3055 1137 3207 1195 quant
3229 1122 3397 1195 justiﬁ
3410 1125 3514 1175 cati

248 1203 361 1250 sunt
403 1195 603 1266 antiqui
630 1203 917 1276 patres.....
950 1204 999 1248 et
1025 1197 1098 1249 sic
1138 1193 1280 1249 Deus
1309 1189 1413 1249 non
1442 1189 1714 1264 deﬁciebat
1761 1189 2075 1260 hominibus,
2105 1196 2225 1263 quin
2269 1191 2415 1273 daret
2441 1189 2515 1246 eis
2536 1192 2718 1247 salutis
2739 1189 2959 1271 auagilia.
2986 1189 3094 1247 Sed
3121 1189 3248 1317 (guid
3271 1189 3406 1261 opus
3433 1202 3515 1263 est

248 1265 462 1317 multis?
489 1262 736 1317 Omnium
765 1265 878 1317 hmo
905 1273 986 1317 est
1013 1263 1110 1317 SS.
1142 1263 1358 1317 Patrum
1381 1280 1449 1317 ex
1471 1263 1621 1317 Pauli
1647 1262 2165 1317 Evanaeliorumaue
2195 1263 2427 1317 fontibus
2455 1263 2641 1317 hausta
2671 1260 2934 1317 doctrina.
2957 1276 2987 1316 a
3007 1275 3112 1317 qua
3176 1301 3187 1315 .
3214 1261 3509 1317 Maximum

247 1265 462 1334 multis?
489 1260 736 1320 O'mnium
765 1265 878 1320 hmo
905 1273 986 1319 est
1013 1263 1110 1334 SS.
1142 1263 1358 1319 Patrum
1381 1280 1449 1320 ex
1471 1260 1621 1334 Pauli
1647 1260 2165 1334 Evangeliorumque
2195 1262 2427 1317 fontibus
2455 1263 2641 1332 hausta
2671 1260 2934 1328 doctrina,
2957 1276 2987 1316 a
3007 1275 3112 1331 qua
3131 1260 3187 1317 S.
3214 1260 3509 1318 Maiimnm

248 1333 504 1392 defecisse
532 1350 690 1392 nemo
710 1334 812 1392 erit
837 1333 1263 1390 orthodoxorum
1293 1335 1385 1404 qui
1407 1333 1612 1390 credat.

1619 1441 1969 1503 HOMILIA
2015 1441 2122 1502 ιν.
2681 1405 2690 1416 ’

1365 1542 1551 1613 Incipit
1572 1541 1766 1595 dictum
1793 1550 1914 1596 ante
1941 1539 2138 1594 Natale
2161 1538 2349 1595 Domin
2795 1536 2811 1547 ‘
3287 1531 3290 1533 ·
3353 1519 3420 1560 (τι
3485 1525 3490 1540 ι

1683 1631 2074 1690 ADMONITIO.

317 1732 413 1805 ιθ
440 1731 522 1786 Ex
561 1732 932 1805 antiquissimo
977 1747 1042 1787 ac
1085 1730 1438 1805 celeberrimo
1457 1728 1792 1805 Sangallensi
1818 1728 2009 1805 codice
2027 1726 2370 1805 piabillonius
2396 1729 2683 1805 duodecim
2693 1731 2765 1805 _S.
2799 1731 3013 1787 Maximi
3047 1735 3293 1790 homilias
3320 1735 3508 1792 decer-

243 1797 546 1874 psiE'quas
572 1802 628 1858 in
654 1797 810 1858 suum
837 1800 1094 1857 Humum
1141 1799 1385 1874 Italicum
1403 1799 1719 1874 _transtulit,
1743 1798 1884 1874 ιιι-ξι]
1907 1797 2360 1874 praefationejam
2379 1799 2644 1874 discimus.
2668 1799 2809 1867 Haec,
2833 1818 2953 1872 qua:
2977 1812 3060 1858 est
3081 1814 3272 1873 quarta
3296 1807 3347 1861 in
3370 1810 3511 1863 serie

243 1867 444 1930 nullius
453 1873 675 1929 alterius
701 1888 828 1928 mss.
855 1871 1184 1926 monumenti
1213 1869 1530 1925 auctoritate
1559 1876 1774 1924 asserta,
1796 1867 2034 1940 hiauimo
2055 1867 2169 1940 fuit.
2204 1867 2356 1940 Nunc
2377 1869 2608 1940 primum
2631 1871 2799 1940 ipsam
2830 1867 3145 1929 auctoritate
3173 1876 3372 1931 codicis
3391 1895 3512 1932 ma-

241 1944 367 2014 ioris
405 1943 643 1999 ecclesia
670 1942 1015 2014 Taurinensis
1041 1941 1446 2014 conﬁrmamus;
1478 1940 1532 2014 in
1551 1954 1662 2014 quo
1681 1946 1766 2014 est
1794 1938 1882 2014 illa
1904 1953 2055 2014 num.
2089 1938 2123 2014 ζ’)
2147 1953 2267 2014 cum
2312 1938 2479 2014 titulo
2501 1957 2521 2014 εΔ
2543 1938 2675 1994 Item
2701 1951 2751 1994 et
2779 1942 2841 1996 de
2868 1943 2959 1997 illo
2987 1959 3003 1996 :
3034 1943 3248 1999 homitia
3269 1963 3344 2009 Ill,
3375 1956 3424 2000 et
3455 1950 3511 2002 in

242 2007 425 2085 sigiliis
455 2015 646 2086 natalis
676 2011 1296 2086 Domini._Alludit_vero_
1311 2009 1379 2086 ad
1406 2007 1618 2086 titulum
1638 2008 1667 2062 Ι
1688 2008 1924 2086 homilia:
1945 2007 2250 2078 incipientis
2283 2028 2297 2063 :
2349 2007 2556 2065 Lartitia
2582 2018 2775 2065 quanta
2800 2020 2896 2077 est,
2923 2023 3241 2086 quantusque
3287 2007 3510 2072 concur-

240 2079 344 2148 su's,
372 2092 502 2151 etc.,
533 2085 624 2155 qui
649 2099 778 2139 sane
808 2083 994 2138 titulus
1021 2092 1104 2137 est
1133 2082 1261 2136 item
1283 2080 1407 2136 huic
1431 2079 1661 2134 homilite
1691 2079 2004 2149 inscriptus.
2792 2104 2794 2107 -

239 2195 1104 2272 Ancuunnrpu.--_ltenovationem
1122 2193 1399 2272 quamdam
1429 2192 1565 2246 brevi
1591 2193 1820 2272 futuram
1844 2197 1905 2256 Α
1928 2194 2308 2250 sollicitudinis
2337 2196 2431 2251 Dei
2453 2211 2592 2266 opus
2632 2199 2750 2253 sine
2779 2201 2988 2255 macula
3027 2201 3320 2265 custodire,
3347 2218 3510 2272 quam

309 2265 499 2319 mundo
528 2264 641 2334 ipsa
669 2265 867 2319 dierum
887 2264 1020 2318 ratio
1047 2261 1320 2317 annuntiat
1349 2279 1366 2316 :
1397 2272 1446 2316 et
1471 2261 1659 2334 qure'in
1683 2271 1819 2314 terra

310 2330 568 2389 meliorem
619 2343 923 2405 aspectum,
949 2337 1267 2405 formamque
1294 2330 1817 2405 rerumg'promt'ttu‘nt,

308 2405 514 2475 signum
539 2413 658 2475 sunt
677 2399 971 2475 fspirituali's
1000 2399 1366 2475 repara'tionis,
1411 2399 1657 2475 adquam
1683 2399 1818 2455 obti-

306 2471 530 2530 nendam
561 2471 736 2530 ﬁdeles
767 2483 873 2530 toto
892 2471 1065 2528 animo
1085 2471 1391 2528 contendere
1417 2471 1620 2526 debent.

305 2655 528 2712 Etiamsi
560 2668 661 2723 ego
691 2661 922 2718 taceam,
946 2653 1156 2718 fratres,
1191 2659 1402 2720 tempus
1435 2664 1536 2704 nos
1567 2648 1822 2704 admonet

235 2747 379 2820 quod
426 2745 636 2802 Domini
676 2741 876 2825 Christi
920 2743 1114 2799 natalis
1161 2743 1215 2797 in
1254 2741 1503 2812 proximo
1550 2749 1651 2796 est.
1682 2739 1818 2795 Nam

236 2839 670 2912 prwdicationem
715 2851 892 2892 meam
926 2834 1030 2908 ιι
1055 2833 1313 2905 prasvenit
1349 2832 1556 2888 dierum
1575 2839 1819 2888 extrema

235 2929 528 2988 conclusio.
559 2928 692 3000 Ipsis
720 2928 866 2983 enim
882 2915 1150 2997 angustiis
1178 2925 1289 2982 suis
1329 2923 1557 2981 mundus
1583 2923 1820 2995 loquitur

235 3020 516 3078 imminere
542 3019 763 3090 aliquid,
787 3035 896 3088 quo
917 3018 972 3074 in
993 3017 1187 3073 melius
1219 3023 1516 3087 reparetur,
1549 3022 1605 3072 et
1633 3029 1821 3086 exspe-

235 3112 470 3170 ctatione
498 3109 690 3167 festina
735 3109 1026 3175 desiderat,
1058 3115 1118 3164 ut
1146 3108 1399 3163 tenebras
1426 3120 1554 3162 suas
1573 3104 1815 3176 splendi-

236 3204 398 3261 dioris
420 3203 553 3260 solis
571 3201 775 3259 candor
794 3201 1076 3258 illuminet.
1109 3199 1243 3254 Dum
1267 3199 1411 3254 enim
1432 3211 1646 3254 cursum
1661 3212 1819 3256 suum

210 3277 498 3350 brevitate
524 3293 779 3349 horarum
821 3290 1072 3348 concludi
1100 3291 1316 3353 meruit,
1347 3304 1444 3360 spe
1463 3287 1695 3358 quadam
1722 3303 1818 3342 an-

235 3401 361 3442 mun
381 3399 540 3441 suum
568 3383 772 3440 indicat
817 3381 1113 3456 reformari.
1159 3380 1286 3437 llaec
1306 3380 1467 3450 igitur
1487 3380 1819 3450 exspectatio

235 3483 516 3542 creaturae,
547 3475 710 3530 etiam
730 3487 829 3529 nos
850 3479 1172 3543 exspectare
1201 3469 1512 3542 persuadet,
1541 3477 1601 3525 ut
1627 3484 1820 3541 pecca-

1927 2300 2097 2354 opera
2123 2286 2398 2342 hominum
2430 2287 2711 2358 impolluta
2733 2304 2964 2364 servare.
2998 2290 3322 2347 Mundanum
3366 2294 3510 2350 enim

1927 2377 2336 2446 vestimentum,
2385 2381 2430 2436 si
2477 2380 2752 2436 sordidum
2799 2383 2976 2447 fuerit,
3009 2392 3190 2453 petest
3219 2384 3348 2439 illud
3378 2385 3511 2440 fullo

1925 2467 2214 2524 conductis
2254 2470 2462 2535 eluere;
2514 2472 2706 2528 anima:
2732 2481 2913 2529 autem
2937 2474 3332 2541 vestimentum,
3361 2476 3406 2530 si
3427 2491 3510 2531 se-

1925 2560 2037 2613 mel
2085 2560 2432 2631 inquinatum-
2470 2561 2648 2628 fuerit,
2695 2564 2795 2619 nisi
2824 2566 2925 2637 ιθ
2951 2565 3186 2636 propriis
3205 2574 3261 2620 et
3282 2566 3509 2622 assiduis

1925 2653 2180 2721 operibus
2202 2655 2290 2709 vix
2321 2655 2547 2713 lavatur.
2573 2657 2716 2712 Nihil
2737 2658 2787 2713 ei
2809 2657 3034 2728 prodest
3060 2673 3248 2714 manus
3269 2659 3507 2722 artificis,

1925 2745 2060 2801 nihil
2115 2745 2331 2803 fullonis
2379 2750 2663 2819 operatio:
2710 2750 3057 2806 conscientia:
3105 2751 3246 2805 enim
3271 2751 3508 2809 membra

1923 2837 2131 2908 polluta
2157 2854 2295 2910 aqua
2339 2840 2562 2896 abluere
2585 2849 2784 2910 potest,
2811 2857 2920 2896 non
2944 2849 3124 2912 potest
3150 2850 3330 2897 tamen
3354 2856 3512 2896 mun-

1922 2928 2077 2985 dare.
2108 2927 2236 2986 ΙΙωο
2260 2925 2385 2986 sunt
2406 2932 2597 2987 anima:
2632 2933 2947 2988 vestimenta
2976 2934 3210 3004 pretiosa
3238 2949 3357 3004 qua:
3379 2933 3506 2988 Mar-

1921 3033 2020 3100 cus
2065 3021 2392 3090 evangelista
2438 3022 2589 3094 (Cap.
2622 3024 2700 3093 1x)
2725 3023 3081 3080 inSalvatore
3108 3025 3399 3090 collaudat,
3423 3025 3506 3079 di-

1922 3127 2056 3168 cens
2083 3130 2094 3164 :
2124 3111 2193 3166 Et
2222 3115 2521 3170 vestimenta
2539 3116 2650 3186 ejus
2679 3118 2818 3188 facta
2845 3126 2966 3170 sunt
2992 3117 3262 3188 fulgentia,
3285 3116 3508 3170 candida

1922 3203 2080 3258 nimis
2128 3204 2261 3258 velut
2286 3207 2398 3269 nix,
2450 3207 2625 3279 qualia
2653 3207 2781 3278 {ulla
2826 3223 2978 3277 super
3000 3217 3190 3261 terram
3219 3225 3321 3262 non
3343 3217 3507 3278 potest

1925 3294 2112 3363 facere.
2139 3291 2417 3350 Laudatur
2438 3295 2598 3363 igitur
2615 3294 2814 3351 Christi
2839 3299 3240 3362 vestimentum,
3273 3299 3397 3367 quia
3422 3300 3507 3352 ni-

1923 3385 2092 3451 tebat,
2128 3399 2238 3440 non
2268 3394 2502 3450 textura,
2527 3386 2627 3442 sed
2669 3389 2841 3455 gratia
2873 3406 2884 3440 :
2919 3388 3170 3463 laudatur
3226 3389 3508 3446 indumen~

1923 3481 2059 3539 tum,
2111 3490 2220 3531 non
2266 3476 2415 3547 quod
2453 3479 2744 3533 staminum
2784 3479 3078 3534 subtilitate
3100 3480 3380 3535 densatum
3402 3491 3506 3548 est,

235 3575 412 3625 torum
449 3575 757 3625 nostrorum
803 3565 1057 3623 tenebras
1099 3580 1270 3620 novus
1296 3564 1379 3620 sol
1398 3561 1648 3618 Christus
1667 3569 1819 3618 ortus
1846 3569 1898 3631 Β
1922 3563 2022 3620 sed
2067 3564 2214 3634 quod
2253 3566 2499 3636 corporis
2544 3567 2848 3635 integritate
2869 3578 3187 3638 conceptum
3216 3587 3228 3623 :
3258 3570 3506 3629 laudatur

233 3658 517 3726 illuminet,
567 3666 624 3715 et
662 3659 878 3728 longam
923 3658 977 3712 in
1016 3656 1172 3712 nobis
1193 3647 1476 3724 caliginem
1498 3653 1819 3710 delictorum

1926 3655 2327 3722 vestimentum,
2353 3673 2464 3712 non
2484 3658 2631 3726 quod
2654 3659 2941 3714 muliermu
2961 3675 3150 3717 manus
3178 3663 3365 3728 texuit,
3409 3665 3507 3722 sed

233 3752 449 3824 iustitiae
470 3754 553 3812 sol
575 3753 871 3810 nativitatis
905 3752 1006 3823 15
1027 3765 1137 3806 suae
1161 3750 1346 3819 vigore
1393 3747 1649 3804 discutiat
1675 3765 1688 3800 :
1722 3761 1824 3802 nec
1923 3746 2073 3816 quod
2101 3746 2282 3803 Maria:
2307 3748 2587 3816 virginitas
2615 3752 2941 3821 procreavit.
2970 3751 3038 3806 Et
3057 3753 3182 3809 ideo
3206 3754 3258 3808 in
3284 3770 3356 3810 eo
3384 3771 3507 3812 ma-

231 3847 472 3916 patiatur
495 3861 712 3903 cursum
752 3846 877 3900 vitae
923 3852 1121 3900 nostrae
1141 3841 1377 3898 tenebris
1398 3840 1522 3896 vitae
1551 3837 1820 3906 concludi,

230 3937 327 3993 sed
373 3936 588 3991 virtutis
633 3951 745 3991 sua:
788 3935 959 4003 gratia
985 3932 1223 3988 dilatari.
1246 3931 1410 4000 Igitur
1437 3931 1562 4001 quia
1585 3929 1820 3985 natalem

229 4025 449 4082 Domini
501 4026 665 4081 etiam
719 4024 918 4080 mundo
946 4023 1218 4079 indicante
1238 4022 1632 4092 cognoscimus,
1656 4021 1820 4076 facia-

229 4133 354 4172 mus
374 4125 432 4172 et
453 4132 569 4183 nos,
601 4116 748 4187 quod
776 4115 1009 4172 mundus
1029 4114 1209 4171 facere
1230 4113 1512 4170 consuevit
1537 4130 1550 4166 :
1580 4114 1685 4169 hoc
1711 4119 1814 4178 est,

230 4207 373 4264 sicut
394 4207 450 4262 in
471 4206 560 4262 illa
588 4205 676 4263 die
702 4206 936 4262 mundus
959 4206 1130 4277 spatia
1153 4220 1262 4260 suae
1301 4205 1435 4261 lucis
1457 4203 1716 4270 extendit,
1742 4204 1816 4259 ita

230 4305 288 4353 et
335 4305 578 4354 nostram
613 4297 878 4368 justitiam
907 4296 1294 4367 protendamus
1328 4313 1340 4349 :
1373 4305 1429 4351 et
1455 4296 1595 4351 sicut
1617 4294 1725 4350 diei
1753 4295 1818 4350 il-

232 4388 331 4445 lius
352 4389 572 4445 claritas
593 4389 920 4460 pauperibus
941 4397 996 4444 et
1015 4387 1269 4443 divitibus
1290 4387 1591 4449 communis
1613 4395 1713 4454 est,
1739 4388 1812 4443 ita

233 4489 287 4537 et
332 4489 515 4538 nostra
567 4482 862 4537 liberalitas
909 4482 1208 4552 peregrinis
1255 4489 1311 4538 et
1354 4481 1717 4550 indigentibus
1744 4482 1815 4537 sit

233 4574 532 4629 communis
568 4591 581 4626 :
626 4579 682 4629 et
725 4573 866 4629 sicut
915 4580 1046 4628 tunc
1066 4573 1296 4628 mundus
1334 4573 1572 4628 noctium
1593 4589 1812 4630 suarum

234 4663 423 4720 recidit
449 4663 753 4732 caliginem,
779 4663 854 4718 ita
879 4670 937 4718 et
955 4679 1054 4718 nos
1083 4663 1319 4718 avaritiae
1340 4671 1536 4719 nostra:
1564 4663 1813 4719 tenebras

235 4763 602 4825 amputemus;
635 4761 798 4825 atque
827 4752 896 4808 ad
920 4754 1089 4809 instar
1115 4753 1326 4810 hiberni
1348 4754 1624 4826 temporis,
1675 4755 1812 4809 sicut

234 4845 282 4898 in
305 4846 581 4914 segetibus
609 4845 737 4901 solis
764 4859 961 4915 vapore
981 4844 1222 4900 resoluto
1242 4845 1366 4914 gclu
1392 4845 1701 4898 nutriuntur
1725 4859 1813 4899 se-

1924 3837 2207 3907 gniﬁeatur
2233 3840 2485 3897 candoris
2531 3843 2724 3913 gratia,
2774 3844 2901 3914 quia
2941 3845 3340 3904 immaculatum
3373 3849 3504 3910 illud

1924 3945 2034 3986 non
2077 3931 2300 3987 artilicis
2354 3948 2481 3988 cura
2523 3934 2863 4003 praestiterat.
2911 3929 3103 4000 Qu'alia
3125 3938 3271 4009 fullo,
3305 3940 3504 4009 inquit.

1919 4040 2073 4095 super
2100 4033 2292 4078 terram
2315 4041 2418 4080 non
2442 4035 2607 4097 potest
2628 4028 2817 4099 facere.
2849 4027 2965 4083 Non
2987 4037 3168 4099 potest
3187 4032 3345 4101 plane
3368 4032 3500 4090 fullo

1918 4111 2120 4169 Christi
2147 4113 2324 4170 facere
2343 4117 2758 4181 vestimentum;
2782 4116 2910 4173 fullo
2939 4119 3081 4174 enim
3113 4131 3369 4190 praestare
3394 4139 3494 4194 po-

1919 4212 2030 4261 test
2055 4207 2308 4273 nitorem,
2333 4207 2672 4274 munditiam,
2692 4209 3002 4279 puritatem,
3027 4221 3282 4282 praestare
3315 4222 3497 4269 tamen

1919 4311 2028 4352 non
2049 4305 2233 4368 potest
2276 4299 2658 4369 virginitatem,
2697 4300 2982 4370 justitiam,
3013 4303 3333 4359 bonitatem.
3369 4305 3502 4360 Illud

1918 4390 2062 4446 enim
2085 4391 2140 4447 in
2169 4400 2285 4447 arte
2313 4401 2397 4449 est
2425 4394 2622 4464 operis,
2647 4393 2791 4449 istud
2817 4395 2870 4449 in
2895 4404 3087 4451 natura
3107 4397 3337 4451 virtutis.
3379 4397 3497 4453 Hart

1916 4482 2062 4539 enim
2085 4483 2138 4538 in
2167 4482 2383 4540 Christo
2424 4485 2650 4540 Domino
2677 4485 2733 4539 S.
2767 4483 3106 4552 Evangelista
3134 4477 3391 4540 virtutum
3415 4487 3508 4540 in--

1917 4575 2175 4632 dumenta
2211 4577 2516 4642 collaudat,
2569 4592 2689 4647 qua:
2736 4584 2793 4631 et
2818 4577 3011 4631 beatus
3043 4577 3208 4632 David
3229 4578 3344 4648 pari
3374 4593 3496 4633 sen-
3598 4611 3607 4639 ~.

1917 4667 2085 4722 tentia
2107 4667 2420 4737 praedicavit
2441 4667 2629 4722 dicens
2653 4686 2664 4720 :
2699 4666 2938 4738 Myrrha,
2962 4678 3010 4722 et
3034 4679 3195 4740 gutta,
3227 4679 3276 4723 et
3302 4671 3445 4725 casia
3465 4689 3497 4724 a
3607 4666 3617 4731 ἰ

1918 4760 2232 4813 vestimentis
2276 4760 2378 4812 tuis
2415 4759 2655 4828 pretiosis
2687 4758 2856 4830 (Psal.
2886 4759 3050 4829 μιν).
3102 4759 3196 4816 llis
3214 4761 3360 4816 enim
3382 4777 3492 4819 aro-

1915 4857 2118 4903 matum
2170 4847 2429 4902 odoribus
2451 4856 2756 4902 sanctarum
2797 4847 3165 4916 signiﬁcantur
3183 4849 3497 4909 indumenta

234 4936 389 5002 mina,
416 4938 492 4992 ita
517 4945 572 4991 et
601 4936 655 4990 in
683 4935 994 5006 pectoribus
1017 4935 1216 4990 nostris
1236 4933 1474 4990 resoluta
1502 4933 1700 4989 duritie
1723 4933 1811 5002 ju-
1834 4935 1882 5000 Β
1913 4942 2191 4996 virtutum.
2222 4939 2382 5009 Ergo,
2409 4940 2619 5006 fratres,
2657 4943 2755 5012 17
2787 4941 3020 4996 natalem
3055 4942 3265 4999 Domini
3311 4961 3494 5001 susce-

233 5026 384 5082 stitia:
412 5043 604 5084 semen
629 5026 956 5097 tepefactum
995 5025 1293 5081 Salvatoris
1342 5025 1496 5081 radio
1516 5025 1806 5082 coalescat.

235 5118 389 5189 Ergo,
416 5122 632 5183 fratres,
658 5119 893 5175 natalem
918 5119 1133 5176 Domini
1160 5119 1461 5189 suscepturi
1483 5133 1810 5174 exornemus

164 5236 174 5274 ι
234 5224 326 5265 nos
346 5213 494 5282 puris
524 5217 582 5266 et
602 5208 788 5265 nitidis
809 5209 1155 5266 indumentis.
1191 5210 1394 5265 Animae
1416 5217 1596 5283 autem
1618 5209 1809 5280 loquor

235 5302 561 5369 indumenta,
586 5319 697 5360 non
717 5303 914 5358 carnis.
937 5302 1127 5358 Carnis
1146 5302 1290 5357 enim
1313 5302 1688 5358 indumentum
1726 5303 1806 5357 vi-

237 5393 294 5450 lis
320 5396 548 5460 amictus
575 5401 690 5459 est;
741 5394 932 5448 anima:
959 5395 1335 5450 vestimentum
1357 5409 1552 5464 corpus
1573 5402 1654 5450 est
1684 5410 1805 5465 pre-

237 5487 440 5544 tiosum.
501 5488 633 5543 Illud
675 5487 921 5542 humanis
941 5486 1188 5542 manibus
1207 5486 1490 5546 densatum
1518 5496 1626 5553 est;
1658 5489 1799 5544 istud

238 5579 324 5636 Dei
352 5581 598 5638 manibus
627 5580 928 5636 institutum
970 5587 1054 5635 est
1085 5597 1098 5633 :
1126 5586 1287 5656 atque
1311 5580 1432 5636 ideo
1456 5579 1672 5649 majoris
1706 5591 1799 5663 est

305 5751 324 5779 ι
363 5738 627 5796 Gallandii
656 5720 823 5794 editio
845 5741 1204 5808 emendanda,
1239 5743 1423 5817 inqua
1447 5744 1676 5799 interiori
1699 5744 1926 5801 habetur
1957 5759 2052 5806 pro
2074 5746 2350 5813 interioris.

519 5834 785 5896 Ριτιιοι..
842 5833 1004 5898 LVII
1016 5878 1027 5892 .

1917 5033 2059 5104 pturi
2074 5033 2140 5088 ab
2151 5033 2298 5088 omni
2327 5033 2714 5088 conscientiam
2737 5041 2976 5094 nostram
3001 5033 3131 5091 faece
3150 5035 3492 5096 mundemus.

1918 5124 2245 5185 Accuremus
2293 5140 2392 5179 nos
2438 5139 2545 5179 non
2596 5124 2784 5180 sericis
2836 5125 3211 5191 vestibus,sed
3241 5129 3498 5199 operibus

1917 5215 2185 5286 pretiosis.
2238 5214 2567 5270 Vestimenta
2611 5216 2756 5270 enim
2806 5215 2972 5270 nitida
3012 5217 3251 5272 membra
3281 5221 3496 5291 operire

1915 5314 2160 5379 possunt,
2213 5305 2600 5362 conscientiam
2639 5305 2900 5362 mundare
2951 5322 3059 5363 non
3101 5317 3365 5378 possunt:
3392 5310 3492 5366 nisi

1913 5399 2058 5470 quod
2081 5398 2300 5468 majoris
2339 5406 2424 5454 est
2442 5397 2779 5453 verecundia:
2808 5397 3040 5453 nitidum
3063 5401 3322 5456 membris
3343 5401 3492 5456 ince-

1911 5488 2060 5554 dere,
2087 5498 2142 5544 et
2166 5489 2425 5560 pollutum
2456 5490 2700 5545 sensibus
2720 5491 3011 5545 ambulare.
3048 5490 3322 5547 lnterioris
3345 5501 3372 5528 η
3393 5492 3492 5558 ἱείς

1912 5592 1996 5638 tur
2036 5581 2184 5650 prius
2233 5581 2464 5637 hominis
2507 5597 2760 5638 ornemus
2807 5580 3077 5644 affectum,
3120 5589 3177 5634 ut
3206 5569 3493 5637 exterioris
