4040 6324
497 327 603 388 259

1703 318 1762 375 S.
1802 312 2047 371 MAXIMI
2083 310 2533 370 TAURINENSIS

3655 307 3763 367 240

494 450 824 508 intemeratae
850 408 1076 516 virginis
1094 447 1250 514 partu
1288 406 1433 494 illam
1472 416 1794 506 denegabis?
1813 432 2071 501 Quaenam
2096 435 2147 492 Α
2174 442 2281 498 que
2306 428 2445 491 ideo,
2479 424 2690 516 fratres,
2721 424 2855 479 tanti
2874 422 3113 516 mysterii
3126 420 3474 516 sanctissima
3497 420 3761 516 solemnia

493 543 599 599 erit
640 541 800 596 stulta
830 537 917 593 illa
968 534 1185 591 vesania
1216 531 1443 605 (Desunt
1483 531 1564 583 hic
1608 528 1726 583 dum
1761 526 1911 581 linea:
1958 537 2072 595 qua:

491 631 701 687 omnino
725 624 1058 696 evanuerunt)
1082 624 1263 680 omnia
1304 622 1515 685 fecisse,
1545 630 1879 689 quaecunque
1902 613 2075 669 voluit

492 721 546 777 in
575 719 712 775 cmlo
739 723 794 773 et
821 717 875 773 in
905 725 1066 781 terra,
1089 715 1342 786 quoniam
1368 712 1511 767 illius
1538 708 1878 779 omnipotens
1904 705 2076 759 virtus

489 828 553 867 ea
580 811 754 866 facere
778 810 965 876 voluit,
991 816 1047 864 et
1074 808 1265 879 potuit.
1298 797 1783 875 Virginem‘autem
1811 799 1910 856 Dei
1937 813 2072 869 ope-

488 909 642 959 rante
674 902 871 958 virtute
898 916 1088 972 parere
1128 915 1308 972 posse,
1338 906 1393 954 et
1436 913 1564 953 vere
1603 891 2073 966 genuisse~(Deest

491 995 569 1052 hic
590 996 801 1065 folium,
844 1012 1001 1066 neque
1040 1001 1270 1050 remanet
1302 992 1403 1048 nisi
1430 989 1613 1046 mutila
1639 985 1949 1053 conclusio).
1975 982 2069 1038 At-

2179 495 2716 576 celebrantes'Deuin
2736 524 2997 579 nostrum,
3022 508 3288 584 qui’tanta
3318 530 3418 585 pro
3434 513 3764 583 indignisfe-

2178 610 2269 676 cit,
2298 623 2616 665 veneremur
2638 616 2853 679 semper
2880 606 3007 678 (Hic
3024 607 3183 662 etiam
3209 606 3395 662 desunt
3417 606 3592 661 decem
3610 607 3764 665 linere

2177 702 2378 774 penitus
2422 699 2815 772 obliterata)...
2846 698 2927 754 Ad
2956 699 3105 755 illum
3137 699 3297 769 igitur
3324 699 3594 755 continuis
3619 701 3762 757 votis

2176 805 2556 863 properemus:
2579 790 2671 860 qui
2687 790 2818 847 vivit
2840 798 2896 847 et
2919 797 3105 861 regnat
3122 790 3176 846 in
3195 790 3388 848 smcula
3416 792 3757 848 smculornm.

2177 883 2366 940 Amen.
2392 882 2639 954 Explicit.

1833 1072 2184 1140 HOMILIA
2228 1071 2373 1134 Vlll
2388 1116 2402 1130 .
2494 1128 2501 1131 .

1735 1181 1806 1238 De
1843 1180 2136 1236 Nativitate
2176 1176 2388 1233 Domini
2417 1174 2517 1230 HI

1917 1267 2313 1325 ADMONITIO.

557 1379 660 1451 23
700 1377 937 1451 Tertiam
958 1374 1397 1451 hanc_homili_am
1413 1373 1478 1427 de
1508 1371 1791 1451 nativitate
1814 1367 2027 1451 Domini
2051 1365 2419 1451 suppeditavit
2441 1365 2603 1451 nobis
2617 1364 3011 1451 vetustissimus
3038 1364 3210 1447 codex
3229 1365 3503 1451 quondam
3525 1366 3765 1449 emnobii

486 1434 866 1519 deTﬁpannis,
888 1448 1048 1519 vulgo
1065 1446 1274 1519 _Pagno
1304 1445 1356 1499 in
1403 1443 1776 1519 marchionatu
1809 1434 2134 1519 _Salutie_nsi,
2154 1434 2293 1519 'pag.‘
2321 1434 2411 1502 16,
2437 1436 2752 1519 pariterque
2790 1444 2874 1519 ut.
2897 1436 3147 1519 superior:
3161 1434 3384 1519 “codicis
3413 1437 3768 1519 'lia_urin_en§_is

486 1504 797 1577 testim’onio
826 1504 1039 1588 gaudet.
1062 1504 1388 1571 Enu'ntiatur
1415 1514 1560 1569 enim
1589 1514 1641 1566 in
1664 1510 1791 1588 ejus
1808 1510 2004 1588 indice1
2018 1504 2235 1588 ltemlet
2262 1504 2332 1587 de
2359 1504 2877 1588 nativitateDomini
2903 1504 3105 1588 homil-
3126 1504 3212 1561 l9.
3245 1505 3356 1563 Sed
3375 1507 3534 1564 valde
3554 1508 3620 1564 ad
3642 1507 3765 1563 edi-

489 1575 647 1647 tionis
676 1575 870 1646 nostra:
895 1590 1058 1645 decus
1084 1594 1140 1643 et
1167 1593 1537 1643 ornamentum
1568 1575 1839 1649 conducit,
1861 1577 2010 1649 quod
2037 1575 2326 1633 eam‘bmni
2362 1591 2431 1631 ex
2460 1584 2613 1647 parte
2643 1577 2903 1648 integram
2932 1577 3312 1676 producamus.

388 1784 393 1787 _
434 1782 439 1787 ,
485 1727 877 1783 Aucuusuruu.
907 1722 1270 1795 ——_Bene[icia
1296 1721 1492 1789 omnia,
1518 1736 1653 1795 qua:
1672 1716 2066 1795 manducamu-

551 1799 612 1853 lit
640 1797 749 1852 dies
768 1795 960 1868 natalis
974 1787 1206 1860 Domini,
1221 1787 1571 1868 recensentur.
1597 1789 1850 1868 Magnam
1869 1787 2064 1868 (mitia:

557 1884 764 1922 causam
792 1864 938 1922 nobis
966 1854 1375 1936 prastatdivina
1395 1854 2063 1936 bonitas,et_'misericordia

553 1938 772 1995 adventu
799 1936 929 2006 ejus,
956 1930 1045 2007 qui
1069 1934 1208 1988 Deus
1227 1940 1287 1989 et
1304 1932 1456 1988 homo
1484 1939 1581 1999 est,
1611 1930 1855 2001 cujusque
1883 1942 2062 1980 mune-

553 2009 692 2062 ribus
719 2006 1158 2062 cumlati'sumus

485 2280 893 2340 sacramentum,
916 2270 1059 2342 quod
1081 2269 1471 2327 exsultantibus
1489 2268 1681 2325 animis
1703 2267 1961 2324 hodierna
1979 2265 2072 2324 die

485 2363 743 2421 universa
789 2370 1072 2420 veneratur
1117 2360 1387 2426 Ecclesia,
1417 2358 1679 2416 similibus
1723 2357 1929 2428 gaudiis
1968 2371 2069 2413 nos

481 2471 697 2527 quoque
724 2456 1002 2512 celebrare
1020 2454 1301 2520 debemus.
1330 2452 1504 2511 Hodie
1541 2451 1685 2507 enim
1710 2458 1942 2509 aeternus
1978 2449 2069 2505 ille

481 2544 579 2599 Dei
606 2544 772 2603 Filius
799 2552 1047 2600 naturam
1075 2543 1362 2599 miseratus
1380 2543 1672 2598 humanam
1700 2541 1769 2597 de
1797 2541 2068 2610 regalibus

481 2634 697 2690 sedibus
716 2649 816 2689 nos
858 2641 1204 2704 reparaturus
1252 2631 1742 2690 descendit..ﬂodie
1778 2647 1951 2688 novus
1978 2632 2069 2688 ille

481 2725 652 2779 Adam
687 2741 782 2780 sua
811 2725 1091 2780 nativitate
1117 2724 1349 2781 mirabili
1373 2731 1612 2780 nostram
1648 2724 1716 2781 de
1754 2740 1895 2781 novo
1921 2725 2066 2795 plas-

482 2814 648 2870 mavit
678 2823 943 2881 naturam,
961 2823 1017 2871 et
1041 2830 1161 2884 quae
1190 2814 1387 2870 veteris
1415 2813 1543 2871 Adae
1584 2814 1875 2871 miserabili
1914 2814 2069 2887 lapsu

469 2908 657 2971 fuerat
688 2906 968 2964 foedata-et
989 2913 1262 2977 corrupta,
1295 2905 1533 2976 pretiosa
1580 2919 1676 2961 sua
1703 2906 1986 2962 nativitate
2012 2915 2070 2962 et

480 2998 811 3072 lacrymabili
844 3006 1017 3056 morte
1043 2997 1255 3055 reduxit
1294 2998 1362 3054 ad
1386 2998 1568 3054 vitam.
1628 2997 1802 3054 Hodie
1825 2998 1917 3054 ille
1945 2999 2067 3056 caeli

400 3106 405 3109 ‘
483 3099 858 3161 terrarumque
898 3091 1155 3149 Dominus
1207 3089 1544 3147 inﬁrmitates
1588 3099 1801 3150 nostras
1846 3091 2067 3148 visitare

479 3185 726 3256 dignatus
750 3194 852 3241 est.
885 3184 998 3242 Hac
1016 3185 1104 3242 die
1122 3185 1436 3243 Bethlebem
1465 3185 1552 3241 illa
1574 3184 1762 3242 civitas
1788 3184 1887 3242 Dei
1921 3201 2066 3241 sum-

478 3278 575 3345 mi,
604 3284 660 3332 et
705 3294 825 3349 quae
852 3278 1005 3351 panis
1052 3278 1242 3334 civitas
1283 3285 1655 3350 nuncupatur,
1694 3293 1888 3350 panem
1911 3278 2065 3334 illum

477 3356 752 3427 cmlestem
775 3369 931 3425 nobis
954 3369 1196 3442 protulit,
1219 3377 1276 3427 et
1297 3379 1483 3441 potum
1501 3385 1612 3442 quo
1636 3371 1729 3441 qui
1750 3369 1980 3428 saturati
2008 3376 2065 3426 et

476 3460 725 3517 inebriati
769 3460 966 3518 fuerint
1016 3462 1207 3532 gaudia
1246 3477 1464 3533 semper
1498 3463 1787 3532 gustabunt
1836 3472 2056 3518 aeterna.

477 3548 744 3610 Tristatur
771 3552 1010 3610 infernus
1029 3561 1215 3610 natum
1237 3554 1388 3610 illum
1417 3569 1538 3611 esse
1564 3555 1730 3611 Deum
1765 3565 1925 3625 atque
1952 3557 2055 3612 ho-

452 3640 694 3712 minem,
721 3647 815 3718 qui
842 3647 1072 3703 claustra
1098 3663 1195 3704 sua
1223 3647 1513 3705 occludens
1549 3658 1814 3704 terrarum
1853 3646 2056 3706 incolas

2094 2132 2144 2195 B

554 2180 959 2237 Sanctissimum
998 2188 1054 2235 et
1087 2177 1396 2236 venerabile
1442 2176 1725 2235 dominica:
1772 2173 2099 2232 nativuatis.

2084 3511 2131 3575 C

2171 1708 2388 1779 quando
2413 1710 2730 1766 mortalibus
2749 1709 2971 1776 aditum,
2994 1726 3101 1781 quo
3121 1710 3236 1781 ipsa
3255 1710 3517 1767 scandere
3542 1712 3765 1767 valeant

2170 1800 2294 1857 caeli
2320 1815 2571 1872 superna.
2597 1799 2857 1857 leestes
2888 1816 3104 1872 quoque
3133 1801 3322 1858 incola:
3361 1802 3599 1870 gestiunt
3623 1818 3763 1857 cun-

2171 1896 2274 1951 ctis
2316 1895 2624 1951 hominibus
2666 1894 2921 1951 hodierna
2945 1894 3032 1950 die
3076 1909 3226 1967 spem
3259 1892 3456 1950 factam
3483 1893 3761 1950 habita-ﬁ

2169 1988 2453 2043 aeternales
2480 1987 2599 2043 illas
2626 1986 2802 2050 sedes,
2835 2002 2969 2057 quas
2993 1988 3313 2058 prteparavit
3340 1986 3484 2043 Deus
3527 1986 3759 2056 diligen-

2171 2078 2316 2134 tibus
2339 2093 2435 2145 sc;
2467 2086 2629 2149 atque
2657 2078 2907 2133 lmtantur
2933 2076 3141 2134 futuros
3159 2093 3281 2136 esse
3324 2078 3444 2134 illos
3470 2078 3762 2150 aliquando

2171 2170 2518 2235 neaﬂwdinis
2546 2168 2687 2226 illius
2729 2169 3017 2240 participes
3034 2209 3049 2236 ,
3080 2168 3502 2241 gaudiorlmiqne
3529 2186 3758 2226 consor-

2171 2274 2270 2322 tes.
2294 2265 2507 2323 Gaudet
2532 2267 2747 2323 demum
2766 2271 2823 2322 et
2851 2267 2965 2336 ipsa
2986 2280 3245 2337 puerpera
3256 2264 3420 2333 Virgo
3444 2265 3759 2321 beatissima

2171 2372 2229 2413 se
2258 2356 2406 2412 illum
2433 2358 2645 2415 enixam
2675 2358 2838 2414 fuisse
2865 2348 3114 2429 puerum,
3144 2371 3303 2425 quem
3332 2372 3567 2427 superna
3594 2356 3760 2427 Spiri-

2172 2457 2258 2505 tus
2277 2451 2449 2506 sancti
2477 2451 2771 2507 irradiante
2810 2451 3029 2516 virtute,
3067 2451 3184 2507 sine
3235 2450 3343 2509 ullo
3372 2451 3576 2506 carnali
3604 2468 3758 2507 com-

2171 2542 2353 2613 plexu,
2378 2543 2625 2614 concepit
2653 2543 2708 2598 in
2732 2550 2887 2599 utero
2905 2542 3071 2598 Deum
3092 2542 3248 2598 simul
3277 2551 3440 2612 atque
3459 2542 3755 2599 hominem.

2170 2631 2438 2689 laetemur
2466 2648 2594 2704 ergo
2623 2643 2806 2690 etnos
2833 2635 3015 2698 etiam,
3043 2633 3257 2702 fratres,
3289 2634 3342 2689 in
3370 2634 3472 2690 hac
3498 2636 3757 2691 sacratis-

2169 2726 2304 2781 sima
2329 2726 2436 2794 die,
2461 2742 2567 2798 qua
2586 2735 2743 2783 natus
2769 2735 2854 2782 est
2880 2727 3036 2801 nobis
3064 2726 3343 2796 Dominus,
3371 2727 3461 2797 qui
3491 2737 3575 2783 est
3594 2728 3756 2785 Chri-

2170 2823 2285 2872 stus
2311 2815 2468 2871 Jesus
2513 2817 2565 2871 in
2594 2817 2810 2871 civitate
2851 2814 3019 2870 David
3041 2858 3056 2884 ,
3079 2824 3144 2871 et~
3178 2815 3247 2871 de
3274 2823 3435 2871 tanta:
3461 2817 3756 2875 nativitatis

2169 2906 2483 2963 celebritate
2508 2907 2851 2976 gaudeamus.
2884 2906 3055 2975 Quem
3075 2907 3225 2977 enim
3258 2907 3420 2963 modo
3449 2916 3633 2963 natum
3661 2926 3756 2965 νος

2170 3016 2442 3070 neramur,
2470 3018 2574 3057 non
2612 3002 2883 3057 hominem
2912 3008 3122 3056 tantum
3151 3000 3438 3066 credimus,
3463 3000 3559 3057 sed
3587 3003 3752 3057 etiam

2169 3092 2358 3149 Deum.
2378 3094 2550 3149 Homo
2577 3093 2792 3163 quidem
2815 3093 3176 3148 membrorum
3207 3092 3587 3160 teneritudine,
3612 3094 3751 3151 Deus

2168 3193 2371 3254 autem,
2396 3194 2557 3255 atque
2585 3184 2929 3256 procedensa
2950 3183 3062 3239 Deo
3086 3199 3154 3239 ex
3183 3182 3399 3238 illibata:
3425 3198 3535 3238 sure
3562 3184 3751 3240 matris

2170 3285 2452 3348 conceptu.
2486 3275 2554 3330 Et
2578 3291 2764 3331 revera
2794 3275 2963 3330 Deum
3009 3282 3065 3330 et
3091 3273 3365 3330 hominem
3391 3274 3539 3329 illum
3562 3274 3728 3332 fuisse

2168 3377 2227 3423 ut
2246 3385 2313 3425 ex
2326 3368 2537 3424 diversa
2558 3365 2831 3435 Evangelii
2852 3365 3082 3422 lectione
3100 3364 3411 3433 audistis,et
3431 3365 3585 3421 stella
3608 3365 3749 3436 ipsa,

2167 3477 2285 3535 qua:
2305 3468 2483 3518 ortum
2511 3460 2675 3531 ipsius
2698 3458 2868 3527 magis
2889 3456 3245 3523 annuntiavit,
3275 3464 3331 3513 et
3367 3472 3487 3513 cum
3516 3459 3748 3528 pastori-

2161 3556 2264 3612 bus
2291 3552 2579 3609 ostendunt
2606 3551 2978 3622 colloquentes
3005 3546 3199 3618 angeli.
3231 3549 3400 3603 Deum
3430 3561 3558 3617 ergo
3585 3549 3746 3607 simul

2163 3660 2324 3720 atque
2350 3646 2620 3704 hominem
2651 3645 2811 3702 fuisse
2838 3643 3056 3702 credere
3077 3644 3296 3701 omnino
3322 3636 3599 3701 debemus.
3628 3642 3745 3700 Ex-

478 3738 774 3793 transmisit
801 3738 869 3794 ad
893 3739 1105 3795 caelum.
1130 3738 1266 3795 ϐωιί
1304 3737 1414 3811 25
1440 3746 1619 3794 autem
1639 3738 1907 3805 laetantur,
1958 3756 2057 3811 per
2160 3741 2329 3813 plicit.

476 3826 634 3905 hujus
665 3827 951 3884 adventum
979 3830 1230 3887 universo
1259 3829 1378 3886 Orbi
1403 3828 1732 3900 patefactum
1762 3830 1925 3887 fuisse
1955 3832 2053 3887 ali-

1842 3941 2192 4007 HOMILIA
2236 3944 2347 4005 1x.
3274 3957 3284 3966 -
3447 4012 3457 4021 θ
3726 3948 3747 3995 κ

1740 4037 1819 4095 De
1843 4037 1900 4094 Ν
1903 4042 2133 4098 ativitate
2153 4041 2359 4098 Domini
2390 4039 2419 4094 Ι
2434 4040 2493 4093 ν.
3021 4036 3029 4045 ’

1921 4132 2310 4191 ADMONITIO.

547 4225 691 4300 Satis
715 4225 819 4282 bac
845 4225 912 4300 de
927 4225 1145 4300 bomilia
1174 4225 1229 4281 in
1257 4232 1552 4282 comment.
1580 4226 1703 4283 vitae
1724 4228 1781 4300 ὃ.
1824 4228 2059 4296 Maximi,
2084 4238 2142 4286 et
2183 4232 2239 4286 in
2270 4230 2579 4300 praefatione
2609 4228 2773 4300 locuti
2806 4241 2990 4300 sumus
3007 4242 3227 4300 ,_neq_ue
3253 4227 3395 4300 aliud
3434 4226 3739 4300 addendum

476 4294 813 4366 arbitramur,
839 4295 940 4351 nisi
961 4311 1078 4366 eam
1108 4303 1387 4366 acceptam
1407 4311 1528 4351 esse
1555 4310 1622 4353 ex
1649 4298 1840 4355 eodem
1863 4294 2054 4356 codice
2076 4300 2135 4356 S.
2178 4294 2425 4356 Dalmatii
2454 4317 2599 4355 num.
2631 4297 2664 4351 9
2691 4297 2757 4353 de
2787 4298 2994 4359 nativit.
3020 4294 3264 4365 Domini;
3306 4297 3363 4352 in
3400 4297 3522 4355 cod.
3554 4308 3738 4356 autem

474 4364 692 4459 fl‘aurin.
719 4374 803 4422 est
829 4366 1015 4422 homil.
1046 4364 1134 4420 15.
1166 4365 1223 4420 In
1238 4364 1480 4436 utroque
1504 4366 1719 4439 prmfert
1746 4370 1960 4426 titulum
1994 4388 2007 4423 :
2041 4369 2172 4427 Item
2200 4381 2248 4426 et
2275 4372 2337 4426 de
2356 4372 2622 4426 nativitate
2645 4367 2877 4424 Domini.
2910 4440 2917 4447 ἡ

475 4477 1212 4552 Ακαυιεκτυμη-γΜεηιὶηἱι
1238 4477 1678 4552 condemnationis
1699 4481 1906 4535 hmresis
1931 4479 2062 4535 Hel-
2166 4491 2277 4538 tum
2337 4482 2590 4538 inviolata
2640 4481 2793 4548 virgo
2841 4480 3154 4551 permansit.
3221 4479 3381 4537 Ridet
3431 4482 3565 4538 tanti
3606 4497 3738 4552 pro-

543 4547 1544 4644 ιέέίίλςξίίζυξξίῇξίηξίξξίνΒξζξανω
1590 4552 1953 4623 divinitatem,
1991 4554 2061 4606 εί·
2158 4573 2476 4628 fnnditatem
2503 4572 2741 4644 mysterii
2946 4580 3002 4627 et
3026 4571 3189 4627 stulta
3223 4572 3513 4641 gentilitas,
3546 4547 3736 4630 irridet

538 4638 633 4692 ί¹²¹⁸
659 4622 848 4693 ά⁰⁹”³¹²
876 4617 1184 4675 ⁶ί¹ί¹²⁰¹ί⁶²⁸⁷η
1220 4620 1450 4691 ⁰¹²’⁷⁰’¹ί”
1667 4617 1686 4623 ⁷
1940 4617 1946 4619 ⁷
2157 4617 3613 4735 angniap'i':at;'tlggt.;.;;;:..::.;;;mt;;

539 4750 946 4808 Sanctissimam
982 4751 1123 4806 hanc
1148 4751 1402 4808 dominici
1422 4753 1613 4808 natalis
1640 4752 1801 4822 diem,
1834 4754 2048 4824 fratres,
2154 4755 2272 4821 bus,
2302 4755 2429 4809 dum
2453 4760 2666 4825 partum
2695 4753 2930 4821 Virginis
2958 4760 3240 4809 attenuare
3261 4755 3619 4825 praesumpsit,
3648 4764 3736 4811 at-

468 4857 631 4913 quam
658 4857 765 4896 una
802 4842 1081 4911 nobiseum
1109 4843 1355 4897 universa
1398 4844 1674 4899 exsultans
1701 4846 2048 4902 concelebrat
2079 4895 2125 4917 η
2150 4864 2256 4917 que
2301 4833 2667 4917 corrumpere,
2707 4844 2977 4902 Christum
3023 4846 3310 4903 Dominum
3361 4855 3607 4903 nostrum
3658 4863 3733 4905 ex

465 4895 734 5007 Ecclesia,
763 4895 1192 5002 competentibus
1216 4895 1423 5001 ann.
1437 4895 1550 4991 1;...
1559 4895 2047 5007 sanguine
2071 4895 2127 4957 υ
2148 4895 2385 5008 tua;
2400 4895 2682 5009 agas;
2715 4895 3733 5008 Ῑιὶὶῖιᾷξᾶιίεῖεὲ’ῐὶεζξέιῖιεῶζᾲὲιῗῖιεῖιὲ

446 5021 607 5080 mus.
638 5023 810 5081 Hodie
834 5029 1067 5079 aeternus
1086 5023 1176 5079 ille
1197 5022 1294 5080 Dei
1312 5024 1477 5081 Filius
1502 5042 1601 5098 pro
1629 5029 1784 5084 nobis
1808 5028 1876 5084 de
1896 5028 2046 5085 oculis
2146 5040 2331 5087 sancta
2357 5030 2768 5086 Mediolauensis
2808 5028 3049 5085 Ecclesia
3076 5030 3287 5085 horruit
3312 5030 3726 5102 blasphemiam,

444 5112 744 5171 descendit
763 5112 831 5169 ad
853 5120 1046 5180 terras,
1074 5121 1136 5168 ut
1154 5114 1459 5172 universum
1489 5118 1766 5185 mundum,
1795 5132 1955 5187 quem
1974 5118 2044 5173 ab
2146 5123 2291 5179 illam
2319 5122 2590 5195 synodalis
2615 5129 2801 5179 noster
2830 5137 2938 5177 uno
2965 5137 3062 5177 ore
3086 5121 3363 5191 damnavit
3399 5130 3723 5190 conventus,

465 5204 620 5260 initio
659 5208 976 5273 creaverat,
1005 5214 1260 5261 evocaret
1304 5205 1373 5260 ad
1413 5207 1628 5262 caelum.
1662 5206 1833 5262 Hodie
1856 5209 1910 5262 in
1938 5206 2043 5263 ﬁne
2145 5216 2386 5271 eamdem
2419 5221 2695 5270 exsecrata
2734 5222 2819 5269 est
2844 5213 2933 5284 pia
2977 5213 3093 5283 ipsa
3136 5212 3428 5284 imperialis
3454 5220 3721 5284 potestas.

432 5368 437 5374 ἡ
464 5303 766 5368 temporum
799 5295 899 5380 ille
940 5304 1097 5356 natus
1123 5305 1207 5353 est
1234 5298 1421 5367 homo,
1450 5299 1547 5369 qui
1585 5307 1709 5353 ante
1738 5300 1917 5354 omnia
1943 5313 2042 5355 εω-
2143 5304 2351 5360 Etenim
2381 5304 2507 5360 dum
2536 5303 2850 5359 honorabile
2877 5302 3206 5359 connubium
3232 5303 3528 5373 virginitati
3554 5306 3753 5360 ausns’

458 5391 581 5447 cula
602 5390 906 5462 unigenitus
919 5391 1181 5463 processit
1199 5407 1229 5446 a
1251 5389 1430 5446 Patre.
1445 5390 1625 5447 Novus
1643 5389 1854 5459 quidem
1873 5391 2035 5446 homo
2138 5402 2222 5448 est
2240 5408 2475 5464 πέφηνε,
2503 5393 2771 5450 Christum
2800 5392 3139 5463 hlasphemat
3161 5409 3231 5449 ex
3259 5394 3467 5464 virgine
3490 5410 3601 5451 non
3628 5412 3721 5466 po-

458 5482 530 5553 in.
569 5488 834 5554 tempore,
879 5483 973 5539 sed
1010 5483 1087 5538 ab'
1124 5490 1329 5538 mterno
1369 5480 1541 5547 Deus;
1596 5495 1767 5535 novus
1817 5480 2032 5550 quidem
2136 5484 2302 5539 tuisse
2328 5485 2601 5551 generari;
2631 5499 2754 5540 cum
2781 5497 2980 5552 negare
3017 5498 3124 5539 non
3154 5483 3352 5539 audeat
3375 5499 3445 5540 ex
3482 5486 3718 5543 muliere

456 5572 721 5643 Christus,
750 5572 845 5629 sed
876 5573 1134 5630 Dominus
1163 5573 1401 5628 Omnium
1430 5572 1764 5628 smculorum.
1797 5573 1901 5645 25
1931 5571 2033 5628 Ho—
2132 5572 2291 5628 editis
2318 5573 2674 5629 humanorum
2702 5573 2982 5645 pignorum
3023 5574 3284 5644 partubus
3321 5575 3560 5643 virgines
3586 5591 3715 5646 per-

435 5664 543 5737 'die
588 5664 896 5721 beatissima
932 5662 1022 5719 illa
1065 5658 1226 5733 Virgo
1264 5663 1430 5719 Maria
1474 5666 1682 5734 peperit
1738 5665 2023 5730 hominem,
2130 5679 2365 5719 manere.
2399 5664 2597 5719 Verum
2625 5680 2869 5733 quasnam
2898 5664 3010 5721 hzec
3035 5673 3119 5719 est
3148 5663 3431 5735 impudens
3457 5672 3512 5719 et
3534 5673 3709 5721 teme-

458 5767 619 5823 quem
661 5772 770 5814 non
820 5755 1052 5826 suscepit
1087 5755 1153 5812 ab
1184 5754 1417 5823 homine,
1469 5762 1523 5811 et
1565 5768 1689 5824 quas.
1728 5764 1853 5812 ante
1900 5771 2024 5825 par-
2128 5754 2268 5810 raris
2293 5752 2523 5821 fallacia,
2557 5753 2832 5813 Christum
2856 5753 3144 5812 Dominum
3172 5765 3414 5815 nostrum
3434 5753 3615 5814 dicere
3638 5771 3711 5816 ex.
