  <div class='ocr_page' id='page_1' title='image "/cluster/home/n/w/nwhite01/storage/ocr_20150623/57/hvd.32044015471618/126.png"; bbox 0 0 4040 6324; ppageno 0'>
   <div class='ocr_carea' id='block_1_1' title="bbox 295 335 384 390">
    <p class='ocr_par' dir='ltr' id='par_1_1' title="bbox 295 335 384 390">
     <span class='ocr_line' id='line_1_1' title="bbox 295 335 384 390; baseline -0.022 0"><span class='ocrx_word' id='word_1_1' title='bbox 295 335 384 390; x_wconf 70' lang='grc'>211</span> 
     </span>
    </p>
   </div>
   <div class='ocr_carea' id='block_1_2' title="bbox 1677 332 2057 392">
    <p class='ocr_par' dir='ltr' id='par_1_2' title="bbox 1677 332 2057 392">
     <span class='ocr_line' id='line_1_2' title="bbox 1677 332 2057 392; baseline -0.005 -2"><span class='ocrx_word' id='word_1_2' title='bbox 1677 332 1958 392; x_wconf 72' lang='grc' dir='ltr'><strong>ΗοΜιιιΑ</strong></span> <span class='ocrx_word' id='word_1_3' title='bbox 1995 333 2057 389; x_wconf 79' lang='grc' dir='ltr'><strong>Χ.</strong></span> 
     </span>
    </p>
   </div>
   <div class='ocr_carea' id='block_1_3' title="bbox 3437 335 3543 393">
    <p class='ocr_par' dir='ltr' id='par_1_3' title="bbox 3437 335 3543 393">
     <span class='ocr_line' id='line_1_3' title="bbox 3437 335 3543 393; baseline 0.009 -1"><span class='ocrx_word' id='word_1_4' title='bbox 3437 335 3543 393; x_wconf 70' lang='grc'><strong>242</strong></span> 
     </span>
    </p>
   </div>
   <div class='ocr_carea' id='block_1_4' title="bbox 292 443 3538 520">
    <p class='ocr_par' dir='ltr' id='par_1_4' title="bbox 292 443 3538 520">
     <span class='ocr_line' id='line_1_4' title="bbox 292 443 3538 520; baseline 0.002 -22"><span class='ocrx_word' id='word_1_5' title='bbox 292 451 490 511; x_wconf 76' lang='lat' dir='ltr'><strong>virgine</strong></span> <span class='ocrx_word' id='word_1_6' title='bbox 537 443 779 511; x_wconf 81' lang='lat' dir='ltr'><strong>generari</strong></span> <span class='ocrx_word' id='word_1_7' title='bbox 823 461 927 500; x_wconf 89' lang='lat' dir='ltr'><strong>non</strong></span> <span class='ocrx_word' id='word_1_8' title='bbox 968 448 1228 516; x_wconf 88' lang='lat' dir='ltr'><strong>potuisse,</strong></span> <span class='ocrx_word' id='word_1_9' title='bbox 1276 461 1398 501; x_wconf 92' lang='lat' dir='ltr'><strong>eum</strong></span> <span class='ocrx_word' id='word_1_10' title='bbox 1439 447 1613 517; x_wconf 84' lang='lat' dir='ltr'><strong>ipsum</strong></span> <span class='ocrx_word' id='word_1_11' title='bbox 1656 449 1723 501; x_wconf 88' lang='lat' dir='ltr'><strong>ab</strong></span> <span class='ocrx_word' id='word_1_12' title='bbox 1751 449 1855 503; x_wconf 89' lang='lat' dir='ltr'>illis</span> <span class='ocrx_word' id='word_1_13' title='bbox 1884 455 1933 515; x_wconf 75' lang='grc' dir='ltr'><strong>Α</strong></span> <span class='ocrx_word' id='word_1_14' title='bbox 1961 465 2070 504; x_wconf 86' lang='lat' dir='ltr'><strong>cem</strong></span> <span class='ocrx_word' id='word_1_15' title='bbox 2099 449 2267 513; x_wconf 71' lang='lat' dir='ltr'><strong>linere,</strong></span> <span class='ocrx_word' id='word_1_16' title='bbox 2288 464 2408 520; x_wconf 76' lang='lat' dir='ltr'><strong>quia</strong></span> <span class='ocrx_word' id='word_1_17' title='bbox 2430 450 2582 520; x_wconf 82' lang='lat' dir='ltr'><strong>periit</strong></span> <span class='ocrx_word' id='word_1_18' title='bbox 2603 449 2917 520; x_wconf 71' lang='lat' dir='ltr'><strong>character),</strong></span> <span class='ocrx_word' id='word_1_19' title='bbox 2942 448 3127 515; x_wconf 89' lang='lat' dir='ltr'><strong>voluit,</strong></span> <span class='ocrx_word' id='word_1_20' title='bbox 3151 459 3205 505; x_wconf 89' lang='lat' dir='ltr'><strong>et</strong></span> <span class='ocrx_word' id='word_1_21' title='bbox 3235 451 3372 505; x_wconf 83' lang='lat' dir='ltr'><strong>facta</strong></span> <span class='ocrx_word' id='word_1_22' title='bbox 3393 461 3538 506; x_wconf 90' lang='lat' dir='ltr'><strong>sunt.</strong></span> 
     </span>
    </p>
   </div>
   <div class='ocr_carea' id='block_1_5' title="bbox 291 537 1854 611">
    <p class='ocr_par' dir='ltr' id='par_1_5' title="bbox 291 537 1854 611">
     <span class='ocr_line' id='line_1_5' title="bbox 291 537 1854 611; baseline 0.002 -19"><span class='ocrx_word' id='word_1_23' title='bbox 291 537 536 593; x_wconf 87' lang='lat' dir='ltr'><strong>credatur</strong></span> <span class='ocrx_word' id='word_1_24' title='bbox 575 539 842 594; x_wconf 86' lang='lat' dir='ltr'><strong>hominem</strong></span> <span class='ocrx_word' id='word_1_25' title='bbox 879 540 998 594; x_wconf 89' lang='lat' dir='ltr'><strong>sine</strong></span> <span class='ocrx_word' id='word_1_26' title='bbox 1045 539 1241 596; x_wconf 77' lang='lat' dir='ltr'><strong>femina</strong></span> <span class='ocrx_word' id='word_1_27' title='bbox 1279 555 1464 596; x_wconf 89' lang='lat' dir='ltr'><strong>creare</strong></span> <span class='ocrx_word' id='word_1_28' title='bbox 1492 541 1769 611; x_wconf 72' lang='lat' dir='ltr'><strong>potuisse?</strong></span> <span class='ocrx_word' id='word_1_29' title='bbox 1798 541 1854 596; x_wconf 90' lang='lat' dir='ltr'><strong>Si</strong></span> 
     </span>
    </p>
   </div>
   <div class='ocr_carea' id='block_1_6' title="bbox 291 627 1856 702">
    <p class='ocr_par' dir='ltr' id='par_1_6' title="bbox 291 627 1856 702">
     <span class='ocr_line' id='line_1_6' title="bbox 291 627 1856 702; baseline 0.004 -21"><span class='ocrx_word' id='word_1_30' title='bbox 291 627 402 698; x_wconf 87' lang='lat' dir='ltr'><strong>ipse</strong></span> <span class='ocrx_word' id='word_1_31' title='bbox 425 629 543 683; x_wconf 84' lang='lat' dir='ltr'><strong>sine</strong></span> <span class='ocrx_word' id='word_1_32' title='bbox 570 630 680 684; x_wconf 92' lang='lat' dir='ltr'><strong>ullo</strong></span> <span class='ocrx_word' id='word_1_33' title='bbox 707 630 891 685; x_wconf 86' lang='lat' dir='ltr'><strong>femini</strong></span> <span class='ocrx_word' id='word_1_34' title='bbox 919 639 977 687; x_wconf 92' lang='lat' dir='ltr'><strong>et</strong></span> <span class='ocrx_word' id='word_1_35' title='bbox 1005 631 1144 686; x_wconf 82' lang='lat' dir='ltr'><strong>virili</strong></span> <span class='ocrx_word' id='word_1_36' title='bbox 1169 646 1331 688; x_wconf 86' lang='lat' dir='ltr'><strong>sexus</strong></span> <span class='ocrx_word' id='word_1_37' title='bbox 1355 631 1641 702; x_wconf 89' lang='lat' dir='ltr'><strong>complexu</strong></span> <span class='ocrx_word' id='word_1_38' title='bbox 1663 633 1856 687; x_wconf 88' lang='lat' dir='ltr'><strong>mulie-</strong></span> 
     </span>
    </p>
   </div>
   <div class='ocr_carea' id='block_1_7' title="bbox 289 725 1860 794">
    <p class='ocr_par' dir='ltr' id='par_1_7' title="bbox 289 725 1860 794">
     <span class='ocr_line' id='line_1_7' title="bbox 289 725 1860 794; baseline 0.002 -16"><span class='ocrx_word' id='word_1_39' title='bbox 289 737 399 778; x_wconf 89' lang='lat' dir='ltr'><strong>rem</strong></span> <span class='ocrx_word' id='word_1_40' title='bbox 418 725 595 794; x_wconf 89' lang='lat' dir='ltr'><strong>potuit</strong></span> <span class='ocrx_word' id='word_1_41' title='bbox 614 725 667 780; x_wconf 91' lang='lat' dir='ltr'><strong>in</strong></span> <span class='ocrx_word' id='word_1_42' title='bbox 695 725 868 781; x_wconf 87' lang='lat' dir='ltr'><strong>lucem</strong></span> <span class='ocrx_word' id='word_1_43' title='bbox 888 725 1070 791; x_wconf 89' lang='lat' dir='ltr'><strong>edere,</strong></span> <span class='ocrx_word' id='word_1_44' title='bbox 1101 741 1198 781; x_wconf 90' lang='lat' dir='ltr'><strong>cur</strong></span> <span class='ocrx_word' id='word_1_45' title='bbox 1219 741 1415 783; x_wconf 88' lang='lat' dir='ltr'><strong>novum</strong></span> <span class='ocrx_word' id='word_1_46' title='bbox 1445 726 1716 781; x_wconf 82' lang='lat' dir='ltr'><strong>hominem</strong></span> <span class='ocrx_word' id='word_1_47' title='bbox 1740 726 1860 781; x_wconf 83' lang='lat' dir='ltr'><strong>sine</strong></span> 
     </span>
    </p>
   </div>
   <div class='ocr_carea' id='block_1_8' title="bbox 291 818 1858 892">
    <p class='ocr_par' dir='ltr' id='par_1_8' title="bbox 291 818 1858 892">
     <span class='ocr_line' id='line_1_8' title="bbox 291 818 1858 892; baseline 0 -18"><span class='ocrx_word' id='word_1_48' title='bbox 291 818 396 874; x_wconf 82' lang='lat' dir='ltr'><strong>ullo</strong></span> <span class='ocrx_word' id='word_1_49' title='bbox 414 819 616 874; x_wconf 83' lang='lat' dir='ltr'><strong>carnali</strong></span> <span class='ocrx_word' id='word_1_50' title='bbox 638 821 924 891; x_wconf 85' lang='lat' dir='ltr'><strong>complexu</strong></span> <span class='ocrx_word' id='word_1_51' title='bbox 945 834 1205 890; x_wconf 88' lang='lat' dir='ltr'><strong>generare</strong></span> <span class='ocrx_word' id='word_1_52' title='bbox 1235 835 1339 877; x_wconf 91' lang='lat' dir='ltr'><strong>non</strong></span> <span class='ocrx_word' id='word_1_53' title='bbox 1360 821 1601 892; x_wconf 87' lang='lat' dir='ltr'><strong>potuisse</strong></span> <span class='ocrx_word' id='word_1_54' title='bbox 1628 821 1858 876; x_wconf 81' lang='lat' dir='ltr'><strong>dicitur?</strong></span> 
     </span>
    </p>
   </div>
   <div class='ocr_carea' id='block_1_9' title="bbox 287 906 1859 985">
    <p class='ocr_par' dir='ltr' id='par_1_9' title="bbox 287 906 1859 985">
     <span class='ocr_line' id='line_1_9' title="bbox 287 906 1859 985; baseline 0.002 -21"><span class='ocrx_word' id='word_1_55' title='bbox 287 906 342 965; x_wconf 89' lang='lat' dir='ltr'><strong>Si</strong></span> <span class='ocrx_word' id='word_1_56' title='bbox 369 909 422 964; x_wconf 91' lang='lat' dir='ltr'><strong>in</strong></span> <span class='ocrx_word' id='word_1_57' title='bbox 451 911 610 980; x_wconf 85' lang='lat' dir='ltr'><strong>primi</strong></span> <span class='ocrx_word' id='word_1_58' title='bbox 636 911 764 967; x_wconf 82' lang='lat' dir='ltr'><strong>Adae</strong></span> <span class='ocrx_word' id='word_1_59' title='bbox 797 921 1066 984; x_wconf 88' lang='lat' dir='ltr'><strong>conceptu</strong></span> <span class='ocrx_word' id='word_1_60' title='bbox 1094 913 1264 970; x_wconf 88' lang='lat' dir='ltr'><strong>solam</strong></span> <span class='ocrx_word' id='word_1_61' title='bbox 1292 913 1387 970; x_wconf 86' lang='lat' dir='ltr'><strong>Dei</strong></span> <span class='ocrx_word' id='word_1_62' title='bbox 1413 914 1859 985; x_wconf 87' lang='lat' dir='ltr'><strong>omnipotentiam</strong></span> 
     </span>
    </p>
   </div>
   <div class='ocr_carea' id='block_1_10' title="bbox 285 999 1861 1071">
    <p class='ocr_par' dir='ltr' id='par_1_10' title="bbox 285 999 1861 1071">
     <span class='ocr_line' id='line_1_10' title="bbox 285 999 1861 1071; baseline 0.002 -14"><span class='ocrx_word' id='word_1_63' title='bbox 285 1001 411 1057; x_wconf 88' lang='lat' dir='ltr'><strong>satis</strong></span> <span class='ocrx_word' id='word_1_64' title='bbox 437 999 603 1058; x_wconf 83' lang='lat' dir='ltr'><strong>fuisse</strong></span> <span class='ocrx_word' id='word_1_65' title='bbox 626 1003 833 1070; x_wconf 81' lang='lat' dir='ltr'><strong>credis;</strong></span> <span class='ocrx_word' id='word_1_66' title='bbox 859 1019 976 1068; x_wconf 87' lang='lat' dir='ltr'><strong>cur,</strong></span> <span class='ocrx_word' id='word_1_67' title='bbox 992 1002 1178 1071; x_wconf 87' lang='lat' dir='ltr'><strong>frater,</strong></span> <span class='ocrx_word' id='word_1_68' title='bbox 1203 1004 1258 1060; x_wconf 87' lang='lat' dir='ltr'><strong>in</strong></span> <span class='ocrx_word' id='word_1_69' title='bbox 1279 1003 1502 1060; x_wconf 87' lang='lat' dir='ltr'><strong>secundi</strong></span> <span class='ocrx_word' id='word_1_70' title='bbox 1521 1004 1648 1060; x_wconf 66' lang='grc' dir='ltr'><strong>Δάαι</strong></span> <span class='ocrx_word' id='word_1_71' title='bbox 1667 1004 1861 1060; x_wconf 85' lang='lat' dir='ltr'><strong>adven-</strong></span> 
     </span>
    </p>
   </div>
   <div class='ocr_carea' id='block_1_11' title="bbox 286 1095 1862 1169">
    <p class='ocr_par' dir='ltr' id='par_1_11' title="bbox 286 1095 1862 1169">
     <span class='ocr_line' id='line_1_11' title="bbox 286 1095 1862 1169; baseline 0.003 -23"><span class='ocrx_word' id='word_1_72' title='bbox 286 1100 362 1158; x_wconf 85' lang='lat' dir='ltr'><strong>tu,</strong></span> <span class='ocrx_word' id='word_1_73' title='bbox 389 1107 491 1163; x_wconf 91' lang='lat' dir='ltr'><strong>per</strong></span> <span class='ocrx_word' id='word_1_74' title='bbox 516 1108 679 1163; x_wconf 88' lang='lat' dir='ltr'><strong>quem</strong></span> <span class='ocrx_word' id='word_1_75' title='bbox 700 1095 758 1150; x_wconf 90' lang='lat' dir='ltr'><strong>in</strong></span> <span class='ocrx_word' id='word_1_76' title='bbox 780 1111 879 1152; x_wconf 90' lang='lat' dir='ltr'><strong>nos</strong></span> <span class='ocrx_word' id='word_1_77' title='bbox 905 1095 1050 1151; x_wconf 90' lang='lat' dir='ltr'><strong>salus</strong></span> <span class='ocrx_word' id='word_1_78' title='bbox 1075 1104 1277 1152; x_wconf 55' lang='lat' dir='ltr'><strong>aeterna</strong></span> <span class='ocrx_word' id='word_1_79' title='bbox 1303 1096 1601 1162; x_wconf 74' lang='lat' dir='ltr'><strong>descendit,</strong></span> <span class='ocrx_word' id='word_1_80' title='bbox 1627 1112 1726 1166; x_wconf 91' lang='lat' dir='ltr'><strong>per</strong></span> <span class='ocrx_word' id='word_1_81' title='bbox 1753 1095 1862 1169; x_wconf 69' lang='grc'><strong>26</strong></span> 
     </span>
    </p>
   </div>
   <div class='ocr_carea' id='block_1_12' title="bbox 284 1187 1861 1258">
    <p class='ocr_par' dir='ltr' id='par_1_12' title="bbox 284 1187 1861 1258">
     <span class='ocr_line' id='line_1_12' title="bbox 284 1187 1861 1258; baseline 0.002 -20"><span class='ocrx_word' id='word_1_82' title='bbox 284 1198 440 1253; x_wconf 87' lang='lat' dir='ltr'><strong>quem</strong></span> <span class='ocrx_word' id='word_1_83' title='bbox 463 1200 651 1240; x_wconf 91' lang='lat' dir='ltr'><strong>omnes</strong></span> <span class='ocrx_word' id='word_1_84' title='bbox 679 1187 912 1256; x_wconf 89' lang='lat' dir='ltr'><strong>reparati</strong></span> <span class='ocrx_word' id='word_1_85' title='bbox 933 1203 1136 1250; x_wconf 89' lang='lat' dir='ltr'><strong>sumus,</strong></span> <span class='ocrx_word' id='word_1_86' title='bbox 1165 1187 1400 1242; x_wconf 85' lang='lat' dir='ltr'><strong>divinam</strong></span> <span class='ocrx_word' id='word_1_87' title='bbox 1423 1188 1643 1257; x_wconf 91' lang='lat' dir='ltr'><strong>negabis</strong></span> <span class='ocrx_word' id='word_1_88' title='bbox 1669 1197 1861 1258; x_wconf 86' lang='lat' dir='ltr'><strong>poten-</strong></span> 
     </span>
    </p>
   </div>
   <div class='ocr_carea' id='block_1_13' title="bbox 284 1274 1862 1348">
    <p class='ocr_par' dir='ltr' id='par_1_13' title="bbox 284 1274 1862 1348">
     <span class='ocr_line' id='line_1_13' title="bbox 284 1274 1862 1348; baseline 0.003 -19"><span class='ocrx_word' id='word_1_89' title='bbox 284 1275 448 1330; x_wconf 87' lang='lat' dir='ltr'><strong>tiam?</strong></span> <span class='ocrx_word' id='word_1_90' title='bbox 479 1274 588 1331; x_wconf 89' lang='lat' dir='ltr'><strong>Sed</strong></span> <span class='ocrx_word' id='word_1_91' title='bbox 610 1277 656 1331; x_wconf 92' lang='lat' dir='ltr'><strong>si</strong></span> <span class='ocrx_word' id='word_1_92' title='bbox 682 1285 870 1332; x_wconf 86' lang='lat' dir='ltr'><strong>contra</strong></span> <span class='ocrx_word' id='word_1_93' title='bbox 896 1284 1142 1333; x_wconf 88' lang='lat' dir='ltr'><strong>naturam</strong></span> <span class='ocrx_word' id='word_1_94' title='bbox 1172 1293 1280 1333; x_wconf 91' lang='lat' dir='ltr'><strong>non</strong></span> <span class='ocrx_word' id='word_1_95' title='bbox 1307 1285 1392 1333; x_wconf 91' lang='lat' dir='ltr'><strong>est</strong></span> <span class='ocrx_word' id='word_1_96' title='bbox 1413 1277 1674 1347; x_wconf 73' lang='lat' dir='ltr'><strong>virginem</strong></span> <span class='ocrx_word' id='word_1_97' title='bbox 1701 1293 1862 1348; x_wconf 92' lang='lat' dir='ltr'><strong>posse</strong></span> 
     </span>
    </p>
   </div>
   <div class='ocr_carea' id='block_1_14' title="bbox 283 1365 1864 1440">
    <p class='ocr_par' dir='ltr' id='par_1_14' title="bbox 283 1365 1864 1440">
     <span class='ocr_line' id='line_1_14' title="bbox 283 1365 1864 1440; baseline 0.003 -20"><span class='ocrx_word' id='word_1_98' title='bbox 283 1365 590 1436; x_wconf 86' lang='lat' dir='ltr'><strong>concipere,</strong></span> <span class='ocrx_word' id='word_1_99' title='bbox 622 1382 744 1422; x_wconf 90' lang='lat' dir='ltr'><strong>eum</strong></span> <span class='ocrx_word' id='word_1_100' title='bbox 773 1367 915 1424; x_wconf 88' lang='lat' dir='ltr'><strong>Deus</strong></span> <span class='ocrx_word' id='word_1_101' title='bbox 941 1368 1119 1424; x_wconf 88' lang='lat' dir='ltr'><strong>omnia</strong></span> <span class='ocrx_word' id='word_1_102' title='bbox 1144 1366 1322 1424; x_wconf 89' lang='lat' dir='ltr'><strong>facere</strong></span> <span class='ocrx_word' id='word_1_103' title='bbox 1345 1369 1604 1439; x_wconf 86' lang='lat' dir='ltr'><strong>potuerit,</strong></span> <span class='ocrx_word' id='word_1_104' title='bbox 1621 1385 1864 1440; x_wconf 83' lang='lat' dir='ltr'><strong>quaecun-</strong></span> 
     </span>
    </p>
   </div>
   <div class='ocr_carea' id='block_1_15' title="bbox 282 1456 1863 1526">
    <p class='ocr_par' dir='ltr' id='par_1_15' title="bbox 282 1456 1863 1526">
     <span class='ocr_line' id='line_1_15' title="bbox 282 1456 1863 1526; baseline 0.002 -13"><span class='ocrx_word' id='word_1_105' title='bbox 282 1470 384 1525; x_wconf 83' lang='lat' dir='ltr'><strong>que</strong></span> <span class='ocrx_word' id='word_1_106' title='bbox 425 1456 600 1512; x_wconf 89' lang='lat' dir='ltr'><strong>voluit</strong></span> <span class='ocrx_word' id='word_1_107' title='bbox 635 1459 689 1512; x_wconf 90' lang='lat' dir='ltr'><strong>in</strong></span> <span class='ocrx_word' id='word_1_108' title='bbox 727 1460 867 1515; x_wconf 76' lang='lat' dir='ltr'><strong>cmlo</strong></span> <span class='ocrx_word' id='word_1_109' title='bbox 906 1468 961 1515; x_wconf 92' lang='lat' dir='ltr'><strong>et</strong></span> <span class='ocrx_word' id='word_1_110' title='bbox 997 1461 1054 1515; x_wconf 90' lang='lat' dir='ltr'><strong>in</strong></span> <span class='ocrx_word' id='word_1_111' title='bbox 1083 1469 1245 1526; x_wconf 86' lang='lat' dir='ltr'><strong>terra,</strong></span> <span class='ocrx_word' id='word_1_112' title='bbox 1277 1475 1374 1516; x_wconf 89' lang='lat' dir='ltr'><strong>cur</strong></span> <span class='ocrx_word' id='word_1_113' title='bbox 1399 1469 1587 1516; x_wconf 87' lang='lat' dir='ltr'><strong>contra</strong></span> <span class='ocrx_word' id='word_1_114' title='bbox 1615 1469 1863 1517; x_wconf 88' lang='lat' dir='ltr'><strong>naturam</strong></span> 
     </span>
    </p>
   </div>
   <div class='ocr_carea' id='block_1_16' title="bbox 283 1551 1866 1625">
    <p class='ocr_par' dir='ltr' id='par_1_16' title="bbox 283 1551 1866 1625">
     <span class='ocr_line' id='line_1_16' title="bbox 283 1551 1866 1625; baseline 0.003 -22"><span class='ocrx_word' id='word_1_115' title='bbox 283 1563 399 1603; x_wconf 88' lang='lat' dir='ltr'><strong>esse</strong></span> <span class='ocrx_word' id='word_1_116' title='bbox 427 1551 629 1606; x_wconf 90' lang='lat' dir='ltr'><strong>asseris</strong></span> <span class='ocrx_word' id='word_1_117' title='bbox 648 1551 930 1620; x_wconf 91' lang='lat' dir='ltr'><strong>virginem,</strong></span> <span class='ocrx_word' id='word_1_118' title='bbox 955 1553 1052 1608; x_wconf 90' lang='lat' dir='ltr'><strong>Dei</strong></span> <span class='ocrx_word' id='word_1_119' title='bbox 1073 1554 1460 1625; x_wconf 83' lang='lat' dir='ltr'><strong>omnipotentis</strong></span> <span class='ocrx_word' id='word_1_120' title='bbox 1474 1562 1738 1625; x_wconf 84' lang='lat' dir='ltr'><strong>operante</strong></span> <span class='ocrx_word' id='word_1_121' title='bbox 1764 1553 1866 1608; x_wconf 89' lang='lat' dir='ltr'><strong>vir-</strong></span> 
     </span>
    </p>
   </div>
   <div class='ocr_carea' id='block_1_17' title="bbox 285 1641 1865 1717">
    <p class='ocr_par' dir='ltr' id='par_1_17' title="bbox 285 1641 1865 1717">
     <span class='ocr_line' id='line_1_17' title="bbox 285 1641 1865 1717; baseline 0.004 -24"><span class='ocrx_word' id='word_1_122' title='bbox 285 1647 414 1707; x_wconf 88' lang='lat' dir='ltr'><strong>tute,</strong></span> <span class='ocrx_word' id='word_1_123' title='bbox 441 1641 606 1698; x_wconf 81' lang='lat' dir='ltr'><strong>illaesa</strong></span> <span class='ocrx_word' id='word_1_124' title='bbox 633 1644 1009 1713; x_wconf 74' lang='lat' dir='ltr'><strong>virginitate...</strong></span> <span class='ocrx_word' id='word_1_125' title='bbox 1041 1647 1221 1701; x_wconf 84' lang='lat' dir='ltr'><strong>omnia</strong></span> <span class='ocrx_word' id='word_1_126' title='bbox 1241 1647 1386 1702; x_wconf 92' lang='lat' dir='ltr'><strong>enim</strong></span> <span class='ocrx_word' id='word_1_127' title='bbox 1408 1661 1740 1717; x_wconf 67' lang='lat' dir='ltr'><strong>quaecunque</strong></span> <span class='ocrx_word' id='word_1_128' title='bbox 1770 1661 1865 1701; x_wconf 90' lang='lat' dir='ltr'><strong>vo-</strong></span> 
     </span>
    </p>
   </div>
   <div class='ocr_carea' id='block_1_18' title="bbox 284 1728 1863 1795">
    <p class='ocr_par' dir='ltr' id='par_1_18' title="bbox 284 1728 1863 1795">
     <span class='ocr_line' id='line_1_18' title="bbox 284 1728 1863 1795; baseline 0.006 -11"><span class='ocrx_word' id='word_1_129' title='bbox 284 1728 380 1785; x_wconf 86' lang='lat' dir='ltr'><strong>luit</strong></span> <span class='ocrx_word' id='word_1_130' title='bbox 422 1731 564 1789; x_wconf 88' lang='lat' dir='ltr'><strong>Deus</strong></span> <span class='ocrx_word' id='word_1_131' title='bbox 591 1733 718 1790; x_wconf 90' lang='lat' dir='ltr'><strong>fecit</strong></span> <span class='ocrx_word' id='word_1_132' title='bbox 747 1737 800 1790; x_wconf 90' lang='lat' dir='ltr'><strong>in</strong></span> <span class='ocrx_word' id='word_1_133' title='bbox 830 1737 970 1793; x_wconf 68' lang='lat' dir='ltr'><strong>caelo</strong></span> <span class='ocrx_word' id='word_1_134' title='bbox 1012 1745 1070 1792; x_wconf 92' lang='lat' dir='ltr'><strong>et</strong></span> <span class='ocrx_word' id='word_1_135' title='bbox 1099 1738 1152 1792; x_wconf 86' lang='lat' dir='ltr'><strong>in</strong></span> <span class='ocrx_word' id='word_1_136' title='bbox 1182 1746 1344 1794; x_wconf 88' lang='lat' dir='ltr'><strong>terra.</strong></span> <span class='ocrx_word' id='word_1_137' title='bbox 1378 1738 1560 1795; x_wconf 79' lang='lat' dir='ltr'><strong>Voluit</strong></span> <span class='ocrx_word' id='word_1_138' title='bbox 1589 1740 1863 1795; x_wconf 87' lang='lat' dir='ltr'><strong>hominem</strong></span> 
     </span>
    </p>
   </div>
   <div class='ocr_carea' id='block_1_19' title="bbox 285 1819 1942 1900">
    <p class='ocr_par' dir='ltr' id='par_1_19' title="bbox 285 1819 1942 1900">
     <span class='ocr_line' id='line_1_19' title="bbox 285 1819 1942 1900; baseline 0.004 -26"><span class='ocrx_word' id='word_1_139' title='bbox 285 1819 353 1875; x_wconf 91' lang='lat' dir='ltr'><strong>de</strong></span> <span class='ocrx_word' id='word_1_140' title='bbox 378 1821 508 1878; x_wconf 90' lang='lat' dir='ltr'><strong>limo</strong></span> <span class='ocrx_word' id='word_1_141' title='bbox 537 1824 770 1882; x_wconf 89' lang='lat' dir='ltr'><strong>formare</strong></span> <span class='ocrx_word' id='word_1_142' title='bbox 797 1836 853 1882; x_wconf 93' lang='lat' dir='ltr'><strong>et</strong></span> <span class='ocrx_word' id='word_1_143' title='bbox 872 1825 1016 1884; x_wconf 90' lang='lat' dir='ltr'><strong>fecit.</strong></span> <span class='ocrx_word' id='word_1_144' title='bbox 1049 1825 1274 1895; x_wconf 70' lang='lat' dir='ltr'><strong>Caelum,</strong></span> <span class='ocrx_word' id='word_1_145' title='bbox 1309 1839 1506 1886; x_wconf 90' lang='lat' dir='ltr'><strong>terram</strong></span> <span class='ocrx_word' id='word_1_146' title='bbox 1536 1829 1760 1900; x_wconf 88' lang='lat' dir='ltr'><strong>(Desunt</strong></span> <span class='ocrx_word' id='word_1_147' title='bbox 1779 1829 1864 1884; x_wconf 80' lang='lat' dir='ltr'><strong>de-</strong></span> <span class='ocrx_word' id='word_1_148' title='bbox 1892 1819 1942 1881; x_wconf 90' lang='lat' dir='ltr'><strong>B</strong></span> 
     </span>
    </p>
   </div>
   <div class='ocr_carea' id='block_1_20' title="bbox 1965 539 3542 611">
    <p class='ocr_par' dir='ltr' id='par_1_20' title="bbox 1965 539 3542 611">
     <span class='ocr_line' id='line_1_20' title="bbox 1965 539 3542 611; baseline 0.002 -18"><span class='ocrx_word' id='word_1_149' title='bbox 1965 539 2145 594; x_wconf 82' lang='lat' dir='ltr'><strong>Voluit</strong></span> <span class='ocrx_word' id='word_1_150' title='bbox 2174 539 2523 606; x_wconf 83' lang='lat' dir='ltr'><strong>lsraeliticum</strong></span> <span class='ocrx_word' id='word_1_151' title='bbox 2570 541 2829 611; x_wconf 86' lang='lat' dir='ltr'><strong>populum</strong></span> <span class='ocrx_word' id='word_1_152' title='bbox 2860 556 2958 611; x_wconf 90' lang='lat' dir='ltr'><strong>per</strong></span> <span class='ocrx_word' id='word_1_153' title='bbox 2985 542 3150 596; x_wconf 90' lang='lat' dir='ltr'><strong>maris</strong></span> <span class='ocrx_word' id='word_1_154' title='bbox 3187 541 3356 595; x_wconf 85' lang='lat' dir='ltr'><strong>undas</strong></span> <span class='ocrx_word' id='word_1_155' title='bbox 3396 541 3542 596; x_wconf 88' lang='lat' dir='ltr'><strong>sicco</strong></span> 
     </span>
    </p>
   </div>
   <div class='ocr_carea' id='block_1_21' title="bbox 1966 630 3545 704">
    <p class='ocr_par' dir='ltr' id='par_1_21' title="bbox 1966 630 3545 704">
     <span class='ocr_line' id='line_1_21' title="bbox 1966 630 3545 704; baseline -0.001 -17"><span class='ocrx_word' id='word_1_156' title='bbox 1966 631 2104 703; x_wconf 90' lang='lat' dir='ltr'><strong>pede</strong></span> <span class='ocrx_word' id='word_1_157' title='bbox 2133 631 2384 699; x_wconf 85' lang='lat' dir='ltr'><strong>transire,</strong></span> <span class='ocrx_word' id='word_1_158' title='bbox 2406 637 2462 686; x_wconf 90' lang='lat' dir='ltr'><strong>et</strong></span> <span class='ocrx_word' id='word_1_159' title='bbox 2491 630 2690 686; x_wconf 90' lang='lat' dir='ltr'><strong>factum</strong></span> <span class='ocrx_word' id='word_1_160' title='bbox 2719 641 2821 687; x_wconf 89' lang='lat' dir='ltr'><strong>est.</strong></span> <span class='ocrx_word' id='word_1_161' title='bbox 2848 631 2928 704; x_wconf 82' lang='lat' dir='ltr'><strong>Ad</strong></span> <span class='ocrx_word' id='word_1_162' title='bbox 2956 630 3228 687; x_wconf 86' lang='lat' dir='ltr'><strong>Gedeonis</strong></span> <span class='ocrx_word' id='word_1_163' title='bbox 3255 645 3443 702; x_wconf 89' lang='lat' dir='ltr'><strong>preces</strong></span> <span class='ocrx_word' id='word_1_164' title='bbox 3462 645 3545 685; x_wconf 85' lang='lat' dir='ltr'><strong>so-</strong></span> 
     </span>
    </p>
   </div>
   <div class='ocr_carea' id='block_1_22' title="bbox 1965 719 3544 796">
    <p class='ocr_par' dir='ltr' id='par_1_22' title="bbox 1965 719 3544 796">
     <span class='ocr_line' id='line_1_22' title="bbox 1965 719 3544 796; baseline -0.003 -18"><span class='ocrx_word' id='word_1_165' title='bbox 1965 723 2072 778; x_wconf 87' lang='lat' dir='ltr'><strong>lem</strong></span> <span class='ocrx_word' id='word_1_166' title='bbox 2099 723 2153 778; x_wconf 91' lang='lat' dir='ltr'><strong>in</strong></span> <span class='ocrx_word' id='word_1_167' title='bbox 2174 738 2272 778; x_wconf 83' lang='lat' dir='ltr'><strong>suo</strong></span> <span class='ocrx_word' id='word_1_168' title='bbox 2287 736 2460 796; x_wconf 81' lang='lat' dir='ltr'><strong>cursu</strong></span> <span class='ocrx_word' id='word_1_169' title='bbox 2487 729 2633 777; x_wconf 88' lang='lat' dir='ltr'><strong>stare</strong></span> <span class='ocrx_word' id='word_1_170' title='bbox 2654 720 2834 791; x_wconf 85' lang='lat' dir='ltr'><strong>jussit,</strong></span> <span class='ocrx_word' id='word_1_171' title='bbox 2858 729 2914 776; x_wconf 94' lang='lat' dir='ltr'><strong>et</strong></span> <span class='ocrx_word' id='word_1_172' title='bbox 2939 722 3105 777; x_wconf 88' lang='lat' dir='ltr'><strong>stetit.</strong></span> <span class='ocrx_word' id='word_1_173' title='bbox 3130 720 3308 776; x_wconf 89' lang='lat' dir='ltr'><strong>Voluit</strong></span> <span class='ocrx_word' id='word_1_174' title='bbox 3327 719 3544 774; x_wconf 90' lang='lat' dir='ltr'><strong>demum</strong></span> 
     </span>
    </p>
   </div>
   <div class='ocr_carea' id='block_1_23' title="bbox 1967 814 3547 886">
    <p class='ocr_par' dir='ltr' id='par_1_23' title="bbox 1967 814 3547 886">
     <span class='ocr_line' id='line_1_23' title="bbox 1967 814 3547 886; baseline -0.003 -16"><span class='ocrx_word' id='word_1_175' title='bbox 1967 814 2221 870; x_wconf 85' lang='lat' dir='ltr'><strong>intactam</strong></span> <span class='ocrx_word' id='word_1_176' title='bbox 2248 815 2530 883; x_wconf 83' lang='lat' dir='ltr'><strong>virginem,</strong></span> <span class='ocrx_word' id='word_1_177' title='bbox 2561 814 2867 883; x_wconf 86' lang='lat' dir='ltr'><strong>virginitate</strong></span> <span class='ocrx_word' id='word_1_178' title='bbox 2909 814 2986 869; x_wconf 90' lang='lat' dir='ltr'><strong>illi</strong></span> <span class='ocrx_word' id='word_1_179' title='bbox 3015 821 3370 886; x_wconf 88' lang='lat' dir='ltr'><strong>permanente</strong></span> <span class='ocrx_word' id='word_1_180' title='bbox 3413 829 3547 883; x_wconf 84' lang='lat' dir='ltr'><strong>pue—</strong></span> 
     </span>
    </p>
   </div>
   <div class='ocr_carea' id='block_1_24' title="bbox 1966 893 3548 976">
    <p class='ocr_par' dir='ltr' id='par_1_24' title="bbox 1966 893 3548 976">
     <span class='ocr_line' id='line_1_24' title="bbox 1966 893 3548 976; baseline -0.001 -16"><span class='ocrx_word' id='word_1_181' title='bbox 1966 893 2086 960; x_wconf 85' lang='lat' dir='ltr'><strong>rum</strong></span> <span class='ocrx_word' id='word_1_182' title='bbox 2111 920 2324 976; x_wconf 90' lang='lat' dir='ltr'><strong>parere,</strong></span> <span class='ocrx_word' id='word_1_183' title='bbox 2363 912 2419 960; x_wconf 92' lang='lat' dir='ltr'><strong>et</strong></span> <span class='ocrx_word' id='word_1_184' title='bbox 2447 905 2562 975; x_wconf 90' lang='lat' dir='ltr'><strong>ipsa</strong></span> <span class='ocrx_word' id='word_1_185' title='bbox 2591 905 2820 974; x_wconf 89' lang='lat' dir='ltr'><strong>peperit.</strong></span> <span class='ocrx_word' id='word_1_186' title='bbox 2851 904 3004 972; x_wconf 86' lang='lat' dir='ltr'><strong>Quod</strong></span> <span class='ocrx_word' id='word_1_187' title='bbox 3027 920 3158 975; x_wconf 91' lang='lat' dir='ltr'><strong>ergo</strong></span> <span class='ocrx_word' id='word_1_188' title='bbox 3179 907 3233 960; x_wconf 92' lang='lat' dir='ltr'><strong>in</strong></span> <span class='ocrx_word' id='word_1_189' title='bbox 3259 914 3420 976; x_wconf 89' lang='lat' dir='ltr'><strong>partu</strong></span> <span class='ocrx_word' id='word_1_190' title='bbox 3443 905 3548 959; x_wconf 89' lang='lat' dir='ltr'><strong>isto</strong></span> 
     </span>
    </p>
   </div>
   <div class='ocr_carea' id='block_1_25' title="bbox 1964 985 3605 1067">
    <p class='ocr_par' dir='ltr' id='par_1_25' title="bbox 1964 985 3605 1067">
     <span class='ocr_line' id='line_1_25' title="bbox 1964 985 3605 1067; baseline -0.002 -16"><span class='ocrx_word' id='word_1_191' title='bbox 1964 995 2170 1051; x_wconf 70' lang='lat' dir='ltr'><strong>omlesti</strong></span> <span class='ocrx_word' id='word_1_192' title='bbox 2213 995 2389 1067; x_wconf 90' lang='lat' dir='ltr'><strong>(Deest</strong></span> <span class='ocrx_word' id='word_1_193' title='bbox 2424 996 2625 1067; x_wconf 77' lang='lat' dir='ltr'><strong>folium,</strong></span> <span class='ocrx_word' id='word_1_194' title='bbox 2653 1005 2831 1066; x_wconf 83' lang='lat' dir='ltr'><strong>postea</strong></span> <span class='ocrx_word' id='word_1_195' title='bbox 2859 996 2933 1062; x_wconf 80' lang='lat' dir='ltr'><strong>ita</strong></span> <span class='ocrx_word' id='word_1_196' title='bbox 2961 997 3327 1067; x_wconf 76' lang='lat' dir='ltr'><strong>concluditur).</strong></span> <span class='ocrx_word' id='word_1_197' title='bbox 3383 995 3546 1064; x_wconf 85' lang='lat' dir='ltr'><strong>Ergo,</strong></span> <span class='ocrx_word' id='word_1_198' title='bbox 3599 985 3605 990; x_wconf 68' lang='grc'><em>’</em></span> 
     </span>
    </p>
   </div>
   <div class='ocr_carea' id='block_1_26' title="bbox 1965 1085 3550 1156">
    <p class='ocr_par' dir='ltr' id='par_1_26' title="bbox 1965 1085 3550 1156">
     <span class='ocr_line' id='line_1_26' title="bbox 1965 1085 3550 1156; baseline -0.002 -14"><span class='ocrx_word' id='word_1_199' title='bbox 1965 1086 2182 1156; x_wconf 79' lang='lat' dir='ltr'><strong>fratres,</strong></span> <span class='ocrx_word' id='word_1_200' title='bbox 2217 1087 2546 1143; x_wconf 90' lang='lat' dir='ltr'><strong>ineluctabili</strong></span> <span class='ocrx_word' id='word_1_201' title='bbox 2577 1085 2680 1141; x_wconf 87' lang='lat' dir='ltr'><strong>tlde</strong></span> <span class='ocrx_word' id='word_1_202' title='bbox 2713 1101 2777 1142; x_wconf 90' lang='lat' dir='ltr'><strong>ac</strong></span> <span class='ocrx_word' id='word_1_203' title='bbox 2829 1085 3119 1144; x_wconf 89' lang='lat' dir='ltr'><strong>devotione</strong></span> <span class='ocrx_word' id='word_1_204' title='bbox 3158 1086 3319 1142; x_wconf 88' lang='lat' dir='ltr'><strong>solita</strong></span> <span class='ocrx_word' id='word_1_205' title='bbox 3367 1101 3550 1140; x_wconf 86' lang='lat' dir='ltr'><strong>sacer-</strong></span> 
     </span>
    </p>
   </div>
   <div class='ocr_carea' id='block_1_27' title="bbox 1966 1176 3549 1252">
    <p class='ocr_par' dir='ltr' id='par_1_27' title="bbox 1966 1176 3549 1252">
     <span class='ocr_line' id='line_1_27' title="bbox 1966 1176 3549 1252; baseline -0.005 -14"><span class='ocrx_word' id='word_1_206' title='bbox 1966 1183 2108 1239; x_wconf 91' lang='lat' dir='ltr'><strong>dotis</strong></span> <span class='ocrx_word' id='word_1_207' title='bbox 2145 1190 2226 1238; x_wconf 89' lang='lat' dir='ltr'><strong>tot</strong></span> <span class='ocrx_word' id='word_1_208' title='bbox 2265 1197 2482 1252; x_wconf 88' lang='lat' dir='ltr'><strong>semper</strong></span> <span class='ocrx_word' id='word_1_209' title='bbox 2527 1179 2749 1236; x_wconf 90' lang='lat' dir='ltr'><strong>monitis</strong></span> <span class='ocrx_word' id='word_1_210' title='bbox 2792 1179 3140 1247; x_wconf 70' lang='lat' dir='ltr'><strong>inhmrentes,</strong></span> <span class='ocrx_word' id='word_1_211' title='bbox 3184 1195 3283 1249; x_wconf 91' lang='lat' dir='ltr'><strong>per</strong></span> <span class='ocrx_word' id='word_1_212' title='bbox 3311 1176 3549 1246; x_wconf 85' lang='lat' dir='ltr'><strong>religiosi</strong></span> 
     </span>
    </p>
   </div>
   <div class='ocr_carea' id='block_1_28' title="bbox 1967 1271 3550 1341">
    <p class='ocr_par' dir='ltr' id='par_1_28' title="bbox 1967 1271 3550 1341">
     <span class='ocr_line' id='line_1_28' title="bbox 1967 1271 3550 1341; baseline -0.003 -14"><span class='ocrx_word' id='word_1_213' title='bbox 1967 1273 2176 1328; x_wconf 88' lang='lat' dir='ltr'><strong>itineris</strong></span> <span class='ocrx_word' id='word_1_214' title='bbox 2195 1273 2329 1341; x_wconf 90' lang='lat' dir='ltr'><strong>vias,</strong></span> <span class='ocrx_word' id='word_1_215' title='bbox 2351 1288 2414 1328; x_wconf 91' lang='lat' dir='ltr'><strong>ac</strong></span> <span class='ocrx_word' id='word_1_216' title='bbox 2442 1272 2684 1328; x_wconf 90' lang='lat' dir='ltr'><strong>veritatis</strong></span> <span class='ocrx_word' id='word_1_217' title='bbox 2705 1271 2944 1338; x_wconf 88' lang='lat' dir='ltr'><strong>semitas,</strong></span> <span class='ocrx_word' id='word_1_218' title='bbox 2969 1285 3106 1340; x_wconf 90' lang='lat' dir='ltr'><strong>quas</strong></span> <span class='ocrx_word' id='word_1_219' title='bbox 3127 1271 3375 1328; x_wconf 87' lang='lat' dir='ltr'><strong>universa</strong></span> <span class='ocrx_word' id='word_1_220' title='bbox 3399 1276 3550 1324; x_wconf 89' lang='lat' dir='ltr'><strong>tenet</strong></span> 
     </span>
    </p>
   </div>
   <div class='ocr_carea' id='block_1_29' title="bbox 1969 1364 3548 1435">
    <p class='ocr_par' dir='ltr' id='par_1_29' title="bbox 1969 1364 3548 1435">
     <span class='ocr_line' id='line_1_29' title="bbox 1969 1364 3548 1435; baseline -0.001 -15"><span class='ocrx_word' id='word_1_221' title='bbox 1969 1364 2208 1423; x_wconf 84' lang='lat' dir='ltr'><strong>Ecclesia</strong></span> <span class='ocrx_word' id='word_1_222' title='bbox 2246 1365 2576 1435; x_wconf 83' lang='lat' dir='ltr'><strong>gradientes,</strong></span> <span class='ocrx_word' id='word_1_223' title='bbox 2625 1366 2796 1434; x_wconf 83' lang='lat' dir='ltr'><strong>magis</strong></span> <span class='ocrx_word' id='word_1_224' title='bbox 2843 1365 3121 1435; x_wconf 84' lang='lat' dir='ltr'><strong>magisque</strong></span> <span class='ocrx_word' id='word_1_225' title='bbox 3169 1365 3548 1419; x_wconf 83' lang='lat' dir='ltr'><strong>haereticorum</strong></span> 
     </span>
    </p>
   </div>
   <div class='ocr_carea' id='block_1_30' title="bbox 1966 1441 3552 1524">
    <p class='ocr_par' dir='ltr' id='par_1_30' title="bbox 1966 1441 3552 1524">
     <span class='ocr_line' id='line_1_30' title="bbox 1966 1441 3552 1524; baseline -0.003 -12"><span class='ocrx_word' id='word_1_226' title='bbox 1966 1456 2124 1513; x_wconf 87' lang='lat' dir='ltr'><strong>devia</strong></span> <span class='ocrx_word' id='word_1_227' title='bbox 2153 1467 2208 1514; x_wconf 86' lang='lat' dir='ltr'><strong>et</strong></span> <span class='ocrx_word' id='word_1_228' title='bbox 2242 1457 2506 1514; x_wconf 84' lang='lat' dir='ltr'><strong>diabolica</strong></span> <span class='ocrx_word' id='word_1_229' title='bbox 2534 1457 2739 1512; x_wconf 87' lang='lat' dir='ltr'><strong>calcate</strong></span> <span class='ocrx_word' id='word_1_230' title='bbox 2764 1455 3035 1524; x_wconf 82' lang='lat' dir='ltr'><strong>ﬁgmenta.</strong></span> <span class='ocrx_word' id='word_1_231' title='bbox 3063 1452 3247 1524; x_wconf 86' lang='lat' dir='ltr'><strong>Neque</strong></span> <span class='ocrx_word' id='word_1_232' title='bbox 3285 1441 3431 1508; x_wconf 78' lang='lat' dir='ltr'><strong>enim</strong></span> <span class='ocrx_word' id='word_1_233' title='bbox 3459 1453 3552 1508; x_wconf 87' lang='lat' dir='ltr'><strong>de-</strong></span> 
     </span>
    </p>
   </div>
   <div class='ocr_carea' id='block_1_31' title="bbox 1967 1545 3550 1620">
    <p class='ocr_par' dir='ltr' id='par_1_31' title="bbox 1967 1545 3550 1620">
     <span class='ocr_line' id='line_1_31' title="bbox 1967 1545 3550 1620; baseline -0.002 -17"><span class='ocrx_word' id='word_1_234' title='bbox 1967 1549 2062 1604; x_wconf 88' lang='lat' dir='ltr'><strong>bet</strong></span> <span class='ocrx_word' id='word_1_235' title='bbox 2080 1545 2252 1604; x_wconf 81' lang='lat' dir='ltr'><strong>tldelis</strong></span> <span class='ocrx_word' id='word_1_236' title='bbox 2272 1549 2472 1617; x_wconf 88' lang='lat' dir='ltr'><strong>anima,</strong></span> <span class='ocrx_word' id='word_1_237' title='bbox 2500 1564 2620 1620; x_wconf 69' lang='lat' dir='ltr'><strong>qua:</strong></span> <span class='ocrx_word' id='word_1_238' title='bbox 2639 1548 2810 1604; x_wconf 87' lang='lat' dir='ltr'><strong>Deum</strong></span> <span class='ocrx_word' id='word_1_239' title='bbox 2828 1561 3161 1618; x_wconf 52' lang='lat' dir='ltr'><strong>quascunque</strong></span> <span class='ocrx_word' id='word_1_240' title='bbox 3181 1546 3351 1601; x_wconf 92' lang='lat' dir='ltr'><strong>voluit</strong></span> <span class='ocrx_word' id='word_1_241' title='bbox 3373 1545 3550 1614; x_wconf 85' lang='lat' dir='ltr'><strong>facere</strong></span> 
     </span>
    </p>
   </div>
   <div class='ocr_carea' id='block_1_32' title="bbox 1968 1638 3550 1715">
    <p class='ocr_par' dir='ltr' id='par_1_32' title="bbox 1968 1638 3550 1715">
     <span class='ocr_line' id='line_1_32' title="bbox 1968 1638 3550 1715; baseline -0.003 -18"><span class='ocrx_word' id='word_1_242' title='bbox 1968 1642 2209 1712; x_wconf 83' lang='lat' dir='ltr'><strong>potuisse</strong></span> <span class='ocrx_word' id='word_1_243' title='bbox 2228 1642 2398 1698; x_wconf 87' lang='lat' dir='ltr'><strong>credit</strong></span> <span class='ocrx_word' id='word_1_244' title='bbox 2427 1641 2652 1715; x_wconf 82' lang='lat' dir='ltr'><strong>(Desunt</strong></span> <span class='ocrx_word' id='word_1_245' title='bbox 2677 1643 2796 1697; x_wconf 70' lang='lat' dir='ltr'><strong>dum</strong></span> <span class='ocrx_word' id='word_1_246' title='bbox 2820 1640 3022 1710; x_wconf 71' lang='lat' dir='ltr'><strong>linem);</strong></span> <span class='ocrx_word' id='word_1_247' title='bbox 3052 1640 3144 1710; x_wconf 87' lang='lat' dir='ltr'><strong>qui</strong></span> <span class='ocrx_word' id='word_1_248' title='bbox 3171 1639 3386 1695; x_wconf 60' lang='lat' dir='ltr'><strong>aeternis</strong></span> <span class='ocrx_word' id='word_1_249' title='bbox 3413 1638 3550 1708; x_wconf 88' lang='lat' dir='ltr'><strong>igni-</strong></span> 
     </span>
    </p>
   </div>
   <div class='ocr_carea' id='block_1_33' title="bbox 1970 1733 2805 1793">
    <p class='ocr_par' dir='ltr' id='par_1_33' title="bbox 1970 1733 2805 1793">
     <span class='ocr_line' id='line_1_33' title="bbox 1970 1733 2805 1793; baseline -0.001 -2"><span class='ocrx_word' id='word_1_250' title='bbox 1970 1735 2072 1792; x_wconf 88' lang='lat' dir='ltr'><strong>bus</strong></span> <span class='ocrx_word' id='word_1_251' title='bbox 2105 1737 2522 1793; x_wconf 89' lang='lat' dir='ltr'><strong>eonsummabit.</strong></span> <span class='ocrx_word' id='word_1_252' title='bbox 2553 1733 2805 1791; x_wconf 83' lang='lat' dir='ltr'><strong>Exolicit.</strong></span> 
     </span>
    </p>
   </div>
   <div class='ocr_carea' id='block_1_34' title="bbox 1671 1939 2235 2002">
    <p class='ocr_par' dir='ltr' id='par_1_34' title="bbox 1671 1939 2235 2002">
     <span class='ocr_line' id='line_1_34' title="bbox 1671 1939 2235 2002; baseline -0.004 -1"><span class='ocrx_word' id='word_1_253' title='bbox 1671 1939 2020 2002; x_wconf 79' lang='lat' dir='ltr'><strong>HOMILIA</strong></span> <span class='ocrx_word' id='word_1_254' title='bbox 2063 1940 2151 2000; x_wconf 83' lang='lat' dir='ltr'><strong>X.</strong></span> <span class='ocrx_word' id='word_1_255' title='bbox 2230 1960 2235 1967; x_wconf 93' lang='grc'><strong>·</strong></span> 
     </span>
    </p>
   </div>
   <div class='ocr_carea' id='block_1_35' title="bbox 1552 2041 2287 2106">
    <p class='ocr_par' dir='ltr' id='par_1_35' title="bbox 1552 2041 2287 2106">
     <span class='ocr_line' id='line_1_35' title="bbox 1552 2041 2287 2106; baseline 0.003 -10"><span class='ocrx_word' id='word_1_256' title='bbox 1552 2041 1632 2096; x_wconf 92' lang='lat' dir='ltr'><strong>De</strong></span> <span class='ocrx_word' id='word_1_257' title='bbox 1658 2041 1949 2106; x_wconf 72' lang='lat' dir='ltr'><strong>Nativitate</strong></span> <span class='ocrx_word' id='word_1_258' title='bbox 1979 2041 2192 2097; x_wconf 83' lang='lat' dir='ltr'><strong>Domini</strong></span> <span class='ocrx_word' id='word_1_259' title='bbox 2222 2041 2287 2098; x_wconf 86' lang='lat' dir='ltr'><strong>V.</strong></span> 
     </span>
    </p>
   </div>
   <div class='ocr_carea' id='block_1_36' title="bbox 1726 2130 2119 2188">
    <p class='ocr_par' dir='ltr' id='par_1_36' title="bbox 1726 2130 2119 2188">
     <span class='ocr_line' id='line_1_36' title="bbox 1726 2130 2119 2188; baseline 0 -3"><span class='ocrx_word' id='word_1_260' title='bbox 1726 2130 2119 2188; x_wconf 77' lang='lat' dir='ltr'><strong>ADMONITIO.</strong></span> 
     </span>
    </p>
   </div>
   <div class='ocr_carea' id='block_1_37' title="bbox 357 2218 1480 2290">
    <p class='ocr_par' dir='ltr' id='par_1_37' title="bbox 357 2218 1480 2290">
     <span class='ocr_line' id='line_1_37' title="bbox 357 2218 1480 2290; baseline 0.004 -17"><span class='ocrx_word' id='word_1_261' title='bbox 357 2218 544 2290; x_wconf 81' lang='lat' dir='ltr'><strong>Plures</strong></span> <span class='ocrx_word' id='word_1_262' title='bbox 571 2229 696 2274; x_wconf 89' lang='lat' dir='ltr'><strong>sunt</strong></span> <span class='ocrx_word' id='word_1_263' title='bbox 721 2220 940 2276; x_wconf 89' lang='lat' dir='ltr'><strong>codices</strong></span> <span class='ocrx_word' id='word_1_264' title='bbox 966 2235 1296 2290; x_wconf 73' lang='lat' dir='ltr'><strong>gravnssima:</strong></span> <span class='ocrx_word' id='word_1_265' title='bbox 1337 2232 1480 2277; x_wconf 65' lang='lat' dir='ltr'><strong>notm</strong></span> 
     </span>
    </p>
   </div>
   <div class='ocr_carea' id='block_1_38' title="bbox 1515 2218 3560 2291">
    <p class='ocr_par' dir='ltr' id='par_1_38' title="bbox 1515 2218 3560 2291">
     <span class='ocr_line' id='line_1_38' title="bbox 1515 2218 3560 2291; baseline -0.004 -14"><span class='ocrx_word' id='word_1_266' title='bbox 1515 2221 1828 2291; x_wconf 56' lang='lat' dir='ltr'><strong>praeclaram</strong></span> <span class='ocrx_word' id='word_1_267' title='bbox 1882 2221 2025 2277; x_wconf 89' lang='lat' dir='ltr'><strong>hanc</strong></span> <span class='ocrx_word' id='word_1_268' title='bbox 2067 2223 2346 2277; x_wconf 89' lang='lat' dir='ltr'><strong>homiliam</strong></span> <span class='ocrx_word' id='word_1_269' title='bbox 2385 2222 2619 2277; x_wconf 80' lang='lat' dir='ltr'><strong>Maximo</strong></span> <span class='ocrx_word' id='word_1_270' title='bbox 2661 2230 2984 2276; x_wconf 86' lang='lat' dir='ltr'><strong>asserentes.</strong></span> <span class='ocrx_word' id='word_1_271' title='bbox 3031 2218 3299 2291; x_wconf 79' lang='lat' dir='ltr'><strong>Imprimis</strong></span> <span class='ocrx_word' id='word_1_272' title='bbox 3325 2225 3560 2291; x_wconf 70' lang='lat' dir='ltr'><strong>quatuor</strong></span> 
     </span>
    </p>
   </div>
   <div class='ocr_carea' id='block_1_39' title="bbox 285 2286 1873 2416">
    <p class='ocr_par' dir='ltr' id='par_1_39' title="bbox 285 2286 1873 2416">
     <span class='ocr_line' id='line_1_39' title="bbox 285 2286 1873 2362; baseline -0.001 -17"><span class='ocrx_word' id='word_1_273' title='bbox 285 2289 506 2345; x_wconf 89' lang='lat' dir='ltr'><strong>codices</strong></span> <span class='ocrx_word' id='word_1_274' title='bbox 532 2290 824 2346; x_wconf 86' lang='lat' dir='ltr'><strong>Vatica&#39;nos</strong></span> <span class='ocrx_word' id='word_1_275' title='bbox 849 2286 1010 2359; x_wconf 82' lang='lat'><strong>1267,</strong></span> <span class='ocrx_word' id='word_1_276' title='bbox 1045 2307 1167 2362; x_wconf 85' lang='lat' dir='ltr'><strong>pag.</strong></span> <span class='ocrx_word' id='word_1_277' title='bbox 1197 2293 1287 2359; x_wconf 90' lang='lat'><strong>91,</strong></span> <span class='ocrx_word' id='word_1_278' title='bbox 1321 2292 1483 2359; x_wconf 76' lang='grc'>4951,</span> <span class='ocrx_word' id='word_1_279' title='bbox 1508 2286 1628 2362; x_wconf 76' lang='lat' dir='ltr'><strong>pag.</strong></span> <span class='ocrx_word' id='word_1_280' title='bbox 1663 2293 1717 2355; x_wconf 93' lang='lat'><strong>6,</strong></span> <span class='ocrx_word' id='word_1_281' title='bbox 1745 2293 1873 2346; x_wconf 55' lang='lat' dir='ltr'><strong>Vatit</strong></span> 
     </span>
     <span class='ocr_line' id='line_1_40' title="bbox 287 2360 1873 2416; baseline 0.001 -2"><span class='ocrx_word' id='word_1_282' title='bbox 287 2360 706 2415; x_wconf 87' lang='lat' dir='ltr'><strong>memorabimus</strong></span> <span class='ocrx_word' id='word_1_283' title='bbox 746 2377 883 2416; x_wconf 86' lang='lat' dir='ltr'><strong>auos</strong></span> <span class='ocrx_word' id='word_1_284' title='bbox 910 2370 1208 2416; x_wconf 74' lang='lat' dir='ltr'><strong>seauullur</strong></span> <span class='ocrx_word' id='word_1_285' title='bbox 1234 2362 1581 2416; x_wconf 88' lang='lat' dir='ltr'><strong>Taurinensis</strong></span> <span class='ocrx_word' id='word_1_286' title='bbox 1613 2382 1625 2415; x_wconf 92' lang='lat'>:</span> <span class='ocrx_word' id='word_1_287' title='bbox 1665 2362 1744 2414; x_wconf 90' lang='lat' dir='ltr'><strong>De</strong></span> <span class='ocrx_word' id='word_1_288' title='bbox 1774 2365 1873 2415; x_wconf 83' lang='lat' dir='ltr'><strong>nati</strong></span> 
     </span>
    </p>
   </div>
   <div class='ocr_carea' id='block_1_40' title="bbox 1973 2286 3556 2416">
    <p class='ocr_par' dir='ltr' id='par_1_40' title="bbox 1973 2286 3556 2416">
     <span class='ocr_line' id='line_1_41' title="bbox 1973 2286 3556 2359; baseline -0.005 -13"><span class='ocrx_word' id='word_1_289' title='bbox 1973 2293 2124 2346; x_wconf 78' lang='lat' dir='ltr'><strong>’alat.</strong></span> <span class='ocrx_word' id='word_1_290' title='bbox 2159 2292 2284 2359; x_wconf 70' lang='lat'><strong>153,</strong></span> <span class='ocrx_word' id='word_1_291' title='bbox 2383 2306 2436 2359; x_wconf 84' lang='lat' dir='ltr'><strong>g.</strong></span> <span class='ocrx_word' id='word_1_292' title='bbox 2464 2292 2586 2359; x_wconf 85' lang='lat'><strong>101,</strong></span> <span class='ocrx_word' id='word_1_293' title='bbox 2619 2301 2674 2347; x_wconf 90' lang='lat' dir='ltr'><strong>et</strong></span> <span class='ocrx_word' id='word_1_294' title='bbox 2707 2292 2878 2346; x_wconf 91' lang='lat' dir='ltr'><strong>Vatic.</strong></span> <span class='ocrx_word' id='word_1_295' title='bbox 2911 2291 2990 2345; x_wconf 82' lang='lat' dir='ltr'><strong>Re</strong></span> <span class='ocrx_word' id='word_1_296' title='bbox 3029 2286 3129 2345; x_wconf 69' lang='lat' dir='ltr'><strong>inaé</strong></span> <span class='ocrx_word' id='word_1_297' title='bbox 3163 2287 3286 2354; x_wconf 83' lang='lat'><strong>125,</strong></span> <span class='ocrx_word' id='word_1_298' title='bbox 3317 2286 3383 2357; x_wconf 83' lang='lat' dir='ltr'><strong>pa</strong></span> <span class='ocrx_word' id='word_1_299' title='bbox 3425 2327 3438 2339; x_wconf 94' lang='lat'><strong>.</strong></span> <span class='ocrx_word' id='word_1_300' title='bbox 3469 2286 3556 2352; x_wconf 83' lang='grc'><strong>70,</strong></span> 
     </span>
     <span class='ocr_line' id='line_1_42' title="bbox 1973 2302 3556 2416; baseline 0.001 -1"><span class='ocrx_word' id='word_1_301' title='bbox 1973 2371 2042 2416; x_wconf 76' lang='lat' dir='ltr'><strong>tte</strong></span> <span class='ocrx_word' id='word_1_302' title='bbox 2062 2361 2273 2416; x_wconf 86' lang='lat' dir='ltr'><strong>Domini</strong></span> <span class='ocrx_word' id='word_1_303' title='bbox 2300 2309 2477 2416; x_wconf 48' lang='lat' dir='ltr'><strong>ﬁniit.</strong></span> <span class='ocrx_word' id='word_1_304' title='bbox 2506 2361 2555 2416; x_wconf 92' lang='grc'>1.</span> <span class='ocrx_word' id='word_1_305' title='bbox 2589 2361 2950 2416; x_wconf 87' lang='lat' dir='ltr'><strong>Novarienses</strong></span> <span class='ocrx_word' id='word_1_306' title='bbox 2977 2304 3086 2414; x_wconf 50' lang='lat' dir='ltr'><strong>ifuo</strong></span> <span class='ocrx_word' id='word_1_307' title='bbox 3107 2357 3198 2416; x_wconf 86' lang='lat'><strong>27.</strong></span> <span class='ocrx_word' id='word_1_308' title='bbox 3230 2371 3351 2416; x_wconf 67' lang='lat' dir='ltr'><strong>patr.</strong></span> <span class='ocrx_word' id='word_1_309' title='bbox 3381 2302 3470 2416; x_wconf 54' lang='grc' dir='ltr'><strong>ἐξ).</strong></span> <span class='ocrx_word' id='word_1_310' title='bbox 3500 2365 3556 2409; x_wconf 67' lang='lat' dir='ltr'><strong>et</strong></span> 
     </span>
    </p>
   </div>
   <div class='ocr_carea' id='block_1_41' title="bbox 2335 2379 2418 2417">
    <p class='ocr_par' dir='ltr' id='par_1_41' title="bbox 2335 2379 2418 2417">
     <span class='ocr_line' id='line_1_43' title="bbox 2335 2379 2418 2417; baseline -0.012 0"><span class='ocrx_word' id='word_1_311' title='bbox 2335 2379 2418 2417; x_wconf 87' lang='lat' dir='ltr'><strong>om</strong></span> 
     </span>
    </p>
   </div>
   <div class='ocr_carea' id='block_1_42' title="bbox 287 2360 706 2415">
    <p class='ocr_par' dir='ltr' id='par_1_42' title="bbox 287 2360 706 2415">
     <span class='ocr_line' id='line_1_44' title="bbox 287 2360 706 2415; baseline 0.002 -1"><span class='ocrx_word' id='word_1_312' title='bbox 287 2360 706 2415; x_wconf 87' lang='lat' dir='ltr'><strong>memorabimus</strong></span> 
     </span>
    </p>
   </div>
   <div class='ocr_carea' id='block_1_43' title="bbox 784 2361 2273 2432">
    <p class='ocr_par' dir='ltr' id='par_1_43' title="bbox 784 2361 2273 2432">
     <span class='ocr_line' id='line_1_45' title="bbox 784 2361 2273 2432; baseline 0 -16"><span class='ocrx_word' id='word_1_313' title='bbox 784 2378 883 2432; x_wconf 89' lang='lat' dir='ltr'><strong>uos</strong></span> <span class='ocrx_word' id='word_1_314' title='bbox 910 2361 1208 2432; x_wconf 66' lang='lat' dir='ltr'><strong>sequumur</strong></span> <span class='ocrx_word' id='word_1_315' title='bbox 1234 2361 1581 2418; x_wconf 74' lang='lat' dir='ltr'><strong>TaurinenSis</strong></span> <span class='ocrx_word' id='word_1_316' title='bbox 1613 2382 1630 2432; x_wconf 10' lang='lat'><strong>:7</strong></span> <span class='ocrx_word' id='word_1_317' title='bbox 1665 2362 1744 2414; x_wconf 90' lang='lat' dir='ltr'><strong>De</strong></span> <span class='ocrx_word' id='word_1_318' title='bbox 1774 2364 2042 2416; x_wconf 82' lang='lat' dir='ltr'><strong>natiuitate</strong></span> <span class='ocrx_word' id='word_1_319' title='bbox 2062 2361 2273 2417; x_wconf 86' lang='lat' dir='ltr'><strong>Domini</strong></span> 
     </span>
    </p>
   </div>
   <div class='ocr_carea' id='block_1_44' title="bbox 2421 2356 3557 2428">
    <p class='ocr_par' dir='ltr' id='par_1_44' title="bbox 2421 2356 3557 2428">
     <span class='ocr_line' id='line_1_46' title="bbox 2421 2356 3557 2428; baseline -0.006 -12"><span class='ocrx_word' id='word_1_320' title='bbox 2421 2363 2477 2416; x_wconf 87' lang='lat' dir='ltr'><strong>il.</strong></span> <span class='ocrx_word' id='word_1_321' title='bbox 2506 2361 2555 2428; x_wconf 94' lang='grc'><strong>1,</strong></span> <span class='ocrx_word' id='word_1_322' title='bbox 2573 2356 2950 2416; x_wconf 70' lang='grc' dir='ltr'><strong>Νονετίθιιδεε</strong></span> <span class='ocrx_word' id='word_1_323' title='bbox 2977 2356 3086 2414; x_wconf 86' lang='lat' dir='ltr'><strong>duo</strong></span> <span class='ocrx_word' id='word_1_324' title='bbox 3107 2357 3198 2428; x_wconf 80' lang='lat'><strong>27,</strong></span> <span class='ocrx_word' id='word_1_325' title='bbox 3230 2356 3351 2428; x_wconf 86' lang='lat' dir='ltr'><strong>pag.</strong></span> <span class='ocrx_word' id='word_1_326' title='bbox 3381 2356 3470 2421; x_wconf 83' lang='lat'><strong>69,</strong></span> <span class='ocrx_word' id='word_1_327' title='bbox 3494 2365 3557 2428; x_wconf 78' lang='lat' dir='ltr'><strong>et</strong></span> 
     </span>
    </p>
   </div>
   <div class='ocr_carea' id='block_1_45' title="bbox 285 2377 1873 2502">
    <p class='ocr_par' dir='ltr' id='par_1_45' title="bbox 285 2377 1873 2502">
     <span class='ocr_line' id='line_1_47' title="bbox 287 2377 1873 2432; baseline 0.001 -18"><span class='ocrx_word' id='word_1_328' title='bbox 287 2377 706 2415; x_wconf 81' lang='lat' dir='ltr'><strong>memorauimus</strong></span> <span class='ocrx_word' id='word_1_329' title='bbox 784 2378 883 2417; x_wconf 89' lang='lat' dir='ltr'><strong>uos</strong></span> <span class='ocrx_word' id='word_1_330' title='bbox 910 2377 1208 2432; x_wconf 66' lang='lat' dir='ltr'><strong>sequumur</strong></span> <span class='ocrx_word' id='word_1_331' title='bbox 1235 2377 1581 2418; x_wconf 70' lang='lat' dir='ltr'><strong>&#39;t&#39;aurmenms</strong></span> <span class='ocrx_word' id='word_1_332' title='bbox 1613 2382 1625 2415; x_wconf 92' lang='lat'>:</span> <span class='ocrx_word' id='word_1_333' title='bbox 1665 2377 1744 2414; x_wconf 83' lang='lat' dir='ltr'><strong>ue</strong></span> <span class='ocrx_word' id='word_1_334' title='bbox 1774 2377 1873 2415; x_wconf 82' lang='lat' dir='ltr'><strong>non</strong></span> 
     </span>
     <span class='ocr_line' id='line_1_48' title="bbox 285 2377 1868 2502; baseline 0.002 -20"><span class='ocrx_word' id='word_1_335' title='bbox 285 2429 386 2496; x_wconf 88' lang='lat' dir='ltr'><strong>sig.</strong></span> <span class='ocrx_word' id='word_1_336' title='bbox 414 2427 546 2502; x_wconf 74' lang='lat' dir='ltr'><strong>l._(_l,</strong></span> <span class='ocrx_word' id='word_1_337' title='bbox 579 2377 844 2499; x_wconf 41' lang='lat' dir='ltr'><strong>numﬂl,</strong></span> <span class='ocrx_word' id='word_1_338' title='bbox 871 2445 993 2502; x_wconf 85' lang='lat' dir='ltr'><strong>pag.</strong></span> <span class='ocrx_word' id='word_1_339' title='bbox 1035 2432 1124 2502; x_wconf 77' lang='lat'><strong>20,</strong></span> <span class='ocrx_word' id='word_1_340' title='bbox 1157 2434 1442 2502; x_wconf 65' lang='lat' dir='ltr'><strong>Augiensis</strong></span> <span class='ocrx_word' id='word_1_341' title='bbox 1469 2449 1576 2499; x_wconf 79' lang='lat' dir='ltr'><strong>xvi,</strong></span> <span class='ocrx_word' id='word_1_342' title='bbox 1608 2431 1868 2486; x_wconf 85' lang='lat' dir='ltr'><strong>Casinens</strong></span> 
     </span>
    </p>
   </div>
   <div class='ocr_carea' id='block_1_46' title="bbox 1973 2377 3596 2502">
    <p class='ocr_par' dir='ltr' id='par_1_46' title="bbox 1973 2377 3596 2502">
     <span class='ocr_line' id='line_1_49' title="bbox 1973 2377 3557 2428; baseline -0.004 -13"><span class='ocrx_word' id='word_1_343' title='bbox 1973 2377 2042 2416; x_wconf 84' lang='lat' dir='ltr'><strong>ue</strong></span> <span class='ocrx_word' id='word_1_344' title='bbox 2062 2377 2273 2417; x_wconf 75' lang='lat' dir='ltr'><strong>uommi</strong></span> <span class='ocrx_word' id='word_1_345' title='bbox 2300 2377 2477 2417; x_wconf 82' lang='lat' dir='ltr'><strong>nomn.</strong></span> <span class='ocrx_word' id='word_1_346' title='bbox 2506 2377 2555 2428; x_wconf 80' lang='grc' dir='ltr'>ι,</span> <span class='ocrx_word' id='word_1_347' title='bbox 2589 2377 2950 2416; x_wconf 71' lang='lat' dir='ltr'><strong>novarienses</strong></span> <span class='ocrx_word' id='word_1_348' title='bbox 2977 2377 3086 2414; x_wconf 82' lang='lat' dir='ltr'><strong>(lllO</strong></span> <span class='ocrx_word' id='word_1_349' title='bbox 3107 2377 3198 2425; x_wconf 66' lang='grc' dir='ltr'><strong>ιι,</strong></span> <span class='ocrx_word' id='word_1_350' title='bbox 3230 2377 3351 2427; x_wconf 80' lang='lat' dir='ltr'><strong>pag.</strong></span> <span class='ocrx_word' id='word_1_351' title='bbox 3381 2377 3470 2421; x_wconf 73' lang='lat' dir='ltr'><strong>ou,</strong></span> <span class='ocrx_word' id='word_1_352' title='bbox 3500 2377 3557 2409; x_wconf 73' lang='lat' dir='ltr'><strong>et</strong></span> 
     </span>
     <span class='ocr_line' id='line_1_50' title="bbox 1981 2426 3596 2502; baseline -0.005 -16"><span class='ocrx_word' id='word_1_353' title='bbox 1981 2432 2070 2500; x_wconf 88' lang='lat'><strong>06,</strong></span> <span class='ocrx_word' id='word_1_354' title='bbox 2103 2447 2224 2502; x_wconf 86' lang='lat' dir='ltr'><strong>pag.</strong></span> <span class='ocrx_word' id='word_1_355' title='bbox 2259 2432 2344 2500; x_wconf 83' lang='lat' dir='ltr'><strong>l2,</strong></span> <span class='ocrx_word' id='word_1_356' title='bbox 2370 2432 2753 2488; x_wconf 82' lang='lat' dir='ltr'><strong>Modoetiensis</strong></span> <span class='ocrx_word' id='word_1_357' title='bbox 2782 2433 2880 2500; x_wconf 90' lang='lat' dir='ltr'><strong>sig.</strong></span> <span class='ocrx_word' id='word_1_358' title='bbox 2915 2432 2952 2486; x_wconf 93' lang='lat' dir='ltr'><strong>l.</strong></span> <span class='ocrx_word' id='word_1_359' title='bbox 2985 2429 3027 2483; x_wconf 84' lang='grc' dir='ltr'>Ε</span> <span class='ocrx_word' id='word_1_360' title='bbox 3055 2426 3560 2502; x_wconf 66' lang='lat' dir='ltr'><strong>tu,__l_.ambacensis,</strong></span> <span class='ocrx_word' id='word_1_361' title='bbox 3589 2471 3596 2478; x_wconf 95' lang='lat'><strong>.</strong></span> 
     </span>
    </p>
   </div>
   <div class='ocr_carea' id='block_1_47' title="bbox 285 2499 1887 2627">
    <p class='ocr_par' dir='ltr' id='par_1_47' title="bbox 285 2499 1887 2627">
     <span class='ocr_line' id='line_1_51' title="bbox 285 2499 1848 2568; baseline 0.004 -18"><span class='ocrx_word' id='word_1_362' title='bbox 285 2513 410 2568; x_wconf 88' lang='lat' dir='ltr'><strong>pag.</strong></span> <span class='ocrx_word' id='word_1_363' title='bbox 457 2499 546 2565; x_wconf 79' lang='lat'><strong>95,</strong></span> <span class='ocrx_word' id='word_1_364' title='bbox 576 2516 785 2568; x_wconf 89' lang='lat' dir='ltr'><strong>omnes,</strong></span> <span class='ocrx_word' id='word_1_365' title='bbox 818 2499 1034 2556; x_wconf 77' lang='lat' dir='ltr'><strong>nomine</strong></span> <span class='ocrx_word' id='word_1_366' title='bbox 1064 2499 1121 2557; x_wconf 88' lang='lat' dir='ltr'><strong>S.</strong></span> <span class='ocrx_word' id='word_1_367' title='bbox 1152 2499 1369 2557; x_wconf 78' lang='lat' dir='ltr'><strong>Maximi</strong></span> <span class='ocrx_word' id='word_1_368' title='bbox 1412 2504 1643 2557; x_wconf 76' lang='lat' dir='ltr'><strong>homiliae</strong></span> <span class='ocrx_word' id='word_1_369' title='bbox 1687 2503 1848 2556; x_wconf 90' lang='lat' dir='ltr'><strong>inseri</strong></span> 
     </span>
     <span class='ocr_line' id='line_1_52' title="bbox 285 2519 1887 2627; baseline 0.002 -4"><span class='ocrx_word' id='word_1_370' title='bbox 285 2569 554 2624; x_wconf 86' lang='lat' dir='ltr'><strong>similibus</strong></span> <span class='ocrx_word' id='word_1_371' title='bbox 582 2571 751 2626; x_wconf 84' lang='lat' dir='ltr'><strong>innixi</strong></span> <span class='ocrx_word' id='word_1_372' title='bbox 776 2570 1070 2627; x_wconf 85' lang='lat' dir='ltr'><strong>vanicus</strong></span> <span class='ocrx_word' id='word_1_373' title='bbox 1097 2586 1220 2627; x_wconf 68' lang='lat' dir='ltr'><strong>uae.</strong></span> <span class='ocrx_word' id='word_1_374' title='bbox 1254 2572 1340 2627; x_wconf 90' lang='lat'><strong>12.</strong></span> <span class='ocrx_word' id='word_1_375' title='bbox 1365 2571 1668 2627; x_wconf 84' lang='lat' dir='ltr'><strong>Galesiuius</strong></span> <span class='ocrx_word' id='word_1_376' title='bbox 1699 2587 1819 2627; x_wconf 64' lang='lat' dir='ltr'><strong>uae.</strong></span> <span class='ocrx_word' id='word_1_377' title='bbox 1853 2519 1887 2627; x_wconf 58' lang='grc' dir='ltr'>ἓ</span> 
     </span>
    </p>
   </div>
   <div class='ocr_carea' id='block_1_48' title="bbox 283 2569 1819 2643">
    <p class='ocr_par' dir='ltr' id='par_1_48' title="bbox 283 2569 1819 2643">
     <span class='ocr_line' id='line_1_53' title="bbox 283 2569 1819 2643; baseline 0.003 -22"><span class='ocrx_word' id='word_1_378' title='bbox 283 2569 554 2643; x_wconf 67' lang='lat' dir='ltr'><strong>similibus</strong></span> <span class='ocrx_word' id='word_1_379' title='bbox 582 2571 751 2643; x_wconf 83' lang='lat' dir='ltr'><strong>innixi</strong></span> <span class='ocrx_word' id='word_1_380' title='bbox 776 2570 1070 2643; x_wconf 83' lang='lat' dir='ltr'><strong>Gymnicus</strong></span> <span class='ocrx_word' id='word_1_381' title='bbox 1091 2586 1220 2643; x_wconf 82' lang='lat' dir='ltr'><strong>pag.</strong></span> <span class='ocrx_word' id='word_1_382' title='bbox 1254 2572 1340 2640; x_wconf 88' lang='lat'><strong>12,</strong></span> <span class='ocrx_word' id='word_1_383' title='bbox 1365 2571 1668 2640; x_wconf 84' lang='lat' dir='ltr'><strong>Galesiuius</strong></span> <span class='ocrx_word' id='word_1_384' title='bbox 1699 2587 1819 2642; x_wconf 88' lang='lat' dir='ltr'><strong>pag.</strong></span> 
     </span>
    </p>
   </div>
   <div class='ocr_carea' id='block_1_49' title="bbox 285 2589 1135 2711">
    <p class='ocr_par' dir='ltr' id='par_1_49' title="bbox 285 2589 1135 2711">
     <span class='ocr_line' id='line_1_54' title="bbox 285 2589 1070 2628; baseline 0.005 -5"><span class='ocrx_word' id='word_1_385' title='bbox 285 2589 554 2624; x_wconf 85' lang='lat' dir='ltr'><strong>smunuus</strong></span> <span class='ocrx_word' id='word_1_386' title='bbox 582 2589 751 2626; x_wconf 81' lang='lat' dir='ltr'><strong>mmxi</strong></span> <span class='ocrx_word' id='word_1_387' title='bbox 776 2589 1070 2628; x_wconf 71' lang='lat' dir='ltr'><strong>uvmmcus</strong></span> 
     </span>
     <span class='ocr_line' id='line_1_55' title="bbox 285 2589 1135 2711; baseline 0.008 -22"><span class='ocrx_word' id='word_1_388' title='bbox 285 2637 412 2711; x_wconf 74' lang='grc'>169,</span> <span class='ocrx_word' id='word_1_389' title='bbox 441 2639 763 2711; x_wconf 82' lang='lat' dir='ltr'><strong>Raynaudus</strong></span> <span class='ocrx_word' id='word_1_390' title='bbox 791 2633 914 2711; x_wconf 75' lang='lat' dir='ltr'><strong>pag.</strong></span> <span class='ocrx_word' id='word_1_391' title='bbox 936 2641 1057 2709; x_wconf 82' lang='lat'><strong>195,</strong></span> <span class='ocrx_word' id='word_1_392' title='bbox 1087 2589 1135 2696; x_wconf 64' lang='lat' dir='ltr'><strong>ii</strong></span> 
     </span>
    </p>
   </div>
   <div class='ocr_carea' id='block_1_50' title="bbox 287 2708 1106 2767">
    <p class='ocr_par' dir='ltr' id='par_1_50' title="bbox 287 2708 1106 2767">
     <span class='ocr_line' id='line_1_56' title="bbox 287 2708 1106 2767; baseline 0.002 -5"><span class='ocrx_word' id='word_1_393' title='bbox 287 2708 352 2763; x_wconf 90' lang='lat' dir='ltr'><strong>de</strong></span> <span class='ocrx_word' id='word_1_394' title='bbox 383 2708 592 2764; x_wconf 32' lang='lat' dir='ltr'><strong>nativ’it.</strong></span> <span class='ocrx_word' id='word_1_395' title='bbox 626 2708 1106 2767; x_wconf 49' lang='lat' dir='ltr'><strong>Domfediderunt.</strong></span> 
     </span>
    </p>
   </div>
   <div class='ocr_carea' id='block_1_51' title="bbox 289 2820 1866 2896">
    <p class='ocr_par' dir='ltr' id='par_1_51' title="bbox 289 2820 1866 2896">
     <span class='ocr_line' id='line_1_57' title="bbox 289 2820 1866 2896; baseline 0.004 -22"><span class='ocrx_word' id='word_1_396' title='bbox 289 2820 682 2896; x_wconf 52' lang='lat' dir='ltr'><strong>Annugssruu.</strong></span> <span class='ocrx_word' id='word_1_397' title='bbox 698 2857 768 2866; x_wconf 92' lang='lat'><strong><em>—</em></strong></span> <span class='ocrx_word' id='word_1_398' title='bbox 781 2823 1000 2878; x_wconf 83' lang='lat' dir='ltr'><strong>Verbum</strong></span> <span class='ocrx_word' id='word_1_399' title='bbox 1019 2825 1248 2896; x_wconf 78' lang='lat' dir='ltr'><strong>divinum</strong></span> <span class='ocrx_word' id='word_1_400' title='bbox 1268 2826 1332 2879; x_wconf 88' lang='lat' dir='ltr'><strong>ab</strong></span> <span class='ocrx_word' id='word_1_401' title='bbox 1354 2836 1544 2880; x_wconf 75' lang='lat' dir='ltr'><strong>wterno</strong></span> <span class='ocrx_word' id='word_1_402' title='bbox 1573 2835 1866 2896; x_wconf 78' lang='lat' dir='ltr'><strong>generatum</strong></span> 
     </span>
    </p>
   </div>
   <div class='ocr_carea' id='block_1_52' title="bbox 357 2891 1867 2970">
    <p class='ocr_par' dir='ltr' id='par_1_52' title="bbox 357 2891 1867 2970">
     <span class='ocr_line' id='line_1_58' title="bbox 357 2891 1867 2970; baseline 0.004 -27"><span class='ocrx_word' id='word_1_403' title='bbox 357 2910 388 2943; x_wconf 90' lang='lat' dir='ltr'><strong>a</strong></span> <span class='ocrx_word' id='word_1_404' title='bbox 420 2891 746 2970; x_wconf 35' lang='lat' dir='ltr'><strong>Patre,‘cum</strong></span> <span class='ocrx_word' id='word_1_405' title='bbox 770 2896 826 2970; x_wconf 86' lang='lat' dir='ltr'><strong>in</strong></span> <span class='ocrx_word' id='word_1_406' title='bbox 859 2897 1007 2949; x_wconf 88' lang='lat' dir='ltr'><strong>terris</strong></span> <span class='ocrx_word' id='word_1_407' title='bbox 1029 2895 1177 2949; x_wconf 79' lang='lat' dir='ltr'><strong>homo</strong></span> <span class='ocrx_word' id='word_1_408' title='bbox 1212 2899 1356 2970; x_wconf 77' lang='lat' dir='ltr'><strong>nasci</strong></span> <span class='ocrx_word' id='word_1_409' title='bbox 1384 2891 1740 2970; x_wconf 49' lang='lat' dir='ltr'><strong>dignatus-sit,</strong></span> <span class='ocrx_word' id='word_1_410' title='bbox 1764 2913 1867 2970; x_wconf 79' lang='lat' dir='ltr'><strong>non</strong></span> 
     </span>
    </p>
   </div>
   <div class='ocr_carea' id='block_1_53' title="bbox 357 2965 1869 3038">
    <p class='ocr_par' dir='ltr' id='par_1_53' title="bbox 357 2965 1869 3038">
     <span class='ocr_line' id='line_1_59' title="bbox 357 2965 1869 3038; baseline 0.003 -23"><span class='ocrx_word' id='word_1_411' title='bbox 357 2965 617 3016; x_wconf 83' lang='lat' dir='ltr'><strong>communi</strong></span> <span class='ocrx_word' id='word_1_412' title='bbox 658 2965 811 3038; x_wconf 85' lang='lat' dir='ltr'><strong>modo</strong></span> <span class='ocrx_word' id='word_1_413' title='bbox 850 2975 1157 3035; x_wconf 84' lang='lat' dir='ltr'><strong>conceptus,</strong></span> <span class='ocrx_word' id='word_1_414' title='bbox 1212 2967 1302 3020; x_wconf 79' lang='lat' dir='ltr'><strong>sed</strong></span> <span class='ocrx_word' id='word_1_415' title='bbox 1346 2965 1570 3038; x_wconf 80' lang='lat' dir='ltr'><strong>superna</strong></span> <span class='ocrx_word' id='word_1_416' title='bbox 1615 2965 1869 3020; x_wconf 60' lang='lat' dir='ltr'><strong>[ltissimi</strong></span> 
     </span>
    </p>
   </div>
   <div class='ocr_carea' id='block_1_54' title="bbox 355 3037 1869 3108">
    <p class='ocr_par' dir='ltr' id='par_1_54' title="bbox 355 3037 1869 3108">
     <span class='ocr_line' id='line_1_60' title="bbox 355 3037 1869 3108; baseline 0.005 -24"><span class='ocrx_word' id='word_1_417' title='bbox 355 3045 604 3108; x_wconf 66' lang='lat' dir='ltr'><strong>operante</strong></span> <span class='ocrx_word' id='word_1_418' title='bbox 638 3037 843 3108; x_wconf 78' lang='lat' dir='ltr'><strong>virtute,</strong></span> <span class='ocrx_word' id='word_1_419' title='bbox 873 3054 938 3090; x_wconf 75' lang='lat' dir='ltr'><strong>ea:</strong></span> <span class='ocrx_word' id='word_1_420' title='bbox 967 3047 1133 3089; x_wconf 84' lang='lat' dir='ltr'><strong>matre</strong></span> <span class='ocrx_word' id='word_1_421' title='bbox 1177 3039 1376 3108; x_wconf 82' lang='lat' dir='ltr'><strong>virgine</strong></span> <span class='ocrx_word' id='word_1_422' title='bbox 1411 3037 1620 3090; x_wconf 68' lang='lat' dir='ltr'><strong>Carnem</strong></span> <span class='ocrx_word' id='word_1_423' title='bbox 1668 3055 1869 3108; x_wconf 79' lang='lat' dir='ltr'><strong>assum-</strong></span> 
     </span>
    </p>
   </div>
   <div class='ocr_carea' id='block_1_55' title="bbox 357 3102 1868 3225">
    <p class='ocr_par' dir='ltr' id='par_1_55' title="bbox 357 3102 1868 3225">
     <span class='ocr_line' id='line_1_61' title="bbox 357 3102 1868 3225; baseline 0.005 -70"><span class='ocrx_word' id='word_1_424' title='bbox 357 3105 482 3225; x_wconf 52' lang='lat' dir='ltr'><strong>;bsit.</strong></span> <span class='ocrx_word' id='word_1_425' title='bbox 516 3102 740 3159; x_wconf 86' lang='lat' dir='ltr'><strong>Decebat</strong></span> <span class='ocrx_word' id='word_1_426' title='bbox 786 3108 920 3162; x_wconf 87' lang='lat' dir='ltr'><strong>enim</strong></span> <span class='ocrx_word' id='word_1_427' title='bbox 947 3111 1070 3161; x_wconf 83' lang='lat' dir='ltr'><strong>talis</strong></span> <span class='ocrx_word' id='word_1_428' title='bbox 1099 3102 1342 3163; x_wconf 52' lang='lat' dir='ltr'><strong>ortus&#39;in</strong></span> <span class='ocrx_word' id='word_1_429' title='bbox 1382 3108 1622 3162; x_wconf 82' lang='lat' dir='ltr'><strong>humanis</strong></span> <span class='ocrx_word' id='word_1_430' title='bbox 1672 3107 1718 3160; x_wconf 84' lang='lat' dir='ltr'><em>F</em></span> <span class='ocrx_word' id='word_1_431' title='bbox 1722 3108 1868 3163; x_wconf 86' lang='lat' dir='ltr'><strong>ilium</strong></span> 
     </span>
     <span class='ocr_line' id='line_1_62' title="bbox 411 3191 476 3225; baseline 0 0"><span class='ocrx_word' id='word_1_432' title='bbox 411 3191 476 3225; x_wconf 75' lang='lat' dir='ltr'><strong>ei.</strong></span> 
     </span>
    </p>
   </div>
   <div class='ocr_carea' id='block_1_56' title="bbox 411 3191 476 3227">
    <p class='ocr_par' dir='ltr' id='par_1_56' title="bbox 411 3191 476 3227">
     <span class='ocr_line' id='line_1_63' title="bbox 411 3191 476 3227; baseline 0 -1"><span class='ocrx_word' id='word_1_433' title='bbox 411 3191 476 3227; x_wconf 74' lang='grc' dir='ltr'><strong>ει.</strong></span> 
     </span>
    </p>
   </div>
   <div class='ocr_carea' id='block_1_57' title="bbox 361 3374 1874 3446">
    <p class='ocr_par' dir='ltr' id='par_1_57' title="bbox 361 3374 1874 3446">
     <span class='ocr_line' id='line_1_64' title="bbox 361 3374 1874 3446; baseline 0.004 -16"><span class='ocrx_word' id='word_1_434' title='bbox 361 3374 557 3444; x_wconf 86' lang='lat' dir='ltr'><strong>Hodie,</strong></span> <span class='ocrx_word' id='word_1_435' title='bbox 602 3377 792 3431; x_wconf 81' lang='lat' dir='ltr'><strong>fratres</strong></span> <span class='ocrx_word' id='word_1_436' title='bbox 831 3379 1115 3446; x_wconf 86' lang='lat' dir='ltr'><strong>carissimi,</strong></span> <span class='ocrx_word' id='word_1_437' title='bbox 1144 3378 1388 3434; x_wconf 88' lang='lat' dir='ltr'><strong>Christus</strong></span> <span class='ocrx_word' id='word_1_438' title='bbox 1425 3389 1584 3435; x_wconf 90' lang='lat' dir='ltr'><strong>natus</strong></span> <span class='ocrx_word' id='word_1_439' title='bbox 1620 3390 1722 3445; x_wconf 92' lang='lat' dir='ltr'><strong>est,</strong></span> <span class='ocrx_word' id='word_1_440' title='bbox 1774 3397 1874 3436; x_wconf 90' lang='lat' dir='ltr'><strong>nos</strong></span> 
     </span>
    </p>
   </div>
   <div class='ocr_carea' id='block_1_58' title="bbox 289 3467 1872 3539">
    <p class='ocr_par' dir='ltr' id='par_1_58' title="bbox 289 3467 1872 3539">
     <span class='ocr_line' id='line_1_65' title="bbox 289 3467 1872 3539; baseline 0 -16"><span class='ocrx_word' id='word_1_441' title='bbox 289 3467 485 3524; x_wconf 86' lang='lat' dir='ltr'><strong>renati.</strong></span> <span class='ocrx_word' id='word_1_442' title='bbox 517 3467 685 3523; x_wconf 84' lang='lat' dir='ltr'><strong>Hodie</strong></span> <span class='ocrx_word' id='word_1_443' title='bbox 712 3467 960 3523; x_wconf 87' lang='lat' dir='ltr'><strong>Salvator</strong></span> <span class='ocrx_word' id='word_1_444' title='bbox 987 3469 1170 3524; x_wconf 91' lang='lat' dir='ltr'><strong>mundi</strong></span> <span class='ocrx_word' id='word_1_445' title='bbox 1213 3485 1309 3539; x_wconf 91' lang='lat' dir='ltr'><strong>per</strong></span> <span class='ocrx_word' id='word_1_446' title='bbox 1343 3478 1572 3524; x_wconf 90' lang='lat' dir='ltr'><strong>matrem</strong></span> <span class='ocrx_word' id='word_1_447' title='bbox 1623 3469 1872 3526; x_wconf 86' lang='lat' dir='ltr'><strong>nascendi</strong></span> 
     </span>
    </p>
   </div>
   <div class='ocr_carea' id='block_1_59' title="bbox 290 3559 1876 3630">
    <p class='ocr_par' dir='ltr' id='par_1_59' title="bbox 290 3559 1876 3630">
     <span class='ocr_line' id='line_1_66' title="bbox 290 3559 1876 3630; baseline 0.002 -16"><span class='ocrx_word' id='word_1_448' title='bbox 290 3568 504 3630; x_wconf 91' lang='lat' dir='ltr'><strong>tempus</strong></span> <span class='ocrx_word' id='word_1_449' title='bbox 534 3561 762 3630; x_wconf 90' lang='lat' dir='ltr'><strong>accepit,</strong></span> <span class='ocrx_word' id='word_1_450' title='bbox 793 3561 882 3630; x_wconf 91' lang='lat' dir='ltr'><strong>qui</strong></span> <span class='ocrx_word' id='word_1_451' title='bbox 912 3560 980 3615; x_wconf 88' lang='lat' dir='ltr'><strong>de</strong></span> <span class='ocrx_word' id='word_1_452' title='bbox 1024 3559 1183 3616; x_wconf 87' lang='lat' dir='ltr'><strong>Patre</strong></span> <span class='ocrx_word' id='word_1_453' title='bbox 1227 3563 1519 3617; x_wconf 87' lang='lat' dir='ltr'><strong>nativitatis</strong></span> <span class='ocrx_word' id='word_1_454' title='bbox 1564 3577 1669 3618; x_wconf 92' lang='lat' dir='ltr'><strong>non</strong></span> <span class='ocrx_word' id='word_1_455' title='bbox 1712 3563 1876 3617; x_wconf 88' lang='lat' dir='ltr'><strong>habet</strong></span> 
     </span>
    </p>
   </div>
   <div class='ocr_carea' id='block_1_60' title="bbox 291 3650 1876 3722">
    <p class='ocr_par' dir='ltr' id='par_1_60' title="bbox 291 3650 1876 3722">
     <span class='ocr_line' id='line_1_67' title="bbox 291 3650 1876 3722; baseline -0.001 -15"><span class='ocrx_word' id='word_1_456' title='bbox 291 3662 523 3722; x_wconf 88' lang='lat' dir='ltr'><strong>tempus.</strong></span> <span class='ocrx_word' id='word_1_457' title='bbox 557 3650 725 3706; x_wconf 89' lang='lat' dir='ltr'><strong>Hodie</strong></span> <span class='ocrx_word' id='word_1_458' title='bbox 755 3667 852 3722; x_wconf 88' lang='lat' dir='ltr'><strong>per</strong></span> <span class='ocrx_word' id='word_1_459' title='bbox 879 3651 1152 3706; x_wconf 91' lang='lat' dir='ltr'><strong>hominem</strong></span> <span class='ocrx_word' id='word_1_460' title='bbox 1181 3651 1345 3708; x_wconf 87' lang='lat' dir='ltr'><strong>Filius</strong></span> <span class='ocrx_word' id='word_1_461' title='bbox 1372 3651 1467 3708; x_wconf 89' lang='lat' dir='ltr'><strong>Dei</strong></span> <span class='ocrx_word' id='word_1_462' title='bbox 1498 3654 1765 3722; x_wconf 87' lang='lat' dir='ltr'><strong>ingressus</strong></span> <span class='ocrx_word' id='word_1_463' title='bbox 1793 3661 1876 3707; x_wconf 92' lang='lat' dir='ltr'><strong>est</strong></span> 
     </span>
    </p>
   </div>
   <div class='ocr_carea' id='block_1_61' title="bbox 289 3743 1877 3813">
    <p class='ocr_par' dir='ltr' id='par_1_61' title="bbox 289 3743 1877 3813">
     <span class='ocr_line' id='line_1_68' title="bbox 289 3743 1877 3813; baseline -0.002 -14"><span class='ocrx_word' id='word_1_464' title='bbox 289 3745 568 3807; x_wconf 91' lang='lat' dir='ltr'><strong>mundum,</strong></span> <span class='ocrx_word' id='word_1_465' title='bbox 598 3744 752 3813; x_wconf 88' lang='lat' dir='ltr'><strong>cujus</strong></span> <span class='ocrx_word' id='word_1_466' title='bbox 777 3758 939 3798; x_wconf 89' lang='lat' dir='ltr'><strong>manu</strong></span> <span class='ocrx_word' id='word_1_467' title='bbox 963 3752 1088 3797; x_wconf 87' lang='lat' dir='ltr'><strong>ante</strong></span> <span class='ocrx_word' id='word_1_468' title='bbox 1117 3744 1390 3797; x_wconf 92' lang='lat' dir='ltr'><strong>hominem</strong></span> <span class='ocrx_word' id='word_1_469' title='bbox 1421 3743 1590 3797; x_wconf 89' lang='lat' dir='ltr'><strong>factus</strong></span> <span class='ocrx_word' id='word_1_470' title='bbox 1611 3752 1694 3796; x_wconf 90' lang='lat' dir='ltr'><strong>est</strong></span> <span class='ocrx_word' id='word_1_471' title='bbox 1720 3758 1877 3796; x_wconf 85' lang='lat' dir='ltr'><strong>mun-</strong></span> 
     </span>
    </p>
   </div>
   <div class='ocr_carea' id='block_1_62' title="bbox 287 3833 1877 3901">
    <p class='ocr_par' dir='ltr' id='par_1_62' title="bbox 287 3833 1877 3901">
     <span class='ocr_line' id='line_1_69' title="bbox 287 3833 1877 3901; baseline -0.004 -11"><span class='ocrx_word' id='word_1_472' title='bbox 287 3836 408 3891; x_wconf 88' lang='lat' dir='ltr'><strong>dus.</strong></span> <span class='ocrx_word' id='word_1_473' title='bbox 444 3835 613 3889; x_wconf 86' lang='lat' dir='ltr'><strong>llodie</strong></span> <span class='ocrx_word' id='word_1_474' title='bbox 640 3835 910 3888; x_wconf 80' lang='lat' dir='ltr'><strong>habitator</strong></span> <span class='ocrx_word' id='word_1_475' title='bbox 937 3834 1057 3889; x_wconf 68' lang='lat' dir='ltr'><strong>caeli</strong></span> <span class='ocrx_word' id='word_1_476' title='bbox 1086 3833 1233 3887; x_wconf 88' lang='lat' dir='ltr'><strong>venit</strong></span> <span class='ocrx_word' id='word_1_477' title='bbox 1261 3833 1326 3886; x_wconf 91' lang='lat' dir='ltr'><strong>ad</strong></span> <span class='ocrx_word' id='word_1_478' title='bbox 1363 3841 1555 3898; x_wconf 87' lang='lat' dir='ltr'><strong>terras,</strong></span> <span class='ocrx_word' id='word_1_479' title='bbox 1587 3833 1677 3901; x_wconf 90' lang='lat' dir='ltr'><strong>qui</strong></span> <span class='ocrx_word' id='word_1_480' title='bbox 1708 3840 1877 3885; x_wconf 87' lang='lat' dir='ltr'><strong>terra-</strong></span> 
     </span>
    </p>
   </div>
   <div class='ocr_carea' id='block_1_63' title="bbox 288 3923 1876 3994">
    <p class='ocr_par' dir='ltr' id='par_1_63' title="bbox 288 3923 1876 3994">
     <span class='ocr_line' id='line_1_70' title="bbox 288 3923 1876 3994; baseline -0.004 -10"><span class='ocrx_word' id='word_1_481' title='bbox 288 3946 408 3984; x_wconf 91' lang='lat' dir='ltr'><strong>rum</strong></span> <span class='ocrx_word' id='word_1_482' title='bbox 454 3929 656 3983; x_wconf 86' lang='lat' dir='ltr'><strong>incolas</strong></span> <span class='ocrx_word' id='word_1_483' title='bbox 699 3935 952 3981; x_wconf 86' lang='lat' dir='ltr'><strong>evocaret</strong></span> <span class='ocrx_word' id='word_1_484' title='bbox 991 3925 1057 3978; x_wconf 90' lang='lat' dir='ltr'><strong>ad</strong></span> <span class='ocrx_word' id='word_1_485' title='bbox 1099 3925 1312 3979; x_wconf 66' lang='lat' dir='ltr'><strong>malum.</strong></span> <span class='ocrx_word' id='word_1_486' title='bbox 1357 3923 1639 3991; x_wconf 84' lang='lat' dir='ltr'><strong>Mirabilis,</strong></span> <span class='ocrx_word' id='word_1_487' title='bbox 1686 3924 1876 3994; x_wconf 87' lang='lat' dir='ltr'><strong>inquit,</strong></span> 
     </span>
    </p>
   </div>
   <div class='ocr_carea' id='block_1_64' title="bbox 289 4003 1876 4087">
    <p class='ocr_par' dir='ltr' id='par_1_64' title="bbox 289 4003 1876 4087">
     <span class='ocr_line' id='line_1_71' title="bbox 289 4003 1876 4087; baseline -0.002 -14"><span class='ocrx_word' id='word_1_488' title='bbox 289 4018 437 4073; x_wconf 87' lang='lat' dir='ltr'><strong>Deus</strong></span> <span class='ocrx_word' id='word_1_489' title='bbox 463 4003 738 4072; x_wconf 62' lang='lat' dir='ltr'><strong>trusanctis</strong></span> <span class='ocrx_word' id='word_1_490' title='bbox 776 4017 885 4070; x_wconf 87' lang='lat' dir='ltr'><strong>suis</strong></span> <span class='ocrx_word' id='word_1_491' title='bbox 923 4015 1096 4087; x_wconf 86' lang='lat' dir='ltr'><strong>(Psal.</strong></span> <span class='ocrx_word' id='word_1_492' title='bbox 1130 4016 1316 4086; x_wconf 79' lang='lat' dir='ltr'><strong>vau).</strong></span> <span class='ocrx_word' id='word_1_493' title='bbox 1344 4015 1398 4069; x_wconf 90' lang='lat' dir='ltr'><strong>Si</strong></span> <span class='ocrx_word' id='word_1_494' title='bbox 1447 4017 1498 4070; x_wconf 92' lang='lat' dir='ltr'><strong>in</strong></span> <span class='ocrx_word' id='word_1_495' title='bbox 1539 4016 1736 4071; x_wconf 87' lang='lat' dir='ltr'><strong>sanctis</strong></span> <span class='ocrx_word' id='word_1_496' title='bbox 1766 4016 1876 4070; x_wconf 89' lang='lat' dir='ltr'><strong>suis</strong></span> 
     </span>
    </p>
   </div>
   <div class='ocr_carea' id='block_1_65' title="bbox 291 4105 1876 4176">
    <p class='ocr_par' dir='ltr' id='par_1_65' title="bbox 291 4105 1876 4176">
     <span class='ocr_line' id='line_1_72' title="bbox 291 4105 1876 4176; baseline 0 -16"><span class='ocrx_word' id='word_1_497' title='bbox 291 4106 558 4160; x_wconf 89' lang='lat' dir='ltr'><strong>mirabilis</strong></span> <span class='ocrx_word' id='word_1_498' title='bbox 597 4105 757 4173; x_wconf 90' lang='lat' dir='ltr'><strong>Deus,</strong></span> <span class='ocrx_word' id='word_1_499' title='bbox 803 4105 1076 4174; x_wconf 91' lang='lat' dir='ltr'><strong>quomodo</strong></span> <span class='ocrx_word' id='word_1_500' title='bbox 1122 4121 1229 4160; x_wconf 88' lang='lat' dir='ltr'><strong>non</strong></span> <span class='ocrx_word' id='word_1_501' title='bbox 1267 4106 1320 4160; x_wconf 92' lang='lat' dir='ltr'><strong>in</strong></span> <span class='ocrx_word' id='word_1_502' title='bbox 1349 4121 1406 4162; x_wconf 90' lang='lat' dir='ltr'><strong>se</strong></span> <span class='ocrx_word' id='word_1_503' title='bbox 1437 4107 1553 4176; x_wconf 90' lang='lat' dir='ltr'><strong>ipso</strong></span> <span class='ocrx_word' id='word_1_504' title='bbox 1581 4105 1876 4160; x_wconf 82' lang='lat' dir='ltr'><strong>mirabilis?</strong></span> 
     </span>
    </p>
   </div>
   <div class='ocr_carea' id='block_1_66' title="bbox 290 4196 1875 4268">
    <p class='ocr_par' dir='ltr' id='par_1_66' title="bbox 290 4196 1875 4268">
     <span class='ocr_line' id='line_1_73' title="bbox 290 4196 1875 4268; baseline -0.001 -15"><span class='ocrx_word' id='word_1_505' title='bbox 290 4198 349 4253; x_wconf 90' lang='lat' dir='ltr'><strong>Si</strong></span> <span class='ocrx_word' id='word_1_506' title='bbox 376 4199 639 4254; x_wconf 88' lang='lat' dir='ltr'><strong>mirabilis</strong></span> <span class='ocrx_word' id='word_1_507' title='bbox 667 4199 720 4252; x_wconf 90' lang='lat' dir='ltr'><strong>in</strong></span> <span class='ocrx_word' id='word_1_508' title='bbox 759 4196 984 4266; x_wconf 84' lang='lat' dir='ltr'><strong>Joanne,</strong></span> <span class='ocrx_word' id='word_1_509' title='bbox 1015 4213 1174 4268; x_wconf 89' lang='lat' dir='ltr'><strong>quem</strong></span> <span class='ocrx_word' id='word_1_510' title='bbox 1199 4197 1344 4253; x_wconf 92' lang='lat' dir='ltr'><strong>nasci</strong></span> <span class='ocrx_word' id='word_1_511' title='bbox 1378 4197 1444 4252; x_wconf 90' lang='lat' dir='ltr'><strong>de</strong></span> <span class='ocrx_word' id='word_1_512' title='bbox 1475 4196 1632 4252; x_wconf 82' lang='lat' dir='ltr'><strong>Patre</strong></span> <span class='ocrx_word' id='word_1_513' title='bbox 1660 4196 1875 4252; x_wconf 85' lang='lat' dir='ltr'><strong>senissi-</strong></span> 
     </span>
    </p>
   </div>
   <div class='ocr_carea' id='block_1_67' title="bbox 290 4289 1874 4360">
    <p class='ocr_par' dir='ltr' id='par_1_67' title="bbox 290 4289 1874 4360">
     <span class='ocr_line' id='line_1_74' title="bbox 290 4289 1874 4360; baseline -0.003 -12"><span class='ocrx_word' id='word_1_514' title='bbox 290 4307 385 4348; x_wconf 92' lang='lat' dir='ltr'><strong>mo</strong></span> <span class='ocrx_word' id='word_1_515' title='bbox 422 4301 477 4346; x_wconf 91' lang='lat' dir='ltr'><strong>et</strong></span> <span class='ocrx_word' id='word_1_516' title='bbox 505 4291 673 4346; x_wconf 86' lang='lat' dir='ltr'><strong>sterili</strong></span> <span class='ocrx_word' id='word_1_517' title='bbox 703 4290 769 4344; x_wconf 93' lang='lat' dir='ltr'><strong>de</strong></span> <span class='ocrx_word' id='word_1_518' title='bbox 799 4298 970 4343; x_wconf 88' lang='lat' dir='ltr'><strong>matre</strong></span> <span class='ocrx_word' id='word_1_519' title='bbox 999 4289 1276 4360; x_wconf 71' lang='lat' dir='ltr'><strong>prmcepit,</strong></span> <span class='ocrx_word' id='word_1_520' title='bbox 1301 4297 1504 4359; x_wconf 90' lang='lat' dir='ltr'><strong>quanto</strong></span> <span class='ocrx_word' id='word_1_521' title='bbox 1537 4290 1706 4356; x_wconf 84' lang='lat' dir='ltr'><strong>magis</strong></span> <span class='ocrx_word' id='word_1_522' title='bbox 1735 4291 1787 4344; x_wconf 91' lang='lat' dir='ltr'><strong>in</strong></span> <span class='ocrx_word' id='word_1_523' title='bbox 1814 4305 1874 4344; x_wconf 91' lang='lat' dir='ltr'><strong>se</strong></span> 
     </span>
    </p>
   </div>
   <div class='ocr_carea' id='block_1_68' title="bbox 289 4367 1870 4449">
    <p class='ocr_par' dir='ltr' id='par_1_68' title="bbox 289 4367 1870 4449">
     <span class='ocr_line' id='line_1_75' title="bbox 289 4367 1870 4449; baseline -0.001 -12"><span class='ocrx_word' id='word_1_524' title='bbox 289 4391 376 4438; x_wconf 90' lang='lat' dir='ltr'><strong>est</strong></span> <span class='ocrx_word' id='word_1_525' title='bbox 406 4381 686 4449; x_wconf 87' lang='lat' dir='ltr'><strong>mirabilis,</strong></span> <span class='ocrx_word' id='word_1_526' title='bbox 719 4381 832 4449; x_wconf 90' lang='lat' dir='ltr'><strong>qui,</strong></span> <span class='ocrx_word' id='word_1_527' title='bbox 865 4388 922 4433; x_wconf 92' lang='lat' dir='ltr'><strong>ut</strong></span> <span class='ocrx_word' id='word_1_528' title='bbox 949 4389 1147 4434; x_wconf 76' lang='lat' dir='ltr'><strong>nostra:</strong></span> <span class='ocrx_word' id='word_1_529' title='bbox 1176 4379 1499 4436; x_wconf 86' lang='lat' dir='ltr'><strong>conditionis</strong></span> <span class='ocrx_word' id='word_1_530' title='bbox 1529 4367 1745 4436; x_wconf 87' lang='lat' dir='ltr'><strong>carnem</strong></span> <span class='ocrx_word' id='word_1_531' title='bbox 1787 4383 1870 4436; x_wconf 87' lang='lat' dir='ltr'><strong>in-</strong></span> 
     </span>
    </p>
   </div>
   <div class='ocr_carea' id='block_1_69' title="bbox 291 4468 1916 4544">
    <p class='ocr_par' dir='ltr' id='par_1_69' title="bbox 291 4468 1916 4544">
     <span class='ocr_line' id='line_1_76' title="bbox 291 4468 1916 4544; baseline 0.001 -18"><span class='ocrx_word' id='word_1_532' title='bbox 291 4471 506 4541; x_wconf 90' lang='lat' dir='ltr'><strong>dueret,</strong></span> <span class='ocrx_word' id='word_1_533' title='bbox 535 4487 730 4534; x_wconf 85' lang='lat' dir='ltr'><strong>novum</strong></span> <span class='ocrx_word' id='word_1_534' title='bbox 752 4471 944 4540; x_wconf 87' lang='lat' dir='ltr'><strong>virgini</strong></span> <span class='ocrx_word' id='word_1_535' title='bbox 965 4479 1020 4526; x_wconf 91' lang='lat' dir='ltr'><strong>et</strong></span> <span class='ocrx_word' id='word_1_536' title='bbox 1039 4468 1359 4542; x_wconf 76' lang='lat' dir='ltr'><strong>conceptum</strong></span> <span class='ocrx_word' id='word_1_537' title='bbox 1382 4472 1528 4528; x_wconf 90' lang='lat' dir='ltr'><strong>dedit</strong></span> <span class='ocrx_word' id='word_1_538' title='bbox 1556 4483 1610 4528; x_wconf 90' lang='lat' dir='ltr'><strong>et</strong></span> <span class='ocrx_word' id='word_1_539' title='bbox 1635 4484 1866 4544; x_wconf 88' lang='lat' dir='ltr'><strong>partum.</strong></span> <span class='ocrx_word' id='word_1_540' title='bbox 1911 4539 1916 4544; x_wconf 28' lang='lat'><strong>,</strong></span> 
     </span>
    </p>
   </div>
   <div class='ocr_carea' id='block_1_70' title="bbox 367 4611 1951 4694">
    <p class='ocr_par' dir='ltr' id='par_1_70' title="bbox 367 4611 1951 4694">
     <span class='ocr_line' id='line_1_77' title="bbox 367 4611 1951 4694; baseline 0.003 -16"><span class='ocrx_word' id='word_1_541' title='bbox 367 4635 394 4664; x_wconf 77' lang='grc' dir='ltr'><strong>ι·</strong></span> <span class='ocrx_word' id='word_1_542' title='bbox 420 4624 480 4679; x_wconf 82' lang='lat' dir='ltr'><strong>In</strong></span> <span class='ocrx_word' id='word_1_543' title='bbox 512 4624 632 4678; x_wconf 92' lang='lat' dir='ltr'><strong>cod.</strong></span> <span class='ocrx_word' id='word_1_544' title='bbox 678 4622 936 4677; x_wconf 85' lang='lat' dir='ltr'><strong>Vaticano</strong></span> <span class='ocrx_word' id='word_1_545' title='bbox 968 4623 1124 4691; x_wconf 86' lang='lat'><strong>1267,</strong></span> <span class='ocrx_word' id='word_1_546' title='bbox 1171 4639 1291 4694; x_wconf 86' lang='lat' dir='ltr'><strong>pag.</strong></span> <span class='ocrx_word' id='word_1_547' title='bbox 1340 4624 1428 4692; x_wconf 90' lang='lat'><strong>90,</strong></span> <span class='ocrx_word' id='word_1_548' title='bbox 1473 4626 1663 4693; x_wconf 87' lang='lat' dir='ltr'><strong>legitur</strong></span> <span class='ocrx_word' id='word_1_549' title='bbox 1697 4646 1709 4680; x_wconf 90' lang='lat'>:</span> <span class='ocrx_word' id='word_1_550' title='bbox 1744 4628 1873 4682; x_wconf 88' lang='lat' dir='ltr'><strong>Sine</strong></span> <span class='ocrx_word' id='word_1_551' title='bbox 1901 4611 1951 4670; x_wconf 80' lang='lat' dir='ltr'><strong>D</strong></span> 
     </span>
    </p>
   </div>
   <div class='ocr_carea' id='block_1_71' title="bbox 291 4696 1607 4776">
    <p class='ocr_par' dir='ltr' id='par_1_71' title="bbox 291 4696 1607 4776">
     <span class='ocr_line' id='line_1_78' title="bbox 291 4696 1607 4776; baseline -0.008 -27"><span class='ocrx_word' id='word_1_552' title='bbox 291 4704 571 4776; x_wconf 69' lang='lat' dir='ltr'><strong>generante</strong></span> <span class='ocrx_word' id='word_1_553' title='bbox 591 4696 763 4776; x_wconf 60' lang='lat' dir='ltr'><strong>[actus</strong></span> <span class='ocrx_word' id='word_1_554' title='bbox 783 4703 856 4748; x_wconf 84' lang='lat' dir='ltr'><strong>est</strong></span> <span class='ocrx_word' id='word_1_555' title='bbox 883 4697 1082 4776; x_wconf 20' lang='lat' dir='ltr'><strong>nomen</strong></span> <span class='ocrx_word' id='word_1_556' title='bbox 1139 4763 1186 4776; x_wconf 60' lang='grc' dir='ltr'>η</span> <span class='ocrx_word' id='word_1_557' title='bbox 1262 4775 1267 4776; x_wconf 14' lang='grc' dir='ltr'><em>ν</em></span> <span class='ocrx_word' id='word_1_558' title='bbox 1335 4768 1365 4776; x_wconf 45' lang='grc' dir='ltr'>η</span> <span class='ocrx_word' id='word_1_559' title='bbox 1495 4768 1504 4776; x_wconf 65' lang='lat'>_</span> <span class='ocrx_word' id='word_1_560' title='bbox 1603 4727 1607 4730; x_wconf 79' lang='lat'><strong>.</strong></span> 
     </span>
    </p>
   </div>
   <div class='ocr_carea' id='block_1_72' title="bbox 363 4763 1870 4835">
    <p class='ocr_par' dir='ltr' id='par_1_72' title="bbox 363 4763 1870 4835">
     <span class='ocr_line' id='line_1_79' title="bbox 363 4763 1870 4835; baseline 0.001 -15"><span class='ocrx_word' id='word_1_561' title='bbox 363 4767 569 4820; x_wconf 77' lang='lat' dir='ltr'><strong>Auctor</strong></span> <span class='ocrx_word' id='word_1_562' title='bbox 589 4763 778 4835; x_wconf 78' lang='lat' dir='ltr'><strong>incdit.</strong></span> <span class='ocrx_word' id='word_1_563' title='bbox 806 4779 928 4819; x_wconf 65' lang='lat' dir='ltr'><strong>sane.</strong></span> <span class='ocrx_word' id='word_1_564' title='bbox 955 4781 1026 4835; x_wconf 79' lang='lat' dir='ltr'><strong>xv</strong></span> <span class='ocrx_word' id='word_1_565' title='bbox 1046 4764 1110 4818; x_wconf 86' lang='lat' dir='ltr'><strong>de</strong></span> <span class='ocrx_word' id='word_1_566' title='bbox 1131 4763 1392 4835; x_wconf 76' lang='lat' dir='ltr'><strong>Mysteriis</strong></span> <span class='ocrx_word' id='word_1_567' title='bbox 1415 4768 1658 4835; x_wconf 87' lang='lat' dir='ltr'><strong>redempt.</strong></span> <span class='ocrx_word' id='word_1_568' title='bbox 1685 4769 1870 4822; x_wconf 85' lang='lat' dir='ltr'><strong>Imma-</strong></span> 
     </span>
    </p>
   </div>
   <div class='ocr_carea' id='block_1_73' title="bbox 294 4833 1870 4905">
    <p class='ocr_par' dir='ltr' id='par_1_73' title="bbox 294 4833 1870 4905">
     <span class='ocr_line' id='line_1_80' title="bbox 294 4833 1870 4905; baseline 0.001 -17"><span class='ocrx_word' id='word_1_569' title='bbox 294 4852 376 4891; x_wconf 67' lang='grc' dir='ltr'><strong>ηαξ</strong></span> <span class='ocrx_word' id='word_1_570' title='bbox 396 4837 450 4890; x_wconf 89' lang='lat' dir='ltr'><strong>in</strong></span> <span class='ocrx_word' id='word_1_571' title='bbox 472 4835 593 4890; x_wconf 90' lang='lat' dir='ltr'><strong>cod.</strong></span> <span class='ocrx_word' id='word_1_572' title='bbox 612 4833 906 4888; x_wconf 88' lang='lat' dir='ltr'><strong>Ott.Vatie.</strong></span> <span class='ocrx_word' id='word_1_573' title='bbox 934 4834 1056 4902; x_wconf 83' lang='lat'><strong>772,</strong></span> <span class='ocrx_word' id='word_1_574' title='bbox 1081 4835 1170 4888; x_wconf 91' lang='lat' dir='ltr'><strong>lib.</strong></span> <span class='ocrx_word' id='word_1_575' title='bbox 1193 4833 1230 4903; x_wconf 89' lang='lat' dir='ltr'><strong>i,</strong></span> <span class='ocrx_word' id='word_1_576' title='bbox 1252 4852 1369 4905; x_wconf 89' lang='lat' dir='ltr'><strong>cap.</strong></span> <span class='ocrx_word' id='word_1_577' title='bbox 1387 4836 1441 4904; x_wconf 84' lang='grc' dir='ltr'>ὅ,</span> <span class='ocrx_word' id='word_1_578' title='bbox 1468 4837 1558 4891; x_wconf 92' lang='lat' dir='ltr'><strong>ubi</strong></span> <span class='ocrx_word' id='word_1_579' title='bbox 1587 4833 1650 4889; x_wconf 74' lang='lat' dir='ltr'><strong>de</strong></span> <span class='ocrx_word' id='word_1_580' title='bbox 1672 4838 1870 4890; x_wconf 84' lang='lat' dir='ltr'><strong>duabus</strong></span> 
     </span>
    </p>
   </div>
   <div class='ocr_carea' id='block_1_74' title="bbox 367 4945 1872 5016">
    <p class='ocr_par' dir='ltr' id='par_1_74' title="bbox 367 4945 1872 5016">
     <span class='ocr_line' id='line_1_81' title="bbox 367 4945 1872 5016; baseline 0.001 -15"><span class='ocrx_word' id='word_1_581' title='bbox 367 4953 382 4982; x_wconf 81' lang='grc'>⁸</span> <span class='ocrx_word' id='word_1_582' title='bbox 415 4948 513 5006; x_wconf 86' lang='lat' dir='ltr'><strong>Est</strong></span> <span class='ocrx_word' id='word_1_583' title='bbox 535 4947 586 5002; x_wconf 88' lang='lat' dir='ltr'><strong>id</strong></span> <span class='ocrx_word' id='word_1_584' title='bbox 614 4945 681 5000; x_wconf 90' lang='lat' dir='ltr'><strong>de</strong></span> <span class='ocrx_word' id='word_1_585' title='bbox 708 4947 918 5014; x_wconf 85' lang='lat' dir='ltr'><strong>gemina</strong></span> <span class='ocrx_word' id='word_1_586' title='bbox 945 4946 1252 5016; x_wconf 17' lang='lat' dir='ltr'><strong>substantia,</strong></span> <span class='ocrx_word' id='word_1_587' title='bbox 1273 4955 1552 5016; x_wconf 85' lang='lat' dir='ltr'><strong>acceptum</strong></span> <span class='ocrx_word' id='word_1_588' title='bbox 1575 4963 1643 5000; x_wconf 85' lang='lat' dir='ltr'><strong>ex</strong></span> <span class='ocrx_word' id='word_1_589' title='bbox 1673 4949 1872 5016; x_wconf 78' lang='lat' dir='ltr'><strong>hymno</strong></span> 
     </span>
    </p>
   </div>
   <div class='ocr_carea' id='block_1_75' title="bbox 294 5007 1870 5086">
    <p class='ocr_par' dir='ltr' id='par_1_75' title="bbox 294 5007 1870 5086">
     <span class='ocr_line' id='line_1_82' title="bbox 294 5007 1870 5086; baseline -0.003 -12"><span class='ocrx_word' id='word_1_590' title='bbox 294 5021 327 5074; x_wconf 72' lang='grc'><strong>4</strong></span> <span class='ocrx_word' id='word_1_591' title='bbox 348 5019 405 5075; x_wconf 85' lang='lat' dir='ltr'><strong>S.</strong></span> <span class='ocrx_word' id='word_1_592' title='bbox 440 5007 737 5079; x_wconf 60' lang='lat' dir='ltr'><strong>Ambrosii:</strong></span> <span class='ocrx_word' id='word_1_593' title='bbox 779 5024 911 5071; x_wconf 91' lang='lat' dir='ltr'><strong>tom.</strong></span> <span class='ocrx_word' id='word_1_594' title='bbox 942 5016 1006 5070; x_wconf 80' lang='grc' dir='ltr'><strong>ιν</strong></span> <span class='ocrx_word' id='word_1_595' title='bbox 1030 5032 1156 5086; x_wconf 89' lang='lat' dir='ltr'><strong>opp.</strong></span> <span class='ocrx_word' id='word_1_596' title='bbox 1189 5015 1321 5070; x_wconf 88' lang='lat' dir='ltr'><strong>edit.</strong></span> <span class='ocrx_word' id='word_1_597' title='bbox 1357 5007 1572 5086; x_wconf 66' lang='lat' dir='ltr'><strong>Veneta:</strong></span> <span class='ocrx_word' id='word_1_598' title='bbox 1598 5033 1685 5070; x_wconf 88' lang='lat' dir='ltr'><strong>an.</strong></span> <span class='ocrx_word' id='word_1_599' title='bbox 1712 5007 1870 5082; x_wconf 80' lang='grc'>1751,</span> 
     </span>
    </p>
   </div>
   <div class='ocr_carea' id='block_1_76' title="bbox 331 5085 1876 5158">
    <p class='ocr_par' dir='ltr' id='par_1_76' title="bbox 331 5085 1876 5158">
     <span class='ocr_line' id='line_1_83' title="bbox 331 5085 1876 5158; baseline -0.002 -14"><span class='ocrx_word' id='word_1_600' title='bbox 331 5106 415 5158; x_wconf 88' lang='lat' dir='ltr'><strong>ag.</strong></span> <span class='ocrx_word' id='word_1_601' title='bbox 467 5088 594 5154; x_wconf 76' lang='grc'>509,</span> <span class='ocrx_word' id='word_1_602' title='bbox 639 5102 799 5156; x_wconf 91' lang='lat' dir='ltr'><strong>quem</strong></span> <span class='ocrx_word' id='word_1_603' title='bbox 860 5085 1380 5158; x_wconf 31' lang='lat' dir='ltr'><strong>quidem’hymnum</strong></span> <span class='ocrx_word' id='word_1_604' title='bbox 1429 5085 1608 5140; x_wconf 91' lang='lat' dir='ltr'><strong>laudat</strong></span> <span class='ocrx_word' id='word_1_605' title='bbox 1653 5087 1708 5141; x_wconf 87' lang='lat' dir='ltr'><strong>S.</strong></span> <span class='ocrx_word' id='word_1_606' title='bbox 1759 5087 1876 5158; x_wconf 78' lang='lat' dir='ltr'><strong>Cte-</strong></span> 
     </span>
    </p>
   </div>
   <div class='ocr_carea' id='block_1_77' title="bbox 295 5108 1874 5226">
    <p class='ocr_par' dir='ltr' id='par_1_77' title="bbox 295 5108 1874 5226">
     <span class='ocr_line' id='line_1_84' title="bbox 331 5108 1874 5158; baseline -0.002 -14"><span class='ocrx_word' id='word_1_607' title='bbox 331 5108 415 5158; x_wconf 79' lang='lat' dir='ltr'><strong>ag.</strong></span> <span class='ocrx_word' id='word_1_608' title='bbox 468 5108 594 5154; x_wconf 67' lang='grc' dir='ltr'><strong>ουν,</strong></span> <span class='ocrx_word' id='word_1_609' title='bbox 639 5108 799 5156; x_wconf 78' lang='lat' dir='ltr'><strong>quem</strong></span> <span class='ocrx_word' id='word_1_610' title='bbox 860 5108 1078 5156; x_wconf 72' lang='lat' dir='ltr'><strong>(IUIUCIII</strong></span> <span class='ocrx_word' id='word_1_611' title='bbox 1124 5108 1380 5156; x_wconf 77' lang='lat' dir='ltr'><strong>llyllllllllll</strong></span> <span class='ocrx_word' id='word_1_612' title='bbox 1429 5108 1608 5140; x_wconf 80' lang='lat' dir='ltr'><strong>Iauuat</strong></span> <span class='ocrx_word' id='word_1_613' title='bbox 1653 5108 1708 5141; x_wconf 68' lang='grc' dir='ltr'><strong>ο.</strong></span> <span class='ocrx_word' id='word_1_614' title='bbox 1759 5108 1874 5142; x_wconf 70' lang='lat' dir='ltr'><strong>L403-</strong></span> 
     </span>
     <span class='ocr_line' id='line_1_85' title="bbox 295 5108 1874 5226; baseline -0.001 -12"><span class='ocrx_word' id='word_1_615' title='bbox 295 5108 523 5216; x_wconf 65' lang='lat' dir='ltr'><strong>restinus</strong></span> <span class='ocrx_word' id='word_1_616' title='bbox 570 5157 811 5226; x_wconf 83' lang='lat' dir='ltr'><strong>pontifex</strong></span> <span class='ocrx_word' id='word_1_617' title='bbox 856 5172 999 5210; x_wconf 85' lang='lat' dir='ltr'><strong>max.</strong></span> <span class='ocrx_word' id='word_1_618' title='bbox 1051 5156 1104 5210; x_wconf 88' lang='lat' dir='ltr'><strong>in</strong></span> <span class='ocrx_word' id='word_1_619' title='bbox 1132 5170 1476 5226; x_wconf 86' lang='lat' dir='ltr'><strong>eosermone</strong></span> <span class='ocrx_word' id='word_1_620' title='bbox 1500 5173 1659 5226; x_wconf 88' lang='lat' dir='ltr'><strong>quem</strong></span> <span class='ocrx_word' id='word_1_621' title='bbox 1689 5157 1874 5212; x_wconf 88' lang='lat' dir='ltr'><strong>habuit</strong></span> 
     </span>
    </p>
   </div>
   <div class='ocr_carea' id='block_1_78' title="bbox 295 5225 1873 5285">
    <p class='ocr_par' dir='ltr' id='par_1_78' title="bbox 295 5225 1873 5285">
     <span class='ocr_line' id='line_1_86' title="bbox 295 5225 1873 5285; baseline -0.002 0"><span class='ocrx_word' id='word_1_622' title='bbox 295 5233 348 5285; x_wconf 88' lang='lat' dir='ltr'><strong>iu</strong></span> <span class='ocrx_word' id='word_1_623' title='bbox 375 5225 608 5285; x_wconf 89' lang='lat' dir='ltr'><strong>concilio</strong></span> <span class='ocrx_word' id='word_1_624' title='bbox 639 5227 881 5281; x_wconf 74' lang='lat' dir='ltr'><strong>Rmnano</strong></span> <span class='ocrx_word' id='word_1_625' title='bbox 906 5226 1161 5281; x_wconf 89' lang='lat' dir='ltr'><strong>adversus</strong></span> <span class='ocrx_word' id='word_1_626' title='bbox 1182 5225 1410 5281; x_wconf 86' lang='lat' dir='ltr'><strong>Nestorii</strong></span> <span class='ocrx_word' id='word_1_627' title='bbox 1431 5225 1696 5281; x_wconf 66' lang='lat' dir='ltr'><strong>haeresim.</strong></span> <span class='ocrx_word' id='word_1_628' title='bbox 1728 5229 1873 5282; x_wconf 90' lang='lat' dir='ltr'><strong>Con-</strong></span> 
     </span>
    </p>
   </div>
   <div class='ocr_carea' id='block_1_79' title="bbox 295 5294 1868 5366">
    <p class='ocr_par' dir='ltr' id='par_1_79' title="bbox 295 5294 1868 5366">
     <span class='ocr_line' id='line_1_87' title="bbox 295 5294 1868 5366; baseline -0.001 -13"><span class='ocrx_word' id='word_1_629' title='bbox 295 5302 374 5360; x_wconf 86' lang='lat' dir='ltr'><strong>fer</strong></span> <span class='ocrx_word' id='word_1_630' title='bbox 403 5310 536 5354; x_wconf 88' lang='lat' dir='ltr'><strong>tom.</strong></span> <span class='ocrx_word' id='word_1_631' title='bbox 582 5295 859 5364; x_wconf 84' lang='lat' dir='ltr'><strong>lEpistol.</strong></span> <span class='ocrx_word' id='word_1_632' title='bbox 919 5294 1074 5366; x_wconf 69' lang='lat' dir='ltr'><strong>Rom.</strong></span> <span class='ocrx_word' id='word_1_633' title='bbox 1108 5296 1324 5366; x_wconf 77' lang='lat' dir='ltr'><strong>pontif.,</strong></span> <span class='ocrx_word' id='word_1_634' title='bbox 1354 5311 1476 5366; x_wconf 86' lang='lat' dir='ltr'><strong>pag.</strong></span> <span class='ocrx_word' id='word_1_635' title='bbox 1534 5297 1690 5366; x_wconf 81' lang='lat'><strong>1098,</strong></span> <span class='ocrx_word' id='word_1_636' title='bbox 1737 5297 1868 5353; x_wconf 89' lang='lat' dir='ltr'><strong>edit.</strong></span> 
     </span>
    </p>
   </div>
   <div class='ocr_carea' id='block_1_80' title="bbox 296 5363 1878 5439">
    <p class='ocr_par' dir='ltr' id='par_1_80' title="bbox 296 5363 1878 5439">
     <span class='ocr_line' id='line_1_88' title="bbox 296 5363 1878 5439; baseline -0.001 -16"><span class='ocrx_word' id='word_1_637' title='bbox 296 5368 465 5423; x_wconf 83' lang='lat' dir='ltr'><strong>Paris.</strong></span> <span class='ocrx_word' id='word_1_638' title='bbox 491 5363 792 5439; x_wconf 85' lang='lat' dir='ltr'><strong>Coustantii</strong></span> <span class='ocrx_word' id='word_1_639' title='bbox 817 5380 938 5439; x_wconf 82' lang='lat' dir='ltr'><strong>pag.</strong></span> <span class='ocrx_word' id='word_1_640' title='bbox 970 5363 1122 5418; x_wconf 60' lang='lat'><strong>17%|.</strong></span> <span class='ocrx_word' id='word_1_641' title='bbox 1145 5363 1263 5418; x_wconf 84' lang='lat' dir='ltr'><strong>Jam</strong></span> <span class='ocrx_word' id='word_1_642' title='bbox 1291 5363 1419 5439; x_wconf 68' lang='lat' dir='ltr'><strong>vero</strong></span> <span class='ocrx_word' id='word_1_643' title='bbox 1433 5363 1701 5439; x_wconf 58' lang='lat' dir='ltr'><strong>:Maximus</strong></span> <span class='ocrx_word' id='word_1_644' title='bbox 1721 5370 1878 5439; x_wconf 87' lang='lat' dir='ltr'><strong>genti-</strong></span> 
     </span>
    </p>
   </div>
   <div class='ocr_carea' id='block_1_81' title="bbox 297 5437 1874 5508">
    <p class='ocr_par' dir='ltr' id='par_1_81' title="bbox 297 5437 1874 5508">
     <span class='ocr_line' id='line_1_89' title="bbox 297 5437 1874 5508; baseline 0.001 -16"><span class='ocrx_word' id='word_1_645' title='bbox 297 5456 416 5492; x_wconf 88' lang='lat' dir='ltr'><strong>nam</strong></span> <span class='ocrx_word' id='word_1_646' title='bbox 446 5438 810 5502; x_wconf 83' lang='lat' dir='ltr'><strong>substantiam,</strong></span> <span class='ocrx_word' id='word_1_647' title='bbox 857 5437 960 5490; x_wconf 92' lang='lat' dir='ltr'><strong>hoc</strong></span> <span class='ocrx_word' id='word_1_648' title='bbox 979 5445 1062 5508; x_wconf 77' lang='lat' dir='ltr'><strong>est</strong></span> <span class='ocrx_word' id='word_1_649' title='bbox 1091 5443 1333 5488; x_wconf 91' lang='lat' dir='ltr'><strong>naturam</strong></span> <span class='ocrx_word' id='word_1_650' title='bbox 1357 5437 1410 5489; x_wconf 92' lang='lat' dir='ltr'><strong>in</strong></span> <span class='ocrx_word' id='word_1_651' title='bbox 1433 5437 1534 5508; x_wconf 87' lang='lat' dir='ltr'><strong>Dei</strong></span> <span class='ocrx_word' id='word_1_652' title='bbox 1559 5437 1874 5508; x_wconf 31' lang='lat' dir='ltr'><strong>Verbi‘per-</strong></span> 
     </span>
    </p>
   </div>
   <div class='ocr_carea' id='block_1_82' title="bbox 297 5505 1876 5578">
    <p class='ocr_par' dir='ltr' id='par_1_82' title="bbox 297 5505 1876 5578">
     <span class='ocr_line' id='line_1_90' title="bbox 297 5505 1876 5578; baseline 0 -14"><span class='ocrx_word' id='word_1_653' title='bbox 297 5525 428 5564; x_wconf 85' lang='lat' dir='ltr'><strong>sona</strong></span> <span class='ocrx_word' id='word_1_654' title='bbox 448 5515 856 5578; x_wconf 78' lang='lat' dir='ltr'><strong>commemorat,</strong></span> <span class='ocrx_word' id='word_1_655' title='bbox 880 5505 1023 5578; x_wconf 84' lang='lat' dir='ltr'><strong>quod</strong></span> <span class='ocrx_word' id='word_1_656' title='bbox 1046 5506 1218 5574; x_wconf 90' lang='lat' dir='ltr'><strong>ipsum</strong></span> <span class='ocrx_word' id='word_1_657' title='bbox 1240 5513 1326 5578; x_wconf 68' lang='lat' dir='ltr'><strong>est</strong></span> <span class='ocrx_word' id='word_1_658' title='bbox 1343 5507 1664 5578; x_wconf 66' lang='lat' dir='ltr'><strong>catholicum</strong></span> <span class='ocrx_word' id='word_1_659' title='bbox 1685 5505 1876 5578; x_wconf 78' lang='lat' dir='ltr'><strong>dogma</strong></span> 
     </span>
    </p>
   </div>
   <div class='ocr_carea' id='block_1_83' title="bbox 296 5574 1878 5650">
    <p class='ocr_par' dir='ltr' id='par_1_83' title="bbox 296 5574 1878 5650">
     <span class='ocr_line' id='line_1_91' title="bbox 296 5574 1878 5650; baseline 0.001 -18"><span class='ocrx_word' id='word_1_660' title='bbox 296 5580 364 5650; x_wconf 87' lang='lat' dir='ltr'><strong>ab</strong></span> <span class='ocrx_word' id='word_1_661' title='bbox 384 5577 687 5650; x_wconf 79' lang='lat' dir='ltr'><strong>apostolica</strong></span> <span class='ocrx_word' id='word_1_662' title='bbox 707 5574 838 5631; x_wconf 86' lang='lat' dir='ltr'><strong>sede</strong></span> <span class='ocrx_word' id='word_1_663' title='bbox 863 5577 1115 5650; x_wconf 84' lang='lat' dir='ltr'><strong>primum,</strong></span> <span class='ocrx_word' id='word_1_664' title='bbox 1142 5583 1267 5650; x_wconf 86' lang='lat' dir='ltr'><strong>tum_</strong></span> <span class='ocrx_word' id='word_1_665' title='bbox 1281 5575 1348 5629; x_wconf 90' lang='lat' dir='ltr'><strong>ab</strong></span> <span class='ocrx_word' id='word_1_666' title='bbox 1379 5575 1644 5650; x_wconf 76' lang='lat' dir='ltr'><strong>Ephesina</strong></span> <span class='ocrx_word' id='word_1_667' title='bbox 1673 5574 1878 5650; x_wconf 70' lang='lat' dir='ltr'><strong>synodo</strong></span> 
     </span>
    </p>
   </div>
   <div class='ocr_carea' id='block_1_84' title="bbox 296 5644 1872 5713">
    <p class='ocr_par' dir='ltr' id='par_1_84' title="bbox 296 5644 1872 5713">
     <span class='ocr_line' id='line_1_92' title="bbox 296 5644 1872 5713; baseline 0.001 -11"><span class='ocrx_word' id='word_1_668' title='bbox 296 5644 576 5702; x_wconf 76' lang='lat' dir='ltr'><strong>deﬁnitum</strong></span> <span class='ocrx_word' id='word_1_669' title='bbox 631 5654 821 5701; x_wconf 86' lang='lat' dir='ltr'><strong>contra</strong></span> <span class='ocrx_word' id='word_1_670' title='bbox 867 5644 1179 5700; x_wconf 69' lang='lat' dir='ltr'><strong>brereticum</strong></span> <span class='ocrx_word' id='word_1_671' title='bbox 1237 5644 1437 5713; x_wconf 83' lang='lat' dir='ltr'><strong>dogma</strong></span> <span class='ocrx_word' id='word_1_672' title='bbox 1477 5644 1872 5703; x_wconf 82' lang='lat' dir='ltr'><strong>Nestorianum.</strong></span> 
     </span>
    </p>
   </div>
   <div class='ocr_carea' id='block_1_85' title="bbox 296 5715 1901 5786">
    <p class='ocr_par' dir='ltr' id='par_1_85' title="bbox 296 5715 1901 5786">
     <span class='ocr_line' id='line_1_93' title="bbox 296 5715 1901 5786; baseline 0.001 -15"><span class='ocrx_word' id='word_1_673' title='bbox 296 5717 503 5786; x_wconf 83' lang='lat' dir='ltr'><strong>Eodem</strong></span> <span class='ocrx_word' id='word_1_674' title='bbox 527 5725 711 5786; x_wconf 64' lang='lat' dir='ltr'><strong>atque</strong></span> <span class='ocrx_word' id='word_1_675' title='bbox 751 5715 970 5772; x_wconf 82' lang='lat' dir='ltr'><strong>Maximi</strong></span> <span class='ocrx_word' id='word_1_676' title='bbox 991 5716 1236 5772; x_wconf 88' lang='lat' dir='ltr'><strong>doctrina</strong></span> <span class='ocrx_word' id='word_1_677' title='bbox 1260 5715 1528 5784; x_wconf 90' lang='lat' dir='ltr'><strong>recidunt,</strong></span> <span class='ocrx_word' id='word_1_678' title='bbox 1555 5732 1673 5786; x_wconf 74' lang='lat' dir='ltr'><strong>qum</strong></span> <span class='ocrx_word' id='word_1_679' title='bbox 1693 5719 1901 5774; x_wconf 86' lang='lat' dir='ltr'><strong>scribit.</strong></span> 
     </span>
    </p>
   </div>
   <div class='ocr_carea' id='block_1_86' title="bbox 296 5784 1880 5866">
    <p class='ocr_par' dir='ltr' id='par_1_86' title="bbox 296 5784 1880 5866">
     <span class='ocr_line' id='line_1_94' title="bbox 296 5784 1880 5866; baseline 0.002 -23"><span class='ocrx_word' id='word_1_680' title='bbox 296 5787 354 5858; x_wconf 69' lang='grc' dir='ltr'><strong>ὃ.</strong></span> <span class='ocrx_word' id='word_1_681' title='bbox 386 5785 497 5843; x_wconf 85' lang='lat' dir='ltr'><strong>Leo</strong></span> <span class='ocrx_word' id='word_1_682' title='bbox 525 5784 596 5845; x_wconf 72' lang='grc' dir='ltr'><strong>Μ.</strong></span> <span class='ocrx_word' id='word_1_683' title='bbox 626 5784 784 5844; x_wconf 60' lang='lat' dir='ltr'><strong>Serm.</strong></span> <span class='ocrx_word' id='word_1_684' title='bbox 811 5787 901 5854; x_wconf 81' lang='lat'><strong>20,</strong></span> <span class='ocrx_word' id='word_1_685' title='bbox 932 5789 1023 5858; x_wconf 90' lang='lat' dir='ltr'><strong>qui</strong></span> <span class='ocrx_word' id='word_1_686' title='bbox 1046 5794 1128 5866; x_wconf 85' lang='lat' dir='ltr'><strong>est</strong></span> <span class='ocrx_word' id='word_1_687' title='bbox 1149 5787 1355 5860; x_wconf 87' lang='lat' dir='ltr'><strong>primus</strong></span> <span class='ocrx_word' id='word_1_688' title='bbox 1372 5787 1441 5842; x_wconf 91' lang='lat' dir='ltr'><strong>de</strong></span> <span class='ocrx_word' id='word_1_689' title='bbox 1470 5784 1750 5845; x_wconf 84' lang='lat' dir='ltr'><strong>nativitate</strong></span> <span class='ocrx_word' id='word_1_690' title='bbox 1777 5790 1880 5846; x_wconf 88' lang='lat' dir='ltr'><strong>Do-</strong></span> 
     </span>
    </p>
   </div>
   <div class='ocr_carea' id='block_1_87' title="bbox 1897 3239 1945 3301">
    <p class='ocr_par' dir='ltr' id='par_1_87' title="bbox 1897 3239 1945 3301">
     <span class='ocr_line' id='line_1_95' title="bbox 1897 3239 1945 3301; baseline 0 0"><span class='ocrx_word' id='word_1_691' title='bbox 1897 3239 1945 3301; x_wconf 84' lang='lat' dir='ltr'><strong>C</strong></span> 
     </span>
    </p>
   </div>
   <div class='ocr_carea' id='block_1_88' title="bbox 1894 2496 3563 2620">
    <p class='ocr_par' dir='ltr' id='par_1_88' title="bbox 1894 2496 3563 2620">
     <span class='ocr_line' id='line_1_96' title="bbox 1894 2496 3563 2572; baseline -0.005 -15"><span class='ocrx_word' id='word_1_692' title='bbox 1894 2512 1970 2570; x_wconf 88' lang='grc' dir='ltr'><strong>ιο,</strong></span> <span class='ocrx_word' id='word_1_693' title='bbox 2015 2496 2354 2572; x_wconf 72' lang='lat' dir='ltr'><strong>perspicuum</strong></span> <span class='ocrx_word' id='word_1_694' title='bbox 2405 2503 2771 2557; x_wconf 91' lang='lat' dir='ltr'><strong>testimonium</strong></span> <span class='ocrx_word' id='word_1_695' title='bbox 2812 2496 3073 2572; x_wconf 71' lang='lat' dir='ltr'><strong>prmbent.</strong></span> <span class='ocrx_word' id='word_1_696' title='bbox 3121 2496 3215 2552; x_wconf 82' lang='lat' dir='ltr'><strong>His</strong></span> <span class='ocrx_word' id='word_1_697' title='bbox 3259 2499 3563 2564; x_wconf 90' lang='lat' dir='ltr'><strong>horumque</strong></span> 
     </span>
     <span class='ocr_line' id='line_1_97' title="bbox 1894 2566 3556 2620; baseline 0 0"><span class='ocrx_word' id='word_1_698' title='bbox 1894 2574 1942 2620; x_wconf 76' lang='lat' dir='ltr'><strong>R_</strong></span> <span class='ocrx_word' id='word_1_699' title='bbox 1975 2572 2332 2620; x_wconf 73' lang='lat' dir='ltr'><strong>Cnmheﬁsins</strong></span> <span class='ocrx_word' id='word_1_700' title='bbox 2363 2581 2498 2620; x_wconf 78' lang='lat' dir='ltr'><strong>tam-</strong></span> <span class='ocrx_word' id='word_1_701' title='bbox 2525 2572 2560 2620; x_wconf 60' lang='lat' dir='ltr'><strong>I,</strong></span> <span class='ocrx_word' id='word_1_702' title='bbox 2598 2587 2720 2620; x_wconf 71' lang='lat' dir='ltr'><strong>nan-</strong></span> <span class='ocrx_word' id='word_1_703' title='bbox 2748 2570 2872 2620; x_wconf 65' lang='lat'><strong>206-</strong></span> <span class='ocrx_word' id='word_1_704' title='bbox 2905 2570 3160 2620; x_wconf 87' lang='lat' dir='ltr'><strong>Cumdius</strong></span> <span class='ocrx_word' id='word_1_705' title='bbox 3189 2577 3319 2620; x_wconf 89' lang='lat' dir='ltr'><strong>tom.</strong></span> <span class='ocrx_word' id='word_1_706' title='bbox 3359 2566 3402 2620; x_wconf 86' lang='grc'>1.</span> <span class='ocrx_word' id='word_1_707' title='bbox 3430 2579 3556 2620; x_wconf 71' lang='lat' dir='ltr'><strong>Bal.</strong></span> 
     </span>
    </p>
   </div>
   <div class='ocr_carea' id='block_1_89' title="bbox 1141 2570 1873 2718">
    <p class='ocr_par' dir='ltr' id='par_1_89' title="bbox 1141 2570 1873 2713">
     <span class='ocr_line' id='line_1_98' title="bbox 1141 2570 1873 2642; baseline 0 -16"><span class='ocrx_word' id='word_1_708' title='bbox 1141 2586 1220 2640; x_wconf 86' lang='lat' dir='ltr'><strong>ag.</strong></span> <span class='ocrx_word' id='word_1_709' title='bbox 1254 2572 1340 2640; x_wconf 88' lang='lat'><strong>12,</strong></span> <span class='ocrx_word' id='word_1_710' title='bbox 1365 2571 1668 2640; x_wconf 84' lang='lat' dir='ltr'><strong>Galesiuius</strong></span> <span class='ocrx_word' id='word_1_711' title='bbox 1699 2587 1819 2642; x_wconf 87' lang='lat' dir='ltr'><strong>pag.</strong></span> <span class='ocrx_word' id='word_1_712' title='bbox 1853 2570 1873 2627; x_wconf 75' lang='grc' dir='ltr'>ξ</span> 
     </span>
     <span class='ocr_line' id='line_1_99' title="bbox 1141 2643 1867 2713; baseline 0.001 -16"><span class='ocrx_word' id='word_1_713' title='bbox 1141 2645 1424 2712; x_wconf 86' lang='lat' dir='ltr'><strong>argarinus</strong></span> <span class='ocrx_word' id='word_1_714' title='bbox 1442 2643 1570 2698; x_wconf 90' lang='lat' dir='ltr'><strong>edit.</strong></span> <span class='ocrx_word' id='word_1_715' title='bbox 1602 2643 1772 2713; x_wconf 86' lang='lat' dir='ltr'><strong>Lugd.</strong></span> <span class='ocrx_word' id='word_1_716' title='bbox 1799 2660 1867 2698; x_wconf 89' lang='lat' dir='ltr'><strong>an</strong></span> 
     </span>
    </p>
   </div>
   <div class='ocr_carea' id='block_1_90' title="bbox 1973 2570 3561 2718">
    <p class='ocr_par' dir='ltr' id='par_1_90' title="bbox 1973 2570 3561 2718">
     <span class='ocr_line' id='line_1_100' title="bbox 1975 2570 3556 2644; baseline -0.005 -17"><span class='ocrx_word' id='word_1_717' title='bbox 1975 2570 2332 2628; x_wconf 82' lang='lat' dir='ltr'><strong>Combefisius</strong></span> <span class='ocrx_word' id='word_1_718' title='bbox 2363 2581 2498 2630; x_wconf 92' lang='lat' dir='ltr'><strong>tom.</strong></span> <span class='ocrx_word' id='word_1_719' title='bbox 2525 2572 2564 2639; x_wconf 93' lang='lat' dir='ltr'><strong>l,</strong></span> <span class='ocrx_word' id='word_1_720' title='bbox 2598 2587 2720 2644; x_wconf 90' lang='lat' dir='ltr'><strong>pag.</strong></span> <span class='ocrx_word' id='word_1_721' title='bbox 2748 2570 2874 2638; x_wconf 75' lang='lat'><strong>206,</strong></span> <span class='ocrx_word' id='word_1_722' title='bbox 2905 2570 3160 2625; x_wconf 91' lang='lat' dir='ltr'><strong>Cumdius</strong></span> <span class='ocrx_word' id='word_1_723' title='bbox 3189 2577 3319 2621; x_wconf 90' lang='lat' dir='ltr'><strong>tom.</strong></span> <span class='ocrx_word' id='word_1_724' title='bbox 3359 2570 3402 2632; x_wconf 90' lang='grc'><strong>1,</strong></span> <span class='ocrx_word' id='word_1_725' title='bbox 3430 2579 3556 2636; x_wconf 91' lang='lat' dir='ltr'><strong>pag.</strong></span> 
     </span>
     <span class='ocr_line' id='line_1_101' title="bbox 1973 2635 3561 2718; baseline -0.006 -21"><span class='ocrx_word' id='word_1_726' title='bbox 1973 2644 2059 2710; x_wconf 89' lang='lat'><strong>77,</strong></span> <span class='ocrx_word' id='word_1_727' title='bbox 2079 2654 2208 2699; x_wconf 92' lang='lat' dir='ltr'><strong>tom.</strong></span> <span class='ocrx_word' id='word_1_728' title='bbox 2228 2660 2302 2711; x_wconf 83' lang='lat' dir='ltr'><strong>vt,</strong></span> <span class='ocrx_word' id='word_1_729' title='bbox 2325 2658 2446 2718; x_wconf 57' lang='lat' dir='ltr'><strong>pag,r</strong></span> <span class='ocrx_word' id='word_1_730' title='bbox 2479 2643 2532 2709; x_wconf 83' lang='lat'><strong>1,</strong></span> <span class='ocrx_word' id='word_1_731' title='bbox 2561 2645 2699 2700; x_wconf 91' lang='lat' dir='ltr'><strong>hanc</strong></span> <span class='ocrx_word' id='word_1_732' title='bbox 2720 2643 2945 2713; x_wconf 88' lang='lat' dir='ltr'><strong>primam</strong></span> <span class='ocrx_word' id='word_1_733' title='bbox 2975 2639 3316 2696; x_wconf 88' lang='lat' dir='ltr'><strong>homiliarum</strong></span> <span class='ocrx_word' id='word_1_734' title='bbox 3343 2635 3561 2690; x_wconf 78' lang='lat' dir='ltr'><strong>Maximi</strong></span> 
     </span>
    </p>
   </div>
   <div class='ocr_carea' id='block_1_91' title="bbox 1982 2815 3562 2894">
    <p class='ocr_par' dir='ltr' id='par_1_91' title="bbox 1982 2815 3562 2894">
     <span class='ocr_line' id='line_1_102' title="bbox 1982 2815 3562 2894; baseline -0.006 -16"><span class='ocrx_word' id='word_1_735' title='bbox 1982 2824 2069 2878; x_wconf 82' lang='lat' dir='ltr'><strong>Ait</strong></span> <span class='ocrx_word' id='word_1_736' title='bbox 2097 2824 2154 2879; x_wconf 91' lang='lat' dir='ltr'><strong>S.</strong></span> <span class='ocrx_word' id='word_1_737' title='bbox 2196 2823 2447 2881; x_wconf 87' lang='lat' dir='ltr'><strong>Habacue</strong></span> <span class='ocrx_word' id='word_1_738' title='bbox 2478 2824 2741 2894; x_wconf 88' lang='lat' dir='ltr'><strong>propheta</strong></span> <span class='ocrx_word' id='word_1_739' title='bbox 2772 2821 2922 2894; x_wconf 86' lang='lat' dir='ltr'><strong>(Cap.</strong></span> <span class='ocrx_word' id='word_1_740' title='bbox 2958 2822 3036 2890; x_wconf 83' lang='lat' dir='ltr'><strong>Ill)</strong></span> <span class='ocrx_word' id='word_1_741' title='bbox 3071 2837 3083 2872; x_wconf 88' lang='lat'><strong>:</strong></span> <span class='ocrx_word' id='word_1_742' title='bbox 3117 2817 3354 2880; x_wconf 83' lang='lat' dir='ltr'><strong>Donune,</strong></span> <span class='ocrx_word' id='word_1_743' title='bbox 3385 2815 3562 2869; x_wconf 81' lang='lat' dir='ltr'><strong>audiui</strong></span> 
     </span>
    </p>
   </div>
   <div class='ocr_carea' id='block_1_92' title="bbox 1972 2909 3564 2981">
    <p class='ocr_par' dir='ltr' id='par_1_92' title="bbox 1972 2909 3564 2981">
     <span class='ocr_line' id='line_1_103' title="bbox 1972 2909 3564 2981; baseline -0.006 -15"><span class='ocrx_word' id='word_1_744' title='bbox 1972 2914 2289 2968; x_wconf 82' lang='lat' dir='ltr'><strong>auditionem</strong></span> <span class='ocrx_word' id='word_1_745' title='bbox 2333 2923 2494 2981; x_wconf 89' lang='lat' dir='ltr'><strong>tuam,</strong></span> <span class='ocrx_word' id='word_1_746' title='bbox 2535 2922 2582 2966; x_wconf 89' lang='lat' dir='ltr'><strong>et</strong></span> <span class='ocrx_word' id='word_1_747' title='bbox 2610 2913 2786 2976; x_wconf 80' lang='lat' dir='ltr'><strong>timui;</strong></span> <span class='ocrx_word' id='word_1_748' title='bbox 2833 2909 3156 2965; x_wconf 81' lang='lat' dir='ltr'><strong>consideravi</strong></span> <span class='ocrx_word' id='word_1_749' title='bbox 3184 2924 3341 2978; x_wconf 88' lang='lat' dir='ltr'><strong>opera</strong></span> <span class='ocrx_word' id='word_1_750' title='bbox 3371 2914 3482 2971; x_wconf 87' lang='lat' dir='ltr'><strong>tua,</strong></span> <span class='ocrx_word' id='word_1_751' title='bbox 3511 2912 3564 2958; x_wconf 86' lang='lat' dir='ltr'><strong>et</strong></span> 
     </span>
    </p>
   </div>
   <div class='ocr_carea' id='block_1_93' title="bbox 1973 2999 3560 3079">
    <p class='ocr_par' dir='ltr' id='par_1_93' title="bbox 1973 2999 3560 3079">
     <span class='ocr_line' id='line_1_104' title="bbox 1973 2999 3560 3079; baseline -0.005 -19"><span class='ocrx_word' id='word_1_752' title='bbox 1973 3010 2178 3079; x_wconf 73' lang='lat' dir='ltr'><strong>expavi.</strong></span> <span class='ocrx_word' id='word_1_753' title='bbox 2211 3008 2342 3074; x_wconf 86' lang='lat' dir='ltr'><strong>Quis</strong></span> <span class='ocrx_word' id='word_1_754' title='bbox 2371 3023 2479 3062; x_wconf 94' lang='lat' dir='ltr'><strong>non</strong></span> <span class='ocrx_word' id='word_1_755' title='bbox 2511 3014 2833 3076; x_wconf 87' lang='lat' dir='ltr'><strong>expavescat</strong></span> <span class='ocrx_word' id='word_1_756' title='bbox 2861 3013 2917 3060; x_wconf 88' lang='lat' dir='ltr'><strong>et</strong></span> <span class='ocrx_word' id='word_1_757' title='bbox 2944 3011 3148 3066; x_wconf 89' lang='lat' dir='ltr'><strong>metuat</strong></span> <span class='ocrx_word' id='word_1_758' title='bbox 3176 3001 3311 3074; x_wconf 70' lang='lat' dir='ltr'><strong>tanti</strong></span> <span class='ocrx_word' id='word_1_759' title='bbox 3337 2999 3560 3070; x_wconf 86' lang='lat' dir='ltr'><strong>profun-</strong></span> 
     </span>
    </p>
   </div>
   <div class='ocr_carea' id='block_1_94' title="bbox 1973 3091 3561 3171">
    <p class='ocr_par' dir='ltr' id='par_1_94' title="bbox 1973 3091 3561 3171">
     <span class='ocr_line' id='line_1_105' title="bbox 1973 3091 3561 3171; baseline -0.004 -18"><span class='ocrx_word' id='word_1_760' title='bbox 1973 3098 2201 3154; x_wconf 88' lang='lat' dir='ltr'><strong>ditatem</strong></span> <span class='ocrx_word' id='word_1_761' title='bbox 2231 3100 2490 3171; x_wconf 86' lang='lat' dir='ltr'><strong>mysterii,</strong></span> <span class='ocrx_word' id='word_1_762' title='bbox 2523 3097 2960 3170; x_wconf 89' lang='lat' dir='ltr'><strong>quandoquidem</strong></span> <span class='ocrx_word' id='word_1_763' title='bbox 2987 3111 3126 3151; x_wconf 90' lang='lat' dir='ltr'><strong>unus</strong></span> <span class='ocrx_word' id='word_1_764' title='bbox 3165 3092 3414 3163; x_wconf 86' lang='lat' dir='ltr'><strong>idemque</strong></span> <span class='ocrx_word' id='word_1_765' title='bbox 3456 3091 3561 3163; x_wconf 70' lang='grc'><strong>27</strong></span> 
     </span>
    </p>
   </div>
   <div class='ocr_carea' id='block_1_95' title="bbox 1974 3189 3563 3265">
    <p class='ocr_par' dir='ltr' id='par_1_95' title="bbox 1974 3189 3563 3265">
     <span class='ocr_line' id='line_1_106' title="bbox 1974 3189 3563 3265; baseline -0.003 -17"><span class='ocrx_word' id='word_1_766' title='bbox 1974 3193 2092 3249; x_wconf 92' lang='lat' dir='ltr'><strong>sine</strong></span> <span class='ocrx_word' id='word_1_767' title='bbox 2118 3195 2475 3265; x_wconf 80' lang='lat' dir='ltr'><strong>conceptione</strong></span> <span class='ocrx_word' id='word_1_768' title='bbox 2503 3197 2660 3248; x_wconf 83' lang='lat' dir='ltr'><strong>natus</strong></span> <span class='ocrx_word' id='word_1_769' title='bbox 2706 3201 2789 3248; x_wconf 90' lang='lat' dir='ltr'><strong>est</strong></span> <span class='ocrx_word' id='word_1_770' title='bbox 2830 3192 2994 3259; x_wconf 88' lang='lat' dir='ltr'><strong>Deus,</strong></span> <span class='ocrx_word' id='word_1_771' title='bbox 3045 3199 3070 3230; x_wconf 76' lang='grc' dir='ltr'>ι</span> <span class='ocrx_word' id='word_1_772' title='bbox 3098 3198 3154 3246; x_wconf 86' lang='lat' dir='ltr'><strong>et</strong></span> <span class='ocrx_word' id='word_1_773' title='bbox 3180 3189 3299 3246; x_wconf 89' lang='lat' dir='ltr'><strong>sine</strong></span> <span class='ocrx_word' id='word_1_774' title='bbox 3340 3196 3563 3244; x_wconf 87' lang='lat' dir='ltr'><strong>creante</strong></span> 
     </span>
    </p>
   </div>
   <div class='ocr_carea' id='block_1_96' title="bbox 1974 3279 3563 3350">
    <p class='ocr_par' dir='ltr' id='par_1_96' title="bbox 1974 3279 3563 3350">
     <span class='ocr_line' id='line_1_107' title="bbox 1974 3279 3563 3350; baseline -0.003 -14"><span class='ocrx_word' id='word_1_775' title='bbox 1974 3283 2150 3340; x_wconf 85' lang='lat' dir='ltr'><strong>factus</strong></span> <span class='ocrx_word' id='word_1_776' title='bbox 2181 3292 2266 3338; x_wconf 89' lang='lat' dir='ltr'><strong>est</strong></span> <span class='ocrx_word' id='word_1_777' title='bbox 2293 3285 2493 3349; x_wconf 48' lang='lat' dir='ltr'><strong>homo.,</strong></span> <span class='ocrx_word' id='word_1_778' title='bbox 2513 3283 2653 3337; x_wconf 89' lang='lat' dir='ltr'><strong>Duas</strong></span> <span class='ocrx_word' id='word_1_779' title='bbox 2682 3284 2736 3338; x_wconf 91' lang='lat' dir='ltr'><strong>in</strong></span> <span class='ocrx_word' id='word_1_780' title='bbox 2771 3281 2988 3338; x_wconf 88' lang='lat' dir='ltr'><strong>Christo</strong></span> <span class='ocrx_word' id='word_1_781' title='bbox 3016 3281 3397 3350; x_wconf 87' lang='lat' dir='ltr'><strong>generationes</strong></span> <span class='ocrx_word' id='word_1_782' title='bbox 3437 3279 3563 3347; x_wconf 58' lang='lat' dir='ltr'><strong>logie</strong></span> 
     </span>
    </p>
   </div>
   <div class='ocr_carea' id='block_1_97' title="bbox 1977 3367 3564 3442">
    <p class='ocr_par' dir='ltr' id='par_1_97' title="bbox 1977 3367 3564 3442">
     <span class='ocr_line' id='line_1_108' title="bbox 1977 3367 3564 3442; baseline -0.005 -14"><span class='ocrx_word' id='word_1_783' title='bbox 1977 3391 2118 3442; x_wconf 91' lang='lat' dir='ltr'><strong>mus,</strong></span> <span class='ocrx_word' id='word_1_784' title='bbox 2144 3375 2338 3428; x_wconf 89' lang='lat' dir='ltr'><strong>fratres</strong></span> <span class='ocrx_word' id='word_1_785' title='bbox 2371 3373 2654 3439; x_wconf 86' lang='lat' dir='ltr'><strong>carissimi,</strong></span> <span class='ocrx_word' id='word_1_786' title='bbox 2682 3371 2781 3427; x_wconf 88' lang='lat' dir='ltr'><strong>sed</strong></span> <span class='ocrx_word' id='word_1_787' title='bbox 2815 3373 2870 3426; x_wconf 93' lang='lat' dir='ltr'><strong>in</strong></span> <span class='ocrx_word' id='word_1_788' title='bbox 2893 3379 3123 3441; x_wconf 89' lang='lat' dir='ltr'><strong>utraque</strong></span> <span class='ocrx_word' id='word_1_789' title='bbox 3146 3367 3564 3438; x_wconf 82' lang='lat' dir='ltr'><strong>incomprehen-</strong></span> 
     </span>
    </p>
   </div>
   <div class='ocr_carea' id='block_1_98' title="bbox 1979 3462 3566 3532">
    <p class='ocr_par' dir='ltr' id='par_1_98' title="bbox 1979 3462 3566 3532">
     <span class='ocr_line' id='line_1_109' title="bbox 1979 3462 3566 3532; baseline -0.003 -8"><span class='ocrx_word' id='word_1_790' title='bbox 1979 3485 2051 3524; x_wconf 67' lang='lat' dir='ltr'><strong>sa:</strong></span> <span class='ocrx_word' id='word_1_791' title='bbox 2081 3469 2379 3525; x_wconf 86' lang='lat' dir='ltr'><strong>divinitatis</strong></span> <span class='ocrx_word' id='word_1_792' title='bbox 2407 3475 2491 3522; x_wconf 92' lang='lat' dir='ltr'><strong>est</strong></span> <span class='ocrx_word' id='word_1_793' title='bbox 2512 3467 2700 3522; x_wconf 90' lang='lat' dir='ltr'><strong>virtus.</strong></span> <span class='ocrx_word' id='word_1_794' title='bbox 2728 3465 2805 3520; x_wconf 88' lang='lat' dir='ltr'><strong>lbi</strong></span> <span class='ocrx_word' id='word_1_795' title='bbox 2831 3467 2976 3521; x_wconf 90' lang='lat' dir='ltr'><strong>enim</strong></span> <span class='ocrx_word' id='word_1_796' title='bbox 3005 3465 3152 3520; x_wconf 92' lang='lat' dir='ltr'><strong>illum</strong></span> <span class='ocrx_word' id='word_1_797' title='bbox 3174 3479 3242 3523; x_wconf 83' lang='lat' dir='ltr'><strong>ex</strong></span> <span class='ocrx_word' id='word_1_798' title='bbox 3269 3462 3566 3532; x_wconf 86' lang='lat' dir='ltr'><strong>semetipso</strong></span> 
     </span>
    </p>
   </div>
   <div class='ocr_carea' id='block_1_99' title="bbox 1978 3557 3568 3635">
    <p class='ocr_par' dir='ltr' id='par_1_99' title="bbox 1978 3557 3568 3635">
     <span class='ocr_line' id='line_1_110' title="bbox 1978 3557 3568 3635; baseline -0.004 -17"><span class='ocrx_word' id='word_1_799' title='bbox 1978 3561 2330 3635; x_wconf 88' lang='lat' dir='ltr'><strong>genuit_Deus</strong></span> <span class='ocrx_word' id='word_1_800' title='bbox 2363 3580 2375 3614; x_wconf 91' lang='lat'><strong>:</strong></span> <span class='ocrx_word' id='word_1_801' title='bbox 2409 3561 2496 3615; x_wconf 92' lang='lat' dir='ltr'><strong>hic</strong></span> <span class='ocrx_word' id='word_1_802' title='bbox 2517 3576 2640 3616; x_wconf 90' lang='lat' dir='ltr'><strong>eum</strong></span> <span class='ocrx_word' id='word_1_803' title='bbox 2672 3560 2823 3626; x_wconf 89' lang='lat' dir='ltr'><strong>virgo</strong></span> <span class='ocrx_word' id='word_1_804' title='bbox 2861 3559 2972 3614; x_wconf 91' lang='lat' dir='ltr'><strong>Deo</strong></span> <span class='ocrx_word' id='word_1_805' title='bbox 3000 3557 3028 3596; x_wconf 72' lang='grc' dir='ltr'>δ</span> <span class='ocrx_word' id='word_1_806' title='bbox 3070 3565 3330 3627; x_wconf 86' lang='lat' dir='ltr'><strong>operante</strong></span> <span class='ocrx_word' id='word_1_807' title='bbox 3368 3570 3568 3612; x_wconf 85' lang='lat' dir='ltr'><strong>conce-</strong></span> 
     </span>
    </p>
   </div>
   <div class='ocr_carea' id='block_1_100' title="bbox 1981 3645 3566 3724">
    <p class='ocr_par' dir='ltr' id='par_1_100' title="bbox 1981 3645 3566 3724">
     <span class='ocr_line' id='line_1_111' title="bbox 1981 3645 3566 3724; baseline -0.004 -17"><span class='ocrx_word' id='word_1_808' title='bbox 1981 3655 2078 3724; x_wconf 90' lang='lat' dir='ltr'><strong>pit.</strong></span> <span class='ocrx_word' id='word_1_809' title='bbox 2117 3653 2191 3709; x_wconf 88' lang='lat' dir='ltr'><strong>lbi</strong></span> <span class='ocrx_word' id='word_1_810' title='bbox 2234 3653 2351 3707; x_wconf 86' lang='lat' dir='ltr'><strong>sine</strong></span> <span class='ocrx_word' id='word_1_811' title='bbox 2390 3651 2567 3718; x_wconf 90' lang='lat' dir='ltr'><strong>initio,</strong></span> <span class='ocrx_word' id='word_1_812' title='bbox 2598 3650 2685 3705; x_wconf 91' lang='lat' dir='ltr'><strong>hic</strong></span> <span class='ocrx_word' id='word_1_813' title='bbox 2729 3649 2847 3705; x_wconf 89' lang='lat' dir='ltr'><strong>sine</strong></span> <span class='ocrx_word' id='word_1_814' title='bbox 2887 3647 3159 3718; x_wconf 89' lang='lat' dir='ltr'><strong>exemplo.</strong></span> <span class='ocrx_word' id='word_1_815' title='bbox 3189 3645 3266 3702; x_wconf 84' lang='lat' dir='ltr'><strong>lbi</strong></span> <span class='ocrx_word' id='word_1_816' title='bbox 3305 3653 3466 3702; x_wconf 86' lang='lat' dir='ltr'><strong>natus</strong></span> <span class='ocrx_word' id='word_1_817' title='bbox 3504 3653 3566 3702; x_wconf 78' lang='lat' dir='ltr'><strong>ut</strong></span> 
     </span>
    </p>
   </div>
   <div class='ocr_carea' id='block_1_101' title="bbox 1978 3738 3564 3809">
    <p class='ocr_par' dir='ltr' id='par_1_101' title="bbox 1978 3738 3564 3809">
     <span class='ocr_line' id='line_1_112' title="bbox 1978 3738 3564 3809; baseline -0.003 -9"><span class='ocrx_word' id='word_1_818' title='bbox 1978 3745 2239 3800; x_wconf 81' lang='lat' dir='ltr'><strong>conderet</strong></span> <span class='ocrx_word' id='word_1_819' title='bbox 2282 3746 2467 3809; x_wconf 85' lang='lat' dir='ltr'><strong>vitam,</strong></span> <span class='ocrx_word' id='word_1_820' title='bbox 2510 3744 2598 3798; x_wconf 85' lang='lat' dir='ltr'><strong>hic</strong></span> <span class='ocrx_word' id='word_1_821' title='bbox 2634 3743 2804 3798; x_wconf 85' lang='lat' dir='ltr'><strong>factus</strong></span> <span class='ocrx_word' id='word_1_822' title='bbox 2844 3751 2902 3796; x_wconf 90' lang='lat' dir='ltr'><strong>ut</strong></span> <span class='ocrx_word' id='word_1_823' title='bbox 2943 3741 3161 3796; x_wconf 89' lang='lat' dir='ltr'><strong>tolleret</strong></span> <span class='ocrx_word' id='word_1_824' title='bbox 3193 3749 3444 3796; x_wconf 89' lang='lat' dir='ltr'><strong>mortem.</strong></span> <span class='ocrx_word' id='word_1_825' title='bbox 3483 3738 3564 3796; x_wconf 84' lang='lat' dir='ltr'><strong>ibi</strong></span> 
     </span>
    </p>
   </div>
   <div class='ocr_carea' id='block_1_102' title="bbox 1982 3830 3564 3904">
    <p class='ocr_par' dir='ltr' id='par_1_102' title="bbox 1982 3830 3564 3904">
     <span class='ocr_line' id='line_1_113' title="bbox 1982 3830 3564 3904; baseline -0.002 -14"><span class='ocrx_word' id='word_1_826' title='bbox 1982 3835 2126 3892; x_wconf 87' lang='lat' dir='ltr'><strong>Patri</strong></span> <span class='ocrx_word' id='word_1_827' title='bbox 2155 3845 2334 3904; x_wconf 91' lang='lat' dir='ltr'><strong>natus,</strong></span> <span class='ocrx_word' id='word_1_828' title='bbox 2360 3835 2449 3891; x_wconf 89' lang='lat' dir='ltr'><strong>hic</strong></span> <span class='ocrx_word' id='word_1_829' title='bbox 2468 3833 2774 3888; x_wconf 80' lang='lat' dir='ltr'><strong>hominibus</strong></span> <span class='ocrx_word' id='word_1_830' title='bbox 2798 3839 3130 3904; x_wconf 88' lang='lat' dir='ltr'><strong>procreatus.</strong></span> <span class='ocrx_word' id='word_1_831' title='bbox 3154 3830 3248 3886; x_wconf 80' lang='lat' dir='ltr'><strong>illa</strong></span> <span class='ocrx_word' id='word_1_832' title='bbox 3277 3831 3564 3887; x_wconf 83' lang='lat' dir='ltr'><strong>nativitate</strong></span> 
     </span>
    </p>
   </div>
   <div class='ocr_carea' id='block_1_103' title="bbox 1979 3926 3561 3998">
    <p class='ocr_par' dir='ltr' id='par_1_103' title="bbox 1979 3926 3561 3998">
     <span class='ocr_line' id='line_1_114' title="bbox 1979 3926 3561 3998; baseline -0.003 -12"><span class='ocrx_word' id='word_1_833' title='bbox 1979 3932 2252 3987; x_wconf 89' lang='lat' dir='ltr'><strong>hominem</strong></span> <span class='ocrx_word' id='word_1_834' title='bbox 2281 3930 2428 3998; x_wconf 85' lang='lat' dir='ltr'><strong>fecit,</strong></span> <span class='ocrx_word' id='word_1_835' title='bbox 2467 3930 2568 3984; x_wconf 91' lang='lat' dir='ltr'><strong>hac</strong></span> <span class='ocrx_word' id='word_1_836' title='bbox 2596 3929 2943 3998; x_wconf 90' lang='lat' dir='ltr'><strong>generatione</strong></span> <span class='ocrx_word' id='word_1_837' title='bbox 2972 3926 3246 3982; x_wconf 87' lang='lat' dir='ltr'><strong>hominem</strong></span> <span class='ocrx_word' id='word_1_838' title='bbox 3277 3927 3561 3994; x_wconf 88' lang='lat' dir='ltr'><strong>liberavit;</strong></span> 
     </span>
    </p>
   </div>
   <div class='ocr_carea' id='block_1_104' title="bbox 1979 4020 3563 4092">
    <p class='ocr_par' dir='ltr' id='par_1_104' title="bbox 1979 4020 3563 4092">
     <span class='ocr_line' id='line_1_115' title="bbox 1979 4020 3563 4092; baseline -0.001 -15"><span class='ocrx_word' id='word_1_839' title='bbox 1979 4033 2283 4092; x_wconf 88' lang='lat' dir='ltr'><strong>utramque,</strong></span> <span class='ocrx_word' id='word_1_840' title='bbox 2304 4022 2515 4088; x_wconf 86' lang='lat' dir='ltr'><strong>fratres,</strong></span> <span class='ocrx_word' id='word_1_841' title='bbox 2545 4020 2951 4089; x_wconf 90' lang='lat' dir='ltr'><strong>generationem</strong></span> <span class='ocrx_word' id='word_1_842' title='bbox 2973 4020 3091 4088; x_wconf 90' lang='lat' dir='ltr'><strong>ejus</strong></span> <span class='ocrx_word' id='word_1_843' title='bbox 3114 4035 3223 4075; x_wconf 91' lang='lat' dir='ltr'><strong>non</strong></span> <span class='ocrx_word' id='word_1_844' title='bbox 3250 4034 3411 4090; x_wconf 89' lang='lat' dir='ltr'><strong>posse</strong></span> <span class='ocrx_word' id='word_1_845' title='bbox 3433 4034 3563 4075; x_wconf 87' lang='lat' dir='ltr'><strong>nar-</strong></span> 
     </span>
    </p>
   </div>
   <div class='ocr_carea' id='block_1_105' title="bbox 1978 4099 3565 4188">
    <p class='ocr_par' dir='ltr' id='par_1_105' title="bbox 1978 4099 3565 4188">
     <span class='ocr_line' id='line_1_116' title="bbox 1978 4099 3565 4188; baseline 0 -22"><span class='ocrx_word' id='word_1_846' title='bbox 1978 4113 2084 4166; x_wconf 86' lang='lat' dir='ltr'><strong>rari</strong></span> <span class='ocrx_word' id='word_1_847' title='bbox 2103 4099 2381 4167; x_wconf 81' lang='lat' dir='ltr'><strong>sententia</strong></span> <span class='ocrx_word' id='word_1_848' title='bbox 2423 4111 2536 4188; x_wconf 77' lang='lat' dir='ltr'><strong>hzec</strong></span> <span class='ocrx_word' id='word_1_849' title='bbox 2578 4125 2684 4164; x_wconf 91' lang='lat' dir='ltr'><strong>una</strong></span> <span class='ocrx_word' id='word_1_850' title='bbox 2721 4109 3116 4180; x_wconf 88' lang='lat' dir='ltr'><strong>complectitur.</strong></span> <span class='ocrx_word' id='word_1_851' title='bbox 3159 4109 3251 4164; x_wconf 93' lang='lat' dir='ltr'><strong>llla</strong></span> <span class='ocrx_word' id='word_1_852' title='bbox 3293 4111 3437 4165; x_wconf 91' lang='lat' dir='ltr'><strong>enim</strong></span> <span class='ocrx_word' id='word_1_853' title='bbox 3479 4118 3565 4166; x_wconf 85' lang='lat' dir='ltr'><strong>est</strong></span> 
     </span>
    </p>
   </div>
   <div class='ocr_carea' id='block_1_106' title="bbox 1977 4200 3562 4271">
    <p class='ocr_par' dir='ltr' id='par_1_106' title="bbox 1977 4200 3562 4271">
     <span class='ocr_line' id='line_1_117' title="bbox 1977 4200 3562 4271; baseline 0.001 -15"><span class='ocrx_word' id='word_1_854' title='bbox 1977 4211 2102 4256; x_wconf 87' lang='lat' dir='ltr'><strong>ante</strong></span> <span class='ocrx_word' id='word_1_855' title='bbox 2125 4203 2419 4269; x_wconf 89' lang='lat' dir='ltr'><strong>hominem,</strong></span> <span class='ocrx_word' id='word_1_856' title='bbox 2446 4202 2546 4256; x_wconf 92' lang='lat' dir='ltr'><strong>ista</strong></span> <span class='ocrx_word' id='word_1_857' title='bbox 2570 4216 2731 4271; x_wconf 90' lang='lat' dir='ltr'><strong>supra</strong></span> <span class='ocrx_word' id='word_1_858' title='bbox 2746 4201 3040 4256; x_wconf 89' lang='lat' dir='ltr'><strong>hominem.</strong></span> <span class='ocrx_word' id='word_1_859' title='bbox 3064 4200 3158 4254; x_wconf 85' lang='lat' dir='ltr'><strong>Illa</strong></span> <span class='ocrx_word' id='word_1_860' title='bbox 3182 4200 3562 4270; x_wconf 85' lang='lat' dir='ltr'><strong>incogitabilis,</strong></span> 
     </span>
    </p>
   </div>
   <div class='ocr_carea' id='block_1_107' title="bbox 1976 4289 3564 4350">
    <p class='ocr_par' dir='ltr' id='par_1_107' title="bbox 1976 4289 3564 4350">
     <span class='ocr_line' id='line_1_118' title="bbox 1976 4289 3564 4350; baseline -0.001 -2"><span class='ocrx_word' id='word_1_861' title='bbox 1976 4294 2076 4348; x_wconf 83' lang='lat' dir='ltr'><strong>ista</strong></span> <span class='ocrx_word' id='word_1_862' title='bbox 2107 4294 2385 4350; x_wconf 86' lang='lat' dir='ltr'><strong>mirabilis.</strong></span> <span class='ocrx_word' id='word_1_863' title='bbox 2418 4291 2549 4346; x_wconf 93' lang='lat' dir='ltr'><strong>Cum</strong></span> <span class='ocrx_word' id='word_1_864' title='bbox 2578 4301 2756 4347; x_wconf 90' lang='lat' dir='ltr'><strong>autem</strong></span> <span class='ocrx_word' id='word_1_865' title='bbox 2787 4291 2920 4345; x_wconf 89' lang='lat' dir='ltr'><strong>duas</strong></span> <span class='ocrx_word' id='word_1_866' title='bbox 2950 4289 3150 4344; x_wconf 88' lang='lat' dir='ltr'><strong>Christi</strong></span> <span class='ocrx_word' id='word_1_867' title='bbox 3171 4289 3430 4346; x_wconf 92' lang='lat' dir='ltr'><strong>docemur</strong></span> <span class='ocrx_word' id='word_1_868' title='bbox 3463 4306 3564 4346; x_wconf 83' lang='lat' dir='ltr'><strong>na-</strong></span> 
     </span>
    </p>
   </div>
   <div class='ocr_carea' id='block_1_108' title="bbox 1978 4382 3562 4452">
    <p class='ocr_par' dir='ltr' id='par_1_108' title="bbox 1978 4382 3562 4452">
     <span class='ocr_line' id='line_1_119' title="bbox 1978 4382 3562 4452; baseline 0.003 -15"><span class='ocrx_word' id='word_1_869' title='bbox 1978 4386 2234 4452; x_wconf 84' lang='lat' dir='ltr'><strong>tivitates,</strong></span> <span class='ocrx_word' id='word_1_870' title='bbox 2265 4401 2372 4440; x_wconf 89' lang='lat' dir='ltr'><strong>non</strong></span> <span class='ocrx_word' id='word_1_871' title='bbox 2404 4384 2486 4439; x_wconf 89' lang='lat' dir='ltr'><strong>bis</strong></span> <span class='ocrx_word' id='word_1_872' title='bbox 2513 4385 2772 4439; x_wconf 88' lang='lat' dir='ltr'><strong>asseritur</strong></span> <span class='ocrx_word' id='word_1_873' title='bbox 2800 4383 2897 4437; x_wconf 90' lang='lat' dir='ltr'><strong>Dei</strong></span> <span class='ocrx_word' id='word_1_874' title='bbox 2939 4382 3105 4438; x_wconf 86' lang='lat' dir='ltr'><strong>Filius</strong></span> <span class='ocrx_word' id='word_1_875' title='bbox 3131 4391 3310 4450; x_wconf 83' lang='lat' dir='ltr'><strong>natus,</strong></span> <span class='ocrx_word' id='word_1_876' title='bbox 3353 4384 3447 4439; x_wconf 87' lang='lat' dir='ltr'><strong>sed</strong></span> <span class='ocrx_word' id='word_1_877' title='bbox 3468 4399 3562 4452; x_wconf 83' lang='lat' dir='ltr'><strong>ge-</strong></span> 
     </span>
    </p>
   </div>
   <div class='ocr_carea' id='block_1_109' title="bbox 1975 4473 3559 4531">
    <p class='ocr_par' dir='ltr' id='par_1_109' title="bbox 1975 4473 3559 4531">
     <span class='ocr_line' id='line_1_120' title="bbox 1975 4473 3559 4531; baseline 0.001 -3"><span class='ocrx_word' id='word_1_878' title='bbox 1975 4476 2118 4530; x_wconf 89' lang='lat' dir='ltr'><strong>mina</strong></span> <span class='ocrx_word' id='word_1_879' title='bbox 2150 4477 2201 4529; x_wconf 92' lang='lat' dir='ltr'><strong>in</strong></span> <span class='ocrx_word' id='word_1_880' title='bbox 2233 4492 2342 4529; x_wconf 90' lang='lat' dir='ltr'><strong>uno</strong></span> <span class='ocrx_word' id='word_1_881' title='bbox 2373 4475 2466 4529; x_wconf 91' lang='lat' dir='ltr'><strong>Dei</strong></span> <span class='ocrx_word' id='word_1_882' title='bbox 2496 4474 2632 4529; x_wconf 88' lang='lat' dir='ltr'><strong>Filio</strong></span> <span class='ocrx_word' id='word_1_883' title='bbox 2656 4473 3010 4530; x_wconf 82' lang='lat' dir='ltr'><strong>continuatur</strong></span> <span class='ocrx_word' id='word_1_884' title='bbox 3031 4489 3152 4529; x_wconf 86' lang='lat' dir='ltr'><strong>esse</strong></span> <span class='ocrx_word' id='word_1_885' title='bbox 3181 4475 3482 4528; x_wconf 89' lang='lat' dir='ltr'><strong>substantia</strong></span> <span class='ocrx_word' id='word_1_886' title='bbox 3513 4478 3559 4531; x_wconf 80' lang='grc'><strong>⁸.</strong></span> 
     </span>
    </p>
   </div>
   <div class='ocr_carea' id='block_1_110' title="bbox 1976 4624 3565 4700">
    <p class='ocr_par' dir='ltr' id='par_1_110' title="bbox 1976 4624 3565 4700">
     <span class='ocr_line' id='line_1_121' title="bbox 1976 4624 3565 4700; baseline 0.004 -20"><span class='ocrx_word' id='word_1_887' title='bbox 1976 4625 2390 4700; x_wconf 79' lang='lat' dir='ltr'><strong>generationibus</strong></span> <span class='ocrx_word' id='word_1_888' title='bbox 2413 4624 2612 4700; x_wconf 58' lang='lat' dir='ltr'><strong>Christi</strong></span> <span class='ocrx_word' id='word_1_889' title='bbox 2638 4627 2770 4692; x_wconf 87' lang='lat' dir='ltr'><strong>agit,</strong></span> <span class='ocrx_word' id='word_1_890' title='bbox 2800 4625 2945 4679; x_wconf 85' lang='lat' dir='ltr'><strong>hunc</strong></span> <span class='ocrx_word' id='word_1_891' title='bbox 2990 4624 3207 4680; x_wconf 81' lang='lat' dir='ltr'><strong>Maximi</strong></span> <span class='ocrx_word' id='word_1_892' title='bbox 3237 4627 3417 4684; x_wconf 91' lang='lat' dir='ltr'><strong>locum</strong></span> <span class='ocrx_word' id='word_1_893' title='bbox 3460 4629 3565 4686; x_wconf 87' lang='lat' dir='ltr'><strong>sub</strong></span> 
     </span>
    </p>
   </div>
   <div class='ocr_carea' id='block_1_111' title="bbox 1978 4694 2546 4766">
    <p class='ocr_par' dir='ltr' id='par_1_111' title="bbox 1978 4694 2546 4766">
     <span class='ocr_line' id='line_1_122' title="bbox 1978 4694 2546 4766; baseline -0.011 -14"><span class='ocrx_word' id='word_1_894' title='bbox 1978 4694 2097 4766; x_wconf 80' lang='lat' dir='ltr'><strong>ejus</strong></span> <span class='ocrx_word' id='word_1_895' title='bbox 2125 4697 2342 4766; x_wconf 85' lang='lat' dir='ltr'><strong>nomine</strong></span> <span class='ocrx_word' id='word_1_896' title='bbox 2373 4694 2546 4766; x_wconf 48' lang='grc' dir='ltr'><strong>μσς-η.</strong></span> 
     </span>
    </p>
   </div>
   <div class='ocr_carea' id='block_1_112' title="bbox 2050 4761 3324 4840">
    <p class='ocr_par' dir='ltr' id='par_1_112' title="bbox 2050 4761 3324 4840">
     <span class='ocr_line' id='line_1_123' title="bbox 2050 4761 3324 4840; baseline 0.002 -22"><span class='ocrx_word' id='word_1_897' title='bbox 2050 4766 2078 4804; x_wconf 74' lang='lat' dir='ltr'><strong>b</strong></span> <span class='ocrx_word' id='word_1_898' title='bbox 2119 4765 2264 4820; x_wconf 87' lang='lat' dir='ltr'><strong>Idem</strong></span> <span class='ocrx_word' id='word_1_899' title='bbox 2289 4763 2410 4818; x_wconf 88' lang='lat' dir='ltr'><strong>cod.</strong></span> <span class='ocrx_word' id='word_1_900' title='bbox 2443 4762 2590 4829; x_wconf 88' lang='lat' dir='ltr'><strong>Vat.,</strong></span> <span class='ocrx_word' id='word_1_901' title='bbox 2624 4761 2732 4818; x_wconf 91' lang='lat' dir='ltr'><strong>Deo</strong></span> <span class='ocrx_word' id='word_1_902' title='bbox 2761 4775 3070 4837; x_wconf 88' lang='lat' dir='ltr'><strong>cooperante</strong></span> <span class='ocrx_word' id='word_1_903' title='bbox 3094 4769 3324 4840; x_wconf 85' lang='lat' dir='ltr'><strong>concepit</strong></span> 
     </span>
    </p>
   </div>
   <div class='ocr_carea' id='block_1_113' title="bbox 1976 4937 3562 5016">
    <p class='ocr_par' dir='ltr' id='par_1_113' title="bbox 1976 4937 3562 5016">
     <span class='ocr_line' id='line_1_124' title="bbox 1976 4937 3562 5016; baseline 0.001 -14"><span class='ocrx_word' id='word_1_904' title='bbox 1976 4947 2108 5002; x_wconf 91' lang='lat' dir='ltr'><strong>mini</strong></span> <span class='ocrx_word' id='word_1_905' title='bbox 2128 4943 2444 5016; x_wconf 54' lang='lat' dir='ltr'><strong>nostrijesu</strong></span> <span class='ocrx_word' id='word_1_906' title='bbox 2475 4943 2692 4999; x_wconf 90' lang='lat' dir='ltr'><strong>Christi.</strong></span> <span class='ocrx_word' id='word_1_907' title='bbox 2715 4937 2860 5000; x_wconf 62' lang='lat' dir='ltr'><strong>~tom.</strong></span> <span class='ocrx_word' id='word_1_908' title='bbox 2885 4943 2904 4999; x_wconf 93' lang='grc'><strong>1</strong></span> <span class='ocrx_word' id='word_1_909' title='bbox 2929 4945 3058 5002; x_wconf 87' lang='lat' dir='ltr'><strong>edit.</strong></span> <span class='ocrx_word' id='word_1_910' title='bbox 3094 4946 3252 5002; x_wconf 86' lang='lat' dir='ltr'><strong>Rom.</strong></span> <span class='ocrx_word' id='word_1_911' title='bbox 3277 4962 3365 5003; x_wconf 89' lang='lat' dir='ltr'><strong>an.</strong></span> <span class='ocrx_word' id='word_1_912' title='bbox 3401 4948 3562 5016; x_wconf 75' lang='lat'><strong>1755,</strong></span> 
     </span>
    </p>
   </div>
   <div class='ocr_carea' id='block_1_114' title="bbox 1977 5013 3560 5088">
    <p class='ocr_par' dir='ltr' id='par_1_114' title="bbox 1977 5013 3560 5088">
     <span class='ocr_line' id='line_1_125' title="bbox 1977 5013 3560 5088; baseline 0.002 -18"><span class='ocrx_word' id='word_1_913' title='bbox 1977 5031 2099 5088; x_wconf 86' lang='lat' dir='ltr'><strong>pag.</strong></span> <span class='ocrx_word' id='word_1_914' title='bbox 2133 5015 2202 5088; x_wconf 71' lang='grc'><strong>45</strong></span> <span class='ocrx_word' id='word_1_915' title='bbox 2229 5034 2260 5088; x_wconf 13' lang='grc' dir='ltr'><strong>εγ</strong></span> <span class='ocrx_word' id='word_1_916' title='bbox 2285 5013 2451 5088; x_wconf 79' lang='lat' dir='ltr'><strong>Tanto</strong></span> <span class='ocrx_word' id='word_1_917' title='bbox 2481 5016 2672 5087; x_wconf 73' lang='lat' dir='ltr'><strong>[aedere</strong></span> <span class='ocrx_word' id='word_1_918' title='bbox 2699 5025 2968 5088; x_wconf 76' lang='lat' dir='ltr'><strong>utramque</strong></span> <span class='ocrx_word' id='word_1_919' title='bbox 2997 5027 3239 5072; x_wconf 88' lang='lat' dir='ltr'><strong>naturam</strong></span> <span class='ocrx_word' id='word_1_920' title='bbox 3278 5013 3560 5086; x_wconf 78' lang='lat' dir='ltr'><strong>conseruit,</strong></span> 
     </span>
    </p>
   </div>
   <div class='ocr_carea' id='block_1_115' title="bbox 1977 5086 3561 5162">
    <p class='ocr_par' dir='ltr' id='par_1_115' title="bbox 1977 5086 3561 5162">
     <span class='ocr_line' id='line_1_126' title="bbox 1977 5086 3561 5162; baseline 0.004 -22"><span class='ocrx_word' id='word_1_921' title='bbox 1977 5086 2032 5140; x_wconf 83' lang='lat' dir='ltr'><strong>ut</strong></span> <span class='ocrx_word' id='word_1_922' title='bbox 2058 5102 2149 5140; x_wconf 92' lang='lat' dir='ltr'><strong>nec</strong></span> <span class='ocrx_word' id='word_1_923' title='bbox 2174 5086 2823 5162; x_wconf 45' lang='lat' dir='ltr'><strong>inferiorem&#39;consumeret</strong></span> <span class='ocrx_word' id='word_1_924' title='bbox 2854 5086 3168 5162; x_wconf 76' lang='lat' dir='ltr'><strong>gloriﬁcatio</strong></span> <span class='ocrx_word' id='word_1_925' title='bbox 3197 5105 3292 5143; x_wconf 86' lang='lat' dir='ltr'><strong>nec</strong></span> <span class='ocrx_word' id='word_1_926' title='bbox 3322 5092 3561 5162; x_wconf 83' lang='lat' dir='ltr'><strong>superio-</strong></span> 
     </span>
    </p>
   </div>
   <div class='ocr_carea' id='block_1_116' title="bbox 1976 5155 3562 5230">
    <p class='ocr_par' dir='ltr' id='par_1_116' title="bbox 1976 5155 3562 5230">
     <span class='ocr_line' id='line_1_127' title="bbox 1976 5155 3562 5230; baseline 0.001 -18"><span class='ocrx_word' id='word_1_927' title='bbox 1976 5175 2087 5212; x_wconf 84' lang='lat' dir='ltr'><strong>rem</strong></span> <span class='ocrx_word' id='word_1_928' title='bbox 2115 5155 2364 5230; x_wconf 82' lang='lat' dir='ltr'><strong>minueret</strong></span> <span class='ocrx_word' id='word_1_929' title='bbox 2390 5157 2691 5230; x_wconf 73' lang='lat' dir='ltr'><strong>assumptio.</strong></span> <span class='ocrx_word' id='word_1_930' title='bbox 2725 5155 2885 5210; x_wconf 76' lang='lat' dir='ltr'><strong>Salva</strong></span> <span class='ocrx_word' id='word_1_931' title='bbox 2910 5155 3070 5228; x_wconf 80' lang='lat' dir='ltr'><strong>igitur</strong></span> <span class='ocrx_word' id='word_1_932' title='bbox 3090 5155 3400 5230; x_wconf 78' lang='lat' dir='ltr'><strong>proprietate</strong></span> <span class='ocrx_word' id='word_1_933' title='bbox 3424 5163 3562 5215; x_wconf 77' lang='lat' dir='ltr'><strong>utri-</strong></span> 
     </span>
    </p>
   </div>
   <div class='ocr_carea' id='block_1_117' title="bbox 1976 5228 3563 5300">
    <p class='ocr_par' dir='ltr' id='par_1_117' title="bbox 1976 5228 3563 5300">
     <span class='ocr_line' id='line_1_128' title="bbox 1976 5228 3563 5300; baseline 0.001 -18"><span class='ocrx_word' id='word_1_934' title='bbox 1976 5245 2135 5300; x_wconf 86' lang='lat' dir='ltr'><strong>usque</strong></span> <span class='ocrx_word' id='word_1_935' title='bbox 2159 5228 2481 5300; x_wconf 58' lang='lat' dir='ltr'><strong>substantias,</strong></span> <span class='ocrx_word' id='word_1_936' title='bbox 2513 5237 2559 5300; x_wconf 81' lang='lat' dir='ltr'><strong>et</strong></span> <span class='ocrx_word' id='word_1_937' title='bbox 2586 5229 3069 5300; x_wconf 25' lang='lat' dir='ltr'><strong>in‘unam_coeunte</strong></span> <span class='ocrx_word' id='word_1_938' title='bbox 3091 5228 3367 5297; x_wconf 77' lang='lat' dir='ltr'><strong>personam</strong></span> <span class='ocrx_word' id='word_1_939' title='bbox 3396 5233 3563 5286; x_wconf 86' lang='lat' dir='ltr'><strong>susci-</strong></span> 
     </span>
    </p>
   </div>
   <div class='ocr_carea' id='block_1_118' title="bbox 1979 5297 3563 5439">
    <p class='ocr_par' dir='ltr' id='par_1_118' title="bbox 1979 5297 3563 5439">
     <span class='ocr_line' id='line_1_129' title="bbox 1979 5297 3562 5370; baseline 0.001 -19"><span class='ocrx_word' id='word_1_940' title='bbox 1979 5297 2117 5370; x_wconf 79' lang='lat' dir='ltr'><strong>pitur</strong></span> <span class='ocrx_word' id='word_1_941' title='bbox 2152 5315 2182 5350; x_wconf 86' lang='lat' dir='ltr'><strong>a</strong></span> <span class='ocrx_word' id='word_1_942' title='bbox 2204 5298 2472 5366; x_wconf 88' lang='lat' dir='ltr'><strong>majestate</strong></span> <span class='ocrx_word' id='word_1_943' title='bbox 2501 5297 2783 5350; x_wconf 83' lang='lat' dir='ltr'><strong>humilitas.</strong></span> <span class='ocrx_word' id='word_1_944' title='bbox 2817 5297 2975 5364; x_wconf 85' lang='lat' dir='ltr'><strong>Quod</strong></span> <span class='ocrx_word' id='word_1_945' title='bbox 3001 5298 3248 5368; x_wconf 84' lang='lat' dir='ltr'><strong>adjungit</strong></span> <span class='ocrx_word' id='word_1_946' title='bbox 3276 5300 3562 5366; x_wconf 82' lang='lat' dir='ltr'><strong>Maximus,</strong></span> 
     </span>
     <span class='ocr_line' id='line_1_130' title="bbox 1985 5365 3563 5439; baseline -0.001 -16"><span class='ocrx_word' id='word_1_947' title='bbox 1985 5385 2091 5423; x_wconf 90' lang='lat' dir='ltr'><strong>non</strong></span> <span class='ocrx_word' id='word_1_948' title='bbox 2113 5369 2274 5421; x_wconf 85' lang='lat' dir='ltr'><strong>asseri</strong></span> <span class='ocrx_word' id='word_1_949' title='bbox 2298 5367 2371 5420; x_wconf 85' lang='lat' dir='ltr'><strong>bis</strong></span> <span class='ocrx_word' id='word_1_950' title='bbox 2397 5366 2490 5439; x_wconf 85' lang='lat' dir='ltr'><strong>Dei</strong></span> <span class='ocrx_word' id='word_1_951' title='bbox 2515 5365 2707 5420; x_wconf 75' lang='lat' dir='ltr'><strong>Filium</strong></span> <span class='ocrx_word' id='word_1_952' title='bbox 2729 5377 2928 5439; x_wconf 80' lang='lat' dir='ltr'><strong>natum,</strong></span> <span class='ocrx_word' id='word_1_953' title='bbox 2953 5384 3126 5439; x_wconf 89' lang='lat' dir='ltr'><strong>neque</strong></span> <span class='ocrx_word' id='word_1_954' title='bbox 3148 5370 3224 5425; x_wconf 88' lang='lat' dir='ltr'><strong>bis</strong></span> <span class='ocrx_word' id='word_1_955' title='bbox 3247 5387 3357 5426; x_wconf 85' lang='lat' dir='ltr'><strong>esse</strong></span> <span class='ocrx_word' id='word_1_956' title='bbox 3384 5379 3563 5422; x_wconf 83' lang='lat' dir='ltr'><strong>natum</strong></span> 
     </span>
    </p>
   </div>
   <div class='ocr_carea' id='block_1_119' title="bbox 1985 5412 3567 5509">
    <p class='ocr_par' dir='ltr' id='par_1_119' title="bbox 1985 5412 3567 5509">
     <span class='ocr_line' id='line_1_131' title="bbox 1985 5412 3567 5509; baseline -0.002 -17"><span class='ocrx_word' id='word_1_957' title='bbox 1985 5412 2198 5501; x_wconf 59' lang='grc' dir='ltr'><em>ἲ)ὶὶῐῖ</em></span> <span class='ocrx_word' id='word_1_958' title='bbox 2214 5412 2371 5492; x_wconf 68' lang='lat' dir='ltr'><strong>erunt</strong></span> <span class='ocrx_word' id='word_1_959' title='bbox 2400 5412 2628 5509; x_wconf 56' lang='lat' dir='ltr'><strong>fortasse</strong></span> <span class='ocrx_word' id='word_1_960' title='bbox 2655 5412 2747 5506; x_wconf 51' lang='lat' dir='ltr'><strong>Qui</strong></span> <span class='ocrx_word' id='word_1_961' title='bbox 2767 5412 3223 5509; x_wconf 38' lang='lat' dir='ltr'><strong>{ﬂammis</strong></span> <span class='ocrx_word' id='word_1_962' title='bbox 3238 5412 3567 5494; x_wconf 64' lang='grc' dir='ltr'><strong>ἆὶἶιῖιὲῖιίἶιῖἑ</strong></span> 
     </span>
    </p>
   </div>
   <div class='ocr_carea' id='block_1_120' title="bbox 1983 5507 3566 5576">
    <p class='ocr_par' dir='ltr' id='par_1_120' title="bbox 1983 5507 3566 5576">
     <span class='ocr_line' id='line_1_132' title="bbox 1983 5507 3566 5576; baseline -0.005 -11"><span class='ocrx_word' id='word_1_963' title='bbox 1983 5509 2265 5565; x_wconf 84' lang='lat' dir='ltr'><strong>sententiae</strong></span> <span class='ocrx_word' id='word_1_964' title='bbox 2322 5507 2721 5576; x_wconf 88' lang='lat' dir='ltr'><strong>theologorum,</strong></span> <span class='ocrx_word' id='word_1_965' title='bbox 2769 5507 3042 5564; x_wconf 79' lang='lat' dir='ltr'><strong>Christum</strong></span> <span class='ocrx_word' id='word_1_966' title='bbox 3079 5510 3162 5563; x_wconf 89' lang='lat' dir='ltr'><strong>bis</strong></span> <span class='ocrx_word' id='word_1_967' title='bbox 3203 5524 3323 5576; x_wconf 85' lang='lat' dir='ltr'><strong>esse</strong></span> <span class='ocrx_word' id='word_1_968' title='bbox 3377 5513 3566 5576; x_wconf 83' lang='lat' dir='ltr'><strong>natum</strong></span> 
     </span>
    </p>
   </div>
   <div class='ocr_carea' id='block_1_121' title="bbox 1985 5575 3562 5648">
    <p class='ocr_par' dir='ltr' id='par_1_121' title="bbox 1985 5575 3562 5648">
     <span class='ocr_line' id='line_1_133' title="bbox 1985 5575 3562 5648; baseline -0.003 -13"><span class='ocrx_word' id='word_1_969' title='bbox 1985 5588 2131 5635; x_wconf 88' lang='lat' dir='ltr'><strong>recte</strong></span> <span class='ocrx_word' id='word_1_970' title='bbox 2183 5579 2430 5648; x_wconf 88' lang='lat' dir='ltr'><strong>usurpari</strong></span> <span class='ocrx_word' id='word_1_971' title='bbox 2482 5575 2642 5648; x_wconf 87' lang='lat' dir='ltr'><strong>posse</strong></span> <span class='ocrx_word' id='word_1_972' title='bbox 2696 5579 3009 5648; x_wconf 80' lang='lat' dir='ltr'><strong>dicentium.</strong></span> <span class='ocrx_word' id='word_1_973' title='bbox 3034 5575 3349 5648; x_wconf 20' lang='lat' dir='ltr'><strong>,Adenndus</strong></span> <span class='ocrx_word' id='word_1_974' title='bbox 3390 5583 3474 5628; x_wconf 89' lang='lat' dir='ltr'><strong>est</strong></span> <span class='ocrx_word' id='word_1_975' title='bbox 3501 5575 3562 5630; x_wconf 89' lang='lat' dir='ltr'><strong>S.</strong></span> 
     </span>
    </p>
   </div>
   <div class='ocr_carea' id='block_1_122' title="bbox 1986 5645 3564 5719">
    <p class='ocr_par' dir='ltr' id='par_1_122' title="bbox 1986 5645 3564 5719">
     <span class='ocr_line' id='line_1_134' title="bbox 1986 5645 3564 5719; baseline -0.004 -15"><span class='ocrx_word' id='word_1_976' title='bbox 1986 5651 2220 5705; x_wconf 88' lang='lat' dir='ltr'><strong>Thomas</strong></span> <span class='ocrx_word' id='word_1_977' title='bbox 2243 5645 2382 5718; x_wconf 75' lang='lat' dir='ltr'><strong>part.</strong></span> <span class='ocrx_word' id='word_1_978' title='bbox 2417 5645 2502 5717; x_wconf 59' lang='lat' dir='ltr'><strong>ut,</strong></span> <span class='ocrx_word' id='word_1_979' title='bbox 2515 5656 2704 5719; x_wconf 69' lang='lat' dir='ltr'><strong>qutest.</strong></span> <span class='ocrx_word' id='word_1_980' title='bbox 2738 5647 2826 5714; x_wconf 77' lang='grc'>55,</span> <span class='ocrx_word' id='word_1_981' title='bbox 2857 5656 2957 5702; x_wconf 90' lang='lat' dir='ltr'><strong>art.</strong></span> <span class='ocrx_word' id='word_1_982' title='bbox 2989 5647 3076 5719; x_wconf 68' lang='lat'><strong>11,</strong></span> <span class='ocrx_word' id='word_1_983' title='bbox 3109 5645 3176 5719; x_wconf 81' lang='lat' dir='ltr'><strong>ad</strong></span> <span class='ocrx_word' id='word_1_984' title='bbox 3199 5652 3447 5719; x_wconf 85' lang='lat' dir='ltr'><strong>quartum</strong></span> <span class='ocrx_word' id='word_1_985' title='bbox 3472 5657 3564 5719; x_wconf 79' lang='lat' dir='ltr'><strong>ar-</strong></span> 
     </span>
    </p>
   </div>
   <div class='ocr_carea' id='block_1_123' title="bbox 1985 5714 3566 5790">
    <p class='ocr_par' dir='ltr' id='par_1_123' title="bbox 1985 5714 3566 5790">
     <span class='ocr_line' id='line_1_135' title="bbox 1985 5714 3566 5790; baseline -0.003 -18"><span class='ocrx_word' id='word_1_986' title='bbox 1985 5714 2316 5790; x_wconf 79' lang='lat' dir='ltr'><strong>gumentum,</strong></span> <span class='ocrx_word' id='word_1_987' title='bbox 2367 5728 2424 5790; x_wconf 85' lang='lat' dir='ltr'><strong>et</strong></span> <span class='ocrx_word' id='word_1_988' title='bbox 2471 5714 2970 5790; x_wconf 56' lang='lat' dir='ltr'><strong>iu&#39;Sententiarurn</strong></span> <span class='ocrx_word' id='word_1_989' title='bbox 2995 5715 3122 5790; x_wconf 77' lang='lat' dir='ltr'><strong>dist.</strong></span> <span class='ocrx_word' id='word_1_990' title='bbox 3155 5714 3244 5781; x_wconf 78' lang='grc'>14,</span> <span class='ocrx_word' id='word_1_991' title='bbox 3292 5721 3480 5782; x_wconf 56' lang='lat' dir='ltr'><strong>quast.</strong></span> <span class='ocrx_word' id='word_1_992' title='bbox 3509 5714 3566 5784; x_wconf 85' lang='lat'><strong>1,</strong></span> 
     </span>
    </p>
   </div>
   <div class='ocr_carea' id='block_1_124' title="bbox 1987 5784 3568 5860">
    <p class='ocr_par' dir='ltr' id='par_1_124' title="bbox 1987 5784 3568 5860">
     <span class='ocr_line' id='line_1_136' title="bbox 1987 5784 3568 5860; baseline -0.001 -16"><span class='ocrx_word' id='word_1_993' title='bbox 1987 5784 2085 5846; x_wconf 77' lang='lat' dir='ltr'><strong>art.</strong></span> <span class='ocrx_word' id='word_1_994' title='bbox 2118 5789 2175 5860; x_wconf 81' lang='lat'><strong>2,</strong></span> <span class='ocrx_word' id='word_1_995' title='bbox 2207 5789 2273 5845; x_wconf 88' lang='lat' dir='ltr'><strong>ad</strong></span> <span class='ocrx_word' id='word_1_996' title='bbox 2301 5790 2353 5844; x_wconf 70' lang='grc'>1.</span> <span class='ocrx_word' id='word_1_997' title='bbox 2379 5789 2484 5845; x_wconf 88' lang='lat' dir='ltr'><strong>Sed</strong></span> <span class='ocrx_word' id='word_1_998' title='bbox 2512 5803 2670 5845; x_wconf 87' lang='lat' dir='ltr'><strong>secus</strong></span> <span class='ocrx_word' id='word_1_999' title='bbox 2696 5795 2798 5842; x_wconf 89' lang='lat' dir='ltr'><strong>est.</strong></span> <span class='ocrx_word' id='word_1_1000' title='bbox 2830 5787 2973 5842; x_wconf 84' lang='lat' dir='ltr'><strong>Nihil</strong></span> <span class='ocrx_word' id='word_1_1001' title='bbox 3009 5784 3156 5839; x_wconf 87' lang='lat' dir='ltr'><strong>enim</strong></span> <span class='ocrx_word' id='word_1_1002' title='bbox 3183 5798 3302 5840; x_wconf 85' lang='lat' dir='ltr'><strong>esse</strong></span> <span class='ocrx_word' id='word_1_1003' title='bbox 3322 5796 3568 5855; x_wconf 85' lang='lat' dir='ltr'><strong>pugnans</strong></span> 
     </span>
    </p>
   </div>
  </div>
