4040 6324
523 296 622 354 247
715 292 718 294 ’
1720 293 1776 349 S.
1820 285 2064 348 MAXIMI
2103 290 2115 345 τ

2227 284 2549 345 lit-[NENSIS
3695 280 3808 336 «με

521 429 746 483 regnum
775 414 1048 484 proprium
1076 411 1340 467 diabolica
1368 412 1435 466 de
1465 411 1777 482 captivitate
1805 409 2097 464 revocavit.
2134 418 2183 477 Α
2211 408 2309 461 bus
2339 419 2528 476 pacem
2579 408 2796 471 prcestat
2837 400 2890 454 iu
2913 397 3086 453 terris.
3115 395 3340 469 Propter
3363 396 3529 467 quod,
3561 396 3810 452 dilectis-

522 506 589 562 Et
633 523 792 577 quam
821 521 1052 574 congrue
1086 515 1110 542 η
1145 507 1486 574 cvangelicns
1517 493 1729 560 intonat
1758 519 1936 560 sermo
1986 519 2108 557 cum
2215 499 2356 571 simi,
2383 493 2817 566 competentibus
2838 492 3047 561 gaudiis
3076 487 3223 545 tanta
3245 491 3312 545 de
3340 491 3514 545 salute
3539 491 3810 558 laetemur,

521 598 753 654 dicitur:
785 596 964 652 Gloria
985 599 1039 650 in
1069 598 1280 652 excelsis
1304 597 1433 665 Deo,
1460 607 1509 652 et
1555 614 1660 666 pax
1689 598 1742 650 in
1772 604 1912 650 terra
1940 595 2114 649 hornis
2214 599 2375 659 atque
2402 586 2658 656 angelicis
2698 601 2799 642 nos
2820 583 3043 640 vocibus
3071 584 3361 649 sociautes,
3384 583 3593 639 honore
3620 582 3814 639 debito

520 690 689 756 nibus,
719 696 850 756 etc.,
873 689 1018 758 quod
1041 688 1180 744 idem
1204 690 1318 760 ipse
1346 689 1439 743 Dei
1482 688 1669 751 Filius,
1695 696 1750 743 et
1769 686 1911 757 apud
1942 699 2109 754 ange-
2214 682 2469 756 mysteria
2495 695 2710 751 semper
2735 679 2952 744 Christi,
2977 677 3307 746 virtutesque
3337 676 3615 733 laudemus
3642 673 3690 732 ι’.

520 781 602 838 los
619 780 885 851 gloriosus
904 783 1060 836 estin
1082 782 1253 847 caelis,
1279 790 1336 837 et
1364 782 1518 836 bonae
1545 781 1844 836 voluntatis
1875 780 2111 836 homini-

1889 891 2238 956 HOMILIA
2281 891 2403 952 XII

1759 993 1833 1048 De
1854 991 2065 1047 Domini
2095 989 2388 1045 Nativitate
2417 988 2524 1043 VII

1960 1081 2351 1139 ADMONITIO.

591 1183 698 1256 33
727 1181 932 1252 Quibus
952 1183 1005 1240 in
1037 1183 1311 1240 codicibus
1333 1184 1598 1264 inss:_luec
1640 1180 1858 1264 homilia
1886 1181 2099 1264 legatur
2136 1157 2722 1264 dicere'I-‘nimpiosque.l
2743 1172 2813 1264 sin
2837 1167 3815 1264 opus-essetzhsatisiutemn0:11st

518 1241 1288 1376 geﬁauEOs'commemomre,
1314 1270 1344 1310 a
1372 1255 1562 1324 quibus
1590 1253 1768 1309 caeteri
1815 1268 1921 1338 non
1941 1241 2274 1331 discrepant.
2308 1243 2441 1298 Eam
2469 1241 2643 1300 codex
2676 1242 2746 1296 Μ.
2771 1241 2834 1296 Ε.
2869 1241 3216 1324 Ἰζθυτὶιιθηείε
3235 1241 3478 1305 exhibet,
3507 1241 3564 1294 in
3591 1254 3702 1308 quo
3723 1247 3814 1294 est

556 1323 591 1376 2
617 1325 681 1378 de
707 1336 870 1380 natm.
890 1324 1122 1383 Donum.
1144 1326 1316 1381 codex
1342 1333 1605 1383 praeterea
1624 1323 1824 1379 Lucen.
1852 1323 1940 1383 8o,
1962 1320 2135 1375 Vatic.
2154 1316 2324 1370 Palat.
2349 1313 2473 1378 455,
2498 1327 2622 1383 pag.
2656 1312 2778 1378 105,
2798 1313 2968 1367 Vatic.
2995 1311 3130 1383 Reg.
3147 1309 3416 1383 pagJSS,
3434 1325 3558 1382 pag.
3585 1309 3672 1375 71,
3691 1317 3809 1374 at.,

653 1342 681 1378 e
707 1340 870 1396 natm.
890 1340 1122 1390 uomtm,
1144 1340 1316 1396 codex
1342 1340 1608 1396 praeterea
1624 1340 1824 1396 Lucen.
1852 1340 1940 1384 δέ),
1971 1340 2135 1396 vam).
2155 1340 2324 1396 (utut.
2349 1340 2473 1396 qua,
2495 1340 2680 1396 Pugna.
2690 1340 2778 1396 uti,
2809 1340 3130 1396 tublus.l\6§.
3148 1340 3281 1394 μειβ..
3299 1340 3423 1394 ua,

519 1395 740 1450 tandem
768 1395 876 1451 duo
893 1382 1120 1466 Belgici:
1138 1382 1479 1466 Martinénsis
1502 1405 1557 1450 et
1576 1382 2200 1466 Camberonensis,apu_d
2229 1392 2471 1466 quosest
2495 1382 2774 1466 homiliaj
2801 1383 2865 1438 de
2878 1384 3038 1466 natio.
3056 1382 3300 1466 Domini,
3335 1382 3427 1451 qui
3452 1395 3642 1436 omnes
3649 1395 3810 1466 Icon—

520 1449 696 1536 stanti
709 1449 1068 1536 inscripti—obs
1080 1449 1140 1521 DS.
1166 1449 1601 1534 M’agihidiii‘ejus"
1621 1449 1911 1536 auctorem
1930 1449 2292 1536 annuntiant:
2318 1456 2413 1536 His
2424 1462 2751 1536 congruunt
2766 1460 3007 1536 quatuor_
3022 1453 3114 1535 alii
3141 1449 3405 1536 Codices1
3424 1465 3628 1536 nempe
3647 1449 3810 1505 Casi-

523 1550 649 1589 nen.
677 1521 1130 1600 i06,V'ercellen.
1158 1536 1248 1602 81,
1278 1521 1539 1592 νειιίοειῑ.
1573 1535 1696 1600 125,
1726 1543 1781 1591 et
1807 1531 2090 1603 Augiensis
2119 1547 2226 1604 XVI.
2268 1527 2374 1604 Ipsi
2420 1521 2753 1604 Benédictini
2784 1521 3049 1604 monachi
3077 1536 3332 1604 congreg.
3372 1521 3433 1604 ξε
3458 1521 3651 1590 Mauri,
3680 1536 3811 1577 cum

521 1619 662 1658 eam
689 1593 830 1661 inter
874 1622 1150 1663 sermones
1177 1593 1246 1662 S.'
1267 1608 1546 1676 Augustini
1575 1607 1642 1662 de
1664 1593 1921 1676 tempore
1940 1601 2262 1658 invenerint.
2278 1593 2845 1676 _'_in._append.nserm.
2877 1595 3242 1676 collocarunt;
3276 1608 3358 1676 ἒς
3381 1593 3645 1676 librorum
3670 1607 3811 1676 mss.

523 1676 668 1746 typis
685 1678 860 1752 etiam
889 1661 1590 1752 egcussorumauc‘toritate
1610 1661 1731 1733 freti
1750 1661 1984 1731 Maximo
2013 1679 2200 1752 nostro
2229 1661 2620 1752 adj'udicarunt.
2651 1664 2851 1752 Confer
2879 1665 3252 1752 tlothnopp.
3276 1661 3503 1752 ‘SLAug.
3523 1662 3811 1752 At}:

523 1733 862 1834 εηῖξέῖρὲξεθπιο
881 1748 918 1834 κ¹
1082 1763 1205 1834 Ρέε·
1239 1747 1361 1834 ίδδε
1396 1747 1708 1834 Gymnisne
1729 1733 3812 1834 fere?es§;__%?’.9§!e¥:1‘95.B¥-.il".£°'2bﬁﬁﬁ‘2§£’$;{1235123,
3905 1795 3909 1802 -

523 1806 776 1872 Cum'dius
802 1806 922 1888 pag.
947 1806 1426 1892 168,'R5ynaudus
1445 1806 1571 1890 pag.
1605 1817 1728 1885 196,
1759 1826 1814 1874 et
1839 1806 2341 1884 MargarinusBibl.
2375 1809 2518 1866 Max.
2558 1806 2690 1864 tom.
2722 1807 2813 1874 Vl,
2836 1820 2959 1878 pag.
2984 1806 3037 1874 6,
3062 1807 3149 1862 edi
3177 1813 3431 1877 oportere
3457 1813 3812 1862 censuerunt.

521 1929 913 1986 Ancuusnruu.
938 1965 1008 1974 ——
1048 1931 1199 1986 Verbi
1221 1932 1380 1987 divini
1411 1939 1625 1986 caro‘ea:
1654 1930 1868 2002 Virgine
1913 1943 2115 1983 assum-
2143 1929 2192 1990 B
2217 1923 2624 1994 gnmentatione
2667 1920 2683 1961 1
2739 1920 3032 1989 contingas.
3055 1931 3105 1959 ω
3135 1921 3242 1976 Aut
3268 1937 3379 1977 non
3416 1929 3444 1960 η
3493 1928 3655 1992 putas
3685 1933 3812 1975 eum

599 2010 683 2073 pta
734 2003 1059 2074 sempiterna:
1107 2002 1305 2057 Deitati
1359 2003 1720 2074 majestatique
1779 2002 2114 2074 conveniens,

594 2087 724 2194 ἕρπεις
752 2073 849 2154 fuit
895 2089 1132 2143 superate
1160 2074 1386 2142 virtutis,
1433 2075 1609 2128 omnia
1640 2073 1736 2127 Sua
1775 2073 1828 2126 in
1869 2079 2119 2143 potestate

631 2158 662 2195 a
698 2152 846 2196 enus.

592 2301 650 2357 In
674 2302 906 2359 adventu
931 2304 1223 2372 dominico,
1254 2305 1449 2361 fratres
1476 2303 1772 2377 carissimi,
1803 2305 2010 2361 solutus
2037 2312 2119 2359 est

522 2395 700 2449 omnis
727 2403 964 2466 paterna:
989 2397 1446 2466 praevaricationis
1474 2405 1669 2464 metus,
1692 2410 1854 2467 quem
1885 2407 1908 2436 ο
1933 2395 2120 2451 diabo-

520 2485 640 2541 licis
665 2485 866 2555 dudum
885 2470 1158 2543 fraudibus
1179 2488 1405 2544 incurrit
1423 2490 1784 2546 circumventa
1798 2487 2115 2544 mortalitas.

520 2577 692 2632 Adest
717 2578 862 2632 enim
890 2579 1046 2633 nobis
1070 2580 1194 2635 caeli
1223 2589 1485 2650 terraeque
1511 2581 1679 2649 judex
1711 2577 1739 2618 (ι
1767 2581 1860 2651 qui
1889 2578 2119 2634 rescisso

523 2667 886 2739 chirographo
931 2669 1273 2734 delictorum,
1316 2680 1525 2726 reatum
1551 2679 1795 2726 nostrum
1835 2671 2121 2725 miseratus

522 2758 772 2814 absolvit.
806 2758 974 2814 Adest
1002 2760 1093 2815 ille
1141 2760 1424 2828 Dominus,
1453 2761 1544 2830 qui
1574 2761 1760 2830 jugum
1793 2759 2121 2832 captivitatis

523 2853 764 2922 antiqua:
793 2853 991 2908 nostris
1018 2852 1318 2908 cervicibus
1344 2853 1582 2918 solvens,
1619 2868 1909 2909 maerorem
1936 2852 2119 2908 mundi

522 2952 728 2999 :cterna
750 2943 999 2999 libertate
1023 2955 1046 2982 ε
1073 2942 1323 3001 laetificat.
1349 2944 1516 3000 Abest
1539 2958 1636 3000 rex
1666 2945 1755 3000 ille
1781 2952 2118 3010 mansuetus,

521 3034 620 3104 qui
654 3032 674 3074 ί
706 3048 806 3104 per
831 3035 1005 3105 spatia
1035 3036 1202 3091 totius
1229 3035 1378 3092 orbis
1416 3036 1651 3104 caelestis
1675 3035 1896 3105 justitite
1923 3036 2120 3104 gressi-

521 3128 627 3183 bus
652 3128 926 3196 incedens,
958 3129 1359 3199 superbientem
1387 3139 1414 3177 8
1443 3128 1672 3185 furentis
1696 3129 1899 3184 inimici
1926 3129 2121 3184 contri-

519 3223 602 3278 vit
649 3223 1012 3294 tyrannidem.
1045 3223 1222 3301 Hodie
1261 3239 1516 3293 namque,
1562 3222 1899 3310 parturiente
1929 3222 2114 3286 Maria,

2225 2026 2250 2053 ο
2281 2033 2482 2073 novum
2513 2031 2737 2088 puerum
2768 2017 2822 2071 in
2867 2016 2987 2071 alvo
3016 2015 3239 2085 virginis
3277 2015 3519 2086 potuisse
3547 2013 3813 2079 formare,

2219 2111 2311 2180 qui
2341 2124 2462 2166 cum
2488 2110 2722 2181 primum
2751 2108 3012 2165 conderet
3040 2091 3338 2177 hominem,
3368 2122 3471 2164 nec
3496 2123 3682 2164 semen
3709 2122 3814 2178 pa-

2219 2204 2340 2272 tris,
2392 2217 2492 2259 nec
2521 2203 2727 2258 viscera
2775 2202 2964 2257 matris
2985 2201 3269 2272 quaesivit?
3303 2201 3399 2257 Dic
3449 2203 3656 2271 itaque,
3683 2199 3815 2270 qui-

2223 2310 2436 2365 cunque
2465 2312 2524 2351 es
2553 2310 2800 2366 superna:
2825 2293 3240 2365 dispensationis
3267 2293 3492 2363 arbiter,
3524 2301 3578 2348 et
3603 2293 3816 2349 discus-

2219 2397 2335 2457 sor,
2363 2403 2483 2458 quae
2505 2389 2601 2444 tibi
2630 2388 2844 2444 videtur
2871 2388 3042 2442 virtus
3089 2387 3440 2452 eminentior,
3471 2396 3682 2460 partum
3720 2388 3816 2445 de—

2220 2481 2362 2536 disse
2409 2480 2623 2548 virgini,
2658 2487 2752 2535 aut
2798 2479 3095 2551 perfectum
3152 2479 3426 2536 hominem
3480 2495 3693 2536 creasse
3749 2481 3819 2537 de

2223 2573 2406 2630 terra?
2431 2571 2643 2626 Primus
2667 2573 2803 2626 enim
2835 2573 3008 2642 homo,
3041 2581 3100 2627 ut
3140 2573 3214 2626 ait
3242 2572 3552 2643 Apostolus,
3585 2574 3648 2627 de
3675 2581 3820 2628 terra

2223 2674 2472 2730 terrenus,
2499 2665 2753 2718 secundus
2781 2665 2933 2721 homo
2962 2665 3026 2719 de
3055 2665 3178 2720 caelo
3224 2666 3438 2720 cwtestis
3470 2664 3524 2737 (1
3547 2663 3668 2721 Cor.
3699 2666 3817 2736 xv).

2223 2758 2281 2815 Si
2303 2765 2493 2815 contra
2522 2767 2768 2814 naturam
2799 2774 2919 2814 esse
2962 2759 3262 2825 contendis,
3302 2760 3446 2830 quod
3473 2760 3526 2814 iu
3556 2760 3819 2831 mysterio

2223 2852 2613 2926 redemptionis
2643 2862 2842 2909 nostrae
2886 2853 3003 2908 sine
3031 2853 3147 2908 viro
3176 2853 3353 2924 puella
3402 2851 3660 2910 asseritur
3688 2867 3821 2908 conc

2222 2946 2430 3017 cepisse
2464 2965 2476 2999 :
2509 2947 2682 3016 cujus,
2714 2961 2916 3016 quaeso,
2949 2955 3154 3002 naturae
3196 2956 3300 3015 est,
3330 2947 3472 3018 quod
3503 2949 3556 3003 in
3588 2956 3818 3018 parente

2222 3040 2434 3109 generis
2463 3041 2631 3119 nostri
2660 3055 2788 3096 caro
2816 3042 2932 3096 sine
2949 3055 3112 3098 carne
3147 3040 3373 3096 fonuata
3404 3043 3525 3097 est?
3552 3039 3682 3111 Qum
3710 3049 3816 3096 ista

2224 3141 2307 3188 est
2327 3133 2494 3199 ratio,
2526 3133 2634 3189 imo
2658 3149 2817 3203 quam
2844 3149 2982 3190 czeca
3011 3136 3308 3202 contentio,
3340 3144 3399 3190 ut
3428 3150 3535 3190 non
3562 3135 3819 3191 credatur

2225 3225 2370 3280 Deus
2401 3224 2579 3280 facere
2603 3226 2875 3281 hominem
2906 3241 3067 3298 posse
3097 3226 3164 3282 de
3194 3226 3414 3296 femina,
3456 3242 3618 3297 quem
3647 3226 3819 3282 credi-

518 3323 681 3371 natus
708 3323 790 3372 est
805 3315 963 3371 nobis
979 3315 1075 3371 Dei
1104 3315 1288 3382 Filius,
1309 3325 1367 3370 ut
1388 3314 1415 3352 ιι
1438 3329 1694 3384 germana
1723 3314 1902 3370 carnis
1924 3322 2122 3368 nostra:
2146 3321 2192 3382 ς
2225 3325 2313 3370 tur
2339 3315 2530 3372 fecisse
2559 3316 2629 3371 de
2667 3317 2923 3388 pulvere?
2961 3315 3018 3372 Si
3062 3317 3484 3388 Omnipotentis,
3519 3333 3554 3374 o
3575 3317 3737 3373 homo
3762 3327 3816 3386 ρ,

521 3410 883 3479 conceptione
906 3407 1220 3479 productus,
1265 3415 1450 3463 creato
1479 3421 1511 3461 a
1539 3422 1600 3462 se
1628 3407 1834 3462 homini
1865 3415 1922 3461 et
1949 3407 2120 3476 pieta-

519 3508 630 3556 tem
670 3508 972 3570 paternam,
1001 3507 1058 3556 et
1100 3499 1396 3555 fraternum
1426 3499 1714 3568 largiretur
1749 3499 2022 3556 allectum.
2054 3497 2122 3552 Et

517 3601 683 3649 natus
715 3609 846 3649 sane
884 3593 952 3649 ab
980 3594 1183 3650 intacta
1221 3600 1306 3649 est
1338 3593 1559 3662 femina,
1591 3601 1651 3648 ut
1676 3608 1801 3648 eum
1831 3594 2037 3664 pariter
2064 3600 2120 3647 et

517 3683 797 3741 hominem
821 3696 1113 3745 testaretur
1138 3696 1326 3760 partus
1346 3688 1635 3758 humanus,
1663 3696 1718 3743 et
1739 3688 1907 3742 Demn
1928 3687 2120 3758 proba-

519 3785 608 3830 ret
643 3775 660 3815 ί
696 3786 898 3833 aeterna
922 3771 923 3774 “
945 3780 1242 3848 virginitas.
1286 3779 1420 3835 Nam
1450 3781 1589 3836 sicut
1619 3795 1728 3835 non
1773 3787 1980 3851 poterat
2013 3778 2112 3833 nisi

518 3884 650 3924 caro
677 3868 748 3924 de
771 3885 937 3925 carne
963 3872 1130 3937 nasci,
1174 3872 1246 3926 ita
1278 3888 1387 3928 non
1415 3880 1632 3942 poterat
1668 3871 1765 3926 Dei
1794 3887 1921 3926 caro
1943 3871 2010 3926 de
2038 3871 2116 3925 fe-

519 3961 702 4016 mineo
745 3970 902 4017 utero
945 3963 1045 4017 nisi
1088 3963 1208 4019 sine
1262 3973 1556 4033 generante
1602 3964 1838 4035 prodire.
1889 3962 2116 4034 Propter

519 4053 668 4122 quod
696 4056 772 4108 ait
797 4056 1020 4124 angelus
1047 4049 1373 4112 beatissimm
1412 4057 1621 4114 Mariae:
1657 4057 1887 4128 Spiritus
1905 4065 2113 4112 sanctus

491 4147 843 4228 superveniet
873 4149 925 4200 in
955 4157 1022 4215 te,
1064 4158 1114 4202 et
1141 4151 1305 4204 virtus
1337 4151 1591 4205 Attissimi
1625 4149 1947 4206 obumbrabit
1972 4149 2063 4204 tibi
2095 4167 2112 4204 :

520 4249 572 4294 et
595 4243 729 4313 quod
758 4251 1000 4296 nascetur
1019 4260 1083 4298 ex
1113 4252 1162 4298 te
1191 4243 1441 4299 Sanctum
1461 4288 1476 4313 ,
1507 4244 1768 4300 vocabitur
1813 4244 1861 4298 Γ
1863 4245 1984 4300 ilius
2012 4244 2111 4299 Dei

520 4328 672 4398 (Luc.
700 4331 763 4399 ι).
795 4331 1048 4403 Spiritus,
1074 4334 1265 4403 inquit,
1308 4345 1525 4391 sanctus
1548 4337 1893 4406 superveniet
1921 4336 2030 4409 35.
2059 4336 2115 4390 in

521 4429 593 4474 te.
624 4420 832 4479 Idcirco
863 4423 977 4489 tibi,
1007 4424 1193 4493 frater,
1229 4429 1241 4477 l
1278 4425 1478 4482 virtute
1508 4413 1737 4498 Spiritus
1766 4430 1937 4484 sancti
1960 4442 2118 4498 ange-

518 4513 660 4569 licus
677 4531 860 4572 sermo
892 4515 913 4553 ¹ε
939 4518 1196 4588 protexit,
1231 4534 1300 4574 ne
1329 4519 1654 4590 coniecturis
1674 4521 1907 4576 carnalis
1936 4519 2119 4590 dispu-

520 4608 744 4664 rationis
761 4610 1053 4665 hebetatus
1073 4611 1295 4667 caeleste
1325 4611 1422 4667 tibi
1446 4614 1757 4682 mysterium
1791 4621 2002 4666 terrena
2034 4626 2120 4664 ar-

589 4771 614 4834 ξι
640 4762 791 4834 idem
815 4762 960 4834 cod.,
983 4764 1246 4834 angelicas
1275 4767 1478 4820 intonat
1507 4784 1694 4822 sermo.

587 4829 786 4907 ‘fldem
818 4829 963 4895 cod.,
987 4829 1097 4907 Qui
1143 4829 1254 4888 cum
1304 4835 1412 4891 Deo
1441 4837 1604 4893 Patre
1626 4849 1677 4892 et
1700 4836 1902 4907 Spiritu
1928 4847 2108 4892 sancto

515 4903 635 5025 aitait
671 4911 720 4954 et
749 4912 929 4973 regnat
977 4901 1117 4957 Deus
1171 4923 1262 4976 per
1313 4909 1489 4961 omnia
1537 4901 1753 4964 satcula'
1778 4908 2106 4967 surculorum.

567 4989 703 5025 men.

567 4989 680 5025 men
691 5012 703 5025 .

654 5040 788 5096 Cod.
825 5044 945 5100 Vat.
976 5044 1145 5100 Palat.
1176 5045 1281 5101 455
1309 5058 1363 5102 et.
1393 5047 1754 5110 Martinensis,
1789 5031 1983 5102 diaboli
2012 5049 2109 5102 du-

514 5113 637 5166 dum
669 5113 957 5166 fraudibus.

553 5130 637 5166 nm
651 5115 957 5237 gaudibus.

586 5184 636 5218 δ’
663 5185 784 5261 ηοίέο
813 5185 1383 5261 Martinensisomittit
1411 5192 1514 5261 qui.

587 5265 612 5360 Σ
815 5256 1125 5360 ﬁniit:
1152 5254 1470 5360 ἀἰξῗζεεετςέη

653 5326 784 5401 Cod.
815 5325 932 5401 Vat.
959 5325 1272 5401 Balat.,4qn_i
1299 5331 1470 5401 spatia
1499 5332 1673 5401 totius.

587 5405 614 5441 8
651 5394 784 5468 Cod.
816 5396 933 5452 Vat.
975 5397 1108 5468 Reg.
1143 5394 1279 5453 ⁷125,
1326 5394 1482 5453 codd.
1533 5399 1654 5453 Vat.
1689 5398 1824 5453 1967
1852 5408 1907 5454 et
1945 5399 2100 5467 4651,

514 5465 743 5548 vercell.
778 5475 833 5521 et
862 5465 1142 5535 Martinen,
1173 5470 1396 5540 furentis
1423 5471 1621 5523 inimici
1654 5479 1886 5524 conterat
1925 5465 2105 5542 lyram-

514 5537 822 5662 micam.
855 5607 918 5660 V.
956 5607 1018 5660 Β.
1062 5606 1165 5662 125
1192 5617 1247 5664 et
1293 5607 1464 5663 Palat.
1487 5651 1500 5678 ,
1524 5627 1786 5681 gerntante
1811 5615 1982 5668 carnis
2012 5630 2104 5668 no—

515 5685 661 5744 stra,
691 5687 796 5732 etc.

594 5747 611 5785 ί
639 5747 772 5804 Cod.
798 5746 906 5802 Ott.
935 5749 1052 5803 Vat.
1083 5749 1203 5817 775,
1237 5759 1470 5806 materna
1492 5752 1779 5822 virginitas.

2211 5689 2297 5828 ait,
2332 5696 2437 5743 etc.
2471 5686 2638 5744 Totus
2666 5689 2753 5744 hic
2781 5691 2932 5745 locus
2961 5689 3184 5744 affertur
3222 5704 3251 5742 a

2253 5775 2318 5813 ue
2341 5760 2406 5814 ad
2437 5758 2523 5812 illa
2551 5778 2562 5812 :
2592 5760 2730 5828 quod
2751 5761 2994 5815 nativitas
3025 5769 3251 5828 terrena;

2229 3409 2322 3464 tali
2371 3410 2425 3464 in
2470 3410 2689 3478 negotio
2719 3423 2836 3465 esse
2867 3410 3100 3481 percipis
3127 3409 3459 3466 voluntatem
3491 3427 3502 3463 :
3551 3408 3622 3465 de
3649 3415 3819 3481 opere

2224 3501 2340 3570 ejus
2369 3517 2466 3557 cur
2485 3502 2781 3558 retractas?
2822 3502 3014 3557 Omnia
3045 3504 3204 3571 enim,
3236 3502 3375 3558 sicut
3397 3502 3612 3572 legitur,
3640 3500 3822 3557 Domi-

2224 3611 2319 3649 nus
2355 3611 2667 3667 qutecunque
2705 3594 2864 3648 voluit
2904 3597 3025 3667 fecit
3052 3597 3106 3649 in
3146 3596 3273 3651 caelo
3312 3603 3361 3648 et
3397 3596 3453 3649 in
3479 3604 3618 3650 terra
3640 3593 3818 3666 (Psal.

2221 3690 2459 3760 cxxxrv).
2493 3688 2560 3744 Et
2596 3690 2641 3744 si
2676 3688 2938 3744 sollicitus
2995 3679 3380 3761 perscruteris,
3425 3699 3622 3760 praeter
3669 3691 3820 3747 hunc

2219 3782 2516 3850 legitimum
2548 3783 2800 3838 humana:
2832 3785 3205 3856 conceptionis
3224 3800 3379 3840 usum
3406 3792 3516 3839 tres
3542 3783 3697 3839 valde
3721 3783 3821 3838 mi-

2218 3875 2418 3931 rabiles
2449 3875 2708 3931 nascendi
2732 3875 2942 3948 species
2992 3887 3274 3948 operatum
3310 3875 3551 3947 reperies
3579 3874 3820 3931 Trinita-

2219 3980 2350 4026 tem.
2384 3969 2451 4024 Et
2479 3972 2649 4039 prima
2672 3982 2755 4026 est
2782 3970 3019 4041 quidem,
3046 3982 3072 4022 τι
3103 3969 3246 4042 quod
3276 3969 3446 4025 Adam
3471 3970 3732 4040 figuratus
3746 3984 3817 4024 ex

2217 4061 2347 4115 limo
2376 4067 2488 4127 est;
2514 4061 2772 4125 secunda,
2801 4060 2947 4131 quad
2976 4062 3169 4117 mulier
3188 4060 3419 4117 formata
3441 4069 3525 4117 est
3557 4071 3578 4100 ι’
3605 4076 3675 4137 ex
3703 4075 3818 4115 ma-

2218 4152 2396 4219 sculo;
2423 4153 2602 4218 tertia,
2631 4162 2750 4224 quae
2772 4161 2827 4209 et
2847 4153 3087 4211 cmlestis
3107 4162 3211 4222 est,
3242 4153 3389 4224 quod
3413 4151 3661 4208 Christus
3685 4167 3815 4224 pro-

2217 4243 2381 4299 cessit
2404 4259 2470 4298 ex
2501 4244 2728 4313 virgine.
2761 4242 2900 4311 Quid
2928 4245 3121 4301 horum
3142 4245 3248 4316 35
3275 4261 3380 4300 non
3410 4245 3646 4299 novum?
3673 4243 3820 4311 Quid

2216 4334 2407 4389 horum
2440 4351 2547 4390 non
2577 4335 2858 4391 mirabile?
2881 4334 3021 4403 Quid
3050 4337 3266 4404 horum,
3297 4336 3396 4392 nisi
3426 4334 3589 4391 fidem
3628 4350 3820 4404 sequa-

2221 4442 2362 4489 mur,
2417 4427 2691 4496 inquisitio
2746 4428 2948 4498 poterit
2997 4427 3233 4482 humana
3289 4427 3617 4498 complecti?
3661 4423 3821 4492 Quod

2221 4526 2402 4572 autem
2428 4518 2658 4590 mystico
2698 4518 2804 4574 hoc
2827 4527 3095 4590 conceptu
3122 4519 3344 4574 visitare
3371 4517 3637 4573 mundum
3657 4531 3818 4571 suum

2222 4611 2315 4666 Dei
2354 4609 2600 4681 dignatus
2625 4620 2707 4668 est
2736 4611 2920 4680 Filius,
2953 4622 3149 4668 nostrae
3177 4614 3281 4668 hoc
3300 4594 3489 4667 salutis
3517 4608 3818 4666 necessitas

2078 4791 2106 4805 -
2140 4770 2195 4831 D
2255 4768 2306 4844 Δἱ
2347 4767 2514 4824 Codd.
2546 4769 2720 4826 Vatic.
2753 4771 2882 4839 Reg.
2919 4768 3075 4839 1267,
3109 4770 3321 4844 Martin.
3353 4779 3410 4828 et
3456 4770 3813 4836 Camberon.,

2217 4839 2475 4893 virtutem.

2285 4907 2315 4984 if
2344 4907 2486 4984 ﬁdit.
2509 4909 2694 4984 faris.
2722 4911 2777 4984 S.
2807 4913 3055 4984 Ambros.
3081 4928 3169 4967 an.
3192 4910 3348 4984 1690,
3381 4912 3638 4984 prmterit.

2290 4979 2308 5018 Ῑ
2341 4981 2474 5055 Clod:
2509 4981 2629 5055 Vat.
2666 4983 2834 5055 Palat.
2864 4982 2997 5049 455,
3030 4983 3322 5055 confundas

2286 5061 2324 5088 η’
2354 5049 2488 5106 Cod.
2522 5051 2760 5113 Martin.,
2792 5055 3016 5108 Annon.
3130 5049 3141 5055 ⁷
3172 5082 3177 5087 -

2284 5129 2313 5158 ιι
2339 5121 2485 5194 Idem
2505 5122 2626 5194 cod.
2652 5122 2813 5187 4951,
2836 5124 2935 5176 Ant
2965 5140 3069 5194 non
3097 5135 3243 5194 putes

2293 5204 2318 5229 ο
2348 5191 2480 5248 Cod.
2508 5191 2702 5255 Palat.,
2735 5211 2917 5248 novum
2946 5193 3039 5248 tibi
3059 5191 3290 5255 puerum.

2291 5273 2318 5311 ι)
2345 5262 2514 5319 Codd.
2542 5263 2650 5318 Ott.
2679 5262 2801 5318 Vat.
2847 5263 2948 5318 773
2973 5272 3029 5319 et
3055 5262 3227 5320 Vatic.
3262 5265 3420 5330 1267,
3463 5266 3523 5321 Si
3555 5265 3812 5334 Omnipo-

2214 5334 2387 5399 tentis,
2413 5351 2442 5388 ο
2464 5333 2632 5400 homo,
2666 5335 2719 5390 in
2741 5334 2837 5389 tali
2862 5336 3068 5405 negotio
3086 5337 3397 5390 rolmttatern
3427 5353 3539 5391 esse
3567 5333 3812 5390 tonsith-

2212 5421 2320 5470 ras,
2348 5405 2411 5476 de
2437 5422 2588 5476 opere
2614 5423 2704 5460 cur
2731 5406 3020 5476 retractas?
3253 5425 3256 5428 ·

2287 5452 3082 5551 iiéBJ.’6tE.'vn."if3,7}dod
3108 5480 3367 5550 formatus
3401 5452 3476 5532 est
3523 5479 3690 5531 Adam
3743 5495 3818 5559 es.
3851 5495 3858 5500 '

2208 5547 2355 5601 limo.

2290 5625 2311 5653 ι·
2344 5616 2641 5698 ltem_cod.,
2666 5619 2738 5698 _d_e
2766 5619 3036 5698 masculo;
3059 5621 3210 5674 tertia
3242 5636 3357 5698 qua:
3403 5617 3815 5698 cwlestisersti-

3319 5698 3535 5744 auctore
3569 5697 3637 5740 Nl
3651 5728 3660 5737 .
3674 5729 3686 5753 ,
3716 5703 3811 5744 us-

2253 5775 2318 5813 ue
2341 5760 2406 5814 ad
2437 5758 2523 5812 illa
2551 5778 2562 5812 :
2592 5760 2730 5830 quod
2751 5761 2994 5815 nativitas
3025 5769 3228 5815 terrena
3241 5759 3556 5830 perdiderat.
