4040 6324
186 312 275 368 257

1553 305 1832 362 HOMILIA
1869 307 2001 362 XVI.

2537 208 2562 213 -
2571 207 2630 214 ...ο

3307 309 3416 368 858

186 441 289 482 rum
316 422 511 476 lusibus
537 421 810 477 delectari.
844 419 1027 490 Neque
1069 434 1206 490 vero.
1227 419 1334 474 luci
1375 434 1438 474 ac
1478 417 1734 483 tenebris,
1765 422 1819 480 Δ
1843 416 2003 472 modo
2044 430 2147 469 non
2190 429 2378 468 sanum
2408 415 2737 484 sapientibus
2768 424 2935 486 patet,
2969 417 3097 472 nihil
3123 417 3193 474 ibi
3232 419 3415 480 inesse

184 517 379 576 veritati
427 524 588 586 atque
635 514 948 580 mendacio,
998 512 1315 583 turpitudini
1364 520 1420 567 et
1471 510 1740 566 honestati

184 611 311 683 apud
337 608 429 663 Dei
449 623 635 663 servos
663 607 768 661 ulla
789 614 969 676 potest
987 621 1107 660 esse
1135 604 1462 668 communio,
1486 601 1626 657 sicut
1645 616 1745 654 nos

182 701 522 758 Ecclesiarum
567 699 762 754 doctor
791 699 1005 752 instruit
1030 696 1219 752 dicens
1249 715 1262 748 :
1311 694 1440 760 Quae
1481 692 1744 749 conventio

181 790 357 847 Christi
374 789 446 842 ad
466 787 675 843 Belial?
695 785 794 852 Qui
815 773 988 841 autem
1008 803 1286 841 consensus
1308 784 1493 854 templo
1516 783 1611 838 Dei
1633 799 1746 836 cum

180 881 318 936 idolis
357 878 446 951 (ΙΙ
470 878 588 934 Cor.
630 880 751 954 in)?
779 878 1098 950 Quicunque
1135 891 1262 946 ergo
1301 875 1633 931 credentium
1662 875 1748 930 vel

180 981 256 1027 cst
282 970 534 1040 templum
558 969 675 1037 Dei,
698 970 783 1025 vel
810 977 930 1024 esSe
955 967 1250 1035 desiderat,
1279 967 1510 1022 sollicite
1537 973 1745 1031 caveat,

179 1080 241 1119 ne
266 1070 476 1117 mortua
503 1070 558 1115 et
586 1076 722 1116 vana
751 1061 1026 1127 sectando,
1052 1060 1302 1115 desinens
1345 1073 1464 1114 esse
1492 1057 1746 1128 templum

180 1154 282 1218 Dei,
312 1153 403 1208 llat
431 1152 695 1207 habitatio
735 1153 1098 1216 tenebrarum,
1132 1151 1225 1205 liat
1267 1150 1526 1205 daemonis
1566 1163 1751 1204 monu-

177 1252 425 1300 mentum.
457 1241 548 1295 Ait
579 1241 998 1310 gloriosissimns
1027 1250 1051 1277 ⁸
1075 1241 1343 1311 propheta
1377 1237 1547 1293 David
1581 1256 1593 1291 :
1618 1236 1749 1292 Bea-

177 1343 251 1387 tus
277 1335 349 1386 vir
375 1333 528 1403 cujus
566 1340 643 1386 est
671 1347 856 1386 nomen
898 1330 1112 1387 Domini
1151 1347 1266 1400 spes
1295 1330 1321 1370 δ
1341 1331 1526 1401 ipsius,
1554 1337 1604 1382 et
1648 1346 1751 1383 non

177 1424 388 1495 respexit
414 1424 472 1477 in
499 1423 752 1477 vanitates
792 1431 839 1477 et
873 1424 1109 1477 insanias
1137 1423 1302 1495 falsas
1333 1420 1505 1494 (Psal.
1538 1421 1745 1492 xxxnl).

175 1515 349 1584 Itaque
385 1515 480 1586 qui
509 1523 692 1586 sperat
720 1515 776 1570 in
808 1525 830 1553 ο
876 1514 1067 1583 Deum,
1113 1530 1177 1570 ac
1204 1522 1321 1570 toto
1349 1513 1511 1569 corde
1539 1512 1593 1567 in
1636 1512 1752 1581 ejus

175 1607 391 1675 gloriam
419 1606 682 1662 luminum
711 1606 933 1661 suorum
957 1603 1144 1674 deﬁgit
1183 1611 1488 1676 aspectum;
1530 1602 1597 1657 ad
1625 1601 1752 1657 den-

174 1697 402 1752 sissimas
429 1697 698 1752 vanitates
721 1703 1070 1752 consecratos
1099 1696 1266 1751 semel
1298 1711 1406 1750 non
1435 1693 1595 1750 debet
1622 1709 1750 1749 ocu-

1845 505 2109 571 sanitatis,
2143 505 2230 558 ubi
2254 503 2433 572 impia,
2467 504 2557 558 ubi
2585 506 2886 573 inhonesta,
2917 510 3267 580 universaque
3295 529 3414 569 om-

1845 598 1932 650 nia
1960 605 2015 650 et
2054 594 2253 649 faciunt
2297 602 2351 648 et
2393 594 2711 663 loquuntur;
2745 615 2850 652 non
2879 599 3155 656 audientes
3183 602 3418 661 claman-

1847 697 1953 744 tem
1981 688 2218 758 quotidie
2243 688 2295 742 in
2319 685 2556 742 Ecclesia
2584 679 2800 744 beatu'tn
2831 691 2995 747 David
3026 703 3081 747 et
3107 695 3373 752 dicentem
3399 716 3412 750 :

1847 777 1973 833 Filii
1998 779 2280 846 hominum,
2310 793 2564 852 usmthuo
2592 784 2733 850 grari
2763 784 2942 848 corde;
2973 793 3028 838 ut
3054 788 3175 857 quid
3205 789 3420 862 diligitis

1849 874 2123 925 vanitatem
2151 881 2200 926 et
2245 873 2470 940 quivi-itis
2527 873 2850 928 mendacium
2897 875 3068 946 (Psal.
3100 880 3220 949 1v)?
3246 880 3423 939 Grave

1849 962 2031 1031 utique
2058 977 2244 1016 eorum
2272 976 2366 1017 cur
2392 969 2494 1026 est,
2519 970 2680 1030 atque
2708 964 2855 1017 omni
2884 965 3158 1036 impietate
3198 970 3421 1042 depres-

1849 1068 1989 1120 sum,
2018 1054 2109 1121 qui
2140 1068 2236 1122 per
2262 1053 2552 1122 sacrilegos
2569 1054 2724 1122 jocos
2744 1053 2936 1113 divinis
2957 1059 3175 1114 monitis
3206 1061 3425 1120 illuden-

1851 1151 1932 1197 tes
1953 1151 2007 1196 et
2038 1157 2170 1198 vana
2199 1143 2445 1212 diligunt,
2471 1153 2525 1199 et
2553 1142 2682 1198 falsa
2710 1149 2722 1194 l
2755 1154 3056 1214 sectantur;
3085 1159 3282 1222 etpost
3303 1171 3422 1210 οω-

1851 1235 1960 1300 nia,
1989 1236 2057 1289 ad
2086 1235 2394 1292 oliensionis
2419 1237 2826 1307 plenitudinem,
2853 1238 2880 1277 κ
2909 1239 3025 1295 dies
3055 1242 3200 1312 ipsos
3227 1263 3425 1304 annum

1855 1340 2050 1380 novum
2079 1335 2295 1381 vocant.
2325 1326 2638 1396 Quanquam
2674 1325 2690 1365 ι
2727 1345 2832 1384 non
2862 1330 3298 1391 inconvenienter
3335 1355 3424 1395 se-

1853 1417 2086 1472 cundum
2124 1431 2182 1472 se
2227 1433 2425 1473 novum
2475 1419 2754 1489 appellant
2799 1437 3016 1491 annum,
3050 1427 3302 1494 quoniam
3332 1446 3426 1499 per

1856 1507 2112 1563 nefandas
2132 1509 2292 1565 ferias
2309 1520 2346 1546 πι
2369 1526 2466 1580 pro
2487 1512 2769 1570 honestate
2791 1513 2926 1570 false
2948 1517 3220 1587 turpitudo
3241 1525 3296 1574 "et
3316 1537 3412 1590 per

1855 1602 2079 1656 versitas
2108 1601 2448 1658 innovantur.
2484 1613 2510 1641 ιι
2540 1605 2747 1660 Novum
2785 1621 2980 1664 vocant
3019 1627 3237 1678 annum,
3279 1617 3429 1685 quasi

1855 1695 1980 1749 novi
2009 1695 2208 1764 aliquid
2239 1695 2700 1754 aut’cmlum‘tunc
2726 1703 2990 1769 ostendat,
3015 1715 3107 1759 aut
3137 1715 3296 1762 terra.
3319 1709 3429 1765 No-

175 1789 249 1842 los
276 1794 622 1857 retorquere;
650 1787 798 1857 quia,
832 1795 891 1842 ut
917 1788 992 1842 ait
1011 1787 1266 1844 Dominus
1303 1805 1314 1839 :
1349 1785 1518 1844 Nemo
1548 1788 1753 1841 mittens
1782 1790 1832 1851 B
1857 1803 1979 1840 vum
2002 1803 2200 1841 annum
2223 1785 2500 1844 Janunrias
2525 1791 2797 1861 appellant
2821 1795 2925 1866 47
2955 1798 3225 1866 calendas,
3258 1810 3282 1838 ο
3311 1819 3431 1860 cum

173 1895 376 1933 manum
401 1877 472 1932 ad
494 1887 750 1943 aratrum,
774 1887 824 1933 et
843 1880 1119 1949 respiciens
1145 1885 1286 1933 retro
1313 1886 1464 1948 aptus
1489 1886 1566 1933 est
1590 1894 1750 1950 regno

173 1969 264 2024 Dei
286 1970 442 2042 (Luc.
476 1970 574 2043 rx).
605 1969 790 2026 Omnis
817 1971 960 2026 enim
989 1986 1167 2036 arans,
1193 1971 1238 2026 si
1283 1979 1430 2026 retro
1472 1971 1747 2042 respiciat.

169 2071 257 2118 aut
286 2071 612 2132 tortuosum,
644 2062 672 2100 ἀ
701 2072 794 2118 aut
813 2063 1052 2119 inutilem
1086 2061 1247 2119 faciet
1276 2063 1507 2126 sulcum,
1533 2070 1626 2117 aut
1644 2062 1754 2134 46

167 2163 419 2210 arantum
475 2155 638 2210 boum
679 2170 899 2210 suorum
949 2155 1175 2222 vestigia
1217 2149 1540 2210 vulnerabit.
1573 2153 1650 2208 lta
1698 2162 1755 2208 et

168 2247 262 2314 qui
286 2245 504 2301 directo
533 2246 748 2300 tramite
792 2261 856 2302 ac
883 2246 1147 2315 spirituali
1175 2259 1394 2299 vomere
1437 2246 1565 2300 vitia
1609 2260 1758 2298 mun-

162 2337 308 2392 dana
338 2336 656 2407 persulcans
685 2337 888 2392 incedit
913 2337 979 2390 ad
1009 2337 1104 2391 Dei
1126 2350 1370 2405 regnum,
1402 2337 1446 2392 si
1479 2346 1756 2407 aspectum

162 2447 318 2486 suum
349 2429 422 2484 ad
446 2429 610 2500 impia
640 2437 696 2485 et
733 2445 870 2486 vana
893 2429 1243 2493 converterit,
1289 2437 1344 2484 et
1375 2438 1396 2466 θ
1423 2428 1580 2497 iuges
1606 2445 1756 2496 suos,

165 2521 267 2577 hoc
294 2529 385 2576 est
412 2537 615 2591 corpus
649 2529 811 2590 atque
851 2521 1108 2588 animam,
1136 2520 1458 2587 vulnerabit,
1483 2528 1539 2574 et
1566 2520 1755 2590 optimi

163 2614 373 2670 itineris
402 2614 762 2684 periculosum
794 2614 1034 2668 incurret
1077 2627 1336 2667 errorem.
1375 2609 1394 2649 τ
1427 2609 1498 2664 Et
1537 2629 1641 2665 non
1674 2629 1756 2666 re-

164 2706 353 2774 spexit,
380 2704 579 2776 inquit,
602 2706 655 2759 in
684 2705 932 2760 vanitates
952 2712 1000 2757 et
1019 2705 1255 2758 insanias
1272 2701 1455 2774 falsas.
1473 2701 1754 2770 Quomodo

163 2797 352 2852 beatus
380 2796 555 2851 David
595 2795 756 2852 falsas
798 2798 1036 2852 insanias
1083 2796 1243 2861 dicit;
1277 2812 1401 2852 cum
1438 2811 1566 2852 vere
1607 2797 1752 2852 insa-

164 2888 333 2955 niant,
362 2888 461 2958 qui
501 2887 714 2957 abjecto
745 2897 1036 2943 retrorsum
1065 2889 1258 2954 timore
1289 2887 1404 2954 Dei,
1437 2887 1503 2941 ad
1551 2887 1754 2942 daemo-

160 2996 284 3034 num
334 2981 636 3051 respiciunt
682 2981 982 3036 vanitates?
1028 2980 1131 3036 Sed
1170 2981 1250 3034 vir
1281 2990 1305 3027 6
1337 2979 1508 3036 lidelis
1536 2981 1753 3052 proprie

161 3078 407 3124 naturain
432 3071 610 3141 impia:
633 3071 880 3126 falsitatis
899 3073 1163 3142 expressit
1188 3090 1199 3124 :
1223 3073 1348 3140 quia
1371 3069 1398 3109 ιι
1422 3074 1607 3128 insana
1630 3081 1756 3127 sunt

1857 1884 2068 1932 vetusto
2098 1893 2312 1949 semper
2339 1895 2523 1935 errore
2551 1891 2606 1936 et
2627 1883 2852 1940 horrore
2871 1887 3201 1944 sordescant.
3235 1892 3429 1966 Auspi-

1855 1968 1937 2022 cia
1976 1979 2002 2018 P
2033 1970 2193 2024 etiam
2222 1972 2490 2026 vanissimi
2526 1973 2779 2044 colligere
2807 1991 2867 2032 se
2907 1978 3110 2048 dicunt,
3143 1999 3206 2038 ac
3235 1994 3431 2042 statum

1855 2061 1978 2116 vita:
2019 2079 2128 2117 suae
2167 2064 2412 2120 inanibus
2457 2065 2665 2122 indiciis
2713 2069 3062 2140 mstimantes,
3108 2091 3204 2144 per
3227 2078 3458 2155 incerta.

1857 2153 2034 2206 avilun
2065 2154 2403 2223 ferarumque
2430 2157 2581 2224 signa
2611 2158 2938 2216 imminentis
2982 2166 3106 2218 anni
3150 2166 3326 2223 futura
3357 2173 3430 2226 ri-

1859 2252 2101 2307 mantur;
2133 2260 2252 2298 cum
2276 2245 2458 2313 utique
2487 2246 2629 2316 apud
2652 2247 2819 2303 Deum
2841 2252 3013 2306 solum
3039 2256 3108 2335 sit
3138 2259 3325 2314 notitia
3350 2262 3432 2318 fu-

1863 2347 2124 2404 turorum,
2148 2349 2202 2394 et
2228 2341 2413 2410 legalis
2441 2345 2734 2400 auctoritas
2764 2348 2867 2402 ista
2896 2351 3176 2420 prohibeat
3202 2353 3388 2410 dicens
3419 2373 3433 2410 :

1860 2428 1937 2484 Ne
1964 2431 2335 2500 auspicetuini,
2366 2449 2433 2487 ne
2459 2435 2695 2501 auguriis
2725 2437 3014 2495 intendatis
3045 2441 3220 2512 (Dent.
3263 2447 3432 2515 xvni).

1861 2519 1966 2575 Sed
1997 2521 2176 2575 miseri
2206 2537 2271 2576 ac
2298 2522 2587 2579 miserandi
2615 2525 2859 2582 homines
2880 2530 3018 2600 rapti
3049 2534 3321 2590 erroribus
3351 2551 3434 2606 pa-

1859 2626 2138 2680 ganorum,
2171 2619 2226 2666 et
2255 2613 2430 2668 minus
2471 2624 2497 2663 ιι
2527 2616 2750 2684 provido
2776 2618 2937 2674 corde
2967 2623 3154 2677 cmcati
3182 2640 3302 2679 cum
3335 2627 3434 2680 im-

1861 2701 2058 2770 pietate
2086 2702 2153 2758 de
2181 2703 2430 2760 domibus
2467 2705 2578 2759 suis
2607 2707 2894 2776 prodeunt,
2922 2719 2977 2766 et
3005 2727 3125 2767 cum
3156 2715 3436 2785 sacrilegio

1859 2802 2218 2848 revertuntur.
2270 2796 2375 2849 Aut
2413 2795 2686 2865 quomodo
2727 2811 2789 2853 se
2817 2798 3178 2857 Christianum
3222 2816 3243 2843 ι’
3276 2814 3448 2876 putat'

1857 2902 2017 2956 posse
2045 2888 2128 2941 vel
2157 2887 2282 2956 dici,
2304 2889 2395 2959 qui
2424 2889 2477 2943 in
2508 2889 2600 2944 tali
2625 2890 2998 2950 observatione
3026 2896 3156 2952 vidit
3188 2915 3244 2954 se
3271 2902 3434 2970 perli-

1858 2977 1940 3031 dis
1962 2993 2079 3033 esse
2107 2981 2459 3033 consortem?
2489 2985 2511 3013 ⁸
2545 2979 2622 3034 Ita
2653 2989 2708 3036 et
2744 2999 2856 3049 vos,
2889 2986 3174 3056 carissimi,
3200 2989 3311 3058 jam
3333 2991 3434 3048 du-

1858 3067 1982 3122 dum
2015 3085 2112 3123 nec
2140 3070 2428 3125 observare
2458 3087 2558 3127 nec
2597 3086 2838 3141 qurerere
2866 3076 3438 3141 manilestarelatione

161 3163 337 3218 omnia
370 3178 731 3233 quaecunque,
762 3163 959 3218 diaboli
991 3165 1208 3220 lallente
1229 3165 1528 3232 mendacio,
1561 3166 1658 3222 Dei
1699 3167 1749 3221 in
1777 3161 1828 3228 C
1856 3159 1966 3231 48
1993 3162 2236 3230 cogllovi-
2265 3164 2342 3216 Ac
2365 3170 2552 3218 revera
2582 3180 2690 3220 non
2716 3176 2840 3222 sunt
2867 3183 2898 3222 a
2926 3170 3082 3225 nobis
3110 3175 3324 3241 penitus
3352 3176 3435 3231 in-

158 3268 211 3310 se
241 3269 350 3309 non
383 3255 591 3309 habent
626 3254 640 3290 ί
675 3256 946 3310 virtutem.
988 3255 1055 3309 Et
1084 3257 1295 3311 illorum
1338 3259 1552 3327 gravior
1590 3267 1752 3327 atque

159 3344 576 3401 immedicabilis
601 3345 824 3414 languor
852 3355 953 3412 est,
987 3348 1078 3418 qui
1106 3348 1545 3417 superstitionum
1569 3348 1752 3404 furore

157 3445 207 3492 et
234 3439 498 3494 ludorum
518 3440 779 3494 suavitate
807 3439 1036 3509 decepti,
1069 3440 1168 3494 sub
1197 3441 1376 3512 specie
1400 3442 1643 3496 sanitatis
1667 3441 1752 3496 in-

156 3530 394 3586 saniunt.
427 3529 516 3584 An
543 3547 650 3586 non
672 3533 849 3586 omnia
868 3547 986 3601 qua:
1011 3548 1042 3586 a
1071 3532 1328 3587 ministris
1355 3532 1658 3589 dze'monum
1687 3535 1750 3588 il-

156 3621 216 3678 lis
243 3630 494 3693 aguntur
520 3622 705 3678 diebus
732 3623 874 3683 falsa
893 3631 1018 3678 sunt
1045 3631 1100 3677 et
1127 3623 1338 3688 insana,
1368 3641 1489 3679 cum
1532 3626 1634 3689 vir,
1666 3625 1750 3678 vi-

154 3711 289 3768 rium
321 3728 556 3768 suarum
598 3714 781 3784 vigore
808 3714 1036 3778 mollito,
1067 3723 1326 3770 totum-se
1352 3715 1554 3783 frangit
1583 3717 1636 3769 in
1668 3715 1718 3769 fe
1731 3746 1752 3762 -.

152 3805 376 3872 minam,
411 3813 675 3875 tantoque
710 3806 835 3861 illud
859 3807 1060 3862 ambitu
1095 3816 1254 3876 atque
1283 3817 1401 3862 arte
1438 3808 1565 3877 agn,
1597 3808 1751 3879 quasi

149 3898 426 3965 paeniteat
459 3897 611 3952 illum
633 3913 773 3964 esse,
801 3899 944 3969 quod
975 3900 1055 3954 vir
1083 3902 1202 3954 est?
1224 3899 1470 3970 Nunquid
1500 3917 1606 3956 non
1635 3901 1752 3955 uni-

148 4003 308 4044 versa
341 3988 423 4043 ibi
455 3987 591 4042 falsa
620 3996 746 4042 sunt
774 3997 830 4042 et
858 3989 1065 4053 insana,
1097 4004 1220 4044 cum
1248 4005 1307 4045 se
1331 4006 1362 4044 a
1391 3989 1504 4046 Deo
1539 3990 1750 4046 formati

149 4077 431 4144 homines,
459 4086 556 4132 aut
576 4078 629 4132 in
655 4078 911 4148 pecudes,
939 4081 1105 4140 autin
1129 4079 1289 4149 feras,
1312 4090 1403 4135 aut
1429 4083 1483 4137 in
1503 4091 1748 4153 portenta

151 4167 598 4225 transformant?
648 4168 894 4239 Nunquid
943 4186 1048 4226 non
1087 4186 1300 4227 omnem
1348 4174 1558 4228 excedit
1603 4174 1748 4229 insa-

152 4261 318 4329 niam,
350 4275 488 4316 cum
531 4258 782 4316 decorem
827 4261 1003 4316 vultus
1044 4263 1261 4318 humani
1310 4263 1405 4318 Dei
1443 4265 1750 4334 specialiter

153 4354 406 4409 manibus
429 4353 490 4407 in
513 4365 726 4408 omnem
754 4353 1202 4423 pulchritudinem
1233 4354 1538 4424 ﬁguratum,
1563 4359 1747 4426 squal-

155 4443 264 4502 lore
302 4445 562 4502 sordium
583 4452 637 4500 et
662 4443 960 4501 adulterina
989 4445 1228 4502 foeditate
1256 4448 1580 4517 deturpant?
1609 4447 1753 4516 Quo-

1856 3252 2135 3321 quirenda,
2184 3254 2274 3320 qui
2324 3254 2683 3324 omnipotenti
2719 3257 2833 3313 Deo
2884 3261 3170 3335 credimus,
3209 3265 3301 3333 qui
3339 3283 3437 3336 pro

1856 3345 2113 3412 qualitate
2167 3345 2503 3413 meritorum,
2551 3356 2643 3400 aut
2693 3346 2816 3405 ﬁdei
2870 3350 3192 3418 probatione
3232 3359 3438 3414 cunctis

1854 3436 2169 3490 mortalibus
2196 3445 2460 3506 potestate
2483 3438 2691 3494 arbitrii
2713 3441 2795 3494 sui
2815 3441 2899 3495 vel
2919 3457 3197 3513 prospera,
3222 3446 3310 3500 vel
3329 3447 3431 3502 ad-

1855 3543 2007 3580 versa
2037 3527 2312 3596 dispensat
2345 3547 2356 3580 :
2390 3529 2658 3598 pneeipue
2692 3546 2817 3586 cum
2844 3531 3148 3601 hujusmodi
3187 3535 3435 3595 homines

1857 3627 2064 3685 arguat,
2108 3627 2163 3672 et
2193 3618 2433 3688 increpet
2460 3619 2751 3690 Apostolus
2777 3621 2960 3678 dicens
2992 3642 3004 3676 :
3044 3623 3163 3680 Dies
3199 3627 3437 3686 observa-

1853 3711 1938 3770 tis,
1970 3718 2018 3761 et
2060 3725 2278 3771 menses,
2311 3718 2358 3763 et
2390 3720 2636 3781 tempora,
2676 3721 2726 3766 et
2766 3691 2990 3768 annos}
3020 3717 3171 3772 timeo
3207 3735 3272 3772 ne
3298 3721 3434 3791 forte

1853 3801 1964 3853 sine
1993 3816 2150 3853 causa
2191 3799 2530 3854 laboraverim
2565 3803 2619 3855 in
2647 3802 2786 3857 vobis
2809 3802 2948 3875 (Gal.
2981 3806 3074 3875 iv).
3110 3806 3319 3876 Videte,
3348 3826 3437 3866 ca-

1854 3891 2073 3958 rissimi,
2106 3891 2158 3946 in
2183 3907 2289 3961 quo
2311 3892 2551 3948 laborem
2572 3890 2698 3962 erga
2719 3910 2778 3950 se
2800 3896 3152 3966 apostolicum
3183 3899 3436 3970 perdide-

1853 3995 1996 4040 runt.
2033 3982 2142 4038 Vos
2179 3992 2380 4051 autem,
2412 3985 2550 4039 sicut
2585 3985 2692 4041 huc
2721 4002 2887 4056 usque
2916 4003 3015 4057 pro
3046 3988 3143 4043 Dei
3176 3993 3192 4026 ι
3246 3991 3438 4048 timore

1855 4077 2074 4142 fecistis,
2107 4076 2396 4131 abhorrete
2423 4091 2588 4142 vana,
2622 4078 2848 4146 refugite
2877 4077 3030 4146 falsa,
3072 4079 3233 4150 impia
3267 4081 3437 4138 decli-

1851 4178 2004 4236 nate;
2035 4178 2088 4223 et
2119 4179 2176 4223 ut
2204 4167 2270 4222 ad
2298 4169 2516 4224 domum
2539 4167 2631 4223 Dei
2665 4179 2691 4205 ιι
2721 4170 3011 4225 conﬁdenti
3034 4188 3246 4243 semper
3273 4175 3437 4231 corde

1851 4262 2035 4316 venire
2063 4261 2312 4330 possitis;
2363 4268 2418 4316 et
2446 4260 2499 4315 in
2541 4259 2641 4316 ﬁde
2672 4269 2852 4317 vestra
2881 4264 3121 4330 gentium
3159 4267 3434 4335 magister,

1852 4360 1906 4406 et
1939 4352 2095 4407 iudex
2126 4351 2384 4410 doctrinae
2410 4367 2520 4408 suae
2556 4351 2792 4408 fructum
2817 4351 3015 4410 Paulus
3047 4355 3284 4412 inveniat
3307 4367 3354 4410 ν.

220 4589 246 4616 ⁸
273 4577 424 4654 (ἶρόἐ
457 4577 772 4654 γεω-4951,
818 4581 901 4654 Ait
941 4580 1342 4654 gloriosissimus
1385 4583 1828 4651 nrophetarnm-D
1853 4584 2109 4654 nefandas
2144 4581 2300 4654 [arias
2330 4577 2624 4654 iit/torrenda~
2628 4543 2676 4628 et
2706 4576 2843 4645 falsa
2872 4577 3150 4645 turpitudo.

160 4647 346 4703 David.
382 4648 531 4704 Cod.
565 4647 846 4704 Martinen.
878 4647 1056 4714 habet,
1089 4650 1226 4704 Hinc
1254 4652 1330 4704 ait

223 4718 247 4757 ιι
279 4720 437 4776 Idem
471 4718 598 4790 cod.
625 4719 770 4790 Vat”
796 4736 911 4790 spes
939 4721 1072 4790 ejus.

225 4802 245 4860 f
279 4787 770 4860 Idemicod.7495l,
804 4787 887 4860 qui
909 4787 1080 4860 sperat
1109 4793 1163 4845 in
1195 4789 1322 4845 Deo.

221 4858 245 4895 ἀ
269 4860 407 4914 Cod:
444 4859 764 4927 Martinen.,
793 4858 842 4912 et
875 4858 972 4928 pro
1001 4872 1105 4916 aut.

224 4940 249 4968 ε
269 4931 412 4985 Cod.
444 4929 764 4994 Martinen.,
782 4930 972 4994 jugera
988 4934 1112 4984 'sua.

227 4947 249 4968 ε
269 4947 412 4985 eoo.
444 4947 764 4994 martmen.,
810 4947 840 4981 ιι
881 4947 972 4982 era
998 4947 1112 4984 sua.

227 4999 243 5036 ί
276 5001 460 5056 Codd.
489 5000 738 5054 Vaticani
761 4947 918 5066 ἐῶ,
944 4998 1099 5064 4951,
1124 5000 1302 5054 Casin.
1331 4997 1452 5065 l06,
1483 5007 1538 5053 ct
1563 4998 1749 5054 Marti-

156 5087 300 5143 nen.,
329 5070 691 5143 periculosum
721 5072 1126 5143 nimisincurret
1148 5086 1392 5124 errorem.

224 5151 247 5188 ε
278 5137 430 5196 idem
464 5137 597 5194 cod.
623 5137 743 5192 Vat.
769 5138 926 5206 9451,
961 5140 1067 5194 Sed
1095 5142 1171 5194 vir
1193 5151 1423 5193 sanctus.

224 5209 250 5248 ¹¹
276 5212 416 5266 Cod.
447 5210 584 5264 Vat.
612 5207 770 5280 4222,
796 5212 916 5280 quia
942 5211 1149 5264 insania
1176 5220 1295 5263 sunt
1320 5211 1511 5264 omnia.

230 5280 242 5318 ί
277 5280 602 5337 Galesinius
632 5279 794 5334 habet
811 5279 1111 5333 veritatem.

227 5353 240 5400 1
278 5351 423 5409 Cod.
476 5351 793 5413 Martinen.,
825 5357 1121 5419 sequuntur.

226 5419 248 5457 ¹¹
276 5419 475 5476 Codex
505 5421 766 5476 Laurent.
790 5436 829 5485 ι,
859 5418 996 5472 Plut.
1021 5436 1131 5485 xw,
1159 5419 1226 5471 ad
1259 5421 1560 5488 offensionis
1584 5422 1751 5490 pleni-

158 5493 382 5546 tudinem
412 5493 564 5546 diem
592 5491 756 5560 ipsum
783 5506 975 5543 annum
1004 5505 1187 5543 novum
1208 5498 1387 5543 vocant

247 5563 262 5600 ι
283 5561 429 5617 Cod.
473 5561 788 5622 Martinam,
819 5577 936 5616 nec.
1277 5565 1285 5574 ’

223 5643 259 5670 ιη
289 5633 436 5688 God.
464 5631 595 5683 Vat.
629 5629 782 5695 4222,
816 5639 870 5684 et
898 5631 1019 5686 cod.
1049 5630 1298 5684 Laurent.
1325 5630 1450 5683 olim
1481 5631 1536 5684 S.
1569 5630 1752 5686 Crucis

158 5705 346 5757 minor.
382 5703 437 5768 4,
475 5701 621 5753 Plut.
656 5701 742 5771 55.
792 5703 949 5771 ferias
991 5702 1252 5754 honestate
1282 5701 1542 5771 derelicta,
1591 5702 1746 5770 falsa,

159 5781 258 5828 etc.
278 5775 514 5830 Diversa
541 5779 625 5828 est
648 5770 766 5827 cod.
793 5769 1138 5828 Martinensis
1167 5769 1633 5837 lcctio,_Quoniam
1660 5790 1751 5836 per

1759 5929 1831 5953 ll

1924 4643 1952 4690 '1-
1976 4652 2110 4708 Cod.
2141 4643 2392 4702 Casinen.
2433 4645 2549 4709 l06,
2577 4643 2646 4697 Et
2677 4643 2861 4698 navum
2881 4643 3081 4713 vocant,
3113 4657 3218 4704 etc.

1925 4735 1952 4758 υ
1983 4721 2170 4776 Codex
2191 4718 2246 4772 S.
2277 4715 2482 4780 Crucis,
2515 4723 2648 4783 etc.,
2679 4731 2794 4769 cum
2822 4725 3015 4770 vetusto
3043 4735 3243 4789 semper
3265 4738 3439 4783 errore

1855 4793 2177 4847 sordescant.

1892 4859 2155 4946 .r.Codd.
2187 4857 2349 4912 Laur.
2381 4865 2437 4912 et
2461 4856 2580 4911 Vat.
2615 4853 2772 4922 4951,
2806 4859 3049 4927 Auspicia
3088 4862 3222 4916 enim
3263 4868 3404 4922 vanis
3422 4893 3433 4903 ν

1856 4949 2118 5056 mri'cod.
2159 4999 2281 5070 van.
2312 4997 2470 5062 ωε,
2501 4999 2700 5070 providi
2729 4998 2901 5070 corde.

1932 5084 1952 5111 τ
1983 5071 2152 5127 Codd.
2185 5069 2440 5138 Laurent.
2475 5066 2530 5138 et
2551 5068 2609 5138 S.
2636 5066 2843 5138 Crucis,
2869 5078 3015 5138 putat
3041 5090 3192 5138 posse
3215 5076 3292 5129 vel
3313 5075 3428 5132 dici.

1854 5143 1930 5198 Ita
1955 5141 2113 5198 codd.
2153 5139 2268 5193 Vat.
2295 5136 2451 5204 49.22,
2485 5137 2622 5191 6450
2651 5146 2707 5192 et
2745 5136 2994 5194 Casinen.
3030 5136 3146 5196 106.

1928 5223 1948 5248 ε
1981 5210 2122 5294 Cod.
2148 5209 2458 5275 Martinen.,
2492 5208 2627 5276 Ista,
2659 5209 2751 5280 qui
2777 5207 2912 5262 infra
2942 5212 3106 5267 habet
3134 5217 3432 5276 reuelatione

1856 5299 1952 5354 pro
1974 5283 2241 5336 relatione.
2819 5301 2837 5312 '

1932 5356 1949 5391 ι
1985 5353 2129 5424 Idem
2158 5352 2279 5424 cod.
2310 5351 2592 5424 Laurent.,_
2625 5367 2716 5424 pro
2750 5349 3055 5424 Dei_amore
3079 5357 3292 5424 fecistis.

1927 5433 1952 5461 ιι
1982 5423 2126 5506 Idem
2154 5421 2274 5476 cod.
2309 5419 2491 5488 Laur.,
2524 5421 2593 5474 ad
2614 5421 2820 5474 domum
2842 5419 2940 5476 Dei
2965 5419 3288 5494 confidenter
3310 5428 3421 5479 ιεεηί

1857 5512 1912 5548 re
1928 5504 2283 5617 ξοῖἕὲᾟέοσκ
2320 5563 2597 5633 Laurent._,
2635 5561 2785 5626 Quod
2829 5564 2961 5616 idem
2991 5573 3238 5632 prmstnre
3271 5565 3439 5633 digne-

1859 5647 1939 5688 tnr
1966 5636 2050 5703 qui
2089 5634 2202 5703 vivit
2241 5641 2288 5703 et
2327 5642 2512 5703 regnat
2555 5631 2691 5703 Dens
2722 5635 2773 5686 in
2812 5631 3018 5695 sa’cula,
3052 5631 3436 5703 antennCo‘dex

1860 5700 2028 5775 Yatic.
2065 5701 2216 5775 4222.
2244 5700 2342 5764 Qui
2371 5700 2574 5760 αξξειο
2607 5702 2825 5760 Domino
2849 5703 3068 5774 placeat,
3091 5718 3187 5775 quo
3208 5702 3438 5760 Chiistus

1860 5773 2110 5829 Dominus
2156 5774 2430 5830 delectetur
2467 5779 2550 5835 qui
2593 5777 2704 5831 vitit
2741 5788 2788 5830 et
2833 5784 3008 5830 reanat
3045 5773 3159 5828 cum
3203 5775 3358 5830 I’atre
3384 5777 3440 5830 in

3505 4817 3516 4872 ἱ

3481 5127 3506 5202 l
