4040 6324
561 307 666 364 263

1662 257 1669 264 ’
1760 296 1817 351 s.
1857 295 2102 351 unum
2143 293 2594 352 TAURINENSIS

3719 287 3837 344 264

479 407 486 416 ’
511 381 521 392 ⁸
561 419 945 487 Anconsuryu.
973 447 1042 457 ——
1065 413 1262 487 Eadem
1290 411 1439 466 stella
1466 408 1664 487 .ludwis
1690 414 1842 487 atque
1853 405 2131 487 gentilibus
2163 409 2220 470 Α
2245 422 2364 464 rum
2393 420 2610 462 suorum
2639 402 3050 459 continebantur
3097 402 3370 470 vaticinia,
3399 400 3673 456 Christum
3710 399 3833 457 Duc

630 489 819 543 illuxit.
845 485 1010 540 Primi
1039 484 1102 538 de
1129 500 1194 538 ea
1217 499 1311 553 per
1337 477 2009 553 propheticumvaticinium
2037 477 2135 553 ad-

629 558 805 611 moniti
825 557 1059 626 fuerant;
1079 546 1288 626 secundi
1309 546 1478 626 autem
1503 552 1557 604 in
1588 546 1850 626 profunda
1885 548 2136 626 supersti-

629 627 780 681 tionis
801 616 949 679 nocte
967 616 1194 678 derelicti
1222 639 1327 676 non
1366 616 1596 690 fuerunt.
1626 616 1950 690 Illuminatio
1979 616 2139 690 igitur

626 695 859 752 omnibus
878 697 1078 767 patuit;
1111 694 1231 764 quia
1256 685 1488 746 Christus
1517 703 1693 743 omnes
1724 685 2015 742 salvaturus
2040 685 2138 739 ad-

626 773 856 821 venerat.

633 882 971 948 Venerabile,
1018 883 1232 946 fratres,
1281 879 1666 950 redemptionis
1711 885 1908 932 nostra:
1956 887 2140 930 sacra-

513 983 526 1014 κ
558 983 820 1039 mentum,
839 990 948 1044 quo
972 972 1294 1029 immortalis
1314 972 1454 1026 Deus
1482 968 1846 1026 conditionem
1873 973 1958 1022 est
1983 964 2141 1020 mise-

559 1075 704 1124 ratus
755 1066 1069 1128 humanum,
1111 1070 1260 1118 tanta
1314 1061 1397 1118 sui
1449 1058 1732 1128 majestate
1787 1055 2034 1125 refulget,
2079 1061 2139 1110 ut

563 1159 706 1214 nulla
738 1158 866 1214 illud
886 1158 1120 1212 humana
1141 1170 1293 1211 mens
1319 1153 1617 1221 intelligere
1636 1151 1826 1222 possit.
1848 1149 1978 1217 Quis
1997 1148 2139 1204 enim

558 1249 834 1320 explicare
879 1254 1063 1319 queat,
1098 1261 1196 1301 cur
1221 1245 1524 1314 unigenitus
1565 1243 1660 1298 Dei
1685 1240 1871 1308 Filius,
1903 1239 1990 1296 cui
2017 1254 2139 1295 cum

560 1339 720 1394 Patre
740 1346 794 1394 et
821 1337 1232 1409 Spiritdsancto
1260 1351 1367 1391 una
1389 1343 1551 1404 atque
1574 1332 1758 1389 eadem
1786 1338 1870 1387 est
1889 1330 2141 1386 divinitas

559 1439 723 1500 atque
772 1427 1182 1499 omnipotentia,
1223 1427 1415 1496 cuique
1455 1441 1618 1480 unum
1646 1423 1896 1492 idemque
1920 1421 2060 1478 velle
2086 1428 2143 1476 et

561 1530 720 1593 posse
747 1528 866 1588 est;
894 1528 1134 1576 nostram
1162 1527 1344 1573 tamen
1370 1516 1592 1586 dignare
1617 1514 1752 1570 adeo
1779 1513 2010 1569 voluerit
2041 1527 2140 1568 na-

566 1621 760 1678 turam,
792 1619 850 1666 ut
876 1610 1020 1681 quod
1047 1625 1154 1666 non
1205 1609 1402 1664 habeat
1429 1621 1726 1672 assumens,
1756 1613 1812 1662 et
1837 1604 1982 1675 quod
2006 1605 2061 1660 in
2083 1619 2143 1659 se

561 1713 680 1758 erat
707 1717 813 1758 non
841 1701 1136 1764 dimittens,
1179 1699 1416 1754 divinam
1455 1713 1576 1753 cum
1605 1697 1838 1751 humana
1867 1694 2142 1765 insepara-

2244 501 2448 555 minum
2464 495 2879 566 Redemptorem
2899 493 3080 549 saeculi
3099 492 3387 562 aliquando
3399 499 3686 548 venturum
3703 506 3835 548 esse
3865 517 3875 524 ε

2243 588 2616 663 protestantia.
2638 585 2794 640 Illum
2831 599 2898 640 ex
2913 584 3054 654 ipsis
3080 584 3323 640 sciebant
3349 584 3681 640 nascituan
3705 597 3836 640 esse

2243 682 2311 738 de
2333 681 2540 750 virgine
2559 693 2628 734 ex
2655 677 2910 749 progenie
2939 675 3105 732 David
3122 674 3415 732 secundum
3442 689 3662 731 carnem
3687 693 3701 727 :
3724 690 3833 732 na-

2244 772 2467 828 tivitatis
2493 783 2708 840 quoque
2735 767 2977 837 ejusdem
2997 766 3176 822 locum
3202 766 3256 819 in
3279 764 3409 834 ipsis
3427 764 3680 832 legebant
3696 779 3836 834 pra:-

2242 865 2544 934 signatum;
2592 860 2909 917 Bethlehem
2954 857 3098 914 enim
3151 856 3342 912 civitas
3379 855 3470 910 illa
3497 855 3664 910 David
3693 855 3835 910 tanti

2244 956 2479 1013 numinis
2507 953 2847 1010 asserebatur
2891 947 3192 1006 decoranda
3220 947 3425 1006 natali:
3455 961 3579 1016 quas
3611 945 3831 1002 demum

2244 1048 2580 1106 nativitatem
2606 1045 2773 1115 ipsius
2799 1041 3042 1098 miranda
3085 1039 3391 1111 praacedere
3411 1037 3704 1102 debebant,
3727 1045 3832 1091 an-

2245 1139 2656 1202 nuntiabantur;
2677 1135 2792 1191 sola
2819 1141 3000 1212 autem
3032 1129 3337 1188 miseranda
3358 1128 3630 1199 gentilitas
3657 1142 3834 1197 usque

2244 1241 2375 1288 tunc
2401 1234 2737 1286 remanserat
2762 1226 2819 1281 in
2865 1239 3080 1281 occasu.
3131 1221 3234 1289 Qui
3261 1233 3391 1289 ergo
3431 1227 3657 1276 cunctos
3677 1219 3831 1273 mise-

2245 1322 2531 1381 ricorditer
2556 1326 2902 1390 reparaturus
2921 1316 3233 1381 advenerat,
3265 1327 3332 1368 ne
3360 1319 3417 1367 et
3435 1311 3551 1382 ipsa
3576 1310 3637 1393 in
3665 1310 3834 1380 lacry-

2244 1412 2429 1474 mabili
2456 1429 2554 1471 sua
2595 1426 2808 1483 semper
2855 1409 3096 1466 caecitate
3127 1411 3389 1470 maneret,
3421 1401 3567 1458 dedit
3594 1402 3646 1457 ei
3665 1402 3830 1458 etiam

2242 1508 2453 1578 signum
2486 1503 2634 1576 quod
2661 1509 2719 1559 et
2744 1500 2956 1558 Julianus
2982 1498 3165 1554 videre
3202 1495 3380 1568 potuit
3406 1494 3459 1549 in
3487 1493 3669 1560 ’stella,
3709 1507 3832 1561 qua:

2242 1599 2380 1655 tanti
2425 1595 2570 1666 regis
2619 1593 2903 1679 nuntiabat
2947 1598 3145 1656 ortum,
3187 1595 3243 1644 et
3291 1585 3572 1658 praesentis
3617 1583 3832 1638 venisse

2244 1690 2509 1762 prodebat
2553 1674 2936 1757 redemptionis
2985 1690 3281 1738 auctorem.
3315 1679 3467 1735 Illam
3494 1678 3548 1733 in
3574 1674 3829 1732 Chaldzea

562 1794 738 1850 biliter
765 1793 901 1848 adeo
925 1799 1172 1846 naturam
1192 1788 1544 1860 copulaverit,
1569 1794 1627 1842 ut
1654 1785 1798 1842 Deus
1822 1785 1982 1840 simul
2002 1791 2144 1840 esset
2172 1783 2222 1846 B
2245 1782 2388 1852 magi
2406 1778 2811 1838 coruscantibus
2830 1775 3123 1831 laetioribus
3144 1770 3306 1827 radiis
3318 1767 3826 1827 micantemvideut.

561 1895 614 1944 et
642 1887 804 1942 homo
831 1887 887 1940 ίῖ
919 1884 1123 1954 Υθτωη
1153 1883 1199 1938 si
1232 1883 1286 1938 in
1309 1883 1500 1937 horum
1536 1879 1942 1950 investigatione
1969 1880 2143 1934 omnis

561 1976 913 2050 intelligentia
963 1975 1207 2031 turbatur
1233 1974 1467 2028 humana
1495 1979 1657 2042 atque
1684 1970 1932 2025 universa
1971 1967 2144 2039 genti-

560 2069 690 2125 lium
719 2066 1055 2140 philosophia
1083 2065 1374 2131 evanescit,
1429 2065 1485 2118 in
1534 2062 1792 2136 mysterio
1831 2068 2012 2117 tamen
2051 2076 2143 2116 so-

564 2160 853 2216 lemnitatis
903 2157 1194 2223 hodierna,
1243 2173 1351 2228 quo
1400 2154 1952 2226 incomprehensibilis
2004 2151 2146 2210 Deus

565 2261 742 2306 ortum
771 2264 926 2306 suum
953 2247 1201 2319 gentibus
1220 2246 1490 2302 rutilantis
1531 2245 1700 2301 stellae
1729 2243 1928 2300 indicio
1969 2243 2144 2299 mani-

563 2345 761 2399 festare
787 2343 956 2399 voluit
985 2341 1204 2413 (Desunt
1246 2341 1328 2394 hic
1375 2339 1490 2394 dua:
1544 2338 1737 2408 linem).
1789 2336 1961 2393 Hodie
2003 2337 2146 2392 enim

563 2436 808 2492 Christus
831 2433 1090 2489 Dominus
1112 2439 1297 2488 uoster
1323 2430 1549 2501 gloriam
1578 2444 1732 2484 suam
1755 2428 1961 2483 cunctis
1977 2427 2149 2482 voluit

565 2527 873 2583 ostendere.
907 2524 971 2580 Et
999 2523 1243 2595 quamvis
1266 2521 1407 2577 inter
1433 2519 1688 2576 Hebraeos
1714 2534 1782 2573 ex
1802 2517 2040 2573 Hebraeis
2058 2531 2150 2571 na-

568 2627 655 2673 tus
682 2616 974 2674 secundum
1003 2629 1238 2680 carnem,
1269 2613 1390 2687 illos
1417 2627 1527 2682 pm
1556 2609 1764 2666 czeteris
1791 2607 2046 2664 dilexisse
2065 2607 2148 2662 vi-

569 2711 761 2766 deatur
793 2727 804 2762 :
837 2691 960 2764 cuni
1009 2715 1186 2761 tamen
1216 2706 1269 2760 in
1299 2703 1538 2774 ejusdem
1567 2709 1690 2757 ortu
1712 2716 1902 2758 novam
1926 2701 1981 2754 in
2000 2699 2150 2756 cmlis

569 2803 776 2859 stellam
817 2799 1039 2856 rutilare
1093 2797 1249 2863 fecit;
1300 2796 1462 2852 habet
1499 2795 1664 2850 etiam
1717 2793 1989 2862 gentilitas
2035 2792 2150 2864 ipsa

570 2891 712 2960 quod
732 2891 958 2945 lmtetur.
983 2887 1076 2942 llla
1100 2886 1241 2942 enim
1266 2885 1422 2941 stella
1443 2884 1710 2955 gentibus,
1735 2883 1865 2938 mihi
1886 2883 2152 2954 przecipue

570 2983 693 3038 data
720 2980 944 3046 videtur,
978 2988 1037 3036 ut
1063 2988 1252 3050 gentes
1290 2979 1454 3035 etiam
1500 2977 1915 3050 Redemptorem
1969 2984 2152 3033 natum

573 3090 692 3130 csse
719 3080 1070 3142 agnoscerent
1097 3072 1244 3127 illum
1271 3086 1432 3141 quem
1482 3070 1700 3125 Balaam
1745 3069 1836 3125 ille
1879 3070 2151 3140 quondam

2245 1875 2398 1932 Illam
2446 1872 2570 1929 novi
2620 1871 2763 1941 regis
2817 1867 3119 1938 significare
3147 1872 3444 1936 agnoscunt
3470 1861 3828 1918 nativitatem.

2246 1966 2499 2039 Ejusdem
2526 1963 2742 2021 luminis
2786 1961 3008 2018 ductum
3034 1965 3360 2028 sequuntur;
3387 1962 3678 2023 natumque
3705 1965 3832 2008 vere

2248 2060 2528 2117 inveniunt
2570 2073 2712 2123 eum,
2763 2055 2831 2111 ad
2857 2069 3020 2124 quem
3047 2068 3078 2107 a
3105 2058 3217 2107 tam
3243 2049 3536 2118 longinquo
3561 2059 3833 2101 veneran-

2246 2156 2373 2213 dum
2445 2152 2728 2210 accedunt.
2779 2147 3024 2205 Oderunt
3065 2146 3141 2201 illi
3188 2159 3285 2201 sua
3335 2156 3590 2207 munera;
3640 2153 3831 2196 aurum

2249 2262 2462 2318 nempe,
2487 2251 2548 2301 ut
2565 2244 2765 2300 lectum
2795 2247 2896 2308 est,
2921 2240 3045 2294 thus
3064 2245 3121 2292 et
3139 2236 3428 2309 myrrham.
3454 2232 3673 2287 Munera
3689 2236 3849 2300 equr‘

2247 2340 2370 2395 dem
2415 2333 2670 2409 pretiosa,
2713 2333 2908 2405 quibus
2933 2339 2988 2387 et
3016 2330 3128 2385 nati
3155 2329 3296 2398 regis
3321 2325 3590 2387 divinitas,
3621 2321 3830 2378 eidem-

2248 2447 2354 2502 que
2399 2430 2703 2487 declaratur
2748 2426 2898 2481 unita
2943 2421 3262 2478 humanitas.
3316 2416 3517 2474 Deinde
3543 2429 3644 2487 per
3669 2414 3831 2469 aliam

2250 2524 2392 2578 viam
2417 2521 2619 2577 reversi
2661 2517 2860 2574 sunt‘in
2889 2515 3165 2585 regionem
3193 2527 3362 2567 suam.
3394 2507 3637 2564 Gentiles
3661 2520 3832 2561 vene-

2251 2621 2378 2669 runt
2417 2611 2488 2668 ad
2527 2608 2890 2674 adorandum;
2919 2592 3204 2662 Christiani
3245 2603 3312 2659 ab
3340 2603 3432 2657 illo
3459 2607 3830 2664 recesserunt;

2251 2704 2561 2762 serviebant
2613 2708 2740 2756 ante
2785 2697 3156 2755 adorationem
3186 2693 3372 2760 idolis;
3402 2692 3519 2748 viso
3545 2690 3832 2746 Salvatore

2253 2796 2459 2863 mundi,
2491 2793 2629 2850 idola
2649 2799 2777 2849 sunt
2797 2788 3068 2846 detestati.
3089 2785 3308 2842 Reversi
3335 2790 3460 2840 sunt
3478 2783 3531 2838 in
3555 2781 3833 2851 regionan

2251 2889 2424 2948 Suam.
2455 2886 2732 2942 Imitemur
2751 2896 2882 2952 ergo
2928 2888 2985 2937 et
3006 2895 3128 2947 nos,
3157 2877 3370 2941 fratres,
3401 2888 3606 2944 magos.
3643 2871 3838 2926 Vident

2252 2978 2330 3035 illi
2351 2988 2577 3048 puerum
2597 2974 2654 3030 in
2679 2972 2912 3040 stabulo,
2943 2961 3107 3040 atque
3127 2974 3187 3024 ut
3214 2967 3382 3023 Deum
3404 2963 3556 3018 illum
3579 2975 3839 3018 veneran-

2258 3079 2364 3126 tur.
2392 3068 2648 3124 Videmus
2675 3072 2732 3122 et
2759 3079 2860 3119 nos
2881 3063 3056 3133 ipsum
3077 3060 3198 3115 fidei
3227 3057 3398 3114 oculis
3435 3062 3749 3124 regnantem
3782 3053 3838 3107 in

574 3163 847 3234 gentilium
877 3162 1128 3219 sacerdos
1175 3177 1243 3217 ex
1285 3161 1692 3245 seminejacob
1738 3163 2157 3243 prophetaverat
2183 3167 2228 3230 C
2258 3164 2422 3229 calo;
2446 3162 2596 3217 illum
2616 3172 2744 3228 ergo
2763 3152 3195 3222 veneremur,illi
3216 3163 3430 3220 semper
3448 3147 3834 3203 adhaereamus.

573 3253 857 3325 aliquando
889 3254 942 3309 in
971 3252 1226 3308 mundum
1273 3267 1393 3308 esse
1413 3261 1719 3308 venturum.
1753 3251 1822 3307 Et
1848 3267 2034 3308 revera
2053 3252 2151 3307 ha-

472 3429 492 3442 d
574 3349 771 3405 bebant
791 3347 899 3420 54
922 3347 1090 3403 ludzei
1119 3362 1216 3402 sua
1238 3362 1390 3403 sacra
1418 3347 1709 3414 volumina,
1738 3347 1793 3402 in
1820 3345 2014 3416 quibus
2040 3353 2154 3402 tum

575 3439 993 3514 patriarcharum
1017 3439 1158 3496 illius
1183 3438 1360 3510 gentis
1385 3438 1676 3511 pmconia,
1715 3448 1828 3494 tum
1857 3439 2153 3510 propheta-

2259 3255 2392 3310 Nam
2412 3253 2569 3312 sicuti
2599 3259 2710 3306 tres
2737 3249 2857 3316 illos
2884 3247 3029 3302 viros
3053 3260 3085 3299 a
3113 3243 3353 3300 crecitate
3381 3239 3670 3305 idolorum,
3689 3237 3763 3290 ita
3783 3240 3839 3289 et

2255 3360 2356 3401 nos
2409 3344 2592 3409 etiam,
2639 3347 2801 3411 atque
2851 3337 2919 3394 ab
2967 3342 3170 3392 aeterna
3207 3339 3381 3390 morte
3422 3326 3693 3386 liberavit.
3722 3323 3836 3380 Ex-

2255 3439 2426 3510 plicit.

1922 3571 2269 3636 HOMILIA
2313 3570 2434 3633 XX

1812 3673 1891 3728 De
1908 3671 2212 3746 Epiphania
2238 3672 2450 3729 Domini
2481 3668 2559 3725 IV

1995 3762 2390 3820 ADMONITIO.

650 3861 878 3939 55_Est
905 3861 1021 3939 haec
1046 3859 1267 3939 humilia
1292 3858 1347 3939 in
1371 3855 1558 3939 c'odioe
1582 3856 1852 3939 descripta
1899 3855 2128 3939 abbatips

579 3924 750 4010 fert?
752 3934 887 3990 Item
910 3943 958 3986 et
987 3931 1048 3986 de
1070 3928 1366 4010 Epiphania
1383 3926 1617 3993 Domini,
1641 3934 1706 4010 ἐξ
1724 3924 1790 4010 de
1810 3928 2001 4010 magis.
2052 3924 2170 4010 βίω

2194 3855 2426 3911 uondam
2457 3852 2516 3909 S.
2547 3847 2818 3915 Dalmatii,
2847 3860 2958 3916 quo
2996 3840 3263 3916 in_codiee
3282 3839 3429 3916 hunc
3454 3838 3670 3916 titulum
3697 3852 3844 3916 prae-

2223 3908 2378 3981 sec'us
2407 3908 2600 3993 legitur
2620 3921 2680 3993 in_
2701 3908 2887 3974 codice
2916 3911 3250 3993 Taurinensi.
3282 3909 3485 3964 Horum
3515 3908 3766 3993 codicum
3791 3908 3844 3990 in

580 3978 887 4132 ﬁndo???
909 3978 1053 4057 allii.
1070 3978 1426 4065 ἶ)ξῖῐῖἷῇᾇῶ
1442 3978 1617 4052 '56th
1641 3978 2029 4064 libantque—ex
2052 3978 2562 4064 Ediiidib‘iiqﬁet,
2593 3990 2828 4061 quinque
2853 4000 3014 4057 supra
3041 3984 3182 4039 hunc
3201 3995 3483 4037 numerum
3506 3995 3607 4034 nos
3627 3978 3845 4033 Maximi

618 4075 811 4131 omiliis
855 4085 1061 4128 carere.
1110 4067 1334 4124 Additur
1376 4069 1430 4122 in
1452 4067 1630 4132 titulo,
1675 4075 1724 4120 et
1743 4066 1808 4120 de
1835 4067 2037 4132 magis;
2059 4067 2184 4132 quia
2213 4067 2280 4123 de
2301 4064 2532 4122 adventu
2550 4063 2712 4118 trium
2731 4058 2944 4115 illorum
2969 4057 3204 4110 virorum
3233 4051 3298 4107 ad
3322 4065 3488 4107 cunas
3505 4048 3720 4106 Domini
3743 4063 3845 4121 pe-

618 4048 1061 4131 b'ﬁiii§"'ca'éé‘r’él
1093 4048 1430 4124 'idiiiﬁié'ii
1452 4048 1630 4132 titulo,
1647 4048 1725 4120 'éi
1743 4048 2037 4138 deuia—gis
2054 4048 2284 4134 ibim;
2297 4048 2532 4122 adventu
2550 4048 2712 4118 tri-um
2731 4048 2944 4115 illorum
2969 4057 3204 4110 virorum
3233 4051 3298 4107 ad
3322 4065 3488 4107 cunas
3505 4048 3720 4106 Domini
3743 4063 3847 4121 pe-

581 4145 765 4202 culiari
789 4142 1023 4214 quodam
1048 4138 1210 4195 modo
1233 4139 1334 4193 hac
1359 4138 1413 4193 in
1443 4138 1690 4194 oratione
1715 4137 1824 4206 agit
1846 4137 1902 4191 S.
1930 4137 2176 4194 antistes.
2222 4187 2239 4201 ,

584 4253 1315 4318 Anouusurun.——Christus
1340 4253 1395 4306 in
1419 4251 1608 4306 Judcea
1637 4253 1719 4305 via:
1747 4259 1916 4315 natus,
1947 4267 2037 4320 per
2065 4268 2160 4304 an-

654 4332 791 4404 gelos
805 4327 1006 4404 [udwis
1035 4328 1088 4380 in
1113 4322 1400 4404 pastoribus
1445 4321 1818 4404 dignoscendus
1834 4321 2158 4404 ⁸,εξειςΙιίέηειιμίξ

653 4390 925 4474 gentilibus
947 4390 1123 4474 autem
1143 4394 1370 4474 in‘stella
1390 4390 1806 4474 ntidamai-Vae
1827 4391 1925 4474 illi,
1939 4393 2159 4474 fecisti

650 4461 937 4544 opportuno
952 4468 1152 4544 lumine
1166 4465 1540 4544 destituuntur.
1573 4463 1680 4544 Sed
1697 4461 1867 4518 λιιάωὶ
1916 4461 2158 4544 divinitus

651 4532 904 4598 admoniti
943 4536 1197 4594 increduli
1235 4543 1463 4598 manent,
1526 4534 1709 4588 entiles
1751 4550 1865 4588 vero
1894 4532 1962 4586 ad
1981 4541 2159 4587 natum
2191 4558 2200 4564 ι

657 4613 931 4670 Dominum
957 4605 1282 4665 adorandum
1301 4621 1356 4660 se
1377 4553 1666 4676 caularum.
2193 4576 2200 4634 Ῑ

657 4613 931 4670 Dominum
957 4605 1282 4665 adorandum
1301 4621 1356 4660 se
1377 4605 1666 4670 conferunt.

655 4727 738 4784 Ad
765 4722 1090 4788 veneranda,
1114 4722 1326 4785 fratres,
1357 4719 1494 4775 festa
1532 4717 1820 4783 dominica,
1852 4724 2015 4786 atque
2041 4713 2163 4770 Sal-

584 4817 789 4874 vatoris
835 4813 1001 4870 nostri
1049 4810 1407 4866 sacratissima
1457 4809 1710 4880 mysteria
1764 4813 2164 4872 concurrentes,

2267 4251 2433 4321 ipsius
2482 4244 2916 4302 manifestatione
2960 4237 3194 4310 gaudere
3221 4235 3494 4292 debemus.
3528 4219 3848 4302 Unigeuitus

2265 4343 2360 4399 Dei
2390 4339 2554 4395 Filius
2580 4335 2724 4391 Patri
2751 4335 2862 4390 Deo
2890 4338 3211 4397 coaeternus,
3237 4341 3362 4383 cum
3402 4339 3470 4380 ex
3521 4323 3847 4379 intemerata

2265 4436 2470 4506 virgine
2508 4440 2665 4488 natus
2711 4433 2852 4482 esset
2875 4425 2931 4480 in
2955 4433 3231 4493 tempore,
3258 4417 3519 4475 hodierna
3547 4414 3635 4470 die
3662 4421 3722 4478 ut
3742 4427 3846 4483 pa-

2267 4503 2417 4583 terna
2465 4538 2564 4580 nos
2589 4522 2750 4577 docet
2775 4516 3012 4582 traditio,
3063 4529 3123 4570 se
3147 4512 3314 4569 voluit
3340 4508 3588 4580 gentibus
3615 4503 3850 4562 manife-

2267 4627 2428 4675 stare.
2469 4626 2495 4654 ⁸
2522 4616 2764 4683 Dumque
2810 4608 3017 4678 vagiret
3041 4607 3157 4678 ipse
3185 4607 3240 4661 in
3267 4603 3440 4666 cunis,
3470 4601 3598 4657 dum
3626 4599 3695 4653 ab
3745 4611 3850 4653 an-

2269 4708 2402 4777 gelis
2421 4703 2832 4764 eollaudaretur,
2883 4706 3046 4770 atque
3074 4687 3224 4752 illum
3243 4703 3490 4766 pastores
3519 4690 3848 4754 inviserent;

2269 4817 2408 4858 nova
2425 4800 2578 4858 stella
2598 4795 2803 4854 cunctis
2824 4792 2970 4848 illum
2985 4782 3232 4861 gentibus
3250 4784 3625 4842 manifestabat
3637 4798 3667 4838 e
3685 4781 3851 4838 calo.

584 4909 744 4966 sicuti
771 4907 840 4963 de
884 4904 1050 4975 ipsius
1089 4901 1368 4957 nativitate
1387 4873 1551 4956 laetati
1577 4914 1779 4965 sumus,
1808 4898 1880 4953 ita
1909 4897 2072 4953 etiam
2099 4895 2166 4952 de
2271 4894 2482 4951 Etenim
2502 4892 2716 4959 Judazis,
2747 4891 2801 4946 in
2820 4901 3050 4960 quorum
3077 4891 3241 4949 terra,
3273 4889 3435 4950 atque
3461 4876 3529 4933 de
3561 4874 3713 4944 regio
3739 4873 3850 4929 Da-

659 5055 686 5084 δ
707 5031 1207 5100 ΟοᾶθίΤευτίηθη.
1231 5037 1360 5105 legit
1385 5055 1396 5089 :
1422 5037 1584 5107 Atque
1610 5033 1723 5087 ideo
1746 5030 1871 5107 dum
1896 5031 2089 5100 vagiret
2110 5031 2165 5083 in

587 5117 750 5179 cunis,
783 5113 904 5167 dum
953 5110 1016 5164 ab
1056 5108 1252 5180 angelis
1286 5100 1688 5182 collaudantur,
1719 5100 2162 5182 eumdemquega-

586 5169 750 5245 stores
775 5184 1086 5245 inviserent;
1126 5169 1260 5232 nova
1301 5178 1452 5232 stella
1497 5170 1888 5245 cunctisillum
1935 5169 2166 5240 gentibus

585 5241 953 5328 manifestabat
989 5241 1234 5328 infmia.
1285 5247 1438 5328 Unde
1474 5261 1590 5298 cum
1615 5241 1845 5328 ludatis,
1865 5242 2164 5328 iniquorum

591 5311 818 5384 terra.“
841 5339 1022 5395 genere
1045 5319 1215 5395 David
1247 5316 1525 5395 secundum
1561 5327 1770 5395 cantem
1795 5311 1962 5380 fuerat
1990 5319 2160 5395 natus,

753 5379 808 5450 in
830 5379 937 5448 sum
957 5392 1237 5446 nativitatis
1265 5386 1477 5442 exordio
1498 5392 1665 5455 ortum
1687 5379 1843 5455 fuisse
1863 5379 2165 5434 ostendisset

589 5448 861 5525 Elimea
888 5462 1101 5519 scelestis
1129 5459 1380 5514 exercitus
1420 5448 1741 5525 laudantium
1792 5448 1969 5525 Deum,
2011 5458 2162 5521 atque

590 5521 902 5596 dicentium:
932 5532 1116 5598 Gloria
1157 5530 1210 5584 in
1239 5525 1510 5582 altissimis
1545 5521 1677 5585 Deo,
1725 5530 1780 5576 et
1807 5521 1858 5575 in
1892 5527 2030 5576 terra
2056 5535 2159 5590 pax

2271 5027 2534 5092 Gentibus,
2567 5027 2745 5098 quibus
2761 5029 2854 5098 es
2878 5022 3118 5098 Balaami
3163 5015 3432 5090 prophetia
3460 5012 3856 5098 Redemptorem

2270 5083 2445 5154 διίεσαιὶ
2465 5083 2533 5154 ex,
2542 5083 2732 5153 semine
2747 5095 2781 5150 Ι
2788 5093 2913 5151 acob
2929 5083 3193 5148 venturum
3212 5083 3321 5142 esse
3340 5083 3854 5156 promissumfuerat,

2269 5152 2383 5224 eum
2404 5152 2494 5222 illa
2515 5184 2626 5240 qua:
2651 5152 2768 5240 sunt
2790 5167 2843 5220 in
2863 5158 3310 5240 ludwa_miranda
3329 5152 3853 5240 eveniebant‘ignorg:

2268 5222 2400 5303 rent,
2432 5222 2614 5294 nov'am
2636 5239 2777 5292 dedit
2804 5235 3006 5290 stellam
3044 5235 3097 5287 in
3137 5232 3486 5303 signum,_q_ua
3506 5222 3858 5303 intelligerent

2266 5311 2340 5376 id,
2370 5296 2506 5382 quod
2533 5307 2597 5362 ab
2635 5307 2799 5382 ariolo
2845 5306 2936 5360 illo
2982 5296 3241 5374 quondam
3268 5296 3603 5382 vaticinatum
3623 5296 3856 5382 “fugat,

2270 5359 2583 5460 {5:13.151ng
2600 5359 2950 5460 adimpletumz
2976 5359 3599 5460 artemquefsseﬂs‘tellam
3621 5359 3767 5415 illam
3784 5359 3857 5417 de

2263 5438 2444 5515 Jacob,
2473 5458 2523 5504 et
2550 5438 2807 5505 hominem
2837 5438 3032 5502 venisse
3062 5444 3124 5499 de
3147 5438 3336 5507 lsrael,
3359 5442 3466 5492 etc.

665 5677 915 5746 ‘lmpetit
965 5675 1067 5730 hoc
1094 5673 1212 5726 loco
1245 5667 1503 5722 Maximus
1552 5642 1796 5720 limrcsini
1842 5663 2294 5735 Eutychianorum
2367 5664 2521 5734 eique
2569 5661 2791 5734 opponit
2849 5659 3221 5715 inconcussum
3271 5647 3521 5708 Ecclesia:
3568 5642 3856 5702 catholica

594 5745 807 5819 dogma.

3587 5835 3649 5843 --δ
