4040 6324
231 433 327 488 265

1621 431 1900 486 ΗΟΜιιιΑ
1934 433 2069 486 XXI.

3365 431 3469 486 266

230 545 356 600 vidis
379 542 580 598 semine
602 541 893 596 secundum
923 558 1138 598 carnem
1169 553 1324 598 natus
1345 545 1534 607 fuerat,
1569 544 1714 598 illum
1738 546 1790 598 in
1819 552 1869 608 Α
1896 546 2178 600 Dominum
2226 546 2576 614 nasciturum,
2625 564 2852 618 eumque
2892 563 2958 603 eo
2993 557 3235 617 tempore
3289 546 3474 600 dicunt

230 649 330 692 Sua:
358 633 646 688 nativitatis
663 634 885 690 exordio
910 635 1021 704 jam
1043 636 1172 690 satis
1194 636 1529 691 manifestum
1555 635 1791 692 fecerant
1887 635 1998 705 jam
2041 653 2158 690 esse
2213 645 2416 690 natum.
2466 635 2615 691 Tune
2653 638 2966 708 prophetica
3027 638 3114 691 illa
3145 637 3362 706 impleta
3391 645 3472 690 cst

229 723 502 782 multitudo
538 723 627 778 illa
679 725 903 792 angelici
950 727 1218 781 exercitus
1247 725 1572 780 laudantium
1623 726 1790 780 Deum

227 825 379 885 atque
405 813 694 869 dicentium
726 833 738 866 :
764 813 945 870 Gloria
968 817 1025 870 in
1052 817 1320 870 altissimis
1350 816 1481 882 Deo,
1509 827 1558 871 et
1578 819 1632 870 in
1655 826 1792 871 terra

227 924 323 978 pas
345 904 496 976 (Luc.
536 905 594 977 ιι)
628 923 640 957 :
670 902 972 961 Gentilibus
1012 916 1210 971 autem,
1237 908 1432 976 quibus
1460 925 1526 961 ex
1555 907 1792 961 Balaami

226 996 499 1069 prophetia
527 995 943 1066 Redemptorem
963 996 1143 1052 saeculi
1171 997 1239 1052 de
1267 998 1470 1052 semine
1497 997 1664 1053 Jaeob
1691 999 1792 1052 ali-

225 1087 428 1156 quando
463 1095 745 1142 venturum
784 1103 903 1144 esse
931 1088 1251 1158 promissum
1291 1087 1485 1155 fuerat,
1531 1104 1651 1144 cum
1681 1089 1793 1158 illa,

225 1197 336 1250 qua:
363 1180 414 1234 in
448 1179 630 1235 Iudaea
657 1181 897 1236 miranda
927 1192 1055 1237 tunc
1081 1183 1419 1245 eveniebant,
1454 1184 1792 1251 ignorarent;

166 1313 172 1320 .
224 1287 407 1326 novam
433 1271 585 1326 dedit
613 1272 823 1327 stellam
851 1273 904 1326 in
943 1273 1156 1342 signum
1199 1290 1305 1344 qua
1344 1274 1705 1343 intelligerent
1743 1275 1796 1330 id

223 1365 356 1425 uuod
382 1365 453 1419 ab
478 1365 648 1419 ariolo
693 1365 782 1420 illo
830 1367 1181 1422 vaticinatum
1221 1366 1397 1422 fuerat
1436 1367 1596 1444 fuisse
1624 1369 1794 1423 adim-

224 1455 433 1526 pletum,
467 1464 746 1526 ortamque
767 1472 885 1512 esse
912 1457 1059 1512 illam
1087 1457 1300 1513 stellam
1318 1457 1385 1514 de
1403 1457 1591 1527 Jacob,
1613 1467 1668 1513 et
1694 1459 1797 1514 ho-

1893 727 2159 780 sententia
2191 745 2202 778 :
2234 725 2426 790 Quibus
2453 744 2556 781 non
2576 739 2655 782 est
2674 730 3036 782 annuntiatum
3051 729 3114 781 de
3132 747 3190 783 eo
3212 727 3470 793 videbunt,

1893 828 1941 871 et
1969 821 2054 890 qui
2082 836 2183 873 non
2214 820 2490 873 audierunt
2525 822 2816 892 intelligent
2846 821 3003 890 (Isui.
3037 839 3126 885 ιιι,
3179 821 3272 886 15;
3318 821 3467 875 Rom.

1894 926 1984 972 xv,
2007 909 2120 978 21).
2144 908 2394 966 Chaldzeo
2415 911 2547 965 nihil
2563 913 2937 968 aununtiatum
2957 912 3132 967 fuerat
3151 913 3217 967 de
3236 912 3472 979 Christo,

1897 1002 2027 1055 nihil
2047 1003 2320 1069 audierat;
2343 1012 2400 1060 et
2421 1005 2630 1059 stellam
2656 1005 2862 1070 videns,
2881 1005 3067 1061 adesse
3094 1006 3363 1060 Christum
3391 1007 3473 1060 in-

1896 1091 2104 1146 tellexit
2150 1093 2201 1146 in
2257 1093 2426 1147 stella.
2455 1093 2651 1148 Vident
2679 1095 2819 1162 magi
2848 1093 3261 1164 Redemptorem
3288 1092 3473 1150 mundi

1898 1182 1950 1235 iu
1979 1182 2224 1248 stabulo;
2273 1183 2545 1239 intuentur
2574 1200 2807 1254 puerum
2839 1185 2892 1238 in
2940 1186 3125 1239 matris
3152 1186 3357 1254 gremio
3379 1203 3471 1240 su—

1897 1282 2110 1341 gentem
2142 1274 2328 1342 ubera,
2358 1275 2508 1329 illum
2527 1275 2756 1330 adorant
2789 1284 2950 1344 atque
2979 1276 3080 1345 ipsi
3105 1275 3338 1331 oll'erunt
3367 1293 3474 1330 mu.

1899 1382 2049 1420 nera.
2081 1365 2213 1420 Mira
2241 1366 2398 1431 lides,
2425 1381 2649 1437 puerum
2676 1367 2729 1420 in
2760 1367 3008 1420 laetantis
3042 1367 3230 1421 matris
3270 1368 3475 1437 gremio

1895 1456 2188 1525 jacentem,
2234 1457 2381 1512 nulla
2426 1458 2574 1527 regia
2616 1457 2896 1527 majestate
2915 1457 3193 1527 stipatum,
3224 1467 3280 1512 ut
3310 1458 3478 1513 Deum

223 1548 412 1603 minem
442 1547 656 1604 venisse
683 1547 751 1603 de
778 1548 962 1604 Israel.
996 1548 1065 1604 Et
1083 1565 1270 1606 revera
1296 1566 1418 1606 cum
1445 1551 1560 1620 ipse
1590 1551 1800 1606 nonJu—
1901 1548 2129 1603 adorare
2151 1549 2435 1618 eidemque
2461 1558 2521 1604 ut
2545 1550 2678 1619 regi,
2710 1558 2771 1603 ut
2798 1550 2908 1605 Deo
2935 1549 3192 1603 exhibere
3215 1549 3475 1603 munera!

226 1636 391 1693 dazum
418 1646 629 1694 tantum
675 1637 930 1710 populum
975 1639 1376 1710 redempturum
1415 1640 1721 1697 advenisset
1767 1635 1799 1696 e
1901 1639 2122 1707 Deinde,
2179 1647 2237 1693 ut
2276 1640 2506 1695 decursa
2562 1641 2723 1696 lectio
2758 1646 3010 1708 testatur,
3033 1655 3128 1710 per
3151 1640 3308 1693 aliam
3338 1641 3480 1696 viam

224 1731 374 1798 caelo,
430 1729 526 1786 sed
581 1739 640 1785 ut
682 1739 905 1786 cunctas
951 1740 1159 1800 gentes,
1188 1748 1323 1802 quas
1346 1734 1414 1788 ab
1444 1733 1596 1789 initio
1617 1731 1798 1788 saeculi
1901 1732 2103 1786 reversi
2131 1740 2258 1786 sunt
2286 1731 2340 1786 in
2362 1732 2637 1802 regionem
2666 1749 2848 1798 suam;
2883 1742 2909 1769 ι
2939 1740 2994 1787 et
3035 1733 3124 1802 qui
3154 1732 3395 1787 inﬁdeles
3415 1731 3482 1788 ad

225 1836 324 1876 una
361 1838 484 1880 cum
534 1820 692 1877 Patre
721 1832 1000 1878 creaverat
1026 1831 1084 1879 et
1108 1826 1215 1897 56
1243 1824 1444 1895 Spiritu
1474 1835 1688 1889 sancto,
1721 1827 1798 1880 si-
1901 1822 2101 1878 Christi
2117 1824 2391 1879 adoranda
2419 1839 2616 1880 venere
2636 1825 2925 1894 cunabula,
2946 1828 3134 1881 mterui
3161 1827 3300 1881 illius
3319 1827 3482 1895 Solis,

224 1927 380 1980 gnum
407 1914 538 1969 dare
566 1914 734 1969 voluit
756 1915 807 1968 in
836 1915 1017 1984 stella,
1041 1916 1185 1987 quod
1207 1925 1263 1973 et
1282 1915 1463 1971 Judzca
1492 1918 1694 1981 videre,
1723 1927 1802 1972 at-
1827 1927 1875 1988 B
1899 1929 2061 1984 quem
2079 1915 2182 1985 57
2207 1915 2586 1983 adoraverant,
2618 1915 2782 1970 radiis
2811 1915 3082 1984 illustrati,
3105 1917 3484 1986 superstitione

223 2018 324 2072 que
367 2004 646 2061 universus
685 2014 869 2076 posset
892 2007 1038 2063 orbis
1073 2021 1386 2077 agnoscere.
1413 2009 1555 2065 Vidit
1582 2011 1801 2080 quidem
1903 2006 2168 2077 deposita,
2218 2023 2314 2076 per
2369 2007 2528 2061 aliam
2578 2007 2720 2087 viam
2769 2007 2838 2062 ad
2866 2007 3081 2078 propria
3111 2017 3236 2061 sunt
3263 2007 3485 2063 reversi.

226 2095 350 2151 illud
385 2096 615 2164 Iudaeus,
669 2099 764 2154 sed
806 2116 912 2156 non
960 2101 1239 2169 cognovit;
1294 2101 1474 2156 mirati
1522 2103 1651 2158 illud
1677 2112 1805 2158 sunt

223 2196 430 2256 gentes,
454 2189 550 2244 sed
577 2205 646 2244 ex
679 2189 942 2246 Chaldaeis
971 2200 1176 2246 tantum
1203 2200 1313 2247 tres
1337 2194 1438 2248 viri
1475 2194 1607 2270 quid
1647 2196 1808 2263 signi-

225 2277 411 2332 iicaret
447 2279 844 2335 intellexerunt.
876 2281 973 2337 lllo
999 2282 1195 2338 visibili
1231 2283 1385 2353 signo
1406 2284 1474 2338 ad
1493 2300 1551 2339 se
1577 2286 1808 2341 vocabat

225 2375 470 2436 cunctos,
497 2370 743 2426 omnibus
768 2373 952 2440 gratiae
1000 2389 1110 2428 sua:
1130 2374 1484 2443 pollicebatur
1507 2376 1666 2432 dona.
1701 2377 1807 2432 Ve-

225 2457 368 2514 nisse
392 2469 669 2517 auctorem
687 2465 889 2529 saeculi,
919 2465 1011 2536 qui
1034 2465 1221 2534 iugum
1257 2468 1533 2524 servitutis
1575 2471 1809 2538 antiqua:

225 2550 609 2620 confringeret,
654 2556 1046 2620 annuntiabat;
1075 2557 1241 2612 vitam
1287 2559 1502 2614 demum
1551 2569 1809 2616 aeternam

225 2642 578 2712 pollicebatur
601 2649 826 2702 cunctis.
852 2647 1020 2705 Stella
1045 2657 1226 2706 tamen
1252 2652 1342 2707 illa
1379 2667 1656 2723 magorum
1686 2663 1809 2709 tau-

228 2741 335 2786 tum
363 2732 571 2790 refulsit
593 2737 766 2792 oculis
784 2781 798 2807 ,
849 2750 905 2794 et
929 2741 1020 2810 qui
1069 2741 1122 2797 in
1164 2744 1381 2814 propria
1410 2754 1596 2800 natum
1620 2745 1807 2801 Salva-

228 2831 394 2879 torem
432 2827 722 2895 habebant,
753 2831 901 2886 illum
949 2833 1201 2902 ignorare
1249 2835 1569 2904 voluerunt;
1601 2845 1657 2892 et
1678 2851 1811 2908 gen.-

229 2918 388 2973 tilitas
417 2920 488 2976 ad
517 2922 664 2976 illum
689 2926 926 2980 cucurrit
973 2927 1356 2984 venerandum.
1404 2929 1642 2986 Veniunt
1679 2947 1810 3003 ergo

225 3008 289 3064 de
315 3010 562 3067 Chaldma
590 3015 729 3084 magi
762 3034 774 3067 :
810 3019 1097 3086 prmeuutis
1123 3019 1294 3075 stella:
1321 3036 1535 3078 cursum
1576 3039 1811 3094 sequun-

229 3107 308 3155 tur
333 3120 344 3154 :
370 3104 572 3170 regiam
599 3105 946 3164 Hebraeorum
965 3111 1176 3180 urbem,
1197 3112 1286 3167 ubi
1313 3113 1531 3170 insanus
1551 3118 1812 3186 regnabat

228 3191 462 3250 Herodes
505 3197 915 3266 ingrediuntur:
953 3209 1135 3257 natum
1187 3205 1477 3273 exquirunt
1501 3205 1810 3264 Judmormn

1904 2098 2064 2168 Ergo,
2093 2098 2304 2165 fratres,
2330 2116 2450 2155 eum
2480 2107 2536 2154 et
2563 2115 2662 2153 nos
2682 2116 2752 2154 ex
2774 2100 3021 2167 gentibus
3042 2099 3110 2154 ad
3129 2100 3243 2153 veri
3274 2099 3486 2153 luminis

1906 2191 2210 2245 venerimus
2230 2191 2576 2259 agnitionem,
2602 2192 2872 2245 imitemur
2888 2206 3090 2260 magos.
3116 2191 3218 2257 llli,
3242 2193 3357 2245 viso
3377 2192 3486 2245 Do-

1909 2283 2074 2344 mino,
2119 2283 2292 2352 ipsum
2330 2284 2570 2337 venerati
2604 2293 2728 2336 sunt
2756 2291 2815 2337 ut
2842 2284 3039 2349 Deum;
3073 2299 3170 2339 nos
3193 2300 3409 2354 quoque
3436 2285 3489 2340 id

1909 2385 2152 2439 agamus,
2173 2372 2493 2443 rejectisque
2513 2372 2659 2426 falsis
2689 2375 2927 2442 gentium
2968 2374 3141 2439 idolis,
3175 2377 3345 2444 ipsum
3369 2384 3490 2428 tan-

1910 2472 2021 2518 tum
2049 2479 2387 2529 veneremur,
2430 2465 2605 2520 eidem
2637 2465 2948 2520 serviamus.
2976 2466 3085 2520 Nos
3109 2466 3218 2535 jam
3240 2467 3395 2522 stella
3423 2466 3489 2521 ad

1910 2555 2054 2610 illius
2081 2557 2440 2624 cognitionem
2463 2573 2570 2612 non
2598 2557 2879 2627 perduxit,
2910 2559 3005 2612 sed
3032 2574 3172 2614 vera:
3206 2559 3325 2614 fidei
3355 2540 3491 2628 pne:-

1909 2650 2128 2716 dicatio,
2154 2665 2271 2718 quae
2301 2658 2357 2703 ut
2378 2651 2530 2704 stella
2562 2651 2612 2704 in
2643 2650 2895 2704 cordibus
2916 2652 3113 2705 nostris
3143 2666 3238 2720 per
3266 2652 3356 2705 Dei
3379 2667 3490 2720 gra-

1912 2744 2040 2798 tiam
2066 2744 2259 2797 illuxit.
2293 2743 2582 2799 Hortemur
2616 2745 2723 2814 58
2749 2758 2877 2810 ergo
2906 2743 3098 2799 fratres
3140 2754 3216 2811 ut,
3245 2745 3490 2815 deposito

1911 2838 2002 2892 illo
2043 2838 2306 2892 idolorum
2351 2837 2612 2905 sacrilego
2636 2838 2806 2904 cultu,
2835 2837 2900 2891 ad
2930 2853 3126 2892 novum
3148 2837 3268 2893 lidei
3310 2839 3491 2893 lumen

1911 2928 2056 2998 quod
2078 2927 2206 2997 ipsis
2226 2929 2386 2981 etiam
2418 2928 2605 2993 eluxit,
2635 2926 2909 2982 accedant.
2945 2927 3081 2996 Magi
3104 2936 3232 2982 nato
3263 2929 3489 2984 Domino

1910 3036 2006 3074 sua
2028 3021 2336 3076 obtulerunt
2358 3036 2578 3075 munera
2601 3037 2613 3085 ;
2638 3020 2711 3073 illi
2742 3037 2840 3075 nos
2887 3021 3048 3075 etiam
3078 3023 3368 3078 offeramus
3390 3040 3488 3077 uo-

1912 3121 2041 3168 stra.
2100 3112 2388 3168 Pascamus
2437 3113 2644 3180 viduas,
2696 3114 3008 3181 peregrinos
3028 3115 3254 3179 alamus,
3285 3118 3491 3171 cunctis

1913 3204 2334 3259 misericordiam
2364 3203 2733 3269 exhibeamus,
2765 3212 2822 3257 ut
2845 3203 2911 3257 ab
2932 3207 3177 3274 praesenti
3209 3206 3490 3260 adventan-

226 3297 422 3354 rcgem.
472 3287 675 3344 Tremit
701 3289 963 3358 Herodes,
993 3300 1050 3346 et
1101 3296 1226 3350 novi
1250 3298 1393 3367 regis
1415 3307 1578 3369 pavet
1607 3301 1807 3356 adven-
1831 3296 1878 3358 C
1913 3297 2040 3350 tium
2062 3295 2451 3365 allophyloruui
2467 3294 2707 3362 angustia
2732 3295 2844 3362 ipse
2868 3295 3133 3361 piissimus
3158 3297 3492 3368 nosliberaru

229 3386 353 3434 tum.
387 3383 498 3438 Cur
526 3384 690 3454 impie
715 3395 769 3441 et
799 3385 980 3441 infelix
1012 3386 1206 3444 times?
1227 3388 1344 3445 Non
1374 3393 1520 3448 enim
1542 3403 1631 3449 tua
1653 3395 1802 3450 venit

227 3482 411 3539 rapere
459 3476 552 3545 qui
598 3475 820 3531 daturus
866 3486 947 3533 est
980 3479 1219 3536 caelestia
1273 3497 1458 3553 regna.
1490 3483 1807 3541 Scrutantur

228 3559 525 3634 Scripturas
571 3567 798 3659 llebrzei,
845 3580 901 3627 e‘.
945 3582 1074 3628 tunc
1120 3585 1387 3632 noverunt
1411 3579 1464 3633 in
1487 3578 1804 3635 Bethlehem

1910 3388 2175 3456 dignetur.
2211 3385 2408 3440 Potens
2433 3385 2576 3439 enim
2605 3391 2688 3438 est
2717 3384 2892 3438 facere
2924 3385 3051 3440 illud
3079 3405 3089 3438 :
3125 3396 3181 3439 ut
3209 3379 3361 3441 nobis
3399 3405 3489 3440 sua

1908 3480 2274 3536 misericordia
2296 3486 2554 3550 praestare
2577 3477 2826 3547 dignetur
2852 3493 2974 3533 eum
3004 3488 3121 3535 toto
3159 3481 3320 3536 corde
3358 3500 3480 3536 cm-

1910 3591 2108 3631 remus.
2135 3573 2384 3642 Explicit.

1563 3691 1907 3754 HOMILIA
1947 3690 2128 3749 XXI.

1527 3792 1603 3846 De
1630 3792 1926 3862 Epiphania
1951 3789 2161 3843 Domini
2193 3788 2257 3841 V.

1673 3881 2061 3937 ADMONITIO.

296 3978 585 4052 ln_celebr_i
613 3977 804 4052 codice
840 3978 1178 4052 Sangallensi
1204 3977 1411 4052 sepulta
1435 3975 1749 4052 iacuithaac
1779 3974 2267 4052 Magimihomilia,
2317 3972 2490 4052 donec
2517 3987 2634 4027 eam
2663 3971 2847 4052 eduxit
2872 3970 3029 4052 ιιοειιιἶ
3052 3969 3409 4052 Mabillonius,
3431 3981 3488 4052 et

230 4049 282 4103 in
316 4048 521 4102 Musaeo
554 4047 742 4102 Italico
763 4064 883 4102 cum
912 4041 1029 4104 aliis
1057 4041 1516 4104 noviter'inveutis
1538 4048 1848 4117 publicavit.
1873 4045 2099 4110 Titulus,
2122 4060 2281 4117 quem
2311 4043 2490 4117 editor
2516 4043 2803 4117 exscripsit
2821 4059 2892 4117 ex_
2912 4042 3096 4117 codice
3131 4050 3264 4117 esti
3296 4041 3486 4117 Incipit

235 4119 430 4193 dictum
471 4127 584 4193 post
613 4119 840 4193 natalem
868 4117 1099 4193 Domini,
1133 4118 1484 4193 e_umdemque
1513 4110 1635 4193 c'um
1666 4117 1883 4193 homilja
1912 4132 2064 4171 suam
2087 4110 2154 4193 ιη’
2166 4115 2545 4193 collectionem
2585 4110 2824 4193 traduxit
2861 4113 3108 4193 andreas
3149 4110 3482 4193 Callaindius.

231 4187 414 4261 Alium
445 4180 659 4258 pncfert
680 4189 889 4261 titulqu
919 4180 1095 4261 cedes
1134 4180 1496 4261 Taurinensis,
1529 4189 1632 4243 hoc
1659 4195 1780 4242 est:
1816 4187 1949 4261 Item
1989 4187 2128 4261 etde
2156 4185 2452 4261 Epiphania
2473 4184 2694 4261 Domini
2731 4185 2908 4239 homil.
2941 4183 3040 4261 X._
3063 4180 3371 4261 Huiusmodi
3402 4182 3486 4261 iu-

233 4251 881 4333 scriptioconvenientior
903 4260 1183 4333 superiore
1206 4259 1434 4327 videtur,
1454 4251 1577 4314 cum
1604 4275 1746 4333 me):
1759 4267 1882 4333 post
1909 4257 2157 4333 bomilias
2178 4251 2441 4333 de'natali
2465 4256 2681 4333 Domini
2708 4264 2966 4333 sequatur
2993 4254 3160 4333 altera
3173 4253 3246 4333 de
3261 4251 3486 4333 colendis

232 4321 494 4397 Januarii,
528 4337 584 4384 et
612 4329 727 4384 haec
751 4321 985 4399 numero
1004 4330 1064 4383 l0
1106 4331 1176 4384 sit
1209 4345 1394 4384 earum
1419 4321 1554 4398 'quze
1593 4329 1661 4384 de
1707 4321 2006 4399 Epiphania
2035 4328 2430 4384 exscribuutur.
2465 4327 2546 4381 Ex
2572 4327 2763 4381 eodem
2792 4323 3105 4380 Taurinensi
3127 4321 3311 4378 codice
3331 4321 3488 4389 plane
3543 4355 3554 4368 .

234 4408 446 4453 constat
471 4399 716 4454 bomilias
739 4399 790 4467 7,
814 4398 847 4452 8
877 4408 932 4455 et
963 4399 995 4452 9
1014 4400 1218 4470 pariter
1245 4400 1312 4454 de
1341 4399 1639 4469 Epiphania
1665 4398 1908 4469 periisse.

238 4508 621 4586 Annuus-mrcis.
645 4545 717 4555 --
737 4513 926 4569 Divina
949 4532 1164 4569 munera
1195 4530 1309 4586 quce
1337 4531 1401 4586 ea;
1423 4516 1589 4568 natali
1617 4512 1810 4569 Christi

301 4582 354 4633 in
385 4583 612 4656 homines
655 4595 1028 4655 promanarunt
1065 4603 1158 4640 nos
1190 4582 1500 4656 compellunt
1530 4595 1588 4656 ut
1612 4601 1812 4638 morum

272 4715 274 4718 _
302 4653 548 4726 candore,
581 4653 698 4708 vitae
723 4656 1038 4726 integritate,
1058 4657 1262 4726 pietatis
1289 4653 1461 4709 studio
1482 4655 1684 4725 majora
1702 4672 1813 4726 nia:-

272 4792 280 4800 ‘
303 4723 379 4790 gis
413 4733 464 4777 et
490 4723 854 4800 praestantiora
869 4725 1015 4800 nobis
1035 4723 1281 4800 beneﬁcia
1296 4723 1698 4795 promereamur.
1726 4724 1816 4778 Illi

399 4810 531 4883 pera
547 4795 774 4883 licentia,
818 4813 964 4868 quem
985 4797 1190 4867 justitia
1224 4806 1428 4866 gratum
1466 4806 1516 4851 et
1555 4804 1817 4864 acceptum
1843 4820 1896 4883 ι)

310 4859 418 4918 Deo
439 4864 629 4919 reddit.

311 5059 520 5116 latitia
545 5063 740 5118 natalis
776 5063 1048 5131 dominici,
1075 5063 1292 5130 fratres,
1322 5061 1496 5116 adhuc
1517 5059 1679 5116 corda
1718 5073 1808 5114 no-

1909 4521 2021 4569 stra
2038 4513 2358 4583 persultant,
2391 4519 2447 4566 et
2472 4508 2820 4564 festivitatem
2847 4505 3118 4562 cmlestem
3151 4501 3341 4570 gaudia
3367 4509 3491 4553 con-

1914 4607 2120 4660 tinuata
2141 4605 2430 4674 suspirant.
2455 4600 2710 4666 Quamvis
2733 4599 2875 4650 enim
2898 4605 3145 4649 votorum
3167 4593 3282 4646 dies
3308 4600 3488 4645 trans-

1917 4696 2060 4763 ierit,
2084 4710 2251 4764 penes
2271 4711 2371 4749 nos
2404 4703 2584 4748 tamen
2609 4702 2855 4748 votorum
2884 4689 3236 4745 sanctificatio
3261 4701 3493 4741 commo-

1918 4795 2070 4840 ratur
2100 4804 2111 4837 :
2141 4795 2197 4838 et
2225 4785 2362 4838 sicut
2389 4785 2442 4838 in
2471 4783 2586 4838 dies
2615 4781 2850 4850 singulos
2876 4781 2943 4834 ab
2969 4787 3092 4833 ortu
3120 4794 3216 4832 suo
3245 4775 3491 4830 Salvato-

1921 4877 1996 4932 ris
2018 4877 2269 4930 nativitas
2290 4876 2504 4941 crescit,
2533 4877 2606 4929 ita
2635 4883 2692 4929 et
2711 4873 2864 4927 nobis
2890 4872 3085 4926 crescit
3124 4869 3245 4925 ﬁdei
3269 4867 3386 4938 ejus
3411 4866 3492 4920 af-

1922 4967 2109 5034 fectus,
2141 4974 2302 5036 atque
2342 4973 2713 5036 argumentum
2745 4962 3070 5021 nummus
3095 4961 3296 5033 pariter
3322 4966 3379 5014 et
3403 4972 3491 5012 sa-

1923 5058 2068 5112 lutis.
2103 5060 2118 5088 ¹
2145 5057 2258 5114 Sibi
2284 5059 2426 5114 enim
2454 5058 2710 5114 Dominus
2730 5057 2922 5112 crescit
2943 5063 3121 5118 aetate,
3153 5051 3307 5109 nobis
3327 5050 3493 5122 proli-

317 5197 344 5228 ⁸
371 5188 507 5262 Cod.
532 5189 842 5262 Taurinen.,
872 5207 993 5244 nam
1012 5192 1096 5261 qui
1124 5191 1359 5262 inﬁdeles
1384 5191 1452 5245 ad
1474 5188 1666 5245 Christi
1688 5189 1959 5244 adoranda
1986 5207 2163 5248 uenere
2180 5190 2457 5262 cunabula,
2479 5207 2540 5245 ac
2560 5193 2738 5247 (sterni
2760 5190 2898 5244 illius
2927 5187 3086 5255 Solis,
3109 5203 3256 5259 quem
3275 5184 3498 5240 venerati

245 5267 377 5327 sunt,
396 5261 562 5317 radiis
583 5260 847 5326 illustrati,
876 5260 1258 5330 superstitione,
1281 5271 1384 5318 etc.

316 5379 330 5408 ί
370 5376 483 5452 Sibi
522 5379 660 5452 enim
705 5377 956 5434 Dominus
984 5381 1374 5452 crescit_a:tate,
1419 5380 1564 5452 nobis
1610 5383 1820 5452 proﬁcit
1926 5381 2038 5451 nes)
2060 5379 2257 5452 Christi
2270 5376 2506 5448 ejusdem
2519 5374 3239 5452 sempiternamsanctitam.
3260 5365 3496 5452 σκίρέῗξδ

248 5449 530 5529 sanctitate.
561 5447 686 5504 Non
733 5466 830 5522 quo
877 5450 1114 5529 proﬁciat
1159 5448 1350 5529 Christi
1393 5447 1661 5529 sanctitas,
1705 5447 1818 5524 qua:

249 5521 552 5600 sempiterna
572 5529 647 5574 est
661 5521 810 5591 atque
825 5522 1083 5602 perfecta;
1103 5521 1194 5574 sed
1207 5521 1455 5591 proﬁcere
1477 5522 1681 5588 dicitur,
1699 5521 1814 5578 cum

251 5601 301 5637 ιη
313 5587 456 5660 nobis
467 5591 592 5660 facit
605 5591 921 5645 credulitatts
936 5600 1280 5660 augmentum.
1298 5589 1440 5647 Nam
1459 5591 1686 5647 Christus
1702 5603 1816 5660 post

253 5607 301 5637 ιη
313 5607 456 5643 nam
467 5607 591 5660 lacu
605 5607 921 5645 creautuaus
936 5607 1280 5661 augmentum.
1298 5607 1344 5647 tv
1355 5608 1440 5645 am
1459 5607 1686 5647 cnnstus
1702 5607 1815 5663 post

253 5659 578 5732 nativitatem,
602 5662 699 5732 e_tsi
712 5662 962 5732 parvulus
978 5671 1054 5732 est
1073 5677 1302 5732 corpore,
1328 5674 1494 5717 tamen
1512 5662 1650 5716 Deus
1671 5673 1746 5716 est
1761 5664 1815 5716 in

253 5727 530 5805 majestate.
544 5729 703 5805 τινι
712 5727 935 5805 quidem
951 5727 1230 5805 Maximus.
1253 5733 1385 5787 Dum
1402 5749 1532 5805 vero
1546 5734 1590 5790 is
1615 5733 1813 5805 (locum

256 5808 290 5876 ς
308 5803 478 5876 capite
496 5816 533 5854 ιι
559 5799 832 5876 Evangelii
855 5802 1011 5859 Luae
1037 5803 1454 5876 llustraturusde
1474 5799 1677 5859 Christo
1700 5821 1816 5875 pro-

257 5865 449 5934 ﬁciente
464 5865 737 5942 sapientia,
759 5883 809 5927 et
825 5883 993 5940 natale,
1007 5883 1056 5928 et
1069 5877 1237 5945 gratia
1251 5875 1390 5944 apud
1404 5873 1569 5930 Deum
1589 5884 1639 5930 et
1657 5865 1815 5930 homi-

531 5967 800 6029 Panos.
847 5968 1034 6030 LVII.

1928 5463 2003 5506 est
2018 5441 2079 5504 'in
2099 5441 2368 5520 majestate
2389 5441 2648 5520 nominet,
2668 5461 2777 5520 non
2800 5460 2865 5498 eo
2889 5444 3030 5496 illam
3051 5441 3495 5520 unamnonnnat,

1929 5523 2080 5590 quasi
2107 5523 2163 5574 in
2181 5511 2403 5575 'Christo
2431 5519 2572 5588 ipso,
2603 5516 2896 5590 quahomo
2919 5522 3020 5590 est,
3048 5511 3498 5590 sanctitatei‘irsa-

1965 5571 2289 5660 iehtiamque
2305 5571 2478 5644 inesse
2492 5571 2600 5643 no'n
2618 5571 2927 5660 arbitretur.
2945 5571 3215 5660 Non-enim
3227 5571 3497 5660 autépol-

1949 5647 2475 5716 inarianis'assensus
2494 5667 2595 5723 est,
2618 5661 2681 5712 ut
2697 5656 2889 5726 animm
2907 5653 3168 5726 mentisve
3182 5647 3303 5724 loco
3326 5647 3380 5695 in
3397 5647 3498 5726 nuf

1927 5747 2083 5785 mana
2112 5731 2309 5785 Christi
2337 5717 2592 5800 ejusdemf
2606 5736 2806 5800 natura
2836 5723 3069 5800 Verbum
3108 5717 3498 5800 Divinum

1926 5803 2150 5872 putarit,
2178 5817 2299 5856 cum
2333 5791 2399 5854 ab
2441 5797 2767 5868 Apollinaris
2791 5793 2955 5872 impio
2972 5791 3245 5872 dogmate
3259 5797 3498 5872 sannae:

1925 5851 2420 5942 ﬁéié'iﬁnbi‘ééréi;
2442 5851 2624 5926 auten
2647 5880 2766 5922 sese
2791 5851 2951 5918 hoino
2971 5851 3299 5915 Nestoriana:
3310 5851 3498 5909 htDl‘eSi

3038 5942 3076 6000 9
3158 6027 3168 6034 .
