4040 6324
278 326 382 408 ω

1686 344 1964 408 ΗοΜιιιΑ
2002 352 2158 410 XXII.

3444 360 3545 414 270

275 460 431 519 iiunt.
480 458 809 521 Concutiunt
852 466 1017 534 enim,
1051 465 1180 522 dum
1208 482 1306 539 pro
1354 468 1469 539 ipsa
1513 467 1697 521 laetitia
1725 482 1854 537 pro-
1879 469 1932 529 Α
1958 468 2263 536 gnandum,
2333 468 2457 524 thus
2503 472 2656 540 quasi
2708 471 2777 527 ad
2816 451 3229 544 propitiandum,
3274 476 3547 546 myrrham

272 562 520 627 rumpere
539 554 827 613 hortantur
850 557 905 614 in
920 562 1130 624 vocent,
1146 562 1207 615 ut
1231 568 1288 617 et
1312 564 1412 616 has
1432 561 1694 630 dicamus,
1710 560 1857 630 quod

272 652 326 703 et
352 646 527 716 angeli
571 644 825 706 dixerunt
869 650 925 707 in
971 651 1254 709 hativitate
1299 651 1499 709 Christi
1532 668 1545 707 :
1579 651 1759 709 Gloria
1797 656 1857 709 in

269 740 489 796 accitis
516 738 649 810 Deo,
680 749 733 799 at
753 744 809 799 in
840 746 977 801 terra
1014 763 1120 818 pax
1147 745 1434 803 hominibus
1462 747 1613 802 bona
1638 749 1750 820 σο
1766 760 1857 803 oo-

269 832 481 890 tuntatis
512 828 663 908 (Luc.
693 838 775 912 ιι).
820 836 1009 909 Angeli
1036 838 1217 897 videte
1261 840 1392 911 quid
1438 842 1691 898 dixerint.
1734 841 1854 897 Non

269 927 409 980 enim
436 926 708 1004 dixerunt,
732 938 835 1000 pax
862 930 1187 1004 hominibus,
1212 936 1303 987 aut
1325 926 1735 1003 quibuscunque
1762 934 1858 990 ho-

228 1042 234 1047 ο
266 1010 516 1091 miniiitis,
550 1019 645 1078 sed
679 1000 986 1082 horninibus
1014 1000 1169 1082 home
1196 1000 1513 1093 voluntatis;
1545 1033 1607 1082 ut
1646 1000 1852 1083 intelli-

265 1121 514 1179 geremus
537 1126 728 1184 pacein
754 1104 952 1173 Christi
978 1128 1087 1173 non
1130 1119 1409 1175 hominum
1435 1104 1583 1184 esse,
1610 1119 1707 1175 sed
1734 1136 1853 1177 mo-

264 1214 397 1255 rum.
428 1200 550 1258 Non
570 1205 713 1260 enim
737 1214 856 1262 eam
882 1215 1122 1263 meretur
1139 1209 1436 1277 generatio,
1456 1209 1550 1265 sed
1569 1210 1848 1280 voluntas;

265 1302 366 1346 non
395 1288 504 1365 61
529 1292 763 1350 hiimana
783 1296 1127 1368 improbitas,
1157 1300 1253 1359 sed
1288 1300 1503 1357 bonitas
1522 1298 1845 1360 Christiana.

262 1381 390 1437 Nam
423 1398 532 1440 non
563 1386 800 1445 defertur
828 1392 1053 1459 cunctis,
1077 1390 1172 1448 sed
1193 1391 1418 1450 oﬁertur
1438 1396 1710 1465 probatis;
1740 1412 1850 1454 non

262 1475 418 1532 datur
446 1472 787 1563 divulganda,
819 1480 915 1540 sed
942 1480 1267 1558 praponitur
1300 1486 1565 1558 eligenda.
1610 1476 1724 1547 Fax
1750 1492 1851 1563 igi-

262 1569 347 1623 tur
370 1564 573 1628 Christi
603 1556 679 1628 illi
708 1576 791 1648 est
834 1575 927 1646 qui
955 1556 1129 1634 credit
1154 1556 1428 1636 Christum
1467 1581 1615 1653 pacis
1657 1556 1849 1639 aucto-

261 1668 403 1730 rem;
438 1656 546 1734 pax
573 1656 773 1722 Christi
800 1664 878 1724 illi
906 1668 989 1725 est
1022 1668 1114 1741 qui
1142 1686 1382 1749 pugnam
1405 1690 1512 1730 non
1538 1674 1702 1731 habet
1732 1690 1853 1749 peo-

261 1760 535 1823 catorum;
574 1750 681 1829 pai
706 1750 906 1818 Christi
934 1754 1039 1819 illis
1066 1771 1150 1820 est
1192 1747 1420 1837 quorum
1449 1778 1559 1824 nou
1593 1747 1851 1839 polluitur

1960 560 2113 630 quasi
2155 560 2221 615 ad
2267 562 2672 631 resurgendum.
2745 564 2893 621 Auro
2937 569 3178 637 potentia
3224 570 3546 641 ostenditur,

1958 651 2176 723 myrrha
2204 652 2514 722 designatur
2538 654 3040 729 incorruptibilitas,
3069 659 3402 731 pontiﬁcium
3432 664 3547 720 thu-

1957 760 2020 801 re
2062 753 2412 802 monstratur.
2465 747 2585 804 Non
2630 750 2775 807 enim
2823 752 2999 815 otiose
3023 752 3226 812 factum
3253 766 3363 825 est,
3394 759 3542 829 quod

1956 838 2100 907 magi
2121 837 2189 894 ad
2215 841 2324 912 QQ
2350 840 2635 897 Dominum
2678 858 2802 900 cum
2828 843 2857 884 δ
2886 846 3001 903 suis
3035 849 3345 907 muneribus
3385 851 3547 909 adve-

1959 936 2185 991 nerunt.
2211 929 2551 988 lnvenientes
2595 935 2739 991 enim
2786 937 3101 997 curiositate
3139 944 3540 1013 superstitionis

1957 1035 2067 1076 sua
2108 1020 2380 1079 Christum
2425 1026 2673 1083 omnibus
2710 1032 3091 1102 regnaturum,
3137 1033 3448 1090 detulerunt
3473 1035 3544 1091 ad

1957 1128 2081 1172 eum
2109 1125 2425 1174 cunctorum
2470 1120 2860 1183 detinuerint
2899 1124 3126 1194 insignia
3149 1142 3168 1181 :
3199 1142 3413 1194 aurum,
3432 1140 3542 1199 quo
3608 1114 3615 1122 ’

1956 1214 2173 1264 terrena
2192 1210 2512 1268 vincuntur:
2540 1212 2694 1281 thus,
2724 1228 2834 1286 quo
2861 1215 3063 1286 placari
3092 1227 3349 1287 putantur
3374 1220 3542 1276 caele-

1957 1302 2059 1358 stia
2091 1305 2441 1377 :myn-hatu,
2472 1322 2578 1377 qua
2617 1304 2945 1365 condiuntur
2972 1308 3202 1368 lnihrna.
3240 1310 3541 1370 Ostenden-

1956 1401 2041 1452 tes
2067 1397 2254 1469 utique
2280 1408 2313 1453 a
2334 1399 2614 1457 nativitate
2640 1398 2840 1456 Christi
2859 1402 3053 1458 horum
3074 1403 3208 1460 nihil
3237 1398 3376 1478 upus'
3402 1421 3538 1476 esse,

1956 1488 2214 1558 quoniam
2237 1500 2337 1560 per
2360 1488 2632 1548 Christum
2659 1501 2936 1550 constaret
2962 1536 2980 1565 ,
3007 1502 3064 1551 et
3089 1495 3319 1553 victoria
3346 1498 3401 1552 in
3435 1507 3544 1554 tera

1954 1579 2029 1635 ris
2056 1624 2072 1650 ,
2120 1584 2177 1637 et
2216 1580 2531 1659 propitiatlo
2571 1585 2625 1640 in
2664 1586 2852 1656 caelis,
2897 1595 2953 1642 et
2972 1588 3187 1659 requies
3216 1586 3269 1644 iu
3300 1589 3544 1648 infamis.

1956 1670 2094 1741 Magi
2140 1682 2274 1743 ergo
2296 1658 2629 1733 curiositate
2680 1692 2778 1733 sua
2818 1658 3137 1749 repererunt
3184 1694 3216 1735 a
3262 1682 3546 1739 nativitata

1953 1760 2155 1820 Christi
2198 1766 2443 1823 curiosos
2489 1780 2611 1823 esse
2657 1769 2883 1826 ulterius
2926 1785 3036 1828 non
3064 1770 3296 1839 debere;
3347 1780 3404 1827 et
3441 1772 3547 1829 hoc

261 1840 509 1932 voluntas
549 1846 830 1909 embribus
876 1852 1164 1911 idolorum.
1214 1854 1443 1928 Dignum
1484 1864 1568 1915 est
1604 1862 1747 1916 enim
1794 1871 1853 1916 ut
1886 1856 1931 1923 Β
1958 1854 2065 1911 illis
2102 1857 2308 1926 magica
2338 1868 2426 1914 ars
2454 1859 2682 1932 profuit,
2726 1868 2787 1917 ut
2811 1863 3014 1919 scirent
3040 1877 3162 1918 eam
3190 1863 3291 1919 sibi
3323 1864 3548 1921 ulterius

259 1928 615 2008 Salvatdrem,
639 1946 802 2015 quem
828 1946 1109 2017 virginitas
1138 1950 1482 2007 immaculata
1510 1953 1725 2022 genuit,
1752 1970 1849 2009 vo-

257 2027 437 2087 luntas
465 2031 777 2107 incorrupta
804 2032 1121 2109 possideat:
1152 2046 1206 2097 et
1226 2038 1365 2098 sicut
1392 2042 1559 2099 Maria
1589 2060 1712 2101 eum
1743 2044 1849 2100 illi-

255 2119 381 2177 bata
432 2127 690 2207 gestavit,
741 2118 815 2184 ita
862 2132 918 2186 et
958 2128 1137 2187 anima
1180 2132 1364 2189 nostra
1394 2135 1543 2190 illum
1572 2136 1849 2207 impolluta

256 2202 545 2272 chsm’diat.
594 2217 760 2275 Maria
800 2222 943 2281 enim
984 2224 1173 2296 typum
1216 2222 1503 2294 quemdam
1551 2202 1851 2284 animarum

256 2312 566 2362 nostrarum
608 2313 795 2378 gessit.
836 2302 970 2369 Nam
1023 2314 1289 2379 Christus,
1322 2317 1463 2372 sient
1488 2316 1852 2387 virginitatem

257 2397 313 2452 in
342 2406 516 2455 matre
544 2391 819 2471 qﬁmsivlt,
851 2405 924 2460 ita
953 2415 1007 2462 et
1036 2402 1407 2476 integritatem
1428 2406 1482 2465 in
1510 2421 1698 2468 nostro
1723 2421 1749 2450 α
1774 2426 1857 2469 re-

255 2488 478 2559 quisivit
501 2492 715 2550 ‘ai‘l‘ectu.
758 2492 923 2566 Virgo
949 2499 1089 2553 enim
1128 2514 1160 2555 a
1189 2502 1428 2571 peccatis
1455 2504 1633 2559 anima
1662 2498 1849 2561 Salva-

254 2578 430 2666 tOrem
458 2584 512 2640 ei
544 2588 798 2659 concipit,
826 2597 879 2645 et
908 2590 1168 2661 parturit,
1200 2593 1328 2650 dum
1354 2594 1633 2666 prmdicat;
1667 2606 1852 2655 custo-

252 2664 350 2743 dit,
373 2674 500 2730 dum
522 2678 776 2735 mandata
800 2684 1163 2753 prosequitur.
1192 2664 1526 2759 Conceptum
1555 2664 1697 2744 enim
1720 2689 1853 2749 ﬁdes

252 2765 484 2831 retinet,
516 2768 730 2838 partum
759 2771 1029 2830 confessio
1058 2775 1285 2844 emittit,
1336 2786 1517 2834 ortum
1542 2780 1850 2838 sollicitudo

252 2858 506 2913 custodit.
548 2858 815 2918 laetemur
860 2880 990 2935 ergo
1031 2867 1098 2921 ad
1147 2868 1285 2925 hanc
1325 2866 1443 2951 ejus
1476 2869 1847 2942 festivitatem,

252 2947 404 3039 cujus
434 2950 771 3009 nativnatem
817 2957 1130 3026 angelorum
1173 2947 1456 3019 annuntiat
1483 2962 1717 3033 claritas,
1748 2982 1848 3039 pa-

250 3034 458 3098 storum
488 3046 714 3116 requirit
740 3046 1056 3120 simplicitas
1080 3094 1097 3121 ,
1145 3064 1424 3123 magorum
1449 3034 1849 3116 veneratur're-

250 3130 529 3204 ligiositas.
579 3138 826 3197 Honorat
869 3146 1013 3199 enim
1060 3146 1114 3200 in
1157 3144 1374 3205 Christo
1405 3152 1643 3221 angelica
1673 3156 1846 3223 gratia

1960 1964 2068 2003 non
2097 1948 2374 2020 prodesse.
2415 1947 2657 2023 Denique
2698 1969 2766 2010 eo
2808 1966 2915 2011 non
2937 1956 3130 2012 eodem
3167 1956 3317 2012 cultu
3345 1956 3547 2026 degen-

1953 2049 2074 2109 tes,
2118 2042 2262 2098 aliud
2295 2043 2403 2100 lter
2443 2054 2503 2101 et
2546 2047 2888 2116 regrediendi
2935 2049 3173 2117 aggressi
3200 2058 3354 2116 sunt,
3379 2058 3431 2106 et
3461 2049 3546 2104 vi-

1952 2133 2132 2189 vendi.
2199 2134 2333 2190 Nam
2376 2148 2565 2206 magos
2622 2139 2934 2209 priusquam
2982 2136 3258 2196 Christum
3302 2141 3549 2195 viderem

1955 2232 2211 2295 tanquam
2241 2228 2647 2299 superstitiosos
2674 2230 2743 2283 ad
2772 2230 3090 2300 obsequium
3118 2232 3275 2287 stella
3303 2232 3545 2299 deduxit;

1954 2324 2308 2388 posteaquam
2336 2319 2587 2376 viderunt
2615 2320 2921 2387 Dominum,
2945 2330 3001 2378 et
3026 2322 3393 2391 crediderunt,
3424 2333 3550 2380 tan~

1956 2418 2120 2480 quam
2166 2407 2396 2466 dethtos
2436 2410 2568 2468 ﬁdes
2614 2412 2682 2467 ad
2729 2413 2963 2483 patriam
3006 2415 3299 2471 revocavit.
3359 2415 3546 2485 Igitur,

1955 2496 2171 2565 fratres,
2202 2502 2259 2556 et
2286 2515 2386 2557 nos
2413 2500 2507 2572 qui
2534 2501 2605 2557 tle
2631 2503 2881 2572 gentibus
2908 2504 3251 2576 advenimus,
3276 2506 3548 2563 imitemur

1956 2604 2145 2662 magos
2194 2590 2317 2650 illos
2354 2606 2525 2665 usque
2550 2593 2620 2650 ad
2657 2595 2855 2651 Christi
2884 2595 3268 2666 cognitionem.
3308 2596 3414 2653 Fas
3434 2596 3549 2653 fuco

1954 2684 2027 2739 rit
2050 2694 2159 2740 non
2184 2694 2414 2742 errasse.
2458 2684 2590 2742 Post
2614 2692 2925 2757 susceptum
2951 2685 3227 2743 Christum
3249 2690 3549 2746 cavendum

1953 2784 2038 2833 est
2065 2790 2135 2834 ne
2158 2778 2347 2836 eadem
2369 2780 2479 2849 via,
2505 2788 2615 2853 qua
2652 2782 2898 2837 venimus
2916 2822 2930 2847 ,
2963 2798 3065 2838 nos
3085 2784 3385 2839 credulitas
3412 2798 3549 2853 gen-

1952 2868 2165 2928 tilitatis
2176 2872 2427 2930 adducat.
2441 2872 2579 2945 Sunt
2595 2876 2739 2931 enim
2756 2875 2999 2946 plerique
3013 2875 3305 2934 Christiani
3321 2877 3412 2946 qui
3427 2884 3549 2947 post

1953 2974 2235 3036 acceptam
2267 2965 2427 3023 ﬁdem
2450 2968 2722 3037 prioribus
2744 2968 3073 3023 vanitatibus
3100 2969 3465 3035 involvuntur,
3496 2976 3549 3026 et

1953 3076 2073 3117 cum
2115 3061 2311 3117 natalis
2348 3061 2608 3119 dominici
2636 3062 2916 3118 nobiscum
2950 3060 3142 3131 gaudia
3183 3063 3546 3134 procurarint,

1953 3168 2077 3211 cum
2105 3154 2395 3223 gentilibus
2439 3152 2784 3210 calendarum
2826 3154 3073 3210 convivia
3102 3154 3317 3210 ebriosa
3347 3164 3546 3225 procne

249 3225 441 3294 Deum,
469 3233 757 3305 pastoralis
782 3240 979 3303 agnum
1004 3237 1344 3310 innocentia,
1381 3245 1591 3315 magica
1617 3258 1846 3304 venera-
1875 3239 1921 3303 C
1953 3254 2109 3315 rant;
2153 3264 2279 3304 cum
2321 3248 2755 3305 benedictionem
2794 3247 3078 3303 nobiscum
3123 3247 3427 3303 Divinitatis
3455 3263 3551 3303 ac-

250 3317 327 3374 tio
350 3322 708 3380 sacerdotem.
767 3324 1117 3385 Sacerdotem
1143 3332 1305 3402 plane
1333 3332 1604 3392 Christum
1639 3341 1846 3409 magica

249 3407 446 3484 probat
474 3416 786 3484 veneratio;
836 3435 961 3475 nam
1011 3422 1065 3475 id
1113 3439 1274 3480 omne
1320 3430 1636 3497 mysterium
1659 3407 1847 3487 eorum

249 3508 563 3565 muneribus
591 3509 963 3569 conﬁrmatur.
994 3514 1320 3575 Obtulerunt
1346 3520 1490 3577 enim
1510 3532 1769 3592 quantum
1792 3526 1848 3580 in

249 3596 380 3668 ipsis
401 3608 486 3656 est
511 3644 526 3670 ,
556 3602 703 3673 quod
740 3606 1003 3675 putabant
1028 3621 1148 3664 esse
1169 3610 1590 3679 pulcherrimum
1610 3655 1627 3683 ,
1654 3616 1846 3672 Salva-

250 3691 376 3762 tori,
406 3698 593 3750 aurum
615 3737 631 3766 ,
661 3690 787 3755 thus
814 3705 869 3753 et
896 3700 1168 3772 myrrham
1195 3718 1209 3756 :
1243 3717 1436 3761 aurum
1463 3708 1618 3776 quasi
1649 3707 1719 3764 ad
1756 3725 1847 3765 re-

1954 3342 2199 3412 ceperint
2223 3383 2239 3409 ,
2279 3354 2403 3396 cum
2444 3340 2551 3395 illis
2597 3341 2779 3397 omnia
2825 3339 3201 3410 superstitiosa
3238 3340 3549 3395 observant.

1956 3432 2257 3491 Dolendum
2300 3433 2463 3503 plane
2508 3438 2590 3488 est
2637 3446 2826 3501 magos
2872 3430 3094 3501 auguria
3136 3432 3545 3502 contempsisse,

1956 3536 2013 3584 et
2052 3518 2346 3583 observare
2397 3523 2639 3595 auspicia
2675 3522 3035 3591 Christianos,
3083 3522 3205 3579 illos
3245 3523 3379 3580 artis
3436 3539 3547 3579 suae

1955 3619 2271 3690 deposuisse
2297 3617 2572 3689 peritiam,
2603 3615 2736 3672 istos
2762 3626 2975 3673 morum
3015 3614 3253 3687 abjicere
3289 3614 3436 3673 nolle
3464 3614 3546 3674 lu-

1957 3713 2189 3770 xuriam.
2220 3708 2473 3781 Explicil.

1597 3824 1947 3894 HOMILIA
1964 3822 2190 3930 ‘XXII.

1507 3924 1589 3983 De
1616 3926 1922 4005 Epiphania
1951 3924 2164 3993 Domini
2200 3932 2299 3990 VI.

1700 4027 2093 4087 ADMONITIO.

322 4092 719 4194 lianclquoque
743 4100 1019 4192 homilia_m
1048 4106 1409 4194 espressimus
1434 4131 1466 4172 e
1493 4117 1686 4194 codice
1708 4118 2025 4181 Taurinensi
2050 4163 2065 4189 ,
2097 4131 2157 4178 ut
2184 4118 2660 4194 animamur-ﬁmus
2688 4118 3057 4177 admonitione
3084 4121 3383 4191 superiore.
3417 4122 3542 4194 Ejus

215 4236 219 4240 _
465 4174 1453 4274 ibiqeéI‘Ea-if‘.instigiptioiitent
1475 4198 1532 4274 et
1554 4189 1617 4274 de
1639 4174 2552 4274 Ερῖρλἷάᾖέᾶήδοῆίιῖἦᾶἠξζὶά⁸η.
2600 4174 2773 4247 Tanta
2802 4174 2932 4274 vero
2955 4174 3543 4274 etgravitate—sentem

248 4242 585 4338 tiarum,uetr
608 4249 1001 4338 perspicuitate
1048 4242 1331 4326 nitoreque
1374 4242 2183 4338 orationis—preifs'criptajestrut
2205 4242 2414 4321 merito
2432 4242 2799 4319 ifnunéidin
2816 4242 3241 4319 'sitvascribenda
3271 4242 3513 4323 excelien
3532 4296 3547 4313 η

249 4313 453 4371 tiorum
480 4313 698 4374 Maximi
725 4313 1125 4390 opusculorum.

254 4431 646 4522 Moerentia.
661 4470 736 4481 -—
751 4436 994 4522 Quamvis
1014 4441 1165 4513 plura
1187 4443 1385 4522 Iudaeis
1397 4451 1591 4522 [uernat
1611 4434 1841 4519 lavacra,

320 4504 731 4593 nuiium‘tamen
779 4504 1089 4593 Ιιμριιεηιὶιξ-
1110 4515 1261 4593 ιιιιοάΔ
1294 4504 1846 4593 ρήςίῖηαιέ-ῥᾶἷῶξᾶιί

320 4569 744 4665 ςπίίιιιρζεῖῇαιᾳξιε
787 4578 998 4665 deleret.
1018 4569 1151 4665 IHot:
1179 4569 1845 4665 pitviiégniﬁ'bJLREBiS'Z

323 4642 529 4702 Christo
555 4642 773 4705 Domino
793 4652 1029 4708 instituto
1058 4642 1491 4716 resetvatzim‘rest.

1950 4456 2165 4527 generis
2210 4470 2310 4511 suo
2357 4453 2629 4531 baptismo
2667 4451 3031 4519 consecravit,
3066 4453 3122 4506 in
3158 4452 3401 4523 quolibet
3440 4453 3543 4508 ho-

1950 4562 2072 4611 rum
2098 4547 2289 4605 salutis
2332 4553 2533 4603 nostra
2561 4543 2817 4616 mysteria
2864 4542 3210 4598 continentur
3243 4552 3298 4597 et
3324 4542 3541 4611 gaudia.

1950 4640 2117 4695 Nobis
2164 4641 2306 4695 enim
2345 4654 2414 4694 ex
2442 4637 2663 4705 Virgine
2712 4643 2871 4690 natus
2918 4642 3031 4704 est,
3078 4634 3223 4705 quod
3249 4638 3357 4709 63
3385 4637 3545 4694 stella

1952 4733 2294 4789 monstravit.
2334 4730 2501 4787 Nobis
2530 4742 2597 4785 ex
2624 4728 2893 4799 baptismo
2922 4724 3194 4783 lavacrum
3221 4738 3543 4785 concessum

322 4785 600 4870 Proinne,
633 4802 824 4862 ﬁ‘atres
852 4809 1150 4878 carissimi,
1186 4811 1427 4883 ejusdem
1456 4816 1845 4888 redemptionis
1878 4863 1923 4891 η
2339 4785 2594 4876 iordanis
2616 4785 2773 4875 alveo
2802 4818 3159 4874 consecravit.
3192 4816 3302 4875 Nos
3322 4832 3541 4891 quoque

256 4900 451 4949 nostrai
481 4893 870 4954 celebravimus
898 4912 1323 4974 sacramentum,
1362 4922 1469 4975 quo
1499 4906 1640 4967 Deus
1664 4909 1844 4967 homi-

255 4998 376 5041 nem
406 5002 533 5045 cum
562 4986 958 5051 inﬁrmitatibUS
986 4992 1177 5051 induit.
1232 4996 1402 5054 Hodie
1430 5013 1559 5056 vero
1590 4988 1717 5057 illud
1747 5020 1843 5060 co-

257 5071 413 5134 limus
431 5116 448 5145 ,
501 5094 612 5148 quo
658 5096 716 5138 se
762 5084 817 5139 in
847 5084 1066 5142 homine
1096 5089 1381 5146 virtutibus
1409 5090 1743 5160 declaravit;
1773 5111 1843 5151 eo

256 5169 396 5238 quod
437 5169 492 5226 in
527 5170 631 5227 hac
659 5172 749 5228 die
785 5175 899 5231 sive
937 5179 1081 5248 quod
1130 5180 1183 5235 in
1230 5181 1368 5237 casio
1395 5182 1551 5240 stella
1580 5192 1731 5240 ortus
1758 5187 1843 5245 sui

257 5260 500 5349 nuntium
532 5263 775 5349 praebuit,
799 5266 912 5324 sive
940 5268 1086 5342 quod
1113 5273 1168 5327 in
1187 5272 1336 5330 Cana
1364 5274 1597 5333 Galilazze
1625 5278 1679 5336 in
1709 5296 1842 5337 con-

256 5348 397 5442 vivio
435 5355 667 5427 nuptiali
717 5372 911 5428 aquam
937 5361 995 5418 in
1023 5363 1211 5420 vinum
1237 5369 1524 5436 convertit,
1555 5370 1670 5428 sive
1696 5372 1842 5442 quod

260 5440 313 5497 in
356 5444 615 5505 lor-datm
655 5451 811 5545 undis
852 5464 1019 5524 aquas
1061 5455 1133 5511 ad
1176 5461 1571 5530 reparationem
1620 5440 1841 5525 δὼεηί

330 5586 360 5619 ι
392 5556 705 5641 manu...
722 5586 855 5679 legit
877 5554 1109 5663 rwt.

263 5688 482 5781 9a,.ij‘ua
620 5678 717 5756 SS.
763 5678 1015 5761 doctores
1059 5702 1436 5781 pnestiterint,
1485 5698 1841 5781 ratiocinandi

264 5766 507 5851 facultas.
531 5769 849 5851 Quanquam
884 5784 1009 5841 sunt
1046 5766 1200 5835 nobis
1229 5766 1476 5850 perplura
1511 5784 1561 5836 in
1591 5766 1844 5851 promptu

267 5840 454 5908 quibus
493 5842 629 5898 eilici
657 5840 817 5913 queat
846 5840 1034 5901 eorum
1064 5865 1170 5923 non
1195 5840 1302 5905 tam
1327 5840 1449 5909 leve
1469 5840 1842 5916 areu-mentum

1950 4915 2006 4969 in
2028 4913 2219 4969 melius
2248 4929 2365 4969 esse
2410 4913 2694 4971 mutandos
2741 4912 2923 4985 operis
2966 4912 3226 4969 miraculo
3262 4929 3539 4984 prsimon-

1948 5005 2173 5077 stravit,
2222 5006 2441 5078 quando
2479 5021 2646 5075 aquas
2671 5006 2723 5061 in
2752 5007 2878 5061 vina
2907 5000 3191 5062 convertit.
3233 5005 3397 5078 Ergo,
3428 5007 3537 5063 fra-

1948 5107 2080 5168 tres,
2109 5098 2163 5154 in
2206 5098 2451 5157 custodia
2494 5096 2743 5170 puritatis
2784 5095 2984 5154 Christi
3032 5098 3543 5175 baptismunicelc-

1947 5192 2165 5248 litemus
2188 5232 2205 5261 ,
2253 5192 2379 5264 quia
2423 5192 2540 5248 haec
2580 5190 2781 5246 Christi
2811 5192 3149 5260 regeneratio
3190 5201 3389 5248 nostrae
3414 5190 3538 5249 ﬁdei

1950 5283 2293 5341 Conﬁrmatio
2313 5288 2415 5340 est.
2463 5282 2762 5341 Insinuavit
2805 5283 2948 5340 enim
2991 5284 3146 5340 nobis
3183 5286 3423 5342 muneris
3451 5286 3535 5341 sui

1946 5370 2270 5447 baptismum
2316 5393 2415 5448 per
2464 5374 2715 5434 secundae
2763 5376 3057 5434 nativitatis
3103 5378 3450 5448 exemplum,
3481 5385 3538 5431 et

1948 5468 2096 5539 quod
2123 5486 2224 5527 nos
2248 5469 2427 5527 facere
2450 5470 2646 5541 voluit,
2666 5471 2817 5542 prior
2843 5471 2960 5542 ipse
2979 5468 3126 5528 iecit.
3156 5469 3407 5540 Legimus
3435 5462 3532 5524 Ju-

2021 5598 2050 5640 δ
2086 5598 2235 5658 Idem
2261 5600 2592 5671 Galiandius,
2625 5604 2704 5661 his
2731 5602 3043 5661 muneribus.

1947 5728 2066 5769 esse
2109 5729 2274 5786 quam
2315 5712 2570 5786 Petavius
2610 5716 2922 5772 arbitratur.
2954 5715 3153 5771 Verum
3186 5727 3250 5767 ea
3286 5729 3534 5783 promere

1948 5800 2055 5840 non
2084 5782 2170 5841 est
2187 5785 2410 5854 hujusce
2434 5782 2538 5842 ioci
2563 5805 2623 5841 ac.
2648 5790 2926 5855 temporis.
