4040 6324
501 298 599 352 271

1708 291 1762 347 S.
1805 291 2046 348 MAXIMI
2087 288 2532 346 TAURINENSIS

3668 289 3778 344 2⁸12

500 416 645 472 αωοβ
673 411 883 467 diversa
911 408 1009 463 sub
1039 405 1153 475 lege
1182 404 1432 462 habuisse
1459 407 1801 477 baptismata,
1827 408 1922 463 sed
1950 407 2070 462 nul-
2097 403 2153 472 Α
2175 407 2471 477 pretiosum
2515 404 2618 461 sibi
2665 419 2784 460 esse
2830 404 3102 474 hominem
3124 403 3292 475 pretii
3318 403 3488 475 ipsius
3508 373 3774 471 dignitate

497 505 609 561 lum
639 518 708 559 ex
734 503 816 557 his
844 508 1030 556 contra
1061 499 1519 570 praevaricationis
1543 501 1744 554 malum
1771 501 2076 568 generalem

495 593 672 664 potuit
706 590 951 647 conferre
979 590 1318 646 medicinam.
1359 588 1426 644 Et
1462 591 1582 646 ideo
1612 606 1712 662 pro
1742 591 2079 647 absolutione

494 685 660 740 totius
697 681 883 737 mundi
908 682 1214 751 indigebant
1238 683 1664 751 regenerationis
1697 697 1832 752 aqua
1869 684 2078 739 coalitus

492 773 836 834 sanctiﬁcari.
876 773 944 826 Et
972 774 1096 843 quia
1125 789 1224 843 per
1252 773 1561 828 universum
1598 773 1858 828 mundum
1892 788 2076 828 sacra-

490 875 732 924 mentum
769 865 1020 936 baptismi
1049 865 1284 919 humano
1314 864 1498 932 generi
1529 879 1664 933 Opus
1711 872 1864 929 erat,
1897 864 2075 918 omni-

489 961 592 1016 bus
637 959 789 1030 aquis
816 957 1249 1014 benedictionem
1289 955 1436 1011 dedit
1457 997 1472 1022 ,
1497 955 1717 1024 quando
1746 957 1799 1010 in
1827 955 2076 1011 Jordanis

491 1055 701 1109 alveum
731 1052 886 1106 unica
940 1066 1004 1106 ac
1050 1050 1303 1118 singulari
1346 1050 1548 1120 pietate
1587 1049 1883 1105 descendit.
1926 1050 2076 1107 Tunc

488 1145 760 1198 Christum
789 1143 1076 1197 Dominum
1095 1183 1109 1206 ,
1143 1157 1252 1196 non
1283 1149 1392 1194 tam
1422 1141 1552 1195 lavit
1579 1140 1742 1210 unda,
1771 1156 1932 1210 quam
1963 1142 2073 1196 lota

488 1244 588 1291 est.
626 1233 744 1289 Tibi
791 1248 921 1303 ergo
963 1231 1233 1287 nascendo
1280 1230 1524 1287 Christus
1574 1231 1820 1299 advenit,
1871 1231 1963 1286 tibi
1991 1232 2072 1285 vi—

490 1327 658 1382 vendo
681 1325 950 1392 militavit,
979 1324 1075 1378 tibi
1103 1323 1387 1379 moriendo
1415 1323 1674 1377 conﬂixit.
1719 1323 1889 1388 Quem
1919 1323 2073 1378 vides

486 1435 585 1488 pro
635 1425 688 1472 te
739 1425 1029 1484 mortuum,
1060 1431 1158 1485 pro
1190 1424 1242 1470 te
1275 1415 1516 1484 intellige
1544 1415 1893 1485 baptizatum.
1929 1414 2071 1472 Talis

485 1509 707 1564 omnino
739 1509 900 1562 etiam
929 1518 1054 1578 ante
1094 1507 1424 1577 baptismum
1453 1506 1553 1560 fuit
1575 1548 1588 1572 ,
1622 1514 1678 1560 et
1702 1506 1824 1560 ideo
1847 1520 2074 1574 praeur-

486 1618 579 1658 sor
607 1603 724 1670 ejus
745 1609 907 1671 atque
937 1601 1168 1670 baptista
1199 1601 1271 1654 ita
1301 1616 1422 1654 eum
1452 1615 1572 1655 cum
1603 1599 1672 1653 ad
1702 1614 1760 1654 se
1788 1599 2069 1669 baptizan-

484 1695 585 1748 dus
605 1693 815 1747 veniret
862 1691 1185 1761 alloquitur:
1218 1691 1460 1758 Domine,
1482 1708 1575 1762 ego
1600 1699 1702 1744 ate
1728 1690 1882 1743 debeo
1911 1689 2073 1760 bapti-

2179 498 2474 569 prtndocuit
2505 515 2519 550 :
2552 502 2611 552 ut
2637 497 2766 553 hinc
2785 512 3001 567 quoque
3026 497 3406 565 intelligamus,
3431 511 3594 566 quam
3614 511 3774 564 gran-

2179 590 2275 645 des
2303 589 2444 660 apud
2470 603 2530 646 se
2554 589 2784 646 instituet
2810 587 2954 647 Deus
2981 595 3166 644 noster
3193 589 3553 643 humanorum
3579 587 3770 642 crimi-

2180 700 2308 740 num
2354 700 2544 741 causas
2568 726 2583 753 ,
2638 692 2862 756 propter
2907 699 3044 756 quas
3090 699 3199 740 non
3246 682 3516 751 angelum,
3550 695 3658 735 non
3684 695 3773 734 ar-

2179 775 2500 845 changelum
2523 817 2538 843 ,
2591 775 2686 832 sed
2725 774 2895 831 Deum
2941 775 3089 831 misit
3141 773 3208 829 ad
3232 781 3425 830 terras.
3453 771 3561 843 Ipsi
3591 780 3774 826 autem

2179 867 2351 934 magi,
2379 868 2475 936 qui
2503 867 2572 924 ad
2598 867 2691 922 illa
2719 867 2957 924 celestis
2983 868 3137 938 pueri
3166 864 3474 921 veneranda
3503 863 3769 920 cunabula

2177 959 2344 1013 stellae
2383 959 2583 1014 indicio
2630 953 3023 1029 pervenerunt,
3063 957 3190 1030 quid
3218 957 3362 1013 aliud
3391 963 3772 1027 expresserunt

2175 1047 2230 1102 in
2254 1049 2728 1116 illismuneribus,
2778 1049 2882 1104 nisi
2913 1049 3074 1105 ﬁdem
3112 1049 3389 1105 nostram?
3419 1048 3478 1102 In
3504 1063 3572 1103 eo
3601 1047 3767 1109 enim,

2176 1140 2321 1209 quod
2336 1142 2450 1196 'tria
2481 1140 2806 1207 offeruntur,
2839 1140 3074 1196 Trinitas
3101 1140 3446 1209 intelligitur;
3491 1140 3546 1193 in
3576 1154 3641 1194 eo
3670 1154 3771 1194 ve-

2175 1249 2258 1296 ro,
2309 1233 2454 1304 quod
2494 1241 2608 1289 tres
2643 1241 2770 1289 sunt
2815 1241 2870 1288 et
2919 1233 3114 1302 singuli
3157 1232 3366 1301 singula
3413 1231 3679 1295 offerunt,
3715 1230 3772 1285 in

2178 1325 2445 1383 Trinitate
2474 1328 2653 1382 unitas
2705 1326 3027 1382 declaratur.
3061 1329 3082 1358 ²
3111 1324 3216 1381 Per
3243 1341 3430 1380 aurum
3459 1340 3557 1381 rex
3586 1332 3772 1380 osten—

2181 1419 2344 1483 ditur,
2377 1418 2521 1474 Deus
2550 1420 2603 1474 in
2633 1420 2790 1474 thure
2809 1417 3158 1487 dignoscitur,
3200 1433 3300 1488 per
3335 1416 3608 1487 myrrham
3645 1431 3770 1485 quin

2174 1511 2491 1566 condiendis
2537 1519 2621 1566 est
2661 1519 2788 1581 apta
2835 1510 3183 1581 corporibus,
3234 1509 3509 1579 sepultura
3551 1506 3770 1564 cruciﬁ-

2173 1602 2332 1670 gendi
2361 1602 2593 1658 hominis
2606 1602 2945 1673 praedicatur.
2987 1597 3294 1656 Secundum
3317 1600 3441 1666 hoc,
3471 1599 3765 1665 carissimi,

2171 1709 2272 1747 nos
2297 1707 2513 1762 quoque
2543 1707 2829 1764 personam
2867 1706 3146 1762 magorum
3185 1691 3553 1761 spiritualibus
3581 1690 3766 1745 imite-

483 1785 612 1848 zari,
644 1792 692 1838 et
722 1793 776 1835 tu
817 1786 958 1838 uenis
990 1783 1059 1836 ad
1095 1800 1176 1836 me
1207 1781 1420 1853 (Matth.
1447 1781 1567 1853 ut)?
1603 1779 1739 1847 Quid
1769 1779 2067 1835 evidentius
2097 1798 2146 1858 Β
2172 1799 2291 1838 mur
2338 1785 2643 1853 obsequiis;
2693 1783 2880 1840 tandiu
2925 1785 3068 1839 enim
3119 1797 3425 1854 quaeramus
3467 1779 3763 1847 Christum,

480 1877 550 1931 de
575 1875 773 1932 Christi
794 1875 1030 1931 nondum
1057 1875 1313 1944 baptizati
1342 1875 1612 1944 puritate?
1659 1871 1799 1940 Quid
1839 1872 2062 1928 fortius?

481 1969 593 2040 Ego
623 1988 655 2025 a
691 1979 745 2025 te
784 1970 953 2025 debeo
1002 1969 1298 2038 baptizari;
1331 1967 1384 2022 id
1406 1975 1524 2035 est,
1547 1967 1639 2036 qui
1670 1965 1787 2020 fons
1813 1982 1872 2020 es
1902 1966 2061 2020 inno—

475 2064 688 2132 centiae,
711 2063 802 2133 qui
827 2062 974 2116 nullo
1008 2060 1249 2129 indigens
1287 2059 1415 2114 dare
1443 2059 1564 2123 scis,
1593 2057 1766 2113 nescis
1795 2058 2058 2128 accipere.

475 2153 610 2224 Ego,
641 2155 835 2225 inquit,
866 2169 896 2207 a
919 2161 974 2209 te
1001 2152 1172 2207 debeo
1193 2151 1474 2222 baptizari,
1496 2150 1619 2220 quia
1641 2158 1816 2204 tecum
1837 2149 2062 2205 exhibes

475 2256 534 2301 et
583 2246 637 2299 in
680 2254 736 2300 te
763 2244 1006 2316 possides
1057 2243 1307 2314 puritatis
1350 2256 1604 2304 munera,
1639 2249 1692 2296 et
1720 2241 2059 2312 baptismatis

472 2343 839 2402 sacramenta;
880 2343 936 2390 et
973 2334 1120 2406 quod
1149 2349 1250 2403 ego
1277 2333 1416 2389 dabo
1443 2342 1497 2389 te
1526 2334 1790 2402 largiente
1816 2348 1914 2403 per
1941 2346 2060 2401 gra-

472 2428 624 2496 tiam,
652 2419 712 2481 tu
739 2425 950 2481 obtines
971 2441 1070 2496 per
1097 2433 1362 2479 naturam.
1397 2426 1414 2455 ⁸
1446 2423 1663 2479 Attactu
1697 2424 1936 2479 membra
1959 2425 2059 2478 tin-

433 2555 437 2560 ~
468 2525 687 2586 guntur,
718 2523 775 2572 et
795 2514 994 2571 lluenta
1021 2514 1277 2570 ditantur.
1319 2513 1662 2570 Descendere
1680 2515 1735 2568 in
1763 2530 1822 2572 se
1849 2513 2054 2569 fontem

467 2627 624 2668 suum
652 2610 782 2666 felix
809 2610 951 2665 unda
979 2609 1219 2675 miratur,
1248 2610 1347 2664 sub
1370 2624 1479 2664 uno
1510 2615 1787 2663 momento
1816 2608 2052 2662 remedia

469 2714 671 2760 aeterna
699 2704 1030 2775 concipiens,
1053 2711 1108 2757 et
1135 2698 1278 2758 nava
1305 2702 1474 2756 Deum
1497 2701 1608 2773 64
1634 2702 2057 2771 regenerationis

463 2796 798 2853 fecunditate
823 2795 1155 2866 parturiens;
1191 2794 1336 2865 quod
1359 2801 1640 2864 acceperat
1667 2795 1773 2849 hoc
1801 2793 2053 2861 reddens,

463 2897 521 2942 et
559 2887 706 2957 quod
742 2903 854 2942 non
904 2887 1139 2941 habebat
1184 2886 1473 2955 accipiens.
1514 2886 1657 2941 Inter
1703 2885 1818 2940 hinc
1859 2886 2054 2940 mirum

462 2986 610 3034 esset
638 2978 785 3049 quod
815 2995 873 3035 se
916 2977 1178 3034 Dominus
1223 2979 1365 3034 servi
1394 2977 1630 3033 subdidit
1668 2977 2049 3044 benedictioni,

467 3070 570 3126 nisi
600 3071 772 3127 crucis
825 3086 884 3127 se
931 3070 1254 3127 subdidisset
1299 3078 1353 3126 et
1394 3070 1575 3124 morti.
1622 3068 1689 3144 Et
1720 3070 1810 3125 ille
1830 3070 2051 3140 quidem

2171 1876 2342 1930 donec
2403 1875 2552 1929 illum
2618 1876 2860 1930 invenire
2915 1889 3239 1950 mereamur.
3302 1873 3564 1928 Ducatum
3605 1873 3766 1927 nobis

2173 1967 2412 2036 praebeat
2439 1967 2586 2021 velut
2612 1967 2765 2022 stella
2793 1967 2941 2033 cmli,
2973 1967 3064 2021 lux
3092 1965 3232 2020 ﬁdei.
3266 1962 3393 2020 Haec
3421 1965 3578 2021 nobis
3606 1964 3766 2019 illum

2179 2060 2430 2115 ostendat
2475 2076 2583 2115 non
2625 2060 2738 2130 jam
2785 2061 2840 2113 in
2891 2074 3134 2130 praesepe
3179 2057 3517 2127 vagientem,
3560 2056 3655 2113 sed
3702 2057 3766 2112 in

2170 2166 2380 2206 summa
2401 2151 2521 2206 caeli
2542 2166 2665 2206 arce
2685 2150 3052 2206 dominantem
3065 2191 3080 2215 ,
3107 2164 3209 2206 nec
3237 2150 3291 2204 in
3316 2149 3505 2210 matris
3525 2147 3760 2218 gremio,

2169 2241 2260 2296 sed
2291 2242 2344 2295 in
2375 2241 2513 2297 solio
2553 2240 2729 2296 Patris
2758 2240 3125 2308 adorandum;
3162 2256 3264 2297 nec
3301 2239 3608 2309 ulteriusrin
3636 2253 3762 2293 ma.

2159 2335 2358 2404 jestate
2392 2335 2740 2405 judicandum
2762 2377 2776 2400 ,
2811 2333 2906 2389 sed
2935 2333 3004 2388 ad
3026 2317 3289 2403 judicium
3313 2348 3436 2389 cum
3467 2331 3763 2402 majestate

2163 2435 2466 2482 venturum.
2516 2428 2606 2482 Sic
2638 2426 2791 2497 quasi
2828 2426 2990 2481 trium
3030 2441 3316 2481 munerum
3356 2423 3592 2496 perfecta
3623 2439 3761 2479 con-

2161 2519 2324 2574 fessio
2351 2519 2599 2574 credatur
2627 2535 2657 2572 a
2687 2519 2842 2573 nobis
2865 2533 2971 2573 una
2998 2516 3290 2580 Divinitas,
3335 2517 3452 2571 sine
3479 2514 3759 2572 confusio-

2161 2611 2245 2664 nis
2273 2610 2618 2680 separatione
2645 2610 2928 2677 distincta,
2977 2607 3139 2665 Pater
3171 2617 3226 2663 et
3249 2608 3414 2664 Filius
3441 2615 3495 2664 et
3523 2607 3756 2679 Spiritus

2163 2713 2394 2762 sanctus.
2433 2703 2833 2775 (Desiderantur
2879 2704 3167 2776 permulta;
3201 2702 3344 2757 deest
3378 2703 3516 2756 enim
3544 2701 3750 2773 folium.

2166 2797 2348 2870 Pergit
2376 2797 2644 2853 Maximus
2666 2798 2719 2868 :)

2230 2891 2308 2946 Ita
2356 2906 2485 2961 ergo
2526 2890 2764 2948 fidelium
2816 2889 3069 2947 cordibus
3114 2888 3479 2960 disponendus
3521 2894 3604 2943 est
3651 2886 3749 2947 Dei

2159 2983 2354 3050 cultus,
2406 2991 2465 3038 ut
2512 2999 2618 3040 non
2667 2983 2982 3039 admittatur
3004 2983 3090 3038 vel
3119 2982 3173 3038 in
3211 2983 3417 3037 unitate
3454 2981 3743 3052 separatio,

2156 3078 2242 3132 vel
2265 3078 2317 3132 in
2348 3077 2610 3135 Trinitate
2638 3077 2948 3150 permixtio.
2975 3078 3228 3151 Explicit,
3257 3084 3362 3134 etc.

1767 3187 2114 3252 HOMILIA
2169 3193 2411 3256 XXIII.

1683 3283 1759 3338 De
1786 3284 2089 3357 Epiphania
2118 3289 2332 3346 Domini
2369 3292 2501 3348 VII.

1901 3381 2292 3441 ADMONITIO.

522 3476 630 3548 65
659 3473 764 3548 Tot
790 3482 912 3548 sunt
939 3473 1130 3528 indicia
1152 3473 1476 3548 sinceritatis
1502 3472 1996 3548 hujuscehomiliae,
2029 3485 2087 3532 ut
2114 3495 2320 3535 summa
2348 3482 2586 3537 omnium
2613 3483 2882 3538 editorum
2906 3484 3264 3540 consensione
3288 3484 3488 3538 tributa
3515 3482 3585 3535 sit
3609 3498 3734 3536 san-

456 3544 974 3621 clo—Maximo._Nam
1002 3545 1296 3621 etcopiose
1323 3553 1483 3615 atque
1509 3554 1700 3599 ornate
1725 3545 1813 3621 illa
1843 3549 2141 3621 perscripta
2168 3558 2268 3621 est,
2303 3560 2361 3605 ut
2389 3553 2547 3621 plane
2575 3553 2910 3609 demonstrat
2946 3570 3051 3608 non
3081 3554 3307 3609 alterum
3343 3569 3400 3609 se
3427 3567 3589 3621 quam
3610 3566 3734 3606 eum

456 3624 698 3694 nanctum
728 3615 1286 3694 antistitenrhabuisse
1315 3623 1620 3694 auctorem;
1651 3625 1705 3694 et
1734 3616 1960 3694 idipsuni
1984 3615 2087 3694 fide
2115 3615 2461 3694 cntiﬁrinatnr
2484 3623 2925 3694 codicumprope
2954 3626 3194 3679 omnium
3208 3615 3731 3694 imanuscriptorum.

456 3683 511 3765 In
544 3686 624 3738 his
653 3685 1140 3765 a‘utenirpdicibns
1171 3702 1282 3765 non
1306 3685 1494 3765 eadem
1524 3694 1605 3739 est
1623 3686 1744 3765 ejus
1777 3683 2078 3765 inscriptio:
2121 3690 2253 3746 Nam
2284 3693 2338 3765 in
2368 3692 2629 3765 Vaticano
2660 3683 2801 3765 5951
2837 3683 2893 3750 et
2922 3695 2974 3748 in
2997 3694 3173 3765 ﬁVatic.
3208 3693 3378 3765 Palat.
3409 3683 3726 3765 i76ninscri-

456 3757 600 3837 bitur
628 3775 638 3806 :
668 3754 730 3837 In
755 3753 1050 3835 Epiphania
1073 3753 1302 3837 Domini.
1325 3755 1592 3837 .In.altet;9
1623 3753 1792 3837 Y’atic‘.
1829 3753 2033 3837 1269i
2041 3758 2180 3837 flent
2208 3763 2345 3818 unde
2371 3781 2529 3837 sup_ra
2556 3764 2621 3837 de
2647 3763 2965 3837 Epiphania.
2994 3764 3253 3837 In_Vatic.
3287 3764 3456 3837 Palat.
3619 3761 3728 3837 :_I_n

455 3822 870 3906 octava‘Dontini
898 3839 1072 3903 sermo
1176 3822 1427 3906 (gloriati.
1457 3824 1514 3878 In
1539 3824 1708 3906 Vatic.
1743 3825 1932 3906 Begin.
1968 3829 2118 3906 1253
2146 3831 2213 3886 In
2236 3842 2413 3889 octaua
2433 3822 2773 3906 'Epiphanite'.
2806 3834 3005 3891 Verum
3027 3835 3080 3891 id
3107 3836 3259 3906 parvi
3287 3835 3468 3890 refert.
3500 3832 3723 3888 Homilia

455 3905 599 3951 certe
625 3895 691 3949 de
718 3893 1013 3964 Epiphania
1041 3901 1139 3946 est.
1173 3892 1350 3958 Quare
1381 3898 1452 3947 ita
1481 3910 1602 3948 eam
1630 3892 1876 3951 duximus
1906 3900 2121 3956 inscribi
2157 3913 2432 3973 oportere.

455 4011 848 4093 Anounn‘nruu.‘
887 4040 958 4050 -—
994 4006 1116 4060 Tria
1158 4007 1309 4093 hujus
1353 4006 1657 4093 celebritatis
1713 4011 1965 4093 miracula
2012 4030 2044 4067 a
2072 4019 2118 4083 ο
2219 4026 2270 4071 et
2297 4019 2610 4093 majestatis.
2645 4022 2792 4093 Aqua
2819 4024 2874 4076 in
2902 4024 3074 4078 vinum
3111 4038 3352 4078 conversa
3380 4023 3604 4075 diuinam
3635 4037 3724 4089 ρος

531 4081 806 4136 traditione
833 4081 886 4132 in
923 4095 1016 4132 nos
1053 4088 1341 4148 propagata
1382 4079 1590 4148 totidem
1630 4082 1875 4148 mysteria
1905 4099 2040 4148 pne-

531 4095 806 4136 traditione
833 4097 886 4132 m
923 4095 1016 4132 nos
1092 4095 1341 4148 ropagata
1382 4095 1590 4131 tandem
1630 4096 1679 4132 m
1718 4095 1875 4134 sterta
1905 4099 2032 4148 prte-

528 4155 714 4223 ferunt,
745 4154 798 4205 in
825 4148 1004 4220 quibus
1030 4095 1158 4218 {des
1182 4156 1358 4223 nostra
1379 4147 1628 4223 exsultat.
1660 4098 1726 4204 ﬁt
1756 4153 1922 4221 magis
1944 4171 2032 4207 vo-

523 4216 654 4276 cata:
689 4230 811 4293 sunt
837 4216 1039 4293 omnes:
1065 4227 1239 4293 gentes
1267 4217 1334 4270 ad
1370 4216 1657 4293 salvatoris
1699 4216 2032 4293 agnitionem.

523 4293 655 4364 Ejus
680 4290 998 4363 baptismatis
1018 4288 1277 4343 humilitas
1300 4289 1642 4343 testimonium
1662 4288 1836 4345 retulit
1854 4295 2039 4365 gratia:

524 4433 540 4462 ²
582 4427 824 4484 Christus
853 4425 995 4481 Deus
1016 4441 1172 4480 verus
1201 4431 1362 4493 atque
1389 4439 1550 4479 verus
1575 4425 1868 4496 homo,qua
1889 4427 2030 4485 Deus

449 4512 505 4557 et
549 4502 751 4564 bonus,
793 4506 846 4552 et
876 4496 1053 4550 omnia
1082 4504 1293 4567 potens,
1325 4511 1433 4567 non
1463 4499 1784 4567 perceptione
1825 4501 2028 4567 gratim,

445 4573 540 4628 sed
584 4571 896 4640 proprietate
941 4566 1158 4640 naturae,
1190 4566 1359 4640 inquit
1407 4567 1768 4640 Augustinus,
1826 4566 1917 4624 lib.
1977 4586 2027 4625 γι

450 4637 639 4713 Operis
677 4637 1176 4713 Imperfecticontra
1208 4637 1600 4713 ιῙτιιὶιιηηῃίξειι)ἒ
1632 4637 1720 4713 16,
1751 4655 1870 4709 pag.
1902 4640 2026 4705 970,

447 4706 579 4766 tem.
599 4706 785 4779 Xopp'.
811 4709 937 4762 edit.
969 4707 1226 4778 Antuerp.
1258 4724 1354 4779 an.
1378 4706 1532 4762 1700.
1565 4707 1678 4774 Qua
1709 4706 1870 4766 hoino
1902 4727 2028 4767 vero

449 4781 618 4848 gratia
662 4778 835 4852 justus
874 4786 1024 4830 natus
1069 4778 1411 4852 est_,_,_confer
1433 4779 1826 4852 Angustinum.
1868 4781 2026 4852 Ejus-

449 4845 572 4905 dem
602 4845 750 4917 oper.
785 4847 876 4917 lib.
906 4863 943 4909 ι,
975 4862 1093 4915 cap.
1130 4845 1249 4917 140,
1281 4860 1400 4917 pag.
1433 4845 1556 4900 7l5.

517 4923 538 4950 ²
577 4913 803 4993 Sanctus
832 4915 940 4993 Inseo
979 4913 1139 4993 scrin.
1177 4913 1263 4978 55,
1284 4913 1395 4983 ί(ιυί
1419 4927 1653 4993 quartus
1687 4933 1768 4976 est
1801 4922 1867 4976 de
1895 4921 2021 4993 Epi-

442 4991 658 5062 phania,
685 5000 804 5062 pag:
837 4984 904 5037 86
931 4984 1056 5062 edit.
1091 4985 1246 5038 Rom.
1290 5001 1378 5038 an.
1413 4985 1570 5062 1755,
1601 4984 2022 5062 Fulgentior,'in-

445 5055 578 5130 Quit,
606 5055 831 5130 ueritatis
859 5055 1032 5130 radius
1055 5071 1324 5130 magorum
1348 5055 1505 5130 corda
1533 5055 1814 5125 perdocuit,
1846 5055 2014 5118 ut..."

424 5125 557 5182 Lemn
586 5129 682 5182 sibi
713 5126 911 5199 signari
941 5125 1311 5199 intelligerent,
1353 5127 1448 5199 cui
1481 5143 1608 5181 auro
1639 5132 1804 5198 regius
1833 5131 2014 5199 honor,

442 5203 495 5252 in
520 5200 663 5252 thure
701 5197 872 5250 divina
894 5200 1165 5257 veneratio,
1196 5197 1251 5250 in
1283 5197 1495 5267 myrrha
1535 5197 1864 5254 mortalitatis
1893 5197 2018 5256 con-1

443 5267 886 5340 lessiosliodenq
913 5275 1156 5340 spectant
1201 5282 1321 5340 qna:
1364 5268 1701 5340 persequitur
1720 5285 1898 5340 serui.
1924 5272 2011 5339 '50,

425 5334 562 5408 ,‘pag.
596 5339 683 5402 77,
728 5345 782 5392 et
819 5334 906 5403 55,
937 5334 1060 5407 pag.
1087 5336 1184 5408 92.
1228 5334 1688 5408 Consoilant'huic
1717 5334 2013 5396 Theodori;

438 5407 532 5465 tus
555 5413 608 5465 in
648 5409 879 5474 Cantic.,
911 5423 1028 5476 cap.
1062 5407 1115 5471 5,
1147 5421 1268 5479 pag.
1301 5407 1458 5473 1036,
1503 5417 1638 5479 tom.
1671 5409 1692 5463 Ι
1721 5426 1846 5479 opp.
1882 5413 2009 5466 edit.

440 5479 612 5536 Paris.
660 5479 946 5542 Sirmondi,
980 5479 1034 5532 in
1076 5493 1220 5547 cap,
1246 5478 1296 5541 4,
1348 5492 1470 5547 pag.
1495 5477 1631 5532 1044
1659 5488 1713 5533 et
1739 5477 1895 5536 1—049.
1921 5479 2014 5536 Ju-

443 5567 638 5621 vencus
666 5551 962 5621 presbyter,
998 5546 1150 5621 vetus
1194 5546 1524 5621 Christianus
1564 5559 1743 5620 poeta,
1777 5550 1830 5604 in
1869 5550 2010 5607 Hist.

441 5617 682 5692 Euang,
698 5617 1158 5675 edithrancfurt.
1189 5617 1313 5671 anui
1340 5617 1478 5672 1710
1503 5637 1515 5672 :

534 5714 735 5778 nurum,
759 5713 891 5774 thus,
918 5711 1154 5775 myrrham
1179 5711 1386 5773 regique
1408 5711 1611 5775 Deoque
1636 5715 1915 5778 hominique

537 5773 669 5822 Dona
693 5773 911 5824 ferunt...

2218 4096 2450 4144 testatem
2470 4092 2840 4162 manifestavit.

2169 4280 2178 4289 χ
2214 4199 2271 4254 In
2300 4200 2420 4267 hac,
2459 4201 2808 4270 dilectissimi,
2851 4207 3184 4272 celebritate,
3227 4187 3363 4262 sicut
3406 4207 3578 4261 relatu
3623 4221 3722 4276 pa-

2144 4301 2312 4348 ternae
2364 4293 2664 4352 traditionis
2707 4299 3057 4367 instruimur,
3108 4301 3386 4372 multiplici
3435 4302 3589 4357 nobis
3640 4307 3722 4356 est

2137 4427 2362 4497 Gregor.
2411 4428 2686 4497 Nazianz.,
2729 4441 2868 4488 orat.
2917 4434 3005 4500 58,
3053 4449 3176 4505 pag.
3229 4436 3332 4491 623
3364 4435 3491 4490 edit.
3523 4436 3716 4492 Colon.

2137 4521 2224 4561 an.
2258 4505 2414 4576 1690,
2449 4517 2578 4564 tom.
2609 4509 2651 4577 Ι,
2682 4526 2789 4580 quo
2819 4513 2938 4569 loco
2964 4533 2976 4567 :
3011 4513 3136 4569 Cum
3164 4517 3340 4581 stella,
3371 4516 3558 4587 inquit,
3595 4534 3717 4570 cur-

2136 4603 2222 4650 re;
2251 4602 2366 4641 cum
2401 4590 2566 4660 magis
2592 4590 2728 4646 dona
2748 4592 2878 4660 o/fer
2907 4610 3108 4658 aurum,
3137 4596 3250 4650 thus
3279 4606 3326 4650 et
3350 4597 3629 4667 myrrham,
3661 4606 3718 4650 ut

2134 4667 2262 4736 regi,
2293 4674 2350 4719 ut
2377 4667 2503 4732 Deo,
2543 4678 2599 4723 ut
2626 4679 2713 4723 tua
2743 4687 2898 4724 causa
2927 4682 3149 4728 mortuo.
3199 4674 3366 4729 Vetus
3405 4683 3592 4730 auctor
3615 4676 3717 4731 ho-

2136 4745 2295 4825 inilitc
2324 4746 2386 4800 de
2426 4757 2606 4802 sancta
2646 4748 2835 4804 Christi
2882 4755 3211 4820 generatione
3252 4755 3392 4810 inter
3441 4770 3604 4825 opera
3634 4755 3711 4820 ¹8.

2136 4823 2338 4890 Basilii,
2373 4842 2519 4880 num.
2572 4827 2624 4892 2,
2672 4837 2802 4882 tom.
2849 4828 2912 4894 ll,
2963 4845 3084 4900 pag.
3117 4831 3224 4887 602
3256 4835 3386 4889 edit.
3418 4823 3709 4890 Paris.‘an.
3749 4836 3769 4898 ἰ

2126 4902 2296 4970 1722;
2327 4903 2584 4972 Origenes
2613 4906 2705 4960 lib.
2737 4923 2754 4960 1
2782 4917 2963 4961 contra
3003 4907 3238 4977 Celsum,
3275 4928 3420 4967 num.
3452 4912 3543 4979 60,
3573 4921 3708 4968 tom.

2124 4982 2146 5036 Ι
2175 4997 2301 5063 Opp.
2335 4983 2464 5037 edit.
2516 4983 2685 5063 Paris.
2733 4983 2807 5038 Ρ,
2843 4986 2911 5063 de
2940 4987 2989 5042 la
3016 4987 3130 5044 Rue
3154 4990 3265 5063 :‘Ut
3291 4995 3399 5063 regi
3428 5009 3629 5063 aurum,
3655 5002 3716 5047 ut

2123 5054 2370 5107 morituro
2404 5055 2689 5123 myrrham,
2735 5065 2791 5108 ut
2831 5055 2941 5112 Deo
2982 5063 3095 5113 thus
3137 5054 3447 5116 obtulerunt.
3509 5061 3575 5116 Et
3602 5063 3713 5118 Ire-

2121 5137 2270 5202 nazus
2297 5122 2490 5202 ψιλὴ
2533 5133 2712 5179 contra
2751 5126 2999 5202 haereses,
3049 5146 3168 5202 cap.
3211 5130 3266 5202 9,
3315 5149 3462 5187 num.
3495 5131 3546 5197 2,
3581 5149 3706 5202 pag.

2120 5189 2381 5276 edit.
2405 5191 2623 5276 Vienetaa
2652 5211 2739 5249 an.
2767 5195 2934 5276 17.54,
2965 5189 3024 5252 ut
3051 5189 3175 5254 inde
3209 5189 3710 5276 plane_co_nsta't,4id

2119 5266 2580 5345 interpretationis
2625 5279 2797 5345 genus
2822 5266 2934 5345 jam
2983 5285 3150 5338 usque
3177 5266 3416 5345 a'primis
3445 5266 3704 5345 Ecclesiae

2117 5333 2327 5413 satcnlis
2355 5335 2422 5389 ad
2449 5342 2664 5413 aetatem
2686 5333 3039 5413 posteriorem
3063 5333 3334 5398 manasse.
3368 5342 3707 5398 Sacerdotem
3753 5379 3766 5404 ι

2116 5403 2172 5472 in
2197 5403 2342 5472 thure
2370 5403 2832 5472 considerandum,
2884 5410 3070 5464 scribit
3108 5419 3299 5468 auctor
3333 5413 3597 5468 sermonis
3638 5414 3706 5467 de

2119 5469 2356 5546 §tella_et
2383 5474 2556 5546 μαρὰ
2588 5477 2727 5532 inter
2747 5469 2898 5546 oper.
2929 5479 2986 5534 S.
3016 5479 3057 5534 C

2118 5537 2190 5594 29
2214 5542 2344 5597 edit.
2377 5537 2551 5600 Oxo'n.
2583 5561 2672 5601 an.
2710 5547 2739 5600 1

2029 5699 2032 5702 .
2041 5618 2097 5681 1)
2118 5609 2349 5736 mimicis
2374 5614 2586 5685 legitur.
2629 5615 2740 5675 Sed
2766 5617 2818 5674 id
2845 5609 3060 5690 quoque
3087 5621 3144 5682 in
3170 5622 3436 5682 honorem
3462 5621 3700 5684 refertur

2820 5494 2898 5532 er.
2929 5482 2986 5534 S.
3016 5482 3179 5604 Cdypr.
3201 5482 3258 5537 in
3283 5482 3540 5554 append.,
3571 5497 3699 5553 pag.

2820 5547 2872 5602 2.
2921 5548 3040 5615 Quo
3105 5551 3235 5607 item
3262 5554 3316 5608 in
3345 5553 3494 5609 libris
3521 5554 3699 5609 eccle—

2857 5588 2872 5602 .
2921 5553 3076 5609 Quod
3105 5553 3235 5607 item
3262 5553 3328 5608 in
3345 5553 3494 5609 libris
3521 5554 3701 5609 eccle-
