4040 6324
549 317 652 370 270

1763 313 1813 371 S.
1852 315 2092 372 MAXIM!
2112 315 2576 374 °TAURINENSIS

2766 263 2778 274 ς
2828 265 2872 276 ἢν

3667 357 3670 360 -
3699 323 3822 381 280

543 433 675 485 riam
704 445 870 495 suam,
906 437 952 480 et
980 428 1306 481 crediderunt
1328 428 1569 500 discipuli
1597 430 1655 483 in
1681 445 1797 483 eum
1827 429 2007 500 (Joan.
2042 431 2122 500 ιι).
2154 436 2205 494 Α
2231 438 2313 485 est
2338 446 2526 501 opere,
2557 445 2664 487 non
2697 445 2986 500 sermone;
3019 447 3128 489 non
3158 433 3360 504 lingua,
3391 435 3481 490 sed
3511 437 3670 492 corde
3695 455 3705 490 :
3746 454 3822 491 ne

542 519 776 574 Credere
804 533 931 587 ergo
959 517 1234 583 debemus,
1268 519 1407 574 sicut
1435 527 1564 574 tunc
1606 520 1836 590 apostoli
1875 520 2120 576 credide-

538 622 684 668 runt.
719 612 853 667 Dicit
883 618 1061 666 autem
1087 619 1143 666 et
1167 611 1301 666 alius
1327 629 1341 664 :
1369 608 1437 665 Et
1465 627 1564 667 nos
1590 609 1881 667 Christiani
1910 626 2116 679 sumus,

500 747 515 784 λ
539 713 595 758 et
624 703 892 759 credimus
921 704 975 759 in
1008 703 1178 759 Deum
1205 702 1562 760 Salvatorem.
1593 701 1704 760 Sed
1734 703 1955 760 credere
1983 720 2120 776 opus

2231 531 2286 579 et
2313 523 2522 578 dicatur
2559 525 2715 580 nobis
2747 543 2760 579 :
2796 524 2950 580 Plebs
2986 528 3094 582 hwc
3133 527 3282 582 labiis
3311 545 3401 584 me
3422 531 3679 595 honorat,
3722 549 3822 586 cor

2228 625 2400 671 autem
2428 634 2603 672 eorum
2642 618 2793 690 tange
2831 627 2909 673 est
2936 637 2968 673 ιι
2992 636 3072 673 me
3102 619 3257 690 (Isai.
3290 638 3437 690 xxix,
3489 621 3588 688 15;
3616 622 3816 679 Matth.

2227 724 2317 777 xv,
2347 708 2413 776 8;
2445 708 2614 764 Marc.
2646 726 2739 778 vn,
2769 708 2846 779 6).

1878 835 2229 901 HOMILIA
2267 841 2473 902 XXV.

1784 932 1866 986 De
1891 931 2192 1006 Epiphania
2216 937 2430 993 Domini
2459 939 2562 994 IX.
2620 1020 2623 1021 ν

1986 1027 2360 1086 ADMONITIO

609 1126 714 1198 73
739 1123 1044 1198 Genuinum
1065 1122 1122 1179 S.
1161 1121 1377 1198 Maximi
1405 1136 1548 1198 opus
1585 1121 1726 1174 hanc
1762 1120 1890 1174 item
1921 1136 2041 1198 esse
2079 1123 2356 1198 homiliam
2398 1141 2508 1180 non
2530 1126 2702 1178 solum
2729 1126 2852 1198 styli
2877 1126 3168 1183 similitudo
3195 1135 3358 1198 atque
3375 1133 3675 1186 constantia
3718 1133 3817 1188 de-

532 1191 826 1275 mo'ns'trat;
860 1195 953 1250 sed
983 1208 1191 1248 summa
1231 1193 1395 1247 etiam
1418 1191 1676 1275 codicum
1697 1193 2216 1275 .ma'nuscrilptorum
2249 1195 2648 1275 doctorumque
2695 1191 2955 1275 virorum,
3005 1199 3095 1266 qui
3115 1191 3653 1275 _ea_m'aut_publicii
3676 1204 3819 1275 juris

531 1267 797 1348 fecerunt,
822 1274 915 1348 aut
943 1261 1788 1348 commemoraruntconsensio.A
1808 1260 1955 1348 Ultus
1981 1260 2290 1348 Cas_ine_nsis
2328 1266 2497 1348 codex
2528 1260 2651 1348 10's.,
2673 1281 2794 1348 pag.
2820 1260 3089 1348 l28,nea'm
3200 1260 3496 1337 Augustulo
3519 1260 3817 1348 ascriptarn

531 1331 895 1411 prmfertgsed
924 1344 1112 1411 contra
1140 1344 1302 1411 atque
1329 1332 1531 1387 veritas
1557 1333 1813 1411 postulat.
1837 1331 1974 1411 _Tam
2006 1335 2150 1411 enim
2173 1336 2288 1390 hazc
2317 1336 2383 1391 ab
2414 1331 2696 1406 Augustini
2725 1331 3061 1394 sermonibus
3087 1338 3268 1395 differt
3286 1331 3311 1404 ξ
3323 1356 3484 1411 quam
3531 1350 3617 1398 est
3664 1331 3818 1401 'ratio

530 1403 800 1461 scribendi
825 1406 1106 1474 Augustini
1130 1405 1196 1458 ab
1224 1420 1287 1458 ea
1315 1419 1419 1474 qua
1449 1417 1576 1459 usus
1599 1411 1682 1457 est
1711 1403 1974 1458 Maximus
1995 1405 2329 1476 discrepans.

530 1522 924 1578 Ancuueuruu.
959 1553 1028 1561 —
1078 1520 1278 1575 Iudaeis
1331 1521 1522 1573 acriter
1563 1517 1840 1587 exprobrat
1880 1519 2122 1573 duritiem

602 1603 652 1646 et
674 1596 958 1647 ca'citatem
975 1592 1035 1646 S.
1061 1590 1322 1645 Maximus
1339 1634 1353 1658 ,
1371 1590 1505 1661 quod
1535 1589 1733 1660 fulgore
1758 1589 1954 1661 insoliti
1983 1590 2121 1642 side-

604 1666 677 1717 ris
719 1664 941 1734 rotisque
986 1679 1256 1734 magorum
1297 1658 1542 1724 perculsi
1575 1670 1751 1713 natum
1795 1658 2121 1714 Salvatorem

604 1736 859 1805 inquirere
880 1734 1216 1802 despicerent.

604 1892 874 1956 Audistis,
925 1890 1146 1956 fratres,
1199 1890 1487 1952 lectionem
1536 1887 1812 1958 Evangelii
1864 1889 2120 1943 salutaria
2149 1931 2199 1992 Β

528 1984 812 2056 pmsentis
833 1983 940 2038 diei
962 1990 1300 2037 sacramenta
1332 1982 1669 2036 recitantem.
1721 1980 1959 2035 Audistis
1982 1995 2118 2048 qua-

527 2075 655 2130 liter
682 2074 924 2130 Christus
969 2073 1256 2138 Dominus,
1289 2073 1382 2142 qui
1404 2074 1455 2126 in
1503 2073 1648 2128 hunc
1694 2071 1950 2126 mundum
1986 2082 2009 2107 η
2041 2072 2120 2125 la-

526 2175 708 2223 tenter
736 2167 971 2232 advenit,
1002 2166 1263 2236 paulatim
1312 2166 1562 2234 dignatus
1609 2172 1692 2219 est
1727 2180 1881 2219 suam
1906 2164 2118 2234 aperire

524 2259 846 2316 mortalibus
888 2259 1257 2328 majestatem;
1297 2274 1624 2328 quanquam,
1649 2257 2120 2322 carissimi,latere

525 2354 670 2408 inter
699 2354 926 2408 obscura
948 2352 1126 2408 saeculi
1151 2352 1333 2406 lumen
1358 2352 1582 2407 caeleste
1610 2367 1719 2405 non
1742 2357 1980 2421 poterat.
2008 2349 2116 2404 De-

523 2446 689 2516 nique
715 2461 838 2500 cum
859 2444 1229 2499 visitationem
1251 2459 1403 2498 suam
1434 2441 1662 2498 necdum
1711 2445 1857 2496 terra
1899 2442 2116 2510 dignos-

509 2548 697 2603 ceret,
730 2537 924 2593 cmlum
949 2553 1044 2591 sua
1074 2536 1270 2605 gaudia
1311 2551 1376 2590 ac
1417 2534 1587 2590 totius
1625 2533 1811 2588 mundi
1852 2521 2114 2598 laetitiam,

525 2627 794 2683 Chaldzcis
815 2628 1176 2697 stupentibus,
1205 2628 1368 2682 tacito
1392 2627 1445 2680 in
1471 2625 1646 2680 sidere
1670 2625 2009 2693 loquebatur.
2051 2623 2119 2678 Et

526 2720 785 2789 cumquis
813 2727 1153 2788 quantusque
1201 2725 1346 2772 esset
1403 2715 1631 2771 necdum
1661 2714 1888 2768 inﬁdelis
1931 2723 2120 2784 posset

527 2811 714 2865 videre
742 2808 954 2873 Judaea;
975 2809 1086 2877 jam
1113 2817 1239 2862 tunc
1279 2808 1504 2874 gloriam
1533 2805 1651 2875 ejus
1674 2805 1924 2860 indiciisb
1941 2807 2118 2860 excita

529 2902 598 2954 de
626 2899 936 2955 coelestibus
965 2899 1238 2967 gentilitas
1267 2898 1555 2952 sentiebat.
1587 2897 1735 2951 Nova
1758 2897 1903 2951 enim
1961 2896 2116 2950 stella

525 3006 734 3062 novum
755 2990 1071 3044 adventassc
1100 2990 1375 3044 hominem
1399 2988 1676 3042 revel'abat
1696 3030 1710 3053 ,
1745 2997 1799 3042 et
1823 2990 1896 3042 ita
1928 3003 2115 3043 revera

525 3098 727 3136 novum
747 3124 762 3146 ,
791 3092 845 3135 ut
865 3124 878 3146 ,
912 3098 1032 3136 cum
1055 3090 1198 3136 esset
1248 3081 1344 3136 Dei
1383 3080 1572 3146 Filius,
1600 3080 1846 3136 indueret
1896 3096 2115 3136 carnem

523 3172 644 3228 sine
673 3172 1020 3238 generatione
1051 3171 1281 3240 carnali,
1314 3179 1370 3224 et
1397 3170 1623 3225 haberet
1679 3158 1972 3225 secundum
2024 3172 2117 3225 ho-

523 3263 725 3319 minem
758 3272 969 3332 tempus
991 3261 1275 3328 nascendi,
1306 3263 1396 3332 qui
1439 3261 1735 3317 secundum
1779 3260 1948 3316 Deum
1978 3263 2116 3316 nati-

525 3357 706 3410 vitatis
731 3355 944 3410 initium
994 3370 1100 3409 non
1133 3354 1385 3408 habebat.
1411 3352 1619 3407 Novum
1676 3353 1927 3406 nimirum
1977 3360 2112 3418 erat,

523 3455 589 3500 ut
613 3445 903 3515 Unigenito
933 3446 1211 3509 Altissimi,
1236 3461 1397 3514 quem
1429 3461 1537 3499 non
1560 3446 1706 3514 capit
1734 3444 1956 3511 ccelum,
1987 3459 2114 3517 par—

523 3538 730 3592 vissimi
753 3539 949 3607 tugurii
977 3539 1255 3593 minimum
1309 3551 1549 3606 praesepe
1579 3533 1870 3589 sufﬁceret.
1906 3533 2117 3588 Novum

526 3639 667 3695 erat,
704 3643 725 3669 ε
751 3633 843 3700 qui
878 3633 934 3687 in
983 3632 1292 3688 coelestibus
1313 3646 1436 3686 cum
1485 3629 1597 3684 Deo
1627 3627 1788 3682 Patre
1834 3629 2113 3697 regnabat,

525 3731 745 3779 terrena
788 3733 956 3778 matre
996 3731 1309 3789 contentus,
1341 3722 1553 3790 vagitus
1611 3719 1850 3774 infantiae
1878 3720 2032 3774 daret
2059 3720 2114 3774 in

525 3813 743 3886 pannis.
796 3812 1063 3868 Lzetemur
1105 3815 1319 3881 itaque,
1360 3811 1581 3876 fratres,
1630 3812 1866 3881 totisque
1910 3811 2116 3878 gaudiis

527 3905 884 3973 exsultemus,
915 3905 1040 3975 quia
1065 3905 1217 3959 nobis
1243 3913 1402 3958 natus
1431 3911 1515 3957 est
1534 3901 1780 3956 Christus
1807 3918 1876 3956 ex
1896 3901 2112 3966 femina,

528 3998 684 4051 nobis
706 3995 875 4064 jacuit
923 3996 976 4049 in
1027 3994 1286 4064 praesepi,
1332 3993 1487 4047 nobis
1540 3992 1787 4061 vagiebat
1838 3993 1891 4045 in
1940 3993 2111 4056 cunis,

529 4087 685 4142 nobis
709 4085 981 4139 arridebat
1007 4086 1058 4138 in
1090 4085 1264 4138 stella.
1298 4083 1495 4137 Totum
1518 4083 1660 4137 enim
1686 4082 1840 4136 nobis
1868 4081 2116 4152 proﬁcie-

528 4179 657 4241 bat,
686 4178 942 4247 quidquid
977 4175 1003 4213 ἀ
1036 4175 1285 4230 Salvator
1324 4173 1633 4229 hominibus
1663 4173 1857 4241 agebat
1911 4173 1968 4226 in
2012 4173 2114 4227 ho-

529 4269 693 4324 mine.
727 4268 816 4321 Ait
839 4268 1018 4335 itaque
1041 4265 1380 4334 evangelicus
1429 4278 1607 4317 sermo
1639 4281 1650 4314 :
1685 4261 1819 4315 Ecce
1861 4263 2003 4333 magi
2051 4262 2114 4315 ab

532 4357 745 4412 Oriente
773 4359 1086 4412 advenerunt
1111 4357 1216 4427 74
1246 4356 1684 4426 Hierosolymam,
1719 4354 1946 4409 dicentes
1971 4372 1987 4408 :
2017 4353 2114 4408 Ubi

528 4461 606 4505 est
633 4452 720 4522 qui
745 4457 899 4502 natus
928 4457 1002 4503 est
1025 4465 1115 4502 rex
1139 4447 1462 4501 Judwomm.
1496 4445 1732 4499 Vidimus
1753 4445 1956 4499 stellam
2003 4446 2113 4515 ejus

525 4545 580 4596 in
608 4539 838 4605 Oriente,
870 4551 921 4595 et
943 4541 1171 4595 venimus
1213 4539 1436 4592 adorare
1481 4554 1597 4591 eum
1622 4536 1849 4608 (Matth.
1879 4539 1971 4606 ιι).
1995 4536 2113 4603 Quo

525 4649 716 4702 usque,
746 4630 930 4687 Judzee
951 4631 1252 4695 durissimo,
1282 4639 1305 4666 °
1328 4629 1521 4684 obtusa
1538 4644 1687 4696 aure,
1709 4627 1906 4683 clausis
1921 4628 2110 4693 oculis,

527 4729 583 4776 et
611 4721 814 4791 perﬁdo
866 4721 1028 4777 corde
1077 4721 1350 4790 persistis?
1379 4718 1518 4775 Ecce
1541 4719 1654 4788 jam
1702 4726 1826 4789 post
1881 4718 1968 4772 illa
2015 4733 2110 4788 pa-

529 4814 884 4868 triarcharum
913 4816 1211 4884 praeconia,
1244 4822 1367 4883 post
1396 4815 1657 4868 vaticinia
1699 4813 2104 4884 prophetarum,

527 4902 774 4982 Christus
799 4913 853 4958 et
881 4921 910 4958 a
933 4905 1180 4972 gentibus
1223 4905 1565 4973 praedicatur.
1611 4904 1669 4958 Si
1707 4905 1950 4975 patribus
2005 4907 2109 4960 tuis

531 4992 751 5048 credere
780 4995 1069 5059 detractas,
1093 4995 1184 5062 qui
1205 4995 1272 5047 ab
1313 4995 1465 5048 initio
1512 4995 1691 5049 saeculi
1735 4997 1922 5051 aeterni
1967 4997 2110 5065 regis

603 5140 630 5169 ι
657 5129 790 5185 Cod.
815 5128 937 5184 Vat.
969 5127 1125 5193 4222,
1151 5128 1396 5184 latentem
1433 5128 1656 5182 advenit.

599 5201 628 5240 ιι
657 5200 790 5256 Cod.
822 5199 943 5254 Vat.
977 5198 1114 5252 1267
1165 5207 1221 5271 et
1263 5198 1430 5266 4951,
1475 5208 1531 5252 et
1560 5197 1718 5252 Laur.
1743 5213 1791 5262 ι,
1818 5196 1960 5271 Plut.
1994 5217 2100 5268 xxv,

526 5273 735 5329 indiciis
761 5273 985 5325 excitata
1014 5270 1320 5324 ccelestibus.

604 5355 625 5382 °
656 5341 824 5413 βυάά·
841 5339 1008 5413 -Ωθδδτ
1023 5381 1047 5413 ι
1068 5352 1124 5413 1t!
1150 5343 1255 5413 qui:

595 5413 628 5455 «ι
651 5409 821 5466 Codd.
841 5410 960 5466 Vat.
990 5411 1124 5464 1267
1153 5408 1207 5465 et
1225 5409 1386 5478 4222,
1410 5408 1651 5464 Salvator
1679 5410 1899 5464 hominis
1919 5409 2104 5482 agebat

523 5485 582 5540 in
601 5483 825 5538 homine.
1854 5518 1866 5529 .

601 5565 626 5592 θ
655 5554 787 5609 Cod.
813 5551 932 5607 Vat.
960 5550 1130 5621 4951,
1151 5550 1388 5610 obtunsa.

601 5623 623 5663 ί
654 5624 826 5679 Codd.
850 5623 969 5678 Vat.
1003 5620 1144 5677 4222
1169 5629 1223 5677 et
1261 5621 1466 5687 Casin.,
1490 5620 1844 5676 obstinationis
1879 5622 2095 5676 aversio.

601 5702 627 5741 ι
657 5692 826 5749 Codd.
860 5693 1139 5763 Laurent.,
1166 5692 1338 5748 Vatic.
1366 5689 1528 5759 4951,
1549 5699 1602 5746 et
1622 5691 1828 5763 Casin.,
1859 5689 2096 5763 Prtedic—

535 5773 639 5817 tum
659 5772 732 5816 est
761 5781 777 5817 :
802 5763 995 5828 Quibus
1024 5761 1225 5820 nonest
1275 5764 1582 5826 nuntiatum,
1613 5762 1676 5815 de
1729 5779 1787 5815 eo
1837 5761 2094 5824 videbunt,

2142 3309 2189 3373 C

2227 1522 2516 1577 adventum
2547 1523 2840 1578 innumeris
2868 1523 3201 1594 sacratisque
3222 1525 3444 1582 vocibus
3471 1527 3816 1597 cecinerunt,

2225 1613 2386 1668 crede
2407 1614 2493 1668 vel
2523 1614 2588 1668 iis
2627 1613 2842 1670 tandem
2879 1615 2970 1684 qui
3007 1629 3128 1670 eum
3170 1630 3278 1671 non
3302 1615 3477 1673 adhuc
3518 1629 3644 1688 post
3669 1628 3816 1675 tem-

2224 1719 2358 1774 pora
2381 1706 2733 1774 nasciturum,
2755 1707 2850 1762 sed
2865 1706 2978 1776 jam
3021 1714 3076 1762 et
3103 1707 3242 1778 apud
3267 1716 3348 1773 te,
3374 1717 3430 1764 et
3479 1710 3574 1766 tibi
3616 1719 3808 1768 natum

2226 1810 2347 1852 esse
2375 1805 2661 1852 testantur.
2693 1796 2822 1865 Quae
2849 1804 3000 1852 tanta
3021 1805 3104 1853 est
3123 1798 3178 1852 in
3200 1806 3421 1868 pectore
3474 1807 3569 1856 tuo
3615 1804 3810 1858 morti-

2226 1885 2352 1942 ferae
2406 1889 2785 1944 obstinationis
2815 1894 2840 1936 ί
2868 1887 3148 1954 adversio,
3180 1898 3240 1945 ut
3284 1891 3431 1946 solus
3469 1907 3578 1948 non
3624 1894 3813 1951 audias

2225 1979 2370 2047 quod
2400 1995 2587 2034 omnes
2612 1981 2928 2050 loquuntur,
2962 1981 3107 2037 solus
3145 1981 3376 2051 relugias
3411 1983 3556 2054 quod
3586 1987 3808 2042 univer-

2225 2070 2358 2125 sitas
2401 2072 2599 2138 credit,
2642 2074 2790 2128 solus
2847 2082 2994 2130 certe
3052 2074 3234 2131 videre
3294 2085 3611 2134 contemnas
3664 2082 3811 2150 quod

2223 2161 2470 2230 splendet
2497 2177 2527 2217 e
2549 2165 2724 2219 coelo?
2749 2165 2900 2235 Apud
2921 2173 2974 2220 te
2998 2166 3148 2235 virgo
3171 2169 3419 2237 concepit
3434 2211 3449 2233 ,
3475 2177 3531 2224 et
3579 2171 3803 2240 virginis

2223 2259 2329 2305 tua:
2351 2261 2563 2322 partum
2585 2255 2791 2310 alienus
2816 2255 3092 2324 agnoscit;
3123 2256 3221 2313 tibi
3250 2257 3476 2313 salutem
3527 2267 3675 2316 tuam
3706 2279 3808 2318 an-

2220 2343 2405 2410 gelie'e
2427 2360 2587 2400 voces
2615 2347 2938 2416 persuadere
2967 2359 3341 2418 nonapossunt,
3359 2360 3413 2406 et
3435 2352 3503 2406 ad
3531 2351 3806 2410 Christum

2220 2441 2373 2488 tuum
2402 2453 2508 2490 una
2533 2436 2813 2493 Chaldteos
2833 2440 2987 2494 stella
3011 2441 3283 2510 perduxit.
3310 2441 3409 2497 Ubi
3427 2452 3528 2512 est,
3559 2445 3809 2514 inquiunt

2221 2526 2384 2592 magi,
2409 2529 2494 2596 qui
2518 2535 2673 2580 natus
2694 2537 2770 2582 est
2799 2545 2894 2583 rex
2948 2529 3287 2586 Judworum?
3321 2531 3557 2588 Vidimus
3603 2536 3807 2591 stellam

2222 2618 2334 2688 ejus
2387 2619 2442 2671 in
2499 2615 2740 2686 Oriente,
2790 2630 2838 2674 et
2893 2623 3120 2677 venimus
3145 2623 3377 2678 adorare
3416 2640 3534 2680 eum
3567 2625 3745 2698 (Ibid.
3765 2630 3808 2697 ).

2223 2715 2250 2753 8
2282 2706 2339 2760 In
2386 2707 2468 2762 his
2520 2708 2796 2779 impletum
2849 2719 2963 2777 est,
3003 2713 3148 2782 quod
3187 2714 3504 2784 prephetico
3557 2731 3807 2773 sermone

2222 2799 2535 2867 praedictum
2563 2809 2645 2856 est
2675 2802 2845 2874 (Isai.
2893 2804 2991 2874 v);
3017 2819 3146 2860 ecce
3199 2808 3344 2860 enim
3370 2805 3681 2874 Chaldrcus,
3714 2812 3804 2866 cui

2223 2902 2398 2955 neque
2423 2890 2796 2944 annuntiatum
2820 2891 2887 2946 de
2913 2889 3128 2948 Christo
3151 2893 3323 2949 fuerat
3342 2910 3517 2967 neque
3537 2898 3804 2965 audierat,

2223 2985 2281 3033 et
2303 2978 2436 3047 vidit
2489 2981 2702 3035 stellam
2740 2980 2970 3049 Christi,
2997 2991 3051 3038 et
3075 2985 3262 3040 adesse
3308 3002 3430 3041 eum
3459 2988 3717 3045 intellexit
3747 2992 3805 3045 in

2222 3071 2397 3126 stella.
2431 3070 2671 3127 Aderant
2709 3073 2891 3144 itaque
2925 3074 3078 3146 magi
3128 3075 3443 3144 Dominum,
3476 3078 3802 3137 eLollerunt

2223 3179 2475 3230 munera,
2509 3175 2568 3220 ut
2621 3167 2936 3237 impleretur
2982 3167 3010 3206 ιι
3062 3170 3208 3238 quod
3244 3173 3320 3226 ait
3367 3173 3456 3229 ille
3505 3176 3804 3246 praecipuus

2222 3257 2605 3326 prophetarum
2627 3259 2822 3313 David:
2851 3261 3044 3330 Aﬁ'erte
3071 3261 3312 3330 Domino,
3342 3267 3528 3336 patrita
3554 3271 3800 3339 gantiam,

2223 3347 2407 3417 aﬂ'erte
2431 3349 2654 3405 Domino
2694 3351 2912 3423 gloriam
2959 3362 3008 3407 et
3058 3356 3298 3410 honorem
3327 3355 3511 3427 (Psal.
3570 3376 3730 3416 xxvm
3752 3365 3795 3432 ).

2222 3437 2451 3495 Domino
2482 3449 2538 3496 et
2580 3440 2841 3506 Domino,
2873 3444 3016 3512 quod
3055 3445 3159 3512 ait,
3194 3446 3477 3502 Dominum
3501 3449 3649 3504 illum
3676 3467 3800 3507 esse

2221 3531 2517 3586 secundum
2540 3531 2708 3587 Deum
2726 3574 2742 3599 ,
2763 3532 3052 3590 Dominum
3082 3545 3138 3591 et
3190 3539 3485 3594 secundum
3529 3540 3803 3612 hominem

2220 3622 2450 3692 mystico
2504 3638 2754 3678 sermone
2803 3625 3076 3694 declarat;
3128 3629 3272 3696 quod
3320 3631 3463 3684 enim
3508 3631 3650 3687 Deus
3699 3644 3802 3702 est,

2219 3721 2436 3770 creator
2462 3723 2547 3771 est
2573 3716 2759 3772 mundi
2786 3716 2830 3772 ί.
2862 3717 3016 3785 Quod
3043 3720 3206 3775 homo
3235 3729 3336 3787 est,
3367 3723 3680 3796 redemptor
3718 3737 3803 3782 est

2218 3806 2424 3862 mundi.
2448 3807 2730 3874 Quomodo
2772 3823 2903 3878 ergo
2933 3826 3041 3866 non
3083 3813 3360 3882 privilegio
3390 3815 3495 3886 75
3526 3819 3803 3887 utriusque

2219 3898 2531 3953 substantiae
2575 3898 2833 3955 Dominus
2860 3908 2942 3955 est
2983 3903 3221 3956 omnium
3275 3903 3552 3972 Christus,
3577 3909 3670 3977 qui
3699 3910 3802 3968 sibi

2219 3989 2470 4043 universa
2513 3999 2603 4044 aut
2650 3991 2951 4056 creatione,
2984 4001 3077 4046 aut
3128 3993 3500 4066 redemptione
3552 4000 3801 4068 subegit?

2218 4081 2413 4149 Afferte
2443 4125 2458 4149 ,
2526 4083 2699 4151 inquit
2721 4122 2737 4149 ,
2809 4082 3032 4139 Domino
3115 4087 3335 4156 gloriam
3417 4098 3468 4142 et
3552 4091 3797 4146 honorem

2221 4172 2396 4245 (Ibid.
2420 4175 2460 4244 ).
2518 4172 2753 4231 Honoris
2813 4190 2942 4245 ergo
3000 4185 3109 4242 est,
3166 4179 3459 4248 carissimi,
3517 4182 3661 4250 quod
3717 4182 3798 4236 of-

2219 4263 2398 4318 ferunt
2450 4260 2678 4334 gentiles
2728 4281 2982 4334 munera;
3048 4269 3260 4338 gloriae,
3309 4271 3454 4340 quod
3521 4271 3795 4328 adorant:

2217 4371 2442 4411 munera
2469 4355 2704 4412 Chaldtei
2731 4357 2984 4428 offerunt,
3016 4367 3072 4413 et
3097 4361 3342 4416 adorant.
3374 4360 3551 4417 Unum
3599 4364 3666 4418 ab
3694 4364 3797 4418 illis

2217 4447 2457 4502 defertur
2479 4457 2539 4503 ut
2560 4450 2695 4518 regi,
2727 4450 2871 4505 aliud
2909 4451 3197 4507 exhibetur
3218 4462 3278 4506 ut
3304 4452 3437 4510 Deo.
3481 4453 3551 4510 Hi
3592 4457 3792 4524 itaque,

2217 4541 2443 4597 adorato
2464 4540 2681 4598 Christo
2709 4543 3011 4613 oblatisque
3040 4545 3370 4610 muneribus,
3402 4561 3500 4615 per
3518 4547 3713 4611 aliam,
3737 4557 3795 4602 ut

2215 4634 2414 4688 lectum
2450 4641 2553 4698 est,
2583 4635 2727 4688 viam
2775 4635 2978 4690 reversi
3033 4645 3158 4690 sunt
3178 4637 3233 4690 in
3287 4637 3563 4705 regionem
3618 4653 3789 4692 suam.

2217 4723 2534 4781 Rectissime
2555 4741 2652 4796 per
2671 4727 2830 4780 aliam
2853 4728 2996 4782 viam
3025 4728 3283 4791 redeunt,
3312 4744 3378 4782 ne
3409 4738 3664 4784 cruentus
3683 4729 3794 4783 lle-

2213 4815 2393 4882 rodes,
2425 4818 2532 4888 76
2557 4818 2650 4886 qui
2677 4825 2908 4873 mortem
2937 4818 3162 4887 parabat
3208 4817 3395 4873 infanti
3414 4861 3428 4884 ,
3461 4819 3653 4874 itinere
3680 4837 3795 4874 ma-

2211 4920 2402 4975 gorum
2423 4908 2706 4976 pervenire
2734 4907 2907 4977 possit
2960 4906 3026 4961 ad
3073 4904 3376 4972 Christum;
3423 4923 3600 4977 neque
3647 4912 3792 4964 enim

2211 4998 2306 5067 qui
2335 4997 2564 5052 adorare
2592 4995 2878 5051 Dominum
2897 5004 3193 5064 venerant,
3221 4995 3435 5052 Domini
3488 5013 3609 5054 esse
3635 5009 3794 5069 poneh

2211 5141 2260 5184 et
2287 5133 2374 5202 qui
2411 5147 2516 5185 non
2562 5130 2854 5212 audierunt,
2906 5130 3211 5210 intelligent.
3261 5129 3413 5213 Ecce.
3445 5129 3585 5184 enim
3631 5129 3791 5185 Chal—

2210 5202 2373 5279 daeus,
2397 5209 2501 5279 etc_.
2524 5198 2708 5279 Codex
2737 5200 2980 5279 Vatican.
3007 5199 3165 5279 4222,
3192 5199 3367 5279 [nn/iis
3395 5201 3658 5279 impletum
3712 5209 3790 5254 est

2205 5271 2338 5325 illud
2356 5271 2490 5342 quod
2535 5271 2861 5340 propheticus
2907 5286 3072 5342 sermo
3127 5271 3370 5341 praedixit
3393 5287 3409 5323 :
3434 5268 3626 5342 Quibus
3682 5288 3787 5324 non

2207 5351 2284 5413 est
2303 5339 2664 5413 annuntiatum
2691 5342 2755 5395 de
2780 5357 2859 5406 eo,
2874 5339 3154 5413 fidebant,
3184 5350 3233 5394 et
3260 5343 3346 5413 qui
3367 5356 3470 5395 non
3492 5340 3782 5406 audierunt,

2205 5410 2686 5483 intelligentLEcce
2699 5413 2836 5483 enim
2858 5407 3162 5483 Chaldaeus,
3189 5407 3293 5483 etc'.

2241 5551 2253 5562 .
2278 5477 2308 5517 h
2330 5477 2461 5564 Cod:
2497 5482 2614 5564 vat.
2657 5479 2818 5549 4951,
2849 5481 2979 5535 illud
2997 5483 3132 5553 quod
3160 5482 3235 5534 ait
3260 5480 3624 5552 prophetan
3649 5498 3786 5549 prir-

2208 5551 2383 5618 cipuus
2411 5551 2600 5605 David.
3010 5551 3017 5553 ‘
3262 5551 3267 5552 ’

2289 5619 2304 5656 ί
2336 5619 2414 5675 lla
2441 5621 2600 5677 codd.
2634 5621 2754 5677 Vat.
2789 5620 2949 5690 1267,
2966 5621 3108 5676 4222
3132 5631 3187 5678 et
3216 5619 3372 5687 4951,
3402 5627 3459 5676 et
3481 5619 3586 5674 duo
3632 5621 3782 5674 Cusi-

2210 5704 2418 5746 nenses.
3523 5721 3531 5726 -
