4040 6324
227 367 331 424 381

1540 352 1545 363 ’
1631 366 1913 426 ιωΜιυΑ
1949 369 2132 430 xxvr.
2342 409 2395 449 ,

223 492 357 541 rant
385 482 709 555 proditores.
731 482 905 551 Quam
931 482 1089 551 bene,
1132 483 1346 549 fratres,
1373 495 1471 553 per
1497 481 1659 537 aliam
1686 484 1832 538 viam
1860 493 1912 554 Α
1936 503 2057 544 mus
2078 488 2218 543 hunc
2242 487 2412 555 diem,
2444 501 2724 557 magorum
2748 488 3010 560 obsequia
3033 484 3215 543 nostra
3241 482 3532 541 devotione

224 577 464 634 rediisse
492 575 777 632 dicuntur:
811 588 936 632 nam
955 576 1049 647 qui
1096 576 1251 632 stella
1300 575 1457 641 duce,
1482 582 1747 630 venerant
1774 576 1827 631 in

219 666 498 735 Iudaeam,
522 667 576 723 in
597 668 831 740 patriam
858 680 1012 724 suam
1039 669 1228 725 aeterni
1251 666 1395 724 Solis
1422 666 1709 722 illuminati
1737 682 1829 722 ra-

221 764 328 821 diis
350 770 723 821 revertuntur.
745 762 815 819 Et
838 762 965 822 ideo
988 774 1014 804 ι
1040 766 1189 823 omni
1227 766 1536 823 reverentia
1584 764 1831 822 celebre-

1940 572 2257 651 superantes
2292 581 2583 649 :quoniam
2602 622 2617 647 ,
2647 582 2694 636 si
2719 580 2795 635 illi
2823 572 3100 637 Christum
3128 577 3157 619 ιι
3175 569 3446 650 jacentem
3476 579 3532 635 in

1936 672 2222 728 cunabulis
2244 680 2598 743 repererunt,
2630 687 2874 749 noseum
2898 662 3215 742 regnantem
3269 670 3532 728 habemus

1939 766 1996 821 iu
2024 765 2195 822 cmlis.

1553 901 1902 965 HOMILIA
1963 901 2206 965 XXVI.

1504 1000 1587 1055 De
1607 1000 1913 1074 Epiphania
1930 1001 2147 1059 Domini
2171 1000 2248 1059 Χ.

1693 1094 2072 1154 ADMONITIO

292 1191 459 1260 Quod
487 1193 562 1267 de
584 1195 890 1267 superiore,
912 1195 1018 1252 hoc
1045 1192 1189 1252 idem
1217 1196 1286 1252 de
1309 1196 1615 1267 insequenti
1642 1197 1867 1253 homilia
1894 1197 2056 1254 video
2076 1195 2668 1254 esseconstituendnm.
2698 1194 2818 1251 Non
2847 1194 2994 1251 enim
3015 1194 3256 1267 editores
3294 1203 3519 1267 tantum

218 1278 438 1347 omnes,
469 1265 568 1321 sed
595 1265 814 1323 codices
837 1268 1001 1323 etiam
1019 1274 1293 1337 quotquot
1314 1268 1373 1350 in
1399 1265 1832 1351 placedentibus
1860 1268 2321 1352 admonitionibus
2369 1268 2789 1351 memoravimus
2844 1274 3125 1391 acceEptam
3290 1266 3529 1323 Maximo

218 1335 416 1391 referri
446 1345 704 1391 onortere
729 1336 1123 1391 demonstrant.
1156 1337 1451 1391 Inscriptio
1474 1355 1592 1391 eius
1615 1340 1804 1391 eadem
1826 1347 1911 1391 est
1936 1339 2049 1391 fere
2073 1356 2127 1391 ιιι
2152 1339 2455 1391 quibusque
2479 1338 2757 1391 codicibus
2782 1355 2795 1390 :
2829 1334 2908 1391 De
2992 1337 3245 1391 mhanta
3294 1335 3527 1391 Domini.

217 1335 416 1412 referri
446 1345 704 1412 oportere
720 1334 1123 1412 demonstrant.
1156 1334 1451 1412 Inscriptio
1474 1338 1600 1412 ejus
1615 1340 1804 1412 eadem
1826 1347 1911 1412 est
1936 1339 2049 1395 fere
2073 1340 2127 1394 in
2152 1339 2455 1412 quibusque
2471 1338 2757 1412 codicibus
2782 1355 2795 1390 :
2829 1334 2908 1391 De

2992 1337 3245 1408 piphania
3257 1407 3264 1408 ί
3277 1406 3282 1408 _
3294 1335 3527 1405 Domini,

217 1405 304 1460 vel
328 1403 731 1479 beati'ifaximi
752 1408 817 1462 de
844 1405 1261 1479 Epiphaniorum
1292 1403 1397 1479 die,
1425 1412 1481 1465 in
1502 1403 1693 1466 codice
1714 1410 2039 1466 Taurinensi
2061 1403 2290 1467 numero
2318 1403 2404 1466 est
2432 1409 2696 1473 uicesimo,
2717 1422 2824 1478 qua
2846 1422 2915 1463 ex
2944 1403 3076 1463 nota
3119 1406 3345 1476 intelligi
3370 1403 3530 1479 plane

142 1532 152 1545 ,
215 1483 408 1549 potest
434 1478 628 1534 deesse
655 1495 850 1534 nonam
879 1478 1246 1537 ac'decimam.

217 1593 623 1669 Anguusnruu.
660 1627 740 1669 --Δ
765 1591 1065 1669 Humilith
1104 1596 1159 1669 in
1192 1612 1295 1669 qua
1341 1596 1533 1669 mundo
1586 1598 1829 1669 apparuit
1936 1597 2070 1653 lare.
2098 1595 2337 1653 Veniunt
2364 1597 2572 1669 itaque,
2593 1604 2655 1653 ut
2674 1597 2874 1653 lectum
2903 1603 3005 1662 est,
3029 1595 3098 1650 ab
3122 1592 3345 1652 Oriente
3367 1594 3528 1651 Chal-

298 1663 1111 1760 !fst‘iumszeissai‘ir'i‘.
1124 1663 1234 1760 ρεξί
1264 1666 1525 1760 ίῐζίὲίέξὲξξι
1563 1663 1820 1760 uisui!

1933 1689 2072 1756 daei',
2105 1696 2407 1759 sequuntur
2428 1663 2681 1760 praeviam
2730 1688 2976 1753 stellam,
2997 1702 3106 1743 non
3158 1687 3365 1756 magica
3411 1694 3529 1743 arte

287 1748 446 1820 atque
472 1734 853 1820 splendor-Qus,
875 1737 1008 1820 ut_si
1056 1734 1235 1820 in‘illa
1283 1734 1614 1820 prwbuitﬁs'e
1650 1755 1826 1793 verum

289 1807 578 1872 leunsinem,
601 1806 656 1861 in
675 1807 791 1862 istis
814 1806 975 1861 voluit
1001 1808 1215 1878 agnosci
1235 1806 1293 1862 ut
1319 1824 1469 1863 verus
1502 1807 1662 1864 Deus.

1932 1784 2293 1854 recognitum,
2323 1783 2421 1839 sed
2449 1783 2531 1838 sui
2562 1782 2805 1838 novitate
2833 1781 3157 1838 mirabilem.
3207 1779 3412 1837 Idcirco
3432 1795 3528 1837 au-

1843 1875 1855 1883 ’
1927 1888 2039 1936 tem
2068 1880 2210 1949 magi
2239 1878 2382 1950 apud
2410 1876 2575 1935 Israel
2598 1878 2871 1949 praecipue
2898 1887 3085 1931 natum
3133 1888 3316 1944 regem
3346 1873 3529 1943 requi-

288 1963 588 2032 Quamvis,
642 1962 978 2019 dilectissimi
1027 1962 1249 2029 fratres,
1302 1936 1575 2033 Christus,
1632 1966 1822 2022 salutis
1856 2014 1899 2041 n
1926 1979 2071 2037 runt,
2103 1936 2229 2041 quia
2257 1936 2478 2024 Ralaam
2508 1936 2852 2031 ille-ariolus,
2881 1976 2937 2022 et
2964 1936 3225 2022 sacerdos
3253 1936 3529 2036 quondam

215 2064 426 2112 nostra:
456 2054 739 2121 Dominus,
762 2056 1155 2126 omnipotentis
1184 2054 1359 2112 Patris
1388 2057 1574 2121 Filius,
1590 2068 1818 2114 coaeter-

214 2163 352 2215 nus,
384 2148 660 2203 velamine
689 2147 867 2203 carnis
907 2146 1204 2218 adopertus
1244 2157 1300 2209 et
1326 2150 1544 2205 humilis
1572 2152 1823 2221 dignatus

213 2240 287 2295 sit
314 2240 542 2294 visitare
570 2239 846 2306 mortales,
899 2239 1049 2295 dedit
1077 2250 1259 2296 tamen
1309 2252 1331 2280 ε
1387 2250 1499 2296 tam
1546 2244 1712 2298 multa
1768 2254 1825 2299 et

212 2331 464 2387 maxima
484 2346 593 2386 sum
617 2328 917 2399 majestatis
945 2329 1160 2397 indicia,
1186 2331 1381 2400 quibus
1408 2347 1565 2388 mens
1586 2332 1824 2389 humana

211 2424 454 2480 sentiret
482 2431 539 2479 et
559 2439 763 2480 novum
786 2424 1061 2479 hominem
1091 2432 1277 2478 natum
1294 2465 1309 2489 ,
1334 2431 1390 2479 et
1416 2423 1585 2479 Deum
1615 2425 1823 2481 adven—

214 2524 362 2571 tasse
393 2515 463 2570 de
492 2516 653 2572 cmlo.
694 2514 829 2570 Nam
868 2531 991 2572 cum
1017 2512 1134 2587 Ipse
1163 2515 1422 2573 Dominus
1478 2527 1664 2573 noster
1705 2520 1825 2589 lege

215 2608 523 2664 nativitatis
541 2594 792 2663 humanae
819 2607 1079 2680 parvulus
1100 2617 1156 2665 et
1176 2608 1351 2665 infans
1390 2609 1532 2680 apud
1579 2609 1824 2669 Judzeam

216 2704 431 2774 vagiret
450 2704 506 2759 in
528 2704 681 2760 cunis
699 2745 715 2771 ,
747 2701 775 2741 ἀ
804 2704 1000 2761 lateret
1037 2706 1092 2762 in
1122 2707 1333 2777 pannis,
1364 2706 1822 2777 magniﬁcentiam

216 2806 404 2852 tamen
451 2795 568 2866 ejus
616 2798 869 2854 universo
924 2798 1043 2854 orbi
1089 2799 1350 2855 mirabilis
1397 2802 1466 2856 ab
1510 2801 1621 2855 alto
1664 2801 1820 2857 stella

218 2889 509 2961 prodebat.
539 2888 672 2957 Quis
698 2891 846 2946 enim
891 2888 1099 2947 dubitet
1156 2891 1327 2962 ipsam
1370 2892 1582 2947 stellam
1626 2893 1819 2949 laetiori

217 2979 338 3035 luce
386 2988 446 3035 et
480 2979 891 3049 lulgentioribus
947 2968 1503 3050 radiis.coruscasse,
1535 2999 1655 3054 qum
1696 2966 1817 3040 omli

219 3080 488 3144 terraeque
510 3074 689 3129 lumen
738 3074 990 3130 humanis
1037 3075 1208 3131 oculis
1256 3076 1583 3146 ingerebat?
1611 3075 1679 3131 Et
1720 3091 1818 3132 ne-

218 3183 370 3224 cesse
413 3176 532 3223 erat
584 3176 644 3223 ut
691 3167 845 3223 stella
888 3169 1003 3224 haec
1054 3185 1085 3223 a
1127 3171 1338 3225 caeteris
1390 3170 1657 3227 sideribus
1685 3172 1819 3226 orbe

218 3260 452 3318 clariore
508 3260 750 3327 distaret,
776 3275 896 3331 quae
947 3260 1302 3317 annuntiabat
1327 3257 1601 3318 Christum
1621 3305 1638 3331 ,
1668 3262 1820 3332 cujus

219 3354 474 3409 nativitas
500 3354 568 3409 ab
595 3353 860 3408 universis
884 3352 1206 3408 mortalibus
1233 3350 1544 3419 differebat;
1576 3359 1631 3407 et
1676 3369 1819 3409 novo

218 3448 438 3518 quidem
460 3446 638 3503 sidere
666 3455 795 3502 tunc
819 3447 1054 3504 micabat
1093 3446 1292 3504 cmlum
1315 3464 1329 3513 ;
1354 3448 1449 3503 sed
1474 3448 1649 3516 magis
1675 3463 1818 3504 novo

217 3539 452 3595 mundus
497 3538 701 3600 lumine
731 3537 1052 3607 refulgebat.
1112 3536 1243 3605 Quis
1296 3538 1436 3594 hanc
1490 3538 1818 3608 investigare

217 3628 603 3685 miraculorum
630 3628 860 3698 gloriam
881 3635 1086 3699 posset,
1116 3627 1262 3697 quod
1315 3643 1414 3699 pro
1452 3628 1693 3683 remedio
1729 3644 1813 3682 sa-

216 3719 343 3777 lutis
371 3730 594 3790 nostrae,
618 3736 729 3776 uno
756 3720 1056 3791 eodemque
1093 3728 1373 3774 momento
1402 3730 1653 3775 creatura
1683 3728 1706 3756 °
1736 3719 1817 3773 lu-

216 3813 378 3869 cebat
404 3813 460 3867 in
489 3811 649 3877 coelo,
681 3818 737 3866 et
760 3807 990 3873 Creator
1016 3810 1339 3881 splendebat
1387 3812 1443 3864 in
1491 3810 1686 3864 terris?
1707 3809 1817 3865 Nec

215 3905 433 3969 mirum,
465 3903 749 3968 carissimi,
785 3901 802 3940 ί
836 3903 1096 3959 cmlorum
1127 3902 1413 3957 Dominum
1444 3903 1813 3958 testimonium

219 3995 451 4052 cmleste
476 3994 861 4066 prosequitur;
892 4002 985 4048 aut
1017 4009 1116 4049 cur
1135 3993 1294 4049 nobis
1350 3993 1684 4049 incredulum
1741 3995 1818 4050 vi-

214 4089 430 4151 deatur,
458 4087 504 4141 si
535 4085 874 4142 conditorem
913 4102 1072 4142 suum
1121 4087 1425 4156 obsequens
1472 4086 1678 4143 factura
1708 4096 1817 4143 tes-

215 4183 404 4238 tatur?
459 4179 527 4235 Et
573 4179 869 4236 mirabatur
909 4179 1127 4250 quidem
1199 4186 1338 4234 terra
1404 4179 1549 4249 quod
1620 4193 1815 4234 novam

217 4276 433 4332 stellam
486 4276 696 4332 videret
743 4277 799 4329 in
848 4275 987 4331 coelo
1021 4293 1032 4327 :
1068 4282 1094 4321 ε
1124 4274 1219 4330 sed
1270 4274 1569 4333 mirabatur
1616 4274 1813 4329 caelum

219 4369 359 4439 quod
407 4384 609 4425 novum
645 4366 830 4424 Solem
876 4368 1095 4424 videbat
1146 4367 1199 4422 in
1251 4368 1431 4423 terris.
1484 4368 1655 4432 Quam
1684 4381 1811 4437 pro—

222 4460 393 4518 fundae
423 4461 1069 4531 cogitationes'Domini,
1102 4469 1157 4515 et
1184 4459 1211 4497 ιι
1257 4460 1660 4528 iuvestigabiles
1710 4461 1811 4515 viae

223 4551 361 4620 ejus!
404 4552 420 4592 ί
445 4554 538 4623 qui
565 4568 635 4608 ne
660 4551 884 4624 perﬁdia
903 4552 1181 4609 hominum
1203 4560 1417 4622 partum
1438 4550 1672 4620 Virginis
1708 4551 1809 4605 im-

224 4653 510 4713 pugnaret,
559 4642 709 4699 dedit
755 4644 823 4699 ab
875 4643 1094 4699 excelso
1147 4642 1505 4698 clarissimum
1580 4642 1809 4711 signum,

226 4735 364 4804 quod
393 4751 494 4792 nec
514 4736 788 4806 gentilitas
830 4735 1068 4791 refutare
1098 4740 1313 4804 posset,
1342 4748 1445 4790 nec
1491 4731 1673 4789 Iudaea
1721 4748 1813 4788 ce-

296 4882 321 4910 ‘
348 4872 482 4931 Cod.
517 4873 641 4929 Vat.
664 4872 824 4940 4951,
854 4875 1130 4927 amnicum
1151 4862 1455 4927 reverentia.

295 4942 321 4981 ι’
348 4942 520 5001 Codd.
552 4944 703 5000 Cass.
731 4945 913 5013 legunt
942 4945 1220 4997 laetantem
1242 4959 1340 5012 pro
1362 4943 1643 5013 jacentem.

300 5025 320 5051 ε
349 5013 483 5071 Cod.
510 5015 753 5071 Vallicel.
785 5011 825 5068 Α
852 5011 938 5077 10,
956 5011 1278 5068 dedittamen
1298 5011 1463 5066 multa
1477 5027 1539 5065 ac
1560 5013 1814 5068 maxima.

298 5082 323 5121 ⁸
345 5085 480 5142 Cod.
514 5086 637 5141 Vat.
670 5086 803 5155 Reg.
836 5082 939 5136 125
960 5086 1089 5153 legit
1116 5085 1398 5138 laetaretur
1424 5084 1476 5136 in
1509 5084 1718 5153 pannis.

508 5155 1012 5236 Reginmziereatura
1044 5155 1271 5236 fulgebat
1290 5157 1344 5236 in
1369 5155 1511 5208 calo.
1557 5224 1570 5236 _
1616 5212 1641 5236 ο

303 5223 323 5313 ξ
349 5226 482 5313 Cod.
508 5223 631 5283 Vat.
657 5226 821 5313 i951,
848 5226 894 5313 si
924 5223 1199 5280 Dominum
1228 5226 1469 5280 carlorum
1517 5223 1815 5296 obséquium

234 5295 419 5355 calcate
443 5301 788 5373 prosequitur.
850 5308 855 5313 '
1653 5295 1659 5296 ί

247 5451 273 5455 _
305 5377 329 5415 ⁵
356 5369 490 5428 θοά-
524 5369 778 5455 Laurens
813 5388 871 5455 ,ιν
902 5371 1009 5455 θεά
1048 5367 1500 5455 ριαερεὶιῖαιηξενξ,
1520 5367 1729 5455 eam
1761 5366 1816 5455 il!

240 5451 393 5564 23:?
409 5442 770 5568 vconveniunt
812 5436 1100 5499 lectionem
1135 5436 1317 5523 .Vatic.
1367 5437 1521 5493 codd.
1577 5437 1714 5492 ηυγ
1760 5447 1819 5494 et

305 5544 317 5557 -
373 5552 390 5570 .
460 5512 550 5566 all.
576 5511 620 5565 A
646 5512 732 5570 10.
763 5521 820 5567 et
846 5512 1002 5570 codd.
1029 5509 1205 5566 Casm.

304 5552 621 5655 genus;
646 5552 820 5655 issi,"
838 5552 1507 5655 ἂνξιῖἱιηῖίῖἑὲὲριεραᾴίιεσ,
1535 5589 1641 5638 etc.

308 5647 327 5688 ί
355 5651 434 5710 Ex
462 5652 621 5710 codd.
652 5647 1010 5711 Laurent.'et
1031 5651 1155 5708 Vat.
1186 5647 1443 5707 Galesinii
1484 5661 1662 5708 textus
1688 5666 1811 5708 cor-
1886 5650 1887 5653 “

242 5720 439 5796 ﬁgitur,
464 5725 520 5779 in
547 5738 654 5794 quo
679 5727 939 5796 mendose
966 5724 1161 5794 legitur
1186 5740 1321 5796 qum.

312 5793 325 5845 i
361 5793 502 5866 Idem
530 5793 652 5851 cod.
678 5794 837 5866 Reg.,
869 5793 1040 5853 locuta
1059 5812 1168 5850 esse
1191 5793 1504 5866 perhibetur.

310 5866 339 5907 ι
363 5863 502 5921 Idem
532 5866 652 5922 cod.
682 5863 801 5921 Vat.
823 5863 996 5935 '12‘57,
1026 5863 1225 5921 stellam
1248 5884 1313 5921 ex
1348 5866 1805 5934 lambat-ituram.

1849 2014 1900 2077 B

1928 2065 2189 2135 gentium,
2219 2064 2374 2135 cujus
2403 2063 2552 2118 asina
2585 2062 2600 2114 i
2633 2048 2813 2118 locula
2842 2060 3188 2139 perhibetur,
3220 2059 3431 2115 stellam
3459 2073 3528 2116 ex

1927 2155 2094 2212 Iacob
2120 2152 2149 2193 ιι
2178 2154 2460 2210 oriundam
2478 2194 2493 2219 ,
2526 2160 2581 2208 et
2609 2152 2883 2208 hominem
2926 2166 2994 2205 ex
3022 2149 3189 2205 Israel
3233 2140 3527 2221 propheta-

1926 2254 2080 2301 verat
2107 2260 2227 2301 esse
2255 2252 2543 2300 venturum
2573 2262 2585 2296 :
2619 2242 2694 2297 ait
2744 2242 2891 2297 enim
2936 2241 3081 2296 inter
3127 2248 3359 2304 uetera,
3380 2239 3521 2294 sicut

1927 2336 2121 2406 legitur
2153 2355 2166 2390 :
2201 2334 2413 2390 Orietur
2430 2335 2583 2391 stella
2602 2350 2669 2390 ea:
2687 2333 2851 2388 Iacob
2873 2375 2891 2402 ,
2917 2341 2968 2387 et
2995 2342 3236 2404 exsurget
3283 2332 3434 2386 homo
3462 2347 3526 2385 ea:

1930 2428 2105 2484 Israel
2171 2426 2371 2499 (Num.
2431 2426 2614 2498 xxxv).
2686 2426 2854 2482 Nemo
2909 2438 3040 2494 ergo
3099 2440 3243 2480 nunc
3295 2425 3525 2479 miretur

1928 2524 2032 2593 77
2080 2521 2420 2576 nativitatem
2477 2518 2803 2575 dominicam
2859 2517 3142 2587 agnovisse
3197 2512 3519 2583 Chaldaeos,

1927 2629 2092 2685 quam
2118 2612 2327 2682 utique,
2355 2611 2423 2677 si,
2448 2610 2725 2666 revelante
2757 2608 2895 2678 Deo,
2924 2608 3284 2679 prmuuntiare
3313 2606 3521 2677 potuit;

1926 2708 2103 2778 potuit
2129 2706 2347 2776 gentilis
2397 2718 2729 2773 agnoscere;
2759 2702 2860 2758 fuit
2906 2702 3050 2757 enim
3098 2699 3228 2768 hoc,
3256 2706 3515 2770 quantum

1923 2799 2179 2855 aestimari
2205 2799 2385 2868 datur,
2413 2794 2432 2835 ι
2464 2810 2711 2867 superna:
2731 2793 3101 2865 dispositionis
3130 2791 3412 2847 arbitrium
3433 2791 3518 2845 ins

1922 2901 2008 2948 ter
2034 2890 2422 2951 sacratissimas
2449 2888 2838 2959 prophetarum
2865 2900 3052 2956 voces,
3084 2894 3124 2922 ω
3151 2884 3315 2940 etiam
3348 2882 3415 2939 ab
3441 2882 3523 2937 iu-

1925 2983 2071 3039 ﬁdeli
2103 2982 2323 3038 homine
2353 2979 2471 3049 ejus
2499 2978 2885 3051 przediceretur
2920 2985 2951 3013 ιι
2982 2975 3267 3038 adventus,
3299 2973 3392 3043 qui
3421 2986 3522 3043 pro

1926 3077 2161 3133 ﬁdelium
2213 3073 2616 3143 inﬁdeliumque
2661 3080 2781 3126 erat
2833 3068 3209 3140 redemptione
3238 3075 3517 3123 venturus.

1924 3168 1992 3224 Et
2017 3184 2082 3223 ea
2104 3167 2357 3223 nimirum
2383 3167 2598 3221 ratione
2622 3163 2914 3234 prophetat
2943 3161 3212 3217 idolorum
3243 3158 3518 3223 sacerdos,

1925 3269 1986 3315 ut
2011 3261 2057 3314 si
2104 3259 2300 3315 Judzeis
2330 3256 2749 3329 praedicantibus
2782 3253 2852 3309 de
2894 3252 3133 3310 adventu
3160 3250 3360 3305 Christi
3402 3265 3521 3304 cre-

1926 3354 2056 3408 dere
2079 3351 2217 3406 forte
2246 3350 2518 3421 gentilitas
2545 3348 2848 3415 renuisset,
2877 3359 3099 3400 suorum
3129 3342 3320 3397 saltem
3364 3341 3520 3395 testi-

1922 3444 2166 3501 monium
2188 3449 2509 3513 sequeretur
2537 3447 2842 3495 auctorum.
2876 3436 2988 3491 Nec
3014 3434 3322 3490 dubitemus
3348 3432 3521 3487 omni-
3567 3450 3573 3461 -

1921 3544 2211 3610 potentem
2234 3550 2299 3590 ac
2325 3531 2770 3603 benignissimum
2794 3529 2962 3585 Deum
2985 3527 3209 3583 Balaam
3233 3525 3310 3581 illi
3331 3524 3521 3580 alieni-

1921 3644 2076 3701 genae
2125 3625 2477 3699 przescientia:
2522 3623 2653 3679 dare
2700 3621 2946 3693 potuisse
2993 3632 3300 3676 sermonem
3324 3657 3340 3682 ,
3373 3626 3398 3653 ο
3426 3615 3520 3688 qui

1924 3723 2087 3777 asinm
2117 3721 2286 3791 ipsius
2308 3720 2547 3789 linguam
2567 3719 2623 3774 in
2650 3717 2817 3774 verba
2844 3702 3026 3788 potuit
3051 3716 3285 3770 humana
3310 3713 3517 3769 laxare.

1922 3813 2273 3883 Loquebatur
2329 3811 2491 3882 igitur
2543 3810 2773 3866 sessoris
2839 3808 2995 3865 arioli
3049 3807 3200 3862 asina
3226 3848 3242 3875 ,
3289 3819 3520 3876 pronum

1923 3909 2124 3979 quippe
2154 3906 2371 3971 animal,
2401 3912 2458 3960 et
2475 3903 2791 3959 naturaliter
2819 3913 2847 3953 ι’
2872 3902 3163 3973 inspiciens
3208 3908 3426 3965 terram,
3458 3904 3520 3952 ut
3626 3951 3649 3972 ο

1921 3998 2208 4055 manifesto
2236 3998 2473 4067 signaret
2512 3994 2713 4052 indicio
2751 3994 2895 4064 quod
2922 3995 3177 4049 universa
3209 3990 3517 4062 gentilitas,

1921 4106 2043 4161 qua:
2072 4091 2180 4146 aris
2227 4089 2428 4157 dedita,
2460 4096 2516 4144 et
2559 4087 2613 4142 in
2643 4095 2841 4141 terram
2886 4100 3099 4155 semper
3145 4082 3381 4154 perﬁdiae
3408 4095 3518 4136 sum

1921 4181 2165 4254 pondere
2192 4195 2398 4252 pressa,
2426 4179 2734 4251 despiciens
2763 4176 3152 4248 omnipotentis
3172 4174 3268 4258 Dei
3289 4175 3515 4241 cultum,

1919 4276 2084 4339 tacita
2113 4281 2231 4328 erat
2257 4282 2314 4328 et
2359 4280 2540 4337 muta;
2586 4270 2917 4326 adventante
2963 4267 3120 4323 stella
3138 4266 3217 4322 'ex
3244 4265 3435 4331 Jacob,
3464 4273 3519 4319 et

1918 4354 2139 4421 homine
2182 4380 2250 4419 ex
2296 4363 2482 4433 Israel,
2508 4363 2705 4424 erectis
2731 4361 2797 4417 ad
2827 4360 3025 4417 cmlum
3056 4358 3250 4425 oculis,
3281 4367 3307 4406 ει
3328 4355 3519 4412 alterni

1919 4457 2013 4511 Dei
2036 4456 2264 4525 gloriam
2277 4454 2609 4524 quotidianis
2629 4462 2775 4510 esset
2794 4450 3228 4508 confessionibus
3248 4448 3516 4503 locutura.

1918 4548 2082 4603 Venit
2106 4549 2308 4616 itaque,
2330 4545 2544 4613 fratres,
2566 4545 2634 4599 ab
2656 4542 2877 4599 Oriente
2900 4542 3202 4597 illuminata
3223 4538 3515 4607 gentilitas,

1892 4640 2101 4713 .Judaea
2129 4656 2283 4706 vero,
2318 4651 2340 4678 τ
2373 4634 2644 4695 durissimi
2691 4637 2871 4694 cordis
2916 4637 3000 4692 sui
3040 4634 3361 4690 infidelitate
3406 4646 3517 4687 caa-

1921 4742 2065 4799 cata,
2095 4742 2345 4789 remanet
2392 4734 2446 4787 iu
2474 4746 2694 4788 occasu.
2726 4728 3014 4797 Quomodo
3041 4736 3225 4784 autem
3252 4741 3362 4783 non
3386 4741 3518 4784 vere

1848 4875 1902 4936 Ῑ)
2000 4869 2019 4910 ι
2052 4871 2202 4927 Idem
2231 4870 2353 4928 cod.
2402 4870 2535 4940 Reg.
2595 4877 2651 4925 et
2677 4870 2796 4926 cod.
2845 4868 2967 4924 Vat.
2995 4866 3154 4935 4951,
3186 4854 3373 4924 divina:
3400 4866 3514 4923 dis-

1923 4944 2267 5012 pensationis.
2296 4949 2406 4999 etc.

1998 5014 2036 5036 "
2066 5011 2203 5069 Cod.
2255 5012 2509 5069 Laurent.
2544 5031 2581 5077 ι,
2612 5021 2669 5067 ut
2696 5012 2760 5066 ab
2798 5013 3001 5083 infideli
3031 5012 3256 5066 homine.

1997 5095 2026 5123 ιι
2054 5084 2189 5140 Cod.
2240 5083 2424 5140 Casin.
2477 5084 2612 5147 106,
2642 5079 2921 5149 adventus;
2960 5092 3010 5137 et
3062 5083 3357 5137 animarum
3408 5079 3514 5149 Re—

1925 5156 2241 5228 demptorem
2294 5156 2617 5228 prophetarit
2662 5147 2926 5228 idolorum
2957 5153 3223 5228 sacerdos,
3253 5160 3309 5206 ut
3334 5153 3381 5206 si
3406 5147 3512 5228 rlu-

2072 5220 2500 5299 prwtlicatoribus
2524 5226 2591 5281 de
2615 5226 2839 5281 aduentu
2865 5223 3088 5291 Christi,
3118 5234 3224 5280 etc.
3264 5242 3277 5276 :
3310 5220 3514 5278 omittit

1924 5298 2284 5353 inter'media.‘

2000 5378 2024 5404 °
2072 5369 2247 5425 Codd.
2300 5368 2416 5423 Vat.
2453 5365 2591 5421 1267
2638 5375 2695 5422 et
2741 5366 2913 5435 4951,
2968 5383 3033 5423 ac
3079 5366 3337 5435 Laurent.
3363 5403 3379 5420 .
3422 5364 3514 5433 qui

1924 5441 2091 5513 asina:
2142 5442 2349 5513 ipsius;
2386 5438 2509 5496 cod.
2559 5453 2690 5493 vero
2742 5434 2907 5493 4951'
2938 5439 3183 5494 relaxare
3236 5434 3367 5502 legit
3411 5445 3511 5500 pro

1924 5511 2126 5565 laxare.

1995 5592 2023 5631 P
2051 5581 2185 5655 Cod.
2219 5582 2385 5655 Reg.,
2416 5582 2699 5655 respiciens
2728 5589 2939 5655 terrain.

1994 5652 2180 5708 οιαοιι.
2221 5639 2438 5722 Regum,
2487 5639 2642 5708 etiam
2682 5652 2738 5722 in
2782 5650 2882 5722 Dei
2908 5648 3151 5722 gloriam,
3183 5654 3290 5699 etc.
3321 5639 3511 5699 Codex

1919 5737 2051 5778 vero
2080 5724 2201 5778 Vat.
2231 5721 2390 5784 49M,
2424 5733 2672 5780 (sternam
2692 5721 2792 5775 Dei
2819 5721 3058 5784 gloriam,
3090 5725 3196 5771 etc.

1952 5740 2051 5778 ero
2086 5740 2201 5778 vat.
2231 5740 2390 5784 ινιτ.
2424 5740 2672 5780 (sternam
2692 5740 2791 5775 uer
2853 5740 3058 5783 tortam,
3090 5740 3196 5771 etc.

1952 5864 1964 5876 .
1996 5804 2016 5830 τ
2050 5794 2213 5850 Iidem
2261 5796 2415 5851 codd.
2480 5795 2610 5864 Reg.
2663 5802 2721 5849 et
2749 5740 3009 5847 Vaglicell.
3070 5787 3134 5839 Α.
3185 5784 3288 5849 10,
3336 5784 3511 5839 duris-

1920 5881 2071 5919 arma.
