4040 6324
605 340 707 394 287

1816 329 1871 388 S.
1910 329 2156 388 MAXIM]
2193 329 2649 390 TAURINENSIS

3804 330 3906 384 $8

602 453 744 506 enim
773 450 825 505 in
853 450 980 504 edit.
1011 449 1166 504 Rom.
1198 446 1546 521 Sixtina_hmc
1574 446 1796 504 homilia
1818 448 2075 521 inscripta
2089 444 2224 521 est:
2247 446 2328 502 De
2347 447 2600 521 baptismo
2619 444 2842 521 Christi;
2865 462 2988 504 cum
3017 457 3197 521 tamen
3216 447 3432 521 nullum
3459 447 3626 521 de_eo
3653 445 3899 521 verbum

603 523 759 575 faciat
781 528 986 587 auctor,
1011 529 1066 573 et
1093 536 1124 574 a
1149 520 1328 589 capite
1357 519 1425 574 ad
1463 519 1663 574 calcem
1693 533 1877 587 magos
1903 518 2104 574 Christi
2147 526 2333 574 natum
2361 517 2693 588 inquirentes
2715 519 3012 586 collaudet,
3050 527 3107 574 et
3130 517 3345 574 indutos
3374 518 3688 575 incredulos
3721 518 3899 571 vehe-

600 600 810 646 menter
834 589 1136 658 redarguat.

598 706 988 776 Anconem“.
1029 738 1101 749 —
1146 704 1421 760 Rationem
1461 705 1634 760 reddit
1679 705 1743 762 S.
1787 704 2049 761 Maximus
2086 723 2177 761 cur
2203 710 2254 773 Α
2279 722 2400 763 rum
2433 707 2671 762 virorum
2704 707 2917 776 eloquia
2938 671 3005 763 ad
3033 707 3359 776 agnitionem
3393 703 3512 759 Filii
3536 704 3634 759 Dei
3662 701 3899 759 Iudaica

668 774 932 848 Dominus
947 792 1038 846 per
1055 777 1368 848 inusitatum
1393 775 1537 848 sidus
1563 779 1732 848 fuerat
1760 776 2051 831 hominibus
2071 794 2179 831 ma-

668 844 1012 916 uifestandus.
1046 846 1197 918 Regis
1227 846 1458 918 Herodis
1481 844 1880 918 Judazorumque
1907 847 2184 901 increduli-

670 924 826 970 tatem
844 917 1250 971 inexcusabilem
1274 917 1518 971 ostendit.

670 1069 914 1128 Salutare
962 1073 1117 1128 nobis
1163 1081 1269 1142 est,
1297 1073 1507 1139 fratres,
1548 1083 1709 1144 atque
1747 1075 2098 1140 conveniens,
2122 1085 2186 1131 ut

599 1172 983 1220 concurrentes
1019 1165 1088 1220 ad
1128 1165 1260 1220 festa
1307 1164 1574 1222 dominica
1622 1174 1676 1220 ct
1711 1167 1963 1238 mysteria
1992 1165 2182 1223 Salva-

598 1255 734 1310 toris
757 1256 958 1321 nostri,
991 1255 1057 1310 de
1084 1256 1236 1326 cujus
1264 1258 1542 1312 nativitate
1569 1258 1737 1326 gavisi
1763 1274 1980 1324 sumus,
2013 1268 2038 1296 ι
2068 1259 2185 1329 ejus

599 1345 1031 1402 manifestatione
1057 1347 1334 1403 laetemur:
1366 1349 1489 1420 quia
1530 1349 1666 1405 sicut
1695 1350 1966 1407 nascendo
1986 1352 2187 1421 glorio-

599 1454 690 1494 sus
717 1446 800 1494 est
826 1439 921 1496 Dei
959 1440 1156 1502 Filius,
1199 1441 1272 1494 ita
1311 1442 1618 1511 apparcndo
1659 1443 1937 1499 mirabilis.
1995 1444 2186 1500 Mirum

599 1544 834 1599 namque
880 1530 1024 1599 quod
1071 1530 1314 1587 Christus
1358 1533 1623 1602 processit
1675 1549 1742 1588 ex
1795 1534 2035 1602 virgine;
2088 1549 2189 1590 nec

601 1623 779 1676 minus
810 1623 1148 1691 magnificum
1188 1623 1332 1692 quod
1360 1632 1610 1681 ostensus
1639 1640 1669 1679 e
1697 1625 1835 1682 ctelo
1860 1634 1962 1680 est.
1993 1625 2185 1680 Mirum

601 1713 758 1768 valde
787 1713 930 1782 quod
957 1729 1155 1768 novum
1184 1715 1455 1770 hominem
1501 1725 1646 1770 terra
1674 1717 1937 1786 suscepit;
1969 1725 2189 1788 stupen-

602 1804 726 1859 dum
756 1803 1101 1860 nihilominus
1135 1805 1280 1874 quod
1325 1821 1524 1862 novum
1569 1807 1710 1863 hunc
1741 1809 2009 1863 hominem
2052 1824 2188 1864 nova

601 1894 670 1950 de
700 1895 835 1952 caelo
863 1895 1020 1951 stella
1039 1896 1354 1966 prodiderit.
1399 1897 1553 1968 Apud
1595 1897 1832 1954 Judream
1862 1899 2106 1956 Christus
2137 1903 2188 1957 in

601 1987 828 2058 praesepi
875 1987 1184 2056 pastoribus
1230 1988 1507 2056 vagiebat;
1540 1996 1596 2044 et
1640 1990 1693 2043 in
1721 1988 1971 2046 Chaldzea
2001 2000 2188 2062 m’ago-

2284 798 2449 854 corda
2474 813 2583 854 non
2613 798 2900 863 ﬂexerint,
2933 799 3090 852 unius
3125 796 3296 852 stellae
3332 795 3516 851 radius
3554 794 3728 850 ﬁdem
3763 807 3898 861 gen-

2281 889 2417 943 tium
2442 890 2736 944 suscitavit.
2763 888 2894 956 Quae
2916 897 3063 943 tanta
3083 886 3432 958 permutatio,
3451 883 3675 950 fratres,
3697 899 3898 954 quave

2281 979 2386 1034 ista
2415 980 2700 1035 conversio
2729 981 2844 1034 est?
2885 977 3044 1049 Apud
3090 976 3305 1033 Judaeos
3330 977 3594 1047 propheta
3621 976 3897 1045 loquitur,

2283 1087 2386 1128 nec
2414 1071 2660 1137 auditur;
2713 1071 2851 1141 apud
2895 1070 3123 1140 gentiles
3165 1069 3321 1124 stella
3367 1075 3550 1133 tacet,
3582 1075 3642 1122 et
3671 1065 3893 1121 suadet.

2283 1166 2426 1222 Vere
2472 1167 2611 1221 sicut
2650 1165 2906 1233 scriptum
2934 1171 3052 1219 est:
3113 1162 3307 1230 Quibus
3335 1178 3439 1216 non
3474 1170 3551 1215 est
3587 1161 3894 1214 nuntiatum

2287 1259 2352 1313 de
2371 1277 2429 1314 eo
2457 1259 2729 1322 videbunt;
2752 1267 2802 1312 et
2821 1259 2905 1330 qui
2933 1274 3038 1312 non
3071 1257 3371 1319 audierunt,
3403 1254 3704 1324 intelligent
3731 1250 3889 1319 (Isai.

2287 1368 2378 1418 LII;
2412 1351 2564 1406 Rom.
2589 1351 2702 1421 xv).
2730 1351 2868 1406 Ecce
2897 1351 3040 1405 enim
3062 1348 3298 1404 Chaldzei
3321 1391 3338 1416 ,
3377 1347 3575 1416 quibus
3621 1347 3763 1400 nihil
3793 1362 3891 1399 un.

2287 1457 2450 1510 quam
2499 1440 2675 1494 fuerat
2718 1441 2785 1495 de
2832 1439 3135 1509 hujusmodi
3163 1439 3435 1510 mysteriis
3472 1437 3835 1508 praedicatum
3865 1433 3888 1471 ει

2291 1533 2676 1606 intellexerunt
2722 1532 3056 1586 nativitatem
3101 1529 3337 1595 Christi;
3392 1530 3679 1600 ipsumque
3723 1528 3886 1582 Chri-

2291 1631 2434 1680 stum
2490 1624 2720 1678 sollicite
2773 1633 2796 1660 ε
2845 1623 3258 1692 perquirentes,
3310 1621 3448 1676 coelo
3500 1619 3520 1658 ί
3568 1627 3889 1674 monstrata:

2291 1717 2458 1773 stella:
2485 1716 2680 1771 ducatu
2704 1757 2719 1781 ,
2749 1717 2991 1771 invenire
3032 1724 3364 1771 meruerunt.
3390 1715 3498 1770 Nec
3525 1730 3661 1769 sane
3707 1730 3739 1767 a
3772 1715 3887 1783 qni-

2289 1807 2606 1876 buscunque
2651 1806 2876 1871 vilibus,
2927 1806 3549 1875 obscuris'abjectisque
3577 1806 3888 1859 hominibus

2291 1900 2405 1954 haec
2425 1906 2550 1953 sunt
2576 1899 2661 1952 vel
2689 1897 2981 1964 intellecta,
3013 1899 3100 1953 vel
3128 1899 3278 1964 visa,
3308 1897 3408 1953 sed
3445 1913 3477 1952 a
3505 1895 3808 1958 Chaldaeis,
3840 1896 3886 1949 id

2293 1999 2395 2056 est,
2425 1992 2534 2062 85
2563 1989 2704 2060 apud
2730 2004 2867 2058 quos
2897 1999 2924 2037 8
2958 1990 3396 2059 superstitionum
3421 1989 3686 2058 regnabat
3714 2003 3885 2042 error.

603 2092 720 2132 rum
769 2077 940 2133 oculis
987 2077 1128 2132 inter
1172 2077 1347 2133 sidera
1396 2081 1731 2136 coruscabat.
1781 2081 1932 2152 Apud
1973 2083 2189 2140 Judzeos
2219 2089 2268 2150 Β
2292 2079 2350 2136 In
2381 2083 2464 2136 his
2493 2082 2765 2150 ingressus
2802 2081 3060 2136 mundum
3085 2080 3329 2136 Christus
3353 2082 3624 2151 primitias
3653 2079 3788 2136 fidei
3809 2096 3884 2136 sa-

605 2155 857 2223 sordebat
880 2169 932 2222 in
961 2168 1190 2238 pannis;
1237 2169 1377 2239 apud
1401 2171 1630 2238 gentiles
1656 2170 1892 2242 fulgebat
1921 2175 1973 2228 in
1997 2175 2188 2242 gloria.

605 2254 672 2310 Et
695 2257 912 2328 quidem
939 2273 1161 2313 necesse
1189 2267 1306 2312 erat
1346 2266 1408 2313 ut
1433 2259 1693 2315 crelorum
1733 2260 2016 2318 Dominum
2042 2265 2194 2319 testi-

604 2349 845 2404 monium
893 2350 1112 2404 caeleste
1149 2350 1498 2420 praecederet,
1547 2360 1603 2405 et
1647 2361 1924 2408 auctorem
1956 2355 2090 2410 lucis
2118 2357 2194 2410 si-

599 2454 766 2509 gnum
799 2440 826 2478 ι’
869 2441 1004 2496 lucis
1050 2442 1336 2496 revelaret.
1397 2442 1644 2512 Magnum
1686 2446 1808 2511 hoc,
1838 2446 2051 2512 fratres,
2085 2458 2195 2504 tre-

607 2533 970 2604 mendumque
994 2537 1340 2608 mysterium,
1391 2554 1511 2592 cum
1541 2555 1681 2595 unus
1702 2541 1950 2612 idemque
1979 2560 2194 2599 annun-

609 2626 775 2679 tiatur
797 2626 863 2679 de
889 2625 1050 2681 Patre
1077 2628 1235 2692 Deus,
1261 2637 1318 2683 et
1340 2628 1504 2685 homo
1533 2630 1600 2684 de
1629 2641 1833 2698 matre;
1869 2650 2005 2688 unus
2035 2635 2198 2690 idem-

610 2732 714 2786 que
747 2715 883 2771 filius
913 2717 1142 2782 feminte,
1175 2728 1230 2774 et
1258 2720 1396 2775 ﬁlius
1421 2723 1757 2792 majestatis;
1789 2743 1926 2782 unus
1948 2729 2197 2798 idemque

611 2809 889 2864 hominum
943 2813 1248 2882 particeps,
1299 2822 1354 2867 et
1401 2815 1658 2872 Dominus
1686 2821 2018 2887 angelorum.
2068 2822 2198 2889 Quis

611 2904 752 2958 enim
783 2903 960 2958 valeat
984 2905 1252 2972 aestimare
1279 2907 1464 2974 quanti
1508 2913 1850 2976 sacramenti,
1879 2922 2197 2984 quantasque

612 2994 681 3047 sit
707 2994 908 3061 gloriae,
941 2995 1088 3066 quod
1115 2995 1204 3051 ille
1230 2999 1371 3066 sugit
1393 3000 1578 3064 ubera,
1603 3001 1695 3070 qui
1719 3006 1892 3072 pascit
1905 3007 2104 3072 omnia,
2144 3017 2199 3063 et

615 3087 701 3156 qui
721 3087 980 3142 universis
1008 3089 1367 3145 animantibus
1385 3091 1595 3146 vivendi
1616 3095 1969 3150 substantiam
1982 3107 2201 3168 praestat

615 3196 644 3230 ρ
672 3182 830 3246 cmlo,
848 3184 917 3237 ob
940 3184 1168 3237 salutem
1195 3186 1530 3242 terrestrium
1560 3195 1779 3243 terreno
1805 3189 1916 3261 84
1941 3191 2080 3246 lacte
2099 3209 2199 3246 nu-

481 3293 494 3303 ·
551 3292 558 3295 ·
618 3275 808 3329 tritur?
857 3275 1042 3331 Nullus
1072 3291 1202 3345 ergo
1231 3279 1496 3348 ambigat,
1532 3295 1692 3336 nemo
1722 3291 2026 3349 cunctetur,
2057 3286 2200 3356 quod

615 3365 861 3420 Christus
909 3369 961 3422 in
1010 3376 1154 3422 terra
1203 3369 1402 3439 degens
1433 3370 1675 3438 fulgebat
1700 3373 1750 3426 in
1781 3375 1940 3441 caelo,
1972 3377 2095 3446 quia
2125 3377 2202 3431 sic

2301 2174 2488 2229 lutaris
2534 2174 2774 2228 invenit:
2828 2181 2882 2227 et
2927 2172 3127 2228 factum
3172 2181 3258 2228 est
3305 2172 3445 2226 inter
3484 2170 3705 2227 Iudaeos
3733 2181 3886 2241 atque

2300 2266 2526 2335 gentiles
2553 2263 2823 2334 quoddam
2850 2263 3090 2334 perﬁdiae
3127 2261 3362 2331 fideique
3391 2270 3693 2318 certamen.
3756 2261 3885 2315 Nato

2300 2358 2445 2411 enim
2482 2353 2698 2410 Christo
2735 2355 3038 2409 exsultabat
3064 2353 3310 2409 Chalda'a
3337 2393 3353 2418 ,
3391 2362 3447 2408 et
3473 2361 3590 2408 tota
3628 2368 3756 2408 cum
3787 2352 3888 2406 suis

2299 2447 2631 2518 principibus
2670 2445 3040 2517 Hierosolyma
3082 2445 3452 2514 torquebatur.
3522 2444 3887 2500 lnsectabatur

2299 2541 2552 2608 Judaeus,
2614 2553 2802 2607 magus
2850 2536 2878 2575 δ
2927 2537 3231 2603 adorabat;
3272 2545 3327 2591 et
3375 2535 3619 2592 Herodes
3665 2534 3888 2590 acuebat

2302 2634 2570 2702 gladium,
2611 2632 2891 2689 Chaldaeus
2941 2646 3163 2684 munera
3211 2630 3568 2700 przeparabat.
3626 2628 3736 2684 Sed
3768 2627 3885 2696 quid

2301 2729 2496 2782 mirum
2520 2727 2566 2782 si
2596 2725 2752 2781 turba
2789 2725 2879 2779 illa
2906 2722 3127 2778 Judaica
3161 2720 3361 2778 Christi
3400 2736 3507 2776 non
3534 2720 3777 2790 suscepit
3814 2721 3887 2772 in-

2302 2821 2546 2888 fantiam,
2585 2819 2601 2856 ί
2628 2835 2748 2890 qua:
2775 2819 2939 2873 etiam
2963 2824 3207 2873 mortuos
3244 2816 3592 2870 suscitantem
3619 2823 3885 2869 contuma-

2302 2914 2436 2968 citer
2475 2913 2489 2962 Ι
2527 2911 2692 2967 abusa
2739 2909 3100 2979 contempsit?
3141 2907 3276 2974 Quid
3330 2907 3524 2960 mirum
3563 2905 3610 2960 si
3651 2905 3704 2958 in
3745 2903 3887 2959 cunis

2298 3003 2568 3072 jacentem
2602 3003 2876 3058 Christum
2903 3015 3156 3072 sprevere
3181 2997 3371 3063 Judaei,
3419 3011 3582 3067 quem
3603 3039 3620 3064 ,
3647 3010 3773 3050 cum
3801 3008 3888 3049 cae

2303 3096 2381 3150 cis
2398 3095 2484 3149 vel
2515 3110 2650 3149 nova
2679 3093 2834 3148 daret
2861 3093 3087 3160 lumina,
3107 3091 3193 3146 vel
3215 3097 3492 3160 repararet
3520 3088 3737 3155 amissa,
3770 3088 3887 3141 lan-

2302 3201 2605 3256 guoresque
2649 3186 2830 3240 varios
2876 3182 3154 3238 salutifero
3201 3195 3451 3236 sermone
3480 3178 3508 3217 ¹ι
3540 3187 3759 3234 curaret
3781 3221 3797 3245 ,
3828 3177 3887 3232 ad

2305 3278 2486 3332 omnia
2505 3275 2763 3332 beneficia
2788 3275 3000 3330 Domini
3037 3272 3348 3328 redimentis
3376 3272 3592 3340 ingrati,
3624 3270 3886 3326 mendacis

2306 3371 2495 3438 linguae
2523 3371 2635 3442 86
2664 3367 2946 3424 calumniis
2975 3364 3332 3421 incusabant?
3360 3361 3500 3428 Quid
3529 3362 3726 3416 mirum
3757 3362 3803 3416 si
3843 3361 3888 3414 in

617 3459 758 3512 venit
788 3459 856 3513 ad
884 3468 1078 3525 terras,
1117 3475 1136 3496 ο
1171 3470 1230 3515 ut
1258 3478 1369 3516 non
1385 3463 1715 3532 relinqueret
1743 3466 1957 3520 coelum.
1989 3467 2056 3521 Et
2077 3469 2199 3524 inde
2228 3475 2274 3538 ο
2305 3463 2419 3532 ejus
2448 3463 2724 3516 nativitate
2751 3460 2920 3515 stellae
2941 3457 3272 3528 splendentis
3301 3455 3493 3510 indicia
3517 3455 3887 3522 neglexerunt,

615 3560 699 3605 est
725 3553 870 3622 quod
915 3554 1232 3622 virginalem
1280 3556 1422 3609 hunc
1465 3570 1692 3626 puerum
1740 3556 1960 3612 laudant
1997 3562 2202 3626 angeli,

619 3645 880 3698 mirantur
905 3653 1152 3714 pastores
1173 3687 1188 3710 ,
1229 3647 1425 3701 caelum
1455 3655 1764 3713 attestatur,
1797 3661 2126 3705 venerantur
2153 3663 2209 3708 et

623 3737 759 3802 magi
782 3776 795 3798 ,
823 3737 946 3804 quia
985 3738 1208 3806 mystica
1234 3738 1352 3807 ejus
1379 3740 1633 3794 nativitas
1661 3743 1993 3811 sempiterno
2013 3744 2208 3811 gaudio

541 3840 564 3855 κ
620 3833 673 3877 et
715 3833 914 3877 terram
961 3825 1247 3880 lzetilicavit
1293 3836 1350 3882 et
1392 3830 1604 3883 callum.
1659 3830 1811 3886 Hunc
1857 3847 1986 3899 ergo
2028 3847 2209 3902 regem

621 3914 922 3969 caelestium
942 3914 1329 3986 hominumque
1356 3926 1645 3985 rectorem,
1676 3922 1774 3974 sub
1803 3925 1978 3977 carnis
2006 3932 2210 3994 myste-

622 4009 703 4062 rio
730 4009 1054 4073 venientem,
1086 4007 1295 4063 invidus
1338 4011 1520 4064 tremit
1549 4010 1822 4078 Herodes,
1853 4013 2033 4068 Judtea
2083 4016 2204 4069 inli-

621 4100 756 4154 delis
787 4099 1015 4168 abjnrat.
1061 4099 1267 4154 Tremit
1293 4100 1536 4156 Herodes
1567 4101 1825 4158 infantem
1857 4107 2016 4173 regia:
2045 4106 2212 4173 digni-

623 4189 783 4254 tatis,
834 4192 958 4258 quia
1017 4190 1312 4245 bonitatem
1369 4193 1637 4246 nascentis
1685 4194 1953 4260 ignorat:
1999 4196 2212 4266 ahjurat

623 4281 894 4336 Christum
934 4281 1144 4345 Judaea,
1176 4298 1337 4352 quem
1367 4283 1652 4352 praedicat,
1695 4287 1819 4354 quia
1849 4288 2212 4357 impietatibus

625 4377 734 4430 suis
759 4383 1002 4429 metuens
1025 4374 1154 4443 justi
1171 4374 1365 4442 judicis
1385 4374 1581 4442 refugit
1605 4377 1936 4444 aequitatem;
1960 4387 2015 4433 et
2043 4381 2212 4434 scele-

625 4479 740 4523 rum
770 4481 989 4520 suorum
1016 4467 1284 4521 obczecata
1316 4467 1583 4528 tenebris,
1614 4467 1728 4520 sola
1757 4467 1943 4522 videre
1974 4485 2079 4524 non
2111 4486 2210 4540 po-

629 4570 735 4613 test
781 4559 926 4630 quod
972 4559 1217 4614 omnibus
1263 4558 1511 4628 splendet
1558 4574 1589 4612 e
1617 4555 1758 4616 ccelo
1803 4570 1905 4617 :et
1933 4578 2055 4617 cum
2105 4580 2214 4619 om-

625 4650 770 4706 nium
795 4650 1222 4721 patriarcharum
1250 4649 1493 4706 doctrina
1519 4691 1534 4715 ,
1567 4666 1630 4707 ac
1657 4652 1972 4722 prophetica
1999 4664 2216 4710 sancto-

2307 3559 2360 3612 in
2402 3556 2556 3624 cujus
2583 3555 2858 3625 passione,
2904 3553 3067 3607 etiam
3112 3551 3228 3605 sole
3270 3551 3505 3618 lugente,
3547 3548 3712 3602 laetati
3736 3547 3888 3601 sunt?

2263 3657 2266 3660 λ
2309 3648 2445 3716 Quid
2469 3648 2686 3714 mirum,
2716 3647 2760 3699 si
2789 3644 3052 3700 Chaldaeis
3080 3642 3515 3707 adventantibus,
3546 3642 3602 3695 hi
3630 3639 3648 3678 ι
3681 3639 3888 3696 credere

2310 3742 2600 3796 noluerunt
2625 3782 2641 3807 ,
2682 3752 2818 3806 quos
2841 3736 2906 3790 ad
2940 3736 3096 3790 tidem
3122 3733 3365 3788 veritatis
3387 3731 3655 3786 adducere
3683 3744 3888 3785 concur-

2311 3849 2401 3889 sus
2429 3848 2534 3887 non
2559 3830 2732 3900 potuit
2761 3828 3114 3896 angelorum?
3143 3823 3412 3880 Ltetemur
3435 3823 3619 3892 itaque
3647 3837 3764 3888 nos,
3794 3819 3886 3872 fra-

2313 3935 2448 3992 tres,
2479 3931 2535 3978 et
2560 3921 2889 3977 exsultemus
2918 3919 2973 3973 in
2994 3917 3246 3984 Domino,
3274 3914 3622 3970 festivitatem
3650 3909 3888 3982 perennis

2309 4015 2548 4086 mysterii
2573 4013 2721 4067 omni
2747 4025 2871 4067 cum
2903 4009 3100 4077 gaudio
3141 4007 3505 4071 celebrantes;
3535 4005 3629 4074 qui
3660 4002 3889 4058 nativita-

2311 4115 2422 4160 tem
2469 4104 2793 4159 dominicam
2853 4118 2960 4158 non
3008 4100 3334 4169 conjecturis
3380 4097 3690 4154 carnalibus

2312 4211 2522 4266 gamus,
2561 4195 2656 4250 sed
2690 4195 2793 4250 ﬁde
2834 4193 3061 4264 simplici
3102 4191 3452 4254 confitemur;
3489 4191 3582 4259 qui
3608 4185 3887 4243 Salvatoris

2315 4285 2600 4340 adventum
2622 4301 2728 4341 non
2758 4284 3126 4339 nuntiantibus
3154 4283 3345 4351 magis,
3373 4281 3469 4336 sed
3499 4287 3789 4335 attestante
3813 4277 3888 4332 de-

2317 4394 2479 4448 super
2523 4377 2679 4431 Patre
2725 4377 3104 4444 cognovimus;
3153 4375 3245 4443 qui
3285 4373 3560 4429 Christum
3589 4371 3886 4434 Dominum,

2319 4489 2424 4527 non
2451 4471 2562 4540 jam
2591 4472 2730 4526 inter
2752 4470 3016 4524 cunabula
3041 4469 3344 4537 vagientem
3370 4467 3680 4536 quaerimus,
3701 4465 3796 4521 sed
3822 4478 3889 4518 rc-

2318 4575 2571 4634 gnantem
2602 4577 2922 4618 veneramur
2961 4563 3013 4615 in
3040 4561 3179 4616 caelo
3206 4559 3388 4615 Jesum
3411 4557 3686 4615 Christum
3715 4556 3886 4612 Domi—

2320 4673 2446 4711 num
2471 4667 2528 4710 ω.

1936 4768 2288 4831 HOMILIA
2347 4771 2590 4832 XXIX.

1909 4865 1987 4920 De
2023 4866 2287 4938 Baptismo
2336 4867 2529 4923 Christi
2561 4867 2608 4920 Ι.

2092 4957 2484 5014 ADMONITIO.

698 5044 1194 5121 Quamvis_cod_ice_s
1219 5045 1535 5121 Casinenses
1563 5055 1619 5121 et
1642 5046 1973 5121 Vallicellani
2000 5051 2103 5121 hac
2144 5051 2363 5106 homilia
2392 5063 2632 5121 careant,
2665 5069 2850 5109 eorum
2893 5061 3076 5108 tamen
3100 5052 3275 5107 vicem
3303 5050 3557 5121 supplent
3587 5051 3675 5104 alii
3720 5051 3884 5113 multi,

630 5125 835 5170 eertum
863 5115 930 5170 de
956 5115 1014 5171 S.
1045 5116 1276 5172 Maximo
1306 5119 1669 5173 testimonium
1697 5119 2004 5174 reddentes.
2055 5120 2386 5178 Bibliotheca
2426 5123 2596 5180 Vatic.
2620 5115 2860 5194 'qnatuor
2895 5130 3114 5194 pnestat
3141 5138 3269 5178 mss.
3295 5115 3664 5182 monumenta,
3695 5121 3888 5176 scilicet

702 5239 741 5303 °_
765 5227 898 5284 Cod.
931 5227 1184 5284 Laurent.
1215 5247 1254 5298 ι,
1277 5228 1414 5285 Plut.
1449 5247 1556 5298 XIV,
1582 5232 1646 5284 de
1673 5231 1787 5301 ejus
1813 5233 2198 5301 manifestutio-

2387 5235 2411 5272 ἰ
2450 5236 2618 5292 Codd.
2666 5237 2787 5290 Vat.
2837 5235 2994 5303 4951,
3026 5245 3077 5291 et
3108 5235 3315 5303 Casin.,
3355 5234 3629 5289 adorabat.
3665 5233 3889 5288 Herodes

632 5319 696 5356 ne
726 5300 973 5355 laetemur.

703 5369 728 5408 δ
767 5370 899 5444 Cod.
931 5369 1050 5444 Vat.
1082 5370 1243 5444 £951,
1272 5373 1478 5444 signum
1511 5372 1740 5444 luminis.

711 5452 732 5478 ο
769 5440 911 5494 Idem
940 5441 1060 5496 cod.
1089 5441 1230 5509 Vat.,
1260 5440 1445 5496 ut’nou
1469 5442 1774 5508 relinqueret
1800 5440 2002 5494 caelum.

702 5511 726 5549 ἀ
768 5511 898 5566 Cod.
932 5512 1108 5568 Casia.
1145 5511 1270 5579 l06,
1293 5513 1608 5582 intelligunt.

671 5585 676 5590 ’
708 5594 730 5621 ε
770 5581 901 5654 Cod.
939 5583 1107 5638 Vatic.
1142 5578 1302 5650 4951,
1333 5592 1388 5636 et
1417 5578 1586 5635 Palat.
1614 5578 1742 5649 455,
1769 5579 1989 5636 sollicite
2016 5583 2214 5654 perqui-

634 5663 754 5711 runt
781 5653 908 5706 caalo
930 5663 1268 5707 monstrante.
1534 5667 1541 5672 '

713 5724 730 5762 ί
773 5723 915 5795 [dem
939 5723 1064 5795 cod.
1093 5721 1298 5795 Casin.,
1325 5723 1449 5776 caelo
1469 5730 1789 5778 monstrante
1808 5725 2088 5795 reperiunt.

711 5804 734 5839 It
772 5791 903 5845 Cod.
939 5791 1247 5860 Novarieu.,
1278 5795 1672 5859 superstitiosus.

2318 5308 2536 5360 acuebat
2567 5308 2816 5378 gladium.

2399 5378 2410 5413 ί
2455 5377 2586 5433 Cod.
2631 5378 2749 5432 Val.
2801 5377 2958 5442 4951,
3009 5393 3154 5448 quem
3186 5378 3341 5430 etiam
3388 5384 3617 5430 mortuos
3647 5379 3888 5428 susrium-

2321 5457 2441 5510 tam,
2475 5457 2580 5504 etc.

2393 5521 2407 5567 t
2455 5517 2588 5574 Cod.
2624 5517 2743 5580 Vat.
2769 5515 2884 5572 Pal.
2916 5517 3118 5572 omittit
3140 5531 3330 5572 vocem
3359 5515 3537 5570 abusa.

2387 5587 2413 5658 '3
2452 5588 2597 5643 ldem
2626 5588 2773 5656 cod.,
2801 5597 3011 5658 sanaret
3051 5603 3148 5658 pro
3173 5596 3397 5658 curaret.

2394 5656 2414 5696 ι
2455 5657 2587 5713 Cod.
2622 5659 2908 5714 Novarien.
2934 5657 3025 5726 27,
3055 5656 3110 5710 bi
3133 5657 3302 5711 redire
3330 5657 3624 5720 noluerunt,
3647 5667 3753 5713 etc.

2389 5739 2426 5766 πο
2466 5728 2600 5784 Cod.
2636 5728 2757 5782 Vat.
2791 5726 2950 5796 4951,
2978 5727 3268 5795 subjungit,
3297 5744 3409 5780 aint
3439 5727 3595 5782 Patre
3622 5739 3672 5782 et
3702 5729 3887 5798 Spiritu

2317 5809 2498 5852 sancto
2521 5801 2576 5852 in
2605 5801 2794 5851 strrula
2824 5800 3148 5852 surculorum.
3185 5800 3364 5849 Amen.
