4040 6324
1567 347 1848 404 HOMILIA
1885 347 2064 404 XXIX.
3361 350 3468 409 290

139 351 254 409 289

141 467 310 531 1267,
339 481 484 544 pag.
521 465 639 532 185,
666 465 838 544 Palat.
870 464 1008 544 4S3,
1029 478 1152 544 pag.
1185 464 1310 544 2-57,
1345 461 1504 544 495i,
1540 475 1661 532 pag.
1682 460 1870 544 et
1899 459 2021 524 189,
2057 461 2110 515 in
2141 460 2338 544 quibus
2457 458 2692 544 Itasime
2722 462 3001 544 episcopo‘
3023 462 3243 544 homilia
3271 463 3464 521 inscri-

134 529 311 606 bitur.
340 529 570 592 'Ea'dem
598 529 877 606 inscriptio
907 529 1576 606 legit-ur'inALaurentianb
1608 529 1645 595 ι,
1682 529 1970 606 Elatiam,
2019 546 2143 606 pag.
2165 529 2170 530 “
2196 530 2283 606 ᾙ,
2314 531 2400 586 cui
2431 529 2772 606 adjungimus
2810 529 2946 588 duos
2973 534 3268 606 hugignses
3310 551 3383 590 xu
3410 544 3467 592 et

137 605 728 686 xvr,.Lucensetnn85_,
762 600 1146 686 Eovariensem
1178 604 1268 686 2:7,
1292 620 1420 686 pag.
1450 603 1572 668 156,
1599 611 1662 686 et
1683 600 2089 686 Taurinenselin.
2125 601 2317 686 ln‘hoc
2353 600 2540 686 codice
2577 603 2776 686 titulus
2808 612 2890 686 est
2921 622 2932 656 :
2965 600 3386 686 DenlEpiphania
3413 616 3464 686 et

135 678 203 730 de
240 671 549 748 baptismo
601 671 793 732 Christi
844 678 1057 732 homilia
1104 671 1460 748 1.,Appos'ite
1521 673 1779 748 quidem;
1833 689 1956 748 cum
2001 672 2057 726 S.
2123 673 2348 748 antistes
2402 671 2469 726 de
2522 672 2967 748 Arnanifestatione
3027 671 3227 730 Christi
3278 679 3463 748 _magis

134 752 308 819 facta,
339 734 438 802 ἐι
495 749 563 804 de
611 757 921 819 portentosa
971 763 1122 817 aqua:
1161 734 1220 800 'in
1247 734 1454 819 'iinum
1509 734 1867 819 conversione
1917 744 1970 819 i_n
2020 744 2266 819 convivio
2307 741 2469 819 _Cana:
2513 742 2744 819 Galil-ma:
2791 745 3024 813 primum
3056 757 3219 819 agat,
3261 734 3456 819 deinde

132 817 202 871 de
275 819 503 874 Christi
561 813 849 890 baptismo.
909 813 1110 874 Verum
1164 817 1435 898 cumAduo
1494 814 1986 898 prioramrniracula
2014 813 2250 898 “nonnisi
2307 813 2495 895 leviter
2535 815 2806 898 attingat,
2842 824 2898 870 et
2945 813 3162 898 tertium
3206 818 3452 898 pluribus

136 900 550 966 prosequatur,
595 881 694 966 nos
731 891 1034 966 editoribus
1056 890 1261 966 assensi
1285 889 1350 966 de
1377 881 1630 966 baptismo
1655 882 1854 966 _Christi
1879 884 2586 966 h‘onili‘liamninscripsirnus.
2616 881 2906 966 Cimmch
2929 887 3172 966 profecto
3203 881 3277 942 ita
3301 889 3465 966 habet

173 973 263 1039 ag.
303 953 407 1039 εδ,
444 953 758 1039 Galesi_ni_u_s
787 975 909 1039 pag.
938 960 1058 1026 105,
1100 953 1715 1039 (ξριιιιιεϋεὶυὲιιριιιημ,
1736 968 1868 1039 pag.
1891 953 2258 1039 d0,_Cunidius
2285 953 2419 1039 ιοιὲἶ
2449 954 2490 1023 Ι,
2521 969 2641 1039 pag.
2666 953 2794 1020 ⁷509,
2827 953 3152 1039 Raynaudus
3180 973 3300 1028 pag.
3334 959 3460 1026 203,

163 1021 505 1098 largarinus
537 1034 588 1086 in
620 1032 759 1086 Bibl.
787 1021 931 1086 Max.
951 1021 1070 1102 pag.
1109 1030 1410 1102 litomnes
1439 1028 1503 1082 de
1527 1021 1782 1102 baptismo
1805 1021 1998 1079 Christi
2013 1025 2329 1080 scribentes.
2359 1025 2456 1102 _Hic
2476 1021 2874 1102 adnotarenon
2904 1021 3201 1102 omittimus
3222 1021 3461 1102 avsancto

136 1095 490 1181 Augustino)
523 1110 684 1181 atque
706 1119 736 1156 a
767 1095 968 1181 sancto:
989 1095 1166 1181 LEone
1195 1100 1409 1181 Magno,
1438 1095 1668 1181 quorum
1695 1095 1900 1181 primus
1924 1111 2032 1181 sex.
2051 1111 2329 1181 sermones
2358 1096 2536 1181 habet.
2557 1097 2622 1150 de
2661 1096 2995 1181 Epiphania,_
3021 1099 3160 1181 alter
3199 1108 3349 1181 octo,
3389 1101 3461 1156 de

133 1145 744 1228 ibii’iﬁliiii'i’esia‘iié'n'é
1582 1145 1766 1252 “inagis
1789 1165 2038 1252 factaaet
2151 1167 2230 1220 eis
2255 1167 2335 1252 _de
2364 1167 2647 1252 vocatione
2666 1145 2907 1252 genrtium
2930 1145 3000 1221 ad
3025 1167 3189 1252 fidem
3215 1145 3459 1252 pertrac-

134 1241 241 1295 tari
267 1258 283 1307 ;
319 1251 384 1296 at
412 1241 491 1297 de
521 1243 733 1299 duobus
760 1243 879 1297 aliis
909 1235 1199 1310 miraculis,
1230 1256 1351 1311 qua:
1373 1241 1442 1295 ab
1470 1237 1712 1311 Ecclesia
1741 1235 1935 1311 eadem
1959 1237 2026 1311 in
2041 1237 2383 1291 solemnitate
2409 1237 2768 1311 celebrantur,
2787 1235 2965 1291 altum
2994 1235 3263 1311 silentium
3293 1242 3460 1295 conti-

133 1304 278 1366 neri.
313 1310 671 1368 Peculiarem
695 1327 824 1381 ergo
846 1313 948 1367 sibi
976 1304 1216 1368 meretur
1244 1304 1770 1388 columendationem
1798 1304 1858 1388 S_.
1888 1304 2154 1388 Manimos
2175 1315 2377 1370 noster,
2403 1306 2550 1388 quod
2571 1307 2847 1388 eleganter
2867 1307 3150 1388 eterudite
3172 1308 3238 1362 de
3263 1311 3458 1380 triplici

132 1383 411 1453 mysterio
444 1374 788 1452 disseruerit:
820 1386 1262 1454 reconditamque
1288 1382 1341 1454 in
1371 1381 1538 1454 sacris
1569 1377 1798 1454 Litteris
1817 1374 2120 1454 doctrinam
2152 1394 2250 1454 pro
2279 1394 2375 1431 sua
2407 1374 2618 1432 dicendi
2641 1374 2803 1454 copia
2839 1386 2896 1454 et_
2929 1377 3182 1433 facilitate
3214 1395 3320 1454 non
3335 1374 3457 1436 1am

135 1441 237 1530 hac
259 1453 584 1530 in__bomilia
611 1441 1232 1530 quani'_insequentibiis
1260 1447 1761 1530 palamfeceritgjn
1916 1445 2135 1530 Graecos
2153 1441 2583 1530 Patressecutus
2603 1441 2838 1530 videtur,
2866 1448 3002 1530 duos
3030 1464 3228 1530 nempe
3239 1450 3454 1530 .Grego-

135 1523 268 1594 rios,
300 1516 646 1594 Nyssenum'
664 1534 720 1580 et
754 1516 1174 1591 Nazianienum,
1203 1516 1606 1594 quiﬁtriplice‘m
1635 1516 1836 1571 Christi
1865 1519 2257 1594 apparitionein
2287 1519 2398 1574 suis
2427 1520 2762 1594 orationibus
2790 1516 3174 1594 recoluerunt,‘
3200 1516 3454 1594 diemque

135 1539 268 1590 rios,
300 1534 625 1594 Nyssenum
664 1534 720 1580 et
754 1534 1174 1591 Nazianzenum,
1203 1539 1292 1592 qui
1340 1534 1606 1590 triplicem
1635 1534 1836 1571 unrtsu
1865 1534 2257 1639 apparitione-in
2287 1536 2398 1574 SUIS
2427 1534 2762 1574 orationibus
2790 1534 3157 1600 recaluerunt,
3200 1534 3454 1600 memque

135 1593 290 1674 illum
334 1602 568 1674 sextum
600 1596 802 1674 mensis
825 1595 1084 1674 Januarii,
1130 1595 1274 1674 diem
1304 1590 1728 1674 Epiphaniorum
1741 1587 2114 1674 Ιξιριξιῌυιίιυιἶ
2161 1587 2360 1671 Utrum.
2395 1598 2574 1643 autem
2605 1589 2800 1674 eodem
2829 1589 3082 1674 die‘quo.
3107 1603 3269 1671 magi,
3300 1592 3458 1674 stella

133 1663 293 1729 duce,
324 1667 398 1718 ad
431 1665 774 1721 adorandum
797 1674 984 1720 natum
1005 1655 1302 1734 Dominum
1321 1655 1990 1734 pervenerunt,_Chri_stus
2013 1659 2182 1713 factus
2209 1661 2651 1734 quasiannorum
2685 1661 2900 1728 triginta
2928 1655 3457 1734 baptizariv‘oluerit

134 1751 160 1786 u
191 1727 444 1808 Joanne,
470 1736 774 1808 eodemque
803 1738 890 1808 die
911 1737 1160 1792 convivio
1181 1737 1246 1789 ‘in
1273 1727 1419 1808 cana
1448 1731 1682 1808 Galilmte
1705 1727 2040 1808 interfuerit,
2063 1737 2118 1783 et
2138 1727 2336 1798 aquam
2368 1731 2422 1784 in
2445 1732 2629 1808 vinum
2659 1727 3294 1808 convertg'it,:dissident
3311 1732 3456 1808 inter

134 1820 190 1858 se
211 1797 553 1876 scriptores,
579 1797 741 1876 aliqui
772 1807 1167 1871 afllrmativam,
1199 1805 1502 1873 negativam
1523 1801 1612 1855 alii
1627 1797 1941 1876 opinionem
1967 1797 2272 1876 sectantes;
2302 1802 2574 1876 cumhnihil
2597 1801 2804 1876 hac_de_
2823 1818 2882 1856 re
2896 1800 3135 1876 Ecclesia
3161 1801 3454 1876 definierit,

135 1884 186 1927 et
216 1868 408 1930 soliim
444 1868 555 1932 una
585 1868 857 1933 die-trium
874 1879 1090 1932 illorum
1123 1868 1504 1930 miraculorum
1531 1869 1814 1942 complexa
1845 1868 1915 1921 sit
1940 1869 2382 1942 celebrationem.
2416 1871 2644 1927 Sanctus
2663 1871 2929 1926 Maximus
2951 1873 3002 1925 in
3030 1873 3247 1942 homilia
3271 1868 3455 1942 quinta

133 1943 194 1998 de
218 1944 499 2015 baptismo
529 1948 722 2002 Christi
750 1950 950 2018 apertis
979 1948 1156 2002 verbis
1178 1945 1552 2002 allirmativam
1573 1937 1900 2018 sententiam
1928 1947 2127 2018 tuetur.
2165 1940 2236 1994 Et
2263 1943 2308 2018 si
2337 1951 2531 2018 autern,
2565 1943 2760 2012 inquit,
2783 1942 2848 1996 ab
2876 1941 3132 2018 aliquibus
3155 1951 3242 1996 aut
3271 1937 3449 2018 unum,

135 2026 220 2068 aut
251 2008 409 2071 aliud
441 2035 509 2071 ex
533 2019 614 2074 his
634 2008 830 2091 factum
857 2036 970 2074 esse
995 2019 1258 2083 credatur,
1280 2034 1373 2088 ego
1405 2025 1579 2069 tamen
1607 2027 1668 2064 ea
1697 2008 1874 2064 omnia
1893 2011 2121 2065 evenisse
2148 2013 2304 2068 credo
2332 2030 2396 2067 ea
2420 2013 2527 2079 die,
2558 2008 2711 2086 atque
2730 2008 2889 2068 unum
2915 2008 2973 2067 in
2991 2014 3156 2070 ἄπει-ο
3180 2015 3456 2072 contineri.

133 2173 555 2248 Λιιςυιιιςιιτιτιι.
586 2208 657 2248 -έ-
685 2150 877 2230 Paucis
911 2178 1106 2248 colligit
1139 2176 1201 2232 S.
1236 2176 1434 2248 doctor,
1459 2189 1574 2248 quae
1600 2185 1754 2248 supc-
1783 2169 1832 2225 A
1861 2168 2045 2236 pentia
2075 2169 2502 2239 alienigenarum
2526 2171 2690 2227 corda
2708 2173 3013 2244 permovit;
3037 2188 3158 2228 cum
3188 2173 3338 2228 illum
3357 2172 3452 2229 Ju-

199 2245 452 2324 {ioribus
503 2241 1067 2324 homiliiscompiexu's
1095 2250 1288 2324 fuerat
1340 2241 1755 2324 de_Epiphania

199 2315 463 2393 (domini,
514 2327 686 2393 estque
731 2317 841 2371 hch
889 2318 1031 2393 illius
1081 2315 1192 2393 fere
1235 2316 1456 2393 uitanda
1492 2315 1754 2393 baptismo

203 2385 417 2440 Christi
456 2385 646 2452 oratio,
676 2403 740 2441 ea:
771 2404 868 2458 quo
903 2385 1094 2441 clarius
1133 2388 1305 2442 illuxit
1341 2385 1586 2440 divinitas
1619 2385 1751 2450 ejus.

202 2538 522 2610 Complura
563 2541 738 2606 nobis,
787 2542 1000 2607 fratres,
1033 2551 1197 2612 atque
1237 2542 1463 2597 diversa“
1489 2537 1754 2594 festivitas

137 2635 436 2704 praesentis
486 2633 592 2688 diei
636 2634 953 2690 salutarium
993 2637 1370 2709 mysteriorum
1417 2640 1755 2689 sacramenta

137 2727 496 2797 multiplicat.
531 2727 684 2793 Nam,
717 2729 855 2784 sicut
898 2731 1200 2800 posteritati
1239 2745 1348 2783 suae
1389 2727 1561 2783 fidelis
1601 2743 1753 2780 man-

140 2816 286 2873 davit
315 2819 644 2888 antiquitas,
679 2819 838 2874 hodie
867 2820 1117 2875 Salvator
1145 2820 1364 2874 humani
1393 2819 1606 2888 generis
1641 2833 1752 2874 cm-

141 2910 372 2973 lestibus
410 2922 435 2948 °
472 2920 723 2968 ostensus
751 2913 980 2978 indiciis,
1013 2930 1045 2968 a
1072 2913 1336 2968 Chaldaeis
1377 2925 1460 2968 est
1495 2912 1752 2968 adoratus

143 3001 363 3068 (Matth.
403 3005 489 3073 ιι).
535 3003 708 3060 Hodie
755 3003 1000 3060 Christus
1029 3006 1173 3060 beati
1200 3005 1422 3061 Joannis
1450 3005 1750 3060 ministerio

143 3092 341 3149 fluenta
408 3093 663 3150 Jordanis
717 3096 1090 3152 benedictione
1145 3097 1347 3167 proprii
1409 3095 1750 3167 baptismatis

144 3187 491 3242 consecravit
521 3185 797 3257 (lbid.m).
828 3187 1000 3243 Hodie
1029 3185 1190 3264 etiam
1224 3189 1479 3243 invitatus
1517 3188 1586 3243 ad
1614 3205 1752 3261 nup-

146 3278 243 3334 tias
271 3279 585 3336 divinitatis
623 3296 734 3336 sua:
771 3282 1069 3352 potentiam
1110 3283 1462 3338 manifestans
1501 3298 1666 3352 aquas
1695 3284 1748 3339 in

147 3372 349 3438 vinum,
386 3389 584 3442 aquas,
620 3374 862 3443 inquam,
887 3375 995 3446 87
1026 3373 1188 3429 vertit
1216 3375 1268 3428 in
1298 3375 1502 3442 vinum,
1535 3375 1639 3430 hoc
1669 3384 1752 3431 est

144 3476 276 3533 quas
323 3463 691 3520 sanctificavit
720 3465 773 3518 in
803 3465 1096 3535 baptismo,
1127 3466 1431 3521 nobilitavit
1473 3467 1526 3520 in
1550 3468 1750 3538 nuptiis

1857 2256 2069 2312 daicum
2108 2261 2385 2330 populum,
2426 2263 2514 2318 cui
2558 2279 2710 2318 mare
2754 2263 3001 2330 divisum,
3042 2267 3130 2320 cui
3173 2267 3453 2336 pmbitum

1857 2364 2055 2404 manna
2084 2350 2152 2405 de
2179 2353 2427 2420 nubibus,
2462 2371 2561 2410 nec
2587 2355 2743 2424 ignea
2773 2357 3011 2427 potuerit
3031 2365 3086 2412 et
3111 2358 3224 2429 ipsa
3249 2359 3318 2414 de
3341 2375 3452 2416 οω-

1857 2442 1912 2498 Ῑο
1961 2445 2164 2500 micans
2206 2445 2457 2501 columna
2495 2455 2831 2503 convertere.
2875 2447 2982 2504 Sed
3007 2449 3119 2518 jam
3156 2449 3224 2505 ad
3252 2448 3453 2508 Christi

1855 2533 2182 2604 baptismum
2212 2552 2566 2608 properemus
2599 2556 2612 2591 τ
2648 2537 2824 2605 Venit,
2849 2539 3039 2608 inquit,
3060 2540 3213 2597 Iesus
3242 2543 3312 2596 ad
3339 2542 3454 2599 lora

1855 2625 2064 2693 donent,
2105 2635 2164 2680 ut
2207 2626 2558 2699 baptizaretur
2597 2647 2630 2683 a
2663 2628 2905 2695 Joanne;
2941 2632 3023 2684 cui
3059 2633 3133 2686 ait
3169 2631 3403 2688 Joannes
3432 2650 3454 2690 :

1854 2716 1971 2792 Ego
1999 2737 2032 2774 a
2062 2729 2112 2775 te
2158 2721 2314 2776 debeo
2356 2721 2642 2794 baptizari;
2671 2729 2722 2778 et
2751 2733 2806 2778 tu
2834 2727 2976 2779 venis
3013 2725 3085 2779 ad
3123 2743 3206 2780 me
3231 2726 3448 2798 (Matth.

1853 2809 1978 2882 tu)?
2005 2808 2118 2880 Ego
2148 2813 2334 2885 utique
2361 2829 2392 2868 a
2436 2823 2490 2869 te
2513 2813 2687 2870 debeo
2727 2815 3010 2885 baptizari,
3042 2818 3168 2887 quia
3209 2818 3341 2874 mihi
3370 2828 3450 2878 est

1854 2921 1922 2961 ex
1963 2913 2192 2976 paterna
2234 2907 2679 2976 praevaricatione
2717 2911 3012 2980 corruptio,
3063 2919 3118 2966 et
3148 2912 3241 2968 tibi
3274 2914 3327 2968 in
3357 2931 3450 2985 pa~

1854 3005 2008 3053 terna
2043 3009 2066 3038 °
2098 2998 2382 3068 majestate
2425 3001 2758 3056 communio.
2797 3000 2912 3070 Ego
2941 3003 2994 3056 in
3021 3003 3164 3058 hunc
3190 3005 3449 3061 mundum

1852 3091 2056 3146 carnali
2093 3107 2213 3147 sum
2245 3100 2470 3162 parente
2496 3091 2780 3162 profusus;
2815 3101 2873 3148 tu
2903 3109 3034 3150 vero
3069 3097 3173 3152 huc
3199 3098 3268 3152 ab
3295 3098 3449 3168 inge-

1852 3185 1967 3240 nito
1996 3184 2157 3242 Patre
2185 3185 2506 3255 Unigenitus
2540 3188 2820 3243 advenisti.
2855 3188 2939 3245 Me
2991 3191 3092 3245 viri
3132 3198 3188 3246 et
3235 3192 3448 3248 feminae

1855 3278 2116 3334 naturalis
2143 3280 2338 3350 copula
2353 3282 2683 3350 procreavit;
2708 3291 2762 3337 te
2787 3290 2968 3338 autem
2995 3283 3251 3340 Altissimi
3267 3287 3448 3341 obum-

1853 3372 2046 3428 brante
2082 3373 2303 3439 virtute,
2346 3373 2654 3428 veneranda
2700 3375 2858 3428 nobis
2903 3375 3184 3442 virginitas
3218 3376 3236 3414 ί
3276 3378 3444 3433 dedit.

1853 3463 1968 3533 Ego
1989 3472 2261 3519 terrenum
2281 3465 2501 3531 animal,
2530 3473 2590 3520 tu
2611 3465 2795 3534 Agnus
2814 3463 2942 3530 Dei;
2969 3479 3069 3534 ego
3097 3469 3303 3537 peccati
3332 3469 3447 3538 lego

148 3552 329 3624 (Joan.
346 3556 432 3627 ιι).
466 3555 589 3611 Tria
618 3556 836 3626 quidem
864 3558 997 3625 haec,
1022 3558 1233 3625 fratres,
1259 3560 1417 3615 unius
1438 3559 1463 3598 ιι
1488 3558 1611 3615 fidei
1632 3576 1749 3632 my-
1779 3543 1828 3604 Β
1854 3556 2116 3624 mortalis,
2151 3565 2209 3611 tu
2236 3565 2419 3612 autem
2456 3557 2715 3612 adversus
2751 3566 2973 3628 peccata
3001 3560 3226 3616 veniens
3268 3562 3446 3618 nescis

147 3649 310 3702 steria
348 3663 721 3715 recensemus,
755 3650 848 3704 sed
884 3664 1003 3718 qua:
1032 3667 1128 3721 per
1158 3668 1320 3705 unum
1350 3652 1636 3706 Dominum
1664 3652 1748 3705 di-

148 3741 330 3806 gnatio
363 3741 647 3797 Trinitatis
686 3743 946 3813 implevit.
975 3744 1158 3814 Neque
1196 3747 1338 3800 enim
1377 3746 1666 3816 aliquando
1697 3746 1751 3799 in

147 3835 474 3903 operatione
522 3836 777 3889 virtutum
829 3836 1019 3890 abesse
1066 3837 1165 3890 sibi
1213 3839 1390 3892 unitas
1430 3845 1626 3907 potest,
1658 3846 1752 3893 aut

147 3939 385 3994 unquam
414 3927 662 3996 separari
685 3927 752 3981 ab
784 3927 1013 3982 invicem
1041 3929 1258 3998 poterit,
1281 3929 1426 3999 quod
1446 3930 1648 3986 deitate
1668 3939 1752 3988 est

147 4013 468 4071 indivisum.
496 4017 759 4085 Denique,
791 4032 914 4071 cum
949 4019 1315 4088 baptizaretur
1341 4020 1608 4088 Salvator,
1641 4038 1749 4079 non

145 4122 199 4161 se
235 4107 439 4162 deesse
468 4105 753 4176 Unigenito
784 4107 946 4164 Pater
978 4110 1031 4164 in
1069 4126 1202 4166 voce
1231 4111 1484 4181 prodidit,
1517 4112 1748 4185 Spiritus

150 4197 196 4252 in
224 4198 506 4253 columba.
542 4198 658 4253 Non
688 4215 816 4268 ergo
855 4201 1129 4268 miremur,
1161 4201 1373 4270 fratres,
1416 4216 1436 4242 ε
1470 4205 1664 4274 quibus
1693 4207 1747 4262 in

151 4289 248 4346 ﬁde
275 4299 364 4347 est
397 4290 654 4358 Trinitas,
687 4294 729 4348 si
772 4293 872 4348 tria
909 4310 1073 4349 unum
1117 4296 1272 4351 nobis
1316 4296 1460 4352 diem
1490 4301 1746 4371 mysteria

155 4391 557 4438 consecrarunt.
589 4382 760 4439 Hodie
802 4384 1002 4456 itaque,
1036 4394 1096 4440 ut
1132 4386 1385 4456 diximus,
1419 4403 1608 4459 magus
1648 4408 1746 4462 per

157 4479 360 4534 stellam
397 4479 600 4550 reperit
636 4479 779 4550 quod
809 4477 1022 4536 Judaeus
1053 4481 1275 4538 credere
1304 4483 1476 4540 noluit
1495 4500 1594 4556 per
1614 4503 1743 4556 pro»

161 4570 360 4638 phetas.
396 4570 572 4627 Hodie
618 4573 888 4642 gentilitas
917 4573 1108 4629 edocta
1137 4573 1203 4630 de
1231 4575 1370 4632 ccelo
1418 4575 1745 4649 Redempto-

163 4678 265 4718 rem
305 4665 496 4720 mundi
525 4665 744 4735 inquirit
771 4673 830 4721 ut
857 4679 1062 4735 regem,
1089 4675 1402 4722 muneratur
1431 4674 1490 4723 ut
1525 4661 1739 4735 fortem,

165 4754 342 4810 adorat
371 4764 432 4810 ut
466 4757 654 4812 Deum.
701 4757 766 4812 Et
789 4773 953 4828 quam
981 4765 1150 4824 recte,
1181 4759 1466 4826 carissimi,
1500 4759 1556 4815 in
1587 4761 1742 4815 testi-

164 4848 391 4902 monium
413 4864 570 4904 novae
591 4850 908 4918 nativitatis,
931 4865 1069 4904 nova
1097 4849 1123 4888 ά
1153 4851 1312 4906 terris
1331 4851 1485 4907 stella
1510 4852 1746 4921 resplen-

1854 3647 2136 3716 subjacere
2187 3655 2433 3716 peccato.
2465 3647 2533 3701 Et
2561 3658 2684 3718 post
2711 3651 2915 3716 omnia,
2965 3665 3066 3720 ego
3113 3651 3288 3709 factus
3328 3670 3446 3711 sum

1854 3739 2198 3796 redimendus
2227 3757 2256 3794 a
2287 3749 2360 3806 te,
2388 3750 2444 3795 tu
2472 3751 2649 3796 autem
2682 3753 2840 3811 natus
2866 3752 2926 3799 ut
2954 3745 3207 3803 redimas.
3241 3747 3338 3804 Cui
3364 3749 3446 3804 di-

1853 3840 2046 3902 gnatus
2084 3833 2361 3903 respondit
2392 3831 2548 3888 Jesus
2582 3853 2593 3887 :
2629 3834 2757 3890 Sine
2790 3838 2940 3894 modo
2983 3856 3001 3894 :
3031 3841 3108 3895 sic
3135 3844 3272 3896 enim
3301 3843 3444 3897 decet

1853 3944 1950 3982 nos
1972 3928 2185 3996 implere
2221 3945 2422 3983 omnem
2444 3931 2705 4002 justitiam
2747 3931 2958 4004 (Ibid.).
2997 3934 3058 3990 'ld
3105 3945 3210 4002 est,
3263 3938 3442 3996 omnia

1851 4019 2069 4088 quidem
2098 4035 2224 4074 vera
2254 4029 2400 4086 sunt,
2430 4036 2551 4092 quae
2582 4039 2854 4080 memoras
2886 4045 2898 4079 :
2931 4028 3042 4098 88
3069 4028 3163 4083 sed
3195 4029 3308 4084 ha:c
3334 4032 3442 4088 mei

1851 4113 2114 4167 adventus
2133 4121 2216 4168 est
2244 4115 2406 4183 ratio,
2428 4122 2506 4182 ut,
2529 4116 2654 4185 quia
2675 4119 2774 4172 sub
2803 4118 2919 4188 lege
2940 4119 3111 4176 factus
3139 4137 3276 4189 sum,
3309 4123 3441 4179 ordo

1848 4204 2119 4272 legitimus
2151 4207 2484 4276 suppleatur.
2524 4207 2658 4263 Veni
2687 4211 2852 4274 enim,
2895 4226 3001 4265 non
3031 4220 3090 4266 ut
3131 4213 3441 4268 mihi-vive-

1849 4313 1982 4363 rem,
2007 4299 2093 4353 cui
2121 4298 2232 4354 vita
2257 4308 2461 4356 aeterna
2490 4317 2618 4357 cum
2650 4299 2810 4357 Patre
2839 4311 2940 4364 est,
2966 4303 3061 4358 sed
3092 4313 3151 4358 ut
3176 4305 3440 4361 conditio-

1850 4405 1972 4445 nem
1995 4399 2184 4446 vestrse
2207 4393 2396 4447 mortis
2418 4402 2443 4441 ε
2466 4391 2722 4448 auferam.
2742 4391 2809 4446 Et
2831 4393 2935 4448 hoc
2956 4403 3039 4448 est
3063 4395 3438 4464 justissimum,

1848 4488 1926 4545 ut,
1956 4481 2083 4550 quia
2125 4488 2301 4537 totum
2345 4483 2555 4552 suscepi
2584 4483 2877 4547 hominem,
2909 4498 3007 4552 per
3053 4486 3235 4539 omnia
3263 4494 3439 4540 trans-

1847 4586 1969 4626 eam
2017 4572 2252 4627 hominis
2289 4580 2646 4628 sacramenta.
2677 4571 2746 4626 Et
2781 4588 2990 4638 revera,
3036 4573 3246 4640 fratres,
3299 4591 3439 4644 quo-

1847 4665 2010 4720 modo
2036 4680 2136 4734 pro
2165 4665 2320 4719 nobis
2345 4663 2590 4717 Christus
2611 4663 2676 4716 ad
2706 4663 3030 4732 baptismum
3049 4681 3174 4720 -non
3203 4667 3432 4734 veniret,

1845 4763 2070 4827 propter
2096 4770 2232 4824 quos
2253 4754 2416 4809 etiam
2441 4768 2718 4824 corporea:
2732 4753 3155 4812 circumcisionis
3179 4773 3287 4812 non
3308 4758 3436 4814 vita.

1846 4845 1925 4900 vit
1952 4845 2242 4914 injuriam?
2285 4843 2436 4899 Unde
2483 4852 2539 4899 et
2576 4843 2816 4900 Joannes
2842 4846 3076 4904 salutare
3123 4851 3436 4922 mysterium

166 4934 286 4999 duit,
309 4940 464 5010 cujus
491 4941 678 5010 utique
696 4938 1000 4995 Judzeonun
1028 4954 1160 5010 gens
1184 4939 1389 5012 perﬁda
1417 4956 1518 4996 nec
1539 4941 1746 4998 radium
1770 4928 1818 4993 C
1849 4951 2263 5008 recognoscens,
2294 4952 2402 4991 non
2425 4934 2538 5005 jam
2567 4935 2663 4990 Dei
2706 4935 2918 5003 Filium,
2951 4947 3011 4994 ut
3039 4939 3276 5012 Baptista
3306 4959 3436 5000 san-

167 5027 426 5087 occultare
470 5032 660 5102 possit,
691 5047 794 5087 nec
839 5030 1176 5088 abscondere
1214 5033 1528 5100 veritatem;
1569 5050 1746 5104 neque

172 5116 263 5172 ulla
285 5120 396 5189 jam
435 5139 536 5194 per
563 5139 660 5179 eos
693 5130 906 5194 poterat
936 5123 1116 5180 locum
1145 5123 1347 5180 habere
1385 5124 1634 5194 malignae
1662 5126 1744 5181 in-

171 5215 557 5280 terpretationis
597 5216 913 5282 obscuritas,
943 5217 1036 5272 ubi
1072 5217 1268 5273 omlum
1310 5217 1486 5289 ipsum
1529 5220 1742 5276 univer-

171 5320 334 5362 sorum
375 5311 545 5367 oculis
588 5310 799 5365 sidereo
827 5309 1028 5365 lumine
1068 5309 1339 5366 credenda
1384 5310 1642 5382 fulgebat.
1673 5313 1744 5370 Et

172 5408 314 5462 quam
342 5401 444 5459 hoc
472 5402 737 5470 mirabile,
767 5400 914 5472 quod
949 5402 1173 5474 exiguus
1208 5402 1377 5460 stellae
1415 5403 1599 5462 radius
1627 5415 1742 5464 stu-

235 5565 257 5632 f'
294 5558 425 5632 Cod.
452 5563 574 5619 Vat.
606 5561 730 5632 189,
761 5562 1044 5620 caelestibus
1070 5564 1292 5620 ostensis

237 5626 259 5664 ¹³
294 5629 432 5706 ldem
463 5635 610 5704 cod.,
630 5626 780 5689 unius
811 5635 912 5689 diei
951 5637 1214 5706 mysteria,

240 5709 258 5777 ξ
297 5699 435 5777 idem
462 5699 608 5773 cod.,
637 5707 692 5760 in
711 5706 890 5775 quibus
917 5699 1051 5777 με»
1075 5716 1154 5762 est
1181 5705 1478 5764 Trinitatis.

235 5764 260 5804 ‘
297 5769 433 5828 Idem
453 5777 573 5830 cod.
596 5764 800 5831 omittit
825 5764 996 5832 terris.

243 5849 262 5874 υ
297 5840 426 5899 Cod.
481 5844 731 5903 Laurent.
790 5849 881 5918 qui
928 5865 1121 5922 supra,
1176 5858 1226 5907 et
1253 5849 1370 5908 tibi
1404 5856 1461 5913 in
1511 5862 1729 5926 paterna

1227 5956 1357 5984 Mx.

1852 5030 2070 5096 ctilicat,
2102 5030 2196 5084 sed
2224 5037 2284 5084 ut
2327 5029 2555 5085 devotus
2601 5029 2846 5086 minister
2873 5031 3180 5092 ctelestibus
3219 5039 3433 5093 obtem-

1850 5132 2005 5195 perat
2033 5122 2336 5194 imperatis;
2367 5137 2467 5179 nec
2495 5124 2641 5179 enim
2684 5133 2898 5194 poterat
2927 5143 3033 5182 non
3063 5129 3282 5186 obedire
3321 5148 3434 5188 ser.

1851 5235 1949 5274 vus
1977 5218 2216 5282 domino,
2249 5203 2425 5287 praeco
2449 5217 2635 5287 judici,
2668 5220 2781 5288 regi
2814 5221 2988 5288 miles,
3010 5237 3312 5295 praeut-sor
3339 5241 3434 5281 au-

1848 5315 2002 5372 ctori.
2055 5314 2229 5383 Atque
2277 5319 2336 5366 ut
2383 5312 2496 5368 haec
2535 5313 2716 5368 omnia
2762 5313 3050 5372 Divinitate
3086 5318 3170 5387 agi
3224 5319 3433 5389 plenius

1846 5407 2243 5481 perfectiusque
2270 5405 2536 5476 propheta
2561 5404 2922 5477 dignosceret,
2946 5407 2999 5462 in
3027 5409 3206 5478 specie
3233 5409 3432 5464 colum.

1840 5570 2143 5627 necessitate
2171 5567 2486 5624 communio.

1912 5641 1932 5680 ί
1973 5640 2122 5696 Idem
2161 5637 2287 5696 cod.
2341 5636 2529 5708 Laur.,
2590 5637 2885 5694 veneranda
2944 5633 3092 5691 nobis
3158 5641 3429 5709 virginitas

1835 5712 2020 5768 edidit.

1907 5793 1933 5834 ς
1970 5782 2105 5840 Cod.
2134 5783 2420 5840 Novarien.
2454 5783 2543 5850 27,
2573 5783 2849 5851 auferrem.
