4040 6324
555 383 559 392 -
629 347 732 407 295

626 568 748 604 cum
801 551 868 606 ad
883 551 1094 621 nuptias
1150 553 1347 608 veteris
1403 554 1633 611 instituti
1679 559 1914 614 venisset
1964 560 2017 613 in
2064 559 2212 614 Cana

624 642 872 708 Galilzeae,
899 650 954 698 et
980 643 1270 714 derepente
1298 647 1710 705 convivantibus
1729 650 1986 706 defuisset
2005 651 2211 713 vinum,

625 731 756 801 ipse,
815 735 908 805 qui
961 735 1160 806 nuptiis
1202 737 1308 794 illis
1353 755 1462 795 non
1512 750 1628 795 erat
1650 741 1966 811 dedignatus
2005 741 2214 806 adesse,

621 825 836 894 nuptias
859 840 1077 899 quoque
1094 828 1220 887 illas
1241 829 1508 889 miraculo
1530 833 1701 888 voluit
1738 833 2112 904 comprobare,
2135 839 2218 886 at-

1835 351 1896 415 S:
1933 356 2179 414 MAXIMI
2219 356 2668 416 TAURINELVSIS

630 461 796 524 tione,
827 461 937 515 suis
964 468 1045 515 est
1073 459 1348 516 evidenter
1374 459 1646 532 discipulis
1693 464 2052 521 manifestata.
2081 466 2213 520 Nam
2241 473 2290 531 Α
2317 482 2422 535 que
2469 483 2637 536 aquas
2673 469 2942 524 convertit
2970 469 3023 523 in
3071 471 3268 526 vinum.
3299 471 3520 544 (Desunt
3557 476 3608 527 in
3641 476 3840 544 originali

2319 557 2419 613 duo
2441 560 2596 630 folia,
2621 559 2807 612 deinde
2834 561 2909 612 ita
2938 561 3257 614 concluditur
3275 563 3317 632 :)
3351 560 3420 617 Ut
3445 564 3511 618 ab
3537 565 3673 619 omni
3695 567 3839 620 mundi

2317 648 2900 717 hujusinquinamento
2923 650 3130 704 liberati
3162 651 3229 705 ad
3265 653 3504 708 ctelestia
3524 669 3674 722 regna
3693 670 3841 724 perve-

2321 741 2436 798 nire
2466 742 2749 810 possimus,
2785 741 2902 812 ipso
2931 741 3236 812 adjuvante,
3276 745 3368 814 qui
3393 753 3580 814 regnat
3615 747 3663 800 in
3688 747 3839 804 saecula

2321 832 2661 887 saeculorum.
2694 831 2884 888 Amen.

1898 939 2250 1001 HOMILIA
2313 938 2626 1001 XXXIII.

1905 1044 1984 1098 De
2016 1044 2285 1114 Baptismo
2316 1041 2510 1099 Christi
2548 1045 2612 1100 V.

2077 1134 2473 1192 ADMONITIO.

693 1226 771 1284 Ex
801 1229 1074 1306 codicibus
1097 1229 1415 1306 Taurinensi
1444 1237 1499 1285 et
1520 1231 1748 1286 abbatiae
1769 1230 1953 1285 Sancti
1979 1228 2238 1306 Dalmatii
2259 1234 2804 1306 constat‘hancitem
2842 1236 3114 1290 homiliam
3146 1238 3435 1306 ascriptam
3464 1238 3617 1292 fuisse
3635 1237 3836 1292 Maximo.

621 1300 701 1382 Ac
728 1301 898 1382 stylus
925 1301 1142 1382 quidem
1162 1301 1660 1382 sententiarumque
1680 1309 1985 1382 contextus,
2005 1299 2568 1382 'a‘econtinuat‘ionejus
2597 1305 2761 1382 fuisse
2788 1314 3062 1382 auctorem
3105 1299 3394 1382 Maximum
3423 1308 3776 1382 demonstrant.
3797 1308 3837 1382 lu

629 1369 965 1445 :I‘aurinensj‘
977 1371 1162 1445 codice
1189 1387 1254 1445 ea
1275 1379 1358 1445 est
1381 1369 1864 1445 29_homili_arum‘:
1897 1369 2297 1445 DeEpiphania
2333 1377 2385 1424 et
2413 1369 2757 1445 de'baptismo
2785 1375 2978 1430 Christi
3004 1395 3014 1428 :
3051 1377 3102 1430 in
3124 1376 3305 1431 Sancti
3335 1378 3572 1432 Dalmatii
3599 1394 3713 1432 vero
3737 1378 3771 1429 V
3794 1377 3852 1429 de

623 1438 876 1512 baptismo
904 1439 1112 1496 Christi.
1141 1440 1190 1495 Is
1211 1442 1398 1496 titulus
1418 1442 1562 1496 visus
1586 1441 1740 1496 nobis
1767 1450 1850 1495 est
1879 1438 2074 1509 aptior.

624 1535 1014 1606 ARGDIEVNTUM.
1044 1566 1116 1578 -—
1135 1533 1541 1590 Commemorato
1585 1538 1807 1606 primum
1849 1536 2050 1606 triplici
2071 1535 2204 1605 Epi-

693 1605 903 1675 phania:
953 1606 1217 1672 mysterio,
1259 1605 1672 1675 peculiarem’de
1719 1605 1973 1675 baptismo

694 1674 979 1730 sermonem
1007 1676 1227 1748 instituit
1261 1674 1335 1728 'S.
1367 1674 1648 1743 Maximus,
1684 1674 1973 1748 magnaque
2002 1679 2203 1748 gratia-

695 1761 808 1868 rtzm
854 1761 1065 1798 munera
1093 1743 1157 1798 ab
1186 1746 1296 1816 ipso
1336 1747 1698 1811 promanantia
1743 1743 2080 1800 disertissime
2119 1763 2210 1800 ex»

698 1833 730 1868 υ
753 1827 898 1868 anat.

696 1827 898 1886 ptanat.

2195 1566 2206 1618 ;
2310 1536 2494 1594 Crevit
2523 1549 2726 1605 autem,
2759 1543 2885 1612 quia
2916 1543 3018 1597 hac
3043 1543 3130 1598 die
3169 1544 3333 1597 etiam
3363 1543 3604 1598 salutaris
3640 1544 3836 1598 lavacria

2013 1603 2208 1692 ωηίξδίί
2309 1630 2523 1689 Christo
2547 1603 3103 1691 Domino-institutum
3149 1642 3231 1691 est
3271 1643 3671 1692 sacramentum.
3712 1635 3838 1690 Hodie

2313 1726 2475 1790 enim,
2504 1733 2561 1780 ut
2603 1728 2944 1796 antiquorum
2973 1744 3074 1783 nos
3122 1728 3284 1783 docet
3329 1727 3625 1784 veneranda
3651 1727 3836 1788 traditio,

2315 1816 2381 1871 ad
2411 1816 2659 1873 Iordanis
2687 1817 2885 1874 ﬂuenta
2934 1817 3184 1874 Salvator
3225 1827 3415 1875 noster
3459 1819 3685 1874 accessit.
3713 1817 3838 1871 Hodie

694 1904 872 1962 Credo
897 1944 912 1969 ,
969 1904 1194 1970 fratres,
1251 1907 1582 1963 intellexisse
1632 1923 1730 1963 vos
1778 1909 2212 1978 praedicationem
2245 1944 2292 2005 Β
2317 1909 2409 1977 qui
2458 1919 2576 1964 erat
2603 1911 2719 1965 sine
2753 1918 3005 1980 peccato,
3038 1911 3177 1966 inter
3211 1921 3555 1982 peccatorum
3600 1913 3777 1975 turbas,
3800 1918 3838 1962 ut

625 2013 802 2052 meam
849 1996 906 2051 in
925 1995 1012 2052 die
1035 2004 1224 2052 sancta
1251 1995 1578 2068 Epiphaniae,
1611 2007 1666 2053 et
1692 2014 1790 2053 vos
1827 1999 2094 2068 praecipue
2122 2014 2209 2054 ca-

625 2088 998 2155 techumenos,
1029 2087 1085 2142 in
1107 2103 1213 2159 qua
1246 2089 1491 2144 dicebam
1517 2099 1645 2144 tunc
1667 2091 1937 2144 nonnullis
1965 2105 2215 2144 asseren-

626 2181 770 2236 tibus
803 2179 1088 2236 Dominum
1116 2189 1360 2236 nostrum
1388 2180 1572 2237 Iesum
1599 2180 1872 2237 Christum
1899 2182 2051 2236 stella
2081 2182 2216 2237 duce

626 2272 965 2328 venientibus
1000 2271 1066 2327 ab
1094 2269 1324 2326 Oriente.
1350 2273 1521 2342 magis
1559 2271 1724 2327 fuisse
1753 2272 2064 2335 adoratum;
2099 2271 2216 2326 aliis

626 2372 805 2419 autem
846 2363 1144 2419 dicentibus
1172 2379 1294 2418 eum
1322 2379 1491 2433 aquas
1519 2371 1649 2418 tunc
1676 2364 1729 2417 in
1769 2363 1894 2417 vina
1937 2371 2211 2428 mutasse;

625 2454 1182 2524 quibusdamdemum
1203 2453 1644 2510 conﬁrmantibus
1669 2454 1819 2508 illum
1847 2469 1910 2508 ea
1940 2453 2025 2508 die
2053 2453 2216 2508 fuisse

635 2548 690 2601 in
717 2546 953 2602 Jordane
996 2561 1026 2600 a
1052 2545 1258 2602 Joanne
1285 2547 1650 2617 baptizatum;
1683 2547 1738 2600 in
1769 2545 2018 2601 omnibus
2036 2553 2217 2599 tamen

632 2637 825 2692 Filium
855 2638 948 2694 Dei
988 2637 1154 2703 credi,
1187 2639 1242 2692 in
1283 2638 1531 2693 omnibus
1583 2652 1703 2692 esse
1745 2646 1984 2693 nostram
2034 2653 2215 2692 veram

631 2728 995 2782 lestivitatem.
1037 2727 1154 2783 Etsi
1183 2735 1361 2784 autem
1391 2728 1459 2783 ab
1489 2729 1754 2796 aliquibus
1782 2737 1874 2783 aut
1907 2745 2093 2794 unum,
2126 2735 2217 2782 aut

631 2823 774 2877 aliud
803 2837 870 2877 ex
891 2823 975 2876 his
1009 2821 1208 2877 factum
1238 2838 1358 2877 esse
1388 2821 1658 2889 credatur,
1688 2835 1787 2890 ego
1809 2830 1985 2876 tamen
2015 2837 2079 2876 ea
2101 2836 2216 2876 om-

637 2914 724 2966 nia
750 2914 993 2969 evenisse
1022 2913 1182 2968 credo
1209 2928 1272 2968 ea
1298 2913 1404 2978 die,
1435 2921 1596 2982 atque
1623 2928 1788 2967 unum
1809 2914 1865 2967 in
1884 2913 2054 2967 altero
2082 2928 2215 2968 con-

635 3003 812 3058 tineri.
841 3002 1086 3059 Christus
1108 3005 1253 3061 enim
1280 3002 1540 3059 Dominus
1565 3010 1772 3065 noster,
1812 3017 1934 3056 cum
1971 3008 2216 3056 naturam

631 3106 973 3168 reparaturus
994 3098 1285 3152 humanam
1317 3098 1369 3151 in
1394 3097 1537 3152 hunc
1561 3095 1820 3150 mundum
1838 3094 2098 3160 venisset,
2119 3093 2215 3148 Iu-

630 3189 791 3254 daeos,
839 3206 870 3245 e
914 3206 1144 3260 quorum
1193 3190 1399 3244 semine
1446 3187 1739 3244 secundum
1795 3202 2011 3243 carnem
2061 3194 2218 3239 natus

629 3292 760 3348 erat,
782 3283 928 3353 prius
948 3291 1095 3338 certe
1123 3283 1334 3338 vocavit
1364 3281 1430 3337 ad
1446 3282 1628 3336 vitam.
1653 3279 1760 3336 Sed
1780 3288 1960 3334 tamen
1981 3279 2216 3347 gentium

629 3375 905 3445 populum,
926 3382 1085 3445 prout
1104 3375 1304 3444 pluries
1332 3373 1605 3429 sanctitati
1619 3380 1812 3428 vestrae
1833 3371 2210 3432 intimavimus,

631 3465 682 3518 in
713 3482 854 3521 czeca
883 3481 980 3521 sua
1007 3463 1445 3521 inﬁdelitatenon
1465 3464 1771 3533 dereliquit.
1806 3462 1940 3517 Nam
1967 3463 2060 3531 qui
2083 3477 2216 3516 cun-

630 3565 746 3612 ctos
771 3559 838 3612 ab
874 3569 1077 3613 aeterna
1105 3565 1281 3613 morte
1307 3572 1404 3612 sua
1433 3555 1805 3613 incarnatione
1850 3553 2086 3608 mirabili
2126 3551 2219 3606 de-

630 3650 913 3718 ﬂendaque
938 3658 1114 3705 morte
1157 3651 1390 3706 liberare
1414 3651 1652 3716 volebat,
1685 3663 1875 3706 omnes
1898 3663 2113 3720 quoque
2151 3647 2239 3702 ad-

632 3738 940 3792 venerabile
979 3738 1101 3794 ﬁdei
1141 3756 1249 3796 suae
1303 3742 1485 3797 lumen
1525 3742 1793 3798 evocavit.
1825 3740 2018 3811 Angeli
2060 3739 2222 3807 igitur

636 3829 944 3898 pastoribus
986 3839 1170 3885 natum
1209 3832 1555 3888 manifestam
1603 3833 2049 3903 Redemptorem;
2083 3817 2252 3886 nova-

635 3929 812 3976 tamen
838 3921 994 3976 stella
1022 3921 1090 3976 ad
1117 3923 1282 3992 ipsius
1309 3940 1462 3979 sacra
1485 3925 1789 3980 veneranda
1809 3925 2070 3979 cunabula
2091 3938 2221 3992 gen-

636 4021 720 4068 tes
762 4013 969 4068 invitat.
997 4013 1232 4082 Veniunt
1258 4024 1505 4086 pastores
1549 4017 1605 4071 in
1632 4017 1986 4082 Bethlebem;
2019 4025 2074 4070 et
2098 4031 2221 4070 cum

636 4107 948 4163 muneribus
976 4108 1118 4177 magi
1143 4109 1211 4163 ad
1262 4110 1426 4179 ipsius
1465 4111 1729 4166 cunabula
1786 4118 2025 4166 currunt.
2069 4111 2222 4164 Illum

638 4205 963 4253 venerantur
983 4209 1245 4269 pastores,
1271 4201 1500 4255 adorant
1517 4217 1734 4272 quoque
1753 4209 1810 4255 et
1836 4202 1993 4270 magi.
2028 4201 2086 4255 In
2105 4200 2223 4269 ejus

639 4290 919 4349 nativitate
940 4291 1160 4346 insanus
1184 4293 1369 4348 tremit
1387 4291 1649 4360 Herodes,
1682 4295 1915 4364 superba
1941 4293 2224 4364 Synagoga

642 4392 835 4456 pavet;
860 4385 1132 4455 gentilitas
1154 4401 1286 4442 vero
1315 4387 1576 4453 exsultat,
1609 4395 1663 4442 et
1702 4386 1901 4456 gaudet
1939 4401 2095 4441 suum
2125 4385 2223 4440 ali—

639 4477 854 4547 quando
875 4477 1156 4533 advenisse
1193 4476 1552 4533 Salvatorem:
1584 4475 1653 4531 Et
1680 4491 1870 4532 revera
1899 4475 2096 4530 Iudaeis
2127 4490 2224 4530 sua

635 4567 690 4622 in
720 4567 1033 4623 inﬁdelitate
1061 4567 1314 4632 dimissis,
1344 4583 1413 4623 ex
1430 4569 1679 4637 gentibus
1706 4569 1815 4639 95
1845 4567 2014 4622 crevit
2039 4565 2225 4622 Eccle-

2318 2001 2702 2070 baptizaretur,
2737 2001 2802 2056 ad
2831 2002 3122 2058 Iordanem
3176 2004 3422 2059 accessit.
3464 2003 3628 2058 Hodie
3675 2002 3837 2056 demum

2320 2092 2648 2163 Redemptor
2673 2103 2857 2149 noster
2884 2095 2937 2148 in
2966 2093 3201 2150 Iordane
3224 2095 3490 2166 baptizari
3507 2095 3678 2158 voluit,
3703 2109 3837 2146 suum-

2318 2201 2423 2254 que
2452 2187 2687 2241 vicissim
2722 2187 3058 2242 sanctiﬁcare
3077 2187 3398 2257 Baptistam.
3424 2185 3708 2256 Baptizatur
3724 2184 3838 2252 igitur

2319 2279 2370 2332 in
2402 2277 2636 2333 Jordane
2687 2275 2949 2344 Christus,
2983 2285 3036 2332 et
3081 2276 3332 2333 Iordanis
3370 2293 3532 2347 aquas
3568 2292 3656 2331 suo
3681 2273 3838 2329 hacdie

2318 2370 2673 2426 sanctiﬁcavit
2728 2371 3067 2440 baptismate.
3121 2369 3228 2424 Sed
3282 2369 3410 2441 quid
3467 2369 3580 2424 dico
3617 2364 3839 2422 Iordanis?

2319 2459 2635 2516 Universam
2666 2461 2807 2515 enim
2831 2476 3093 2538 aquarum
3140 2460 3512 2524 substantiam,
3544 2475 3651 2528 qua:
3691 2455 3838 2524 ubique

2320 2561 2420 2618 est,
2451 2569 2549 2608 suo
2579 2551 2933 2608 sanctiﬁcavit
2951 2552 3294 2622 baptismate.
3319 2551 3457 2608 Ecce
3483 2566 3604 2619 ergo
3627 2545 3838 2618 quomodo

2319 2641 2374 2697 in
2399 2645 2502 2699 hac
2530 2644 2863 2698 sanctissima
2885 2643 2970 2698 die
3000 2650 3054 2698 et
3075 2642 3318 2699 Ecclesia
3348 2659 3416 2699 ex
3443 2643 3670 2713 gentibus
3690 2641 3732 2693 in
3755 2651 3836 2690 ma-

2318 2751 2509 2806 gorum
2540 2737 2820 2792 vocatione
2850 2743 2934 2792 est
2961 2744 3289 2804 congregata
3316 2777 3330 2801 ,
3365 2743 3420 2791 et
3445 2732 3693 2804 quomodo
3720 2728 3836 2783 etiam

2320 2811 2384 2881 in
2402 2829 2599 2882 Christi
2627 2827 2951 2897 baptismate
2979 2835 3062 2882 est
3091 2827 3442 2896 spiritualiter
3460 2833 3653 2888 renata,
3680 2829 3724 2874 et
3746 2832 3837 2886 quo-

2321 2920 2450 2974 tidie
2481 2920 2800 2974 renascitur.
2835 2918 3087 2984 Quotidie
3116 2918 3257 2972 enim
3290 2918 3358 2972 ad
3387 2906 3836 2986 regenerationist

2320 3021 2432 3068 tam
2453 3014 2569 3083 ipsa
2591 3013 2787 3067 transit
2815 3013 2924 3083 96
2950 3011 3209 3076 Ecclesia,
3253 3012 3467 3080 quoties
3494 3008 3556 3063 ad
3581 3004 3836 3074 baptismum

2326 3107 2743 3163 catechumenos
2782 3105 2991 3174 recipit.
3026 3103 3165 3157 Ante
3195 3104 3467 3158 lavacrum
3495 3100 3628 3156 enim
3653 3094 3836 3150 inﬁmus

2321 3208 2403 3252 est
2426 3199 2842 3253 catechumenus
2880 3197 2898 3228 ¹
2924 3214 2938 3262 ;
2969 3205 3217 3266 suscepto
3260 3205 3441 3251 autem
3470 3193 3775 3263 baptismate,
3798 3188 3838 3236 ei

2321 3293 2598 3347 Trinitatis
2627 3291 2855 3361 acquirit
2879 3291 3178 3356 notionem,
3207 3299 3262 3345 et
3292 3288 3354 3345 ﬁt
3382 3297 3624 3346 constans
3645 3288 3773 3349 atque
3791 3275 3835 3326 εἰ·

2323 3387 2476 3450 delis,
2495 3401 2596 3440 nec
2624 3385 2872 3455 amplius,
2904 3385 2982 3439 uti
3013 3399 3149 3452 aqua
3165 3398 3328 3452 quam
3360 3383 3606 3438 hodierna
3631 3376 3704 3431 die
3726 3367 3836 3426 (Ἀπία

2323 3484 2436 3531 stus
2465 3476 2722 3531 Dominus
2751 3476 3006 3530 invitatus
3029 3475 3097 3529 ad
3124 3475 3342 3543 nuptias
3365 3470 3584 3527 mutavit
3614 3469 3660 3520 in
3686 3464 3835 3516 vinum,

2322 3569 2528 3639 pallens
2553 3576 2634 3622 est
2678 3567 2979 3636 nulliusque
3005 3565 3245 3636 saporis;
3278 3581 3405 3618 nam
3432 3565 3664 3630 suscepto
3687 3549 3837 3622 baptis-

2322 3666 2467 3713 mate
2497 3658 2667 3713 ﬁdelis
2709 3656 2888 3712 evadit
2929 3664 3093 3725 atque
3129 3663 3367 3710 mutatur
3390 3655 3442 3709 in
3470 3654 3654 3707 vinum.
3679 3644 3727 3699 In
3749 3641 3838 3694 vino

2322 3751 2466 3806 enim
2497 3749 2671 3805 sancti
2701 3748 2933 3820 Spiritus
2969 3745 3299 3815 signiﬁcatur
3328 3745 3526 3816 gratia,
3557 3745 3699 3812 prout
3721 3731 3838 3788 etiam

2322 3844 2438 3913 ipse
2466 3840 2715 3896 Salvator
2746 3846 2930 3894 noster
2980 3838 3242 3904 asseruit,
3303 3853 3425 3892 cum
3476 3834 3604 3890 dixit
3646 3831 3692 3883 in
3734 3833 3839 3913 utres

2323 3912 2494 3987 novos
2522 3932 2705 3986 vinum
2750 3945 2949 3985 novum
2996 3945 3118 3985 esse
3165 3928 3504 3984 condendum
3550 3920 3742 3996 (Matth.
3766 3912 3836 3980 ix)-

2326 4035 2350 4062 α
2378 4025 2516 4079 Ecce
2555 4026 2721 4094 igitur
2747 4022 3020 4092 quomodo
3065 4023 3121 4076 in
3169 4021 3272 4076 hac
3310 4017 3655 4077 sacratissima
3681 4011 3752 4065 die
3772 4017 3839 4076 P“

2322 4130 2475 4170 nova
2495 4116 2664 4170 stellae
2683 4114 3110 4170 coruscationem
3133 4113 3198 4168 ad
3212 4112 3372 4169 ﬁdem
3393 4123 3639 4169 conversa
3657 4109 3727 4160 est
3742 4111 3837 4169 δεη-

2323 4208 2506 4262 tilitas.
2540 4207 2866 4276 Redemptor
2895 4214 3078 4261 noster
3121 4221 3220 4276 pro
3248 4206 3456 4262 cunctis
3489 4177 3839 4271 regeneraﬁmis

2324 4298 2562 4352 salutare
2590 4298 2818 4373 instituit
2840 4298 3144 4363 lavacrum;
3172 4304 3228 4352 et
3253 4313 3423 4367 quare
3447 4297 3544 4350 hac
3582 4290 3744 4347 eadem
3778 4279 3840 4334 dio

2326 4403 2584 4458 aquarum
2633 4390 2987 4444 substantiam
3032 4389 3304 4446 convertit
3331 4390 3386 4444 in
3436 4389 3627 4443 vinum.
3667 4375 3840 4434 Tantam

2325 4487 2508 4534 autem
2535 4480 2762 4548 gratiam
2791 4479 3034 4535 Christus
3065 4479 3325 4536 Dominus
3353 4488 3536 4537 noster
3561 4491 3651 4532 suo
3667 4461 3841 4529 contth

2324 4573 2651 4642 baptismati,
2685 4580 2745 4627 ut
2774 4589 2880 4628 non
2909 4581 3120 4629 tantum
3148 4589 3304 4628 suum
3334 4567 3668 4628 sanctiﬁcarit
3705 4553 3842 4628 Bapii‘

634 4659 730 4713 sia.
765 4659 900 4714 Nata
921 4659 1170 4730 equidem
1199 4659 1302 4715 hac
1319 4658 1406 4714 die
1435 4667 1516 4714 est
1539 4659 1778 4729 gentium
1806 4656 2065 4724 Ecclesia,
2097 4657 2223 4726 quia
2249 4697 2304 4758 Β
2327 4671 2486 4729 stam,
2519 4663 2612 4718 sed
2653 4671 2708 4717 et
2737 4662 2983 4718 Iordanis
3024 4661 3215 4718 ﬁuvius
3249 4663 3364 4733 ipse
3392 4671 3667 4719 conversus
3688 4653 3745 4708 sit
3781 4658 3841 4699 rc-

635 4762 731 4821 per
774 4751 920 4806 illam
962 4752 1345 4808 lucidissimam
1372 4752 1587 4808 stellam
1616 4752 1787 4808 tribus
1813 4751 1919 4807 illis
1951 4751 2005 4806 in
2048 4752 2218 4821 magis

637 4841 704 4896 ad
744 4843 859 4898 veri
885 4844 1100 4902 luminis
1145 4845 1474 4916 agnitionem
1524 4852 1606 4901 est
1655 4853 1878 4901 evocata
1924 4844 2215 4914 gentilitas.

2325 4747 2580 4810 trorsum.
2603 4753 2854 4825 Explicit.

1925 4935 2277 4998 HOMILIA
2330 4939 2638 5000 XXXIV.

1936 5037 2017 5092 De
2043 5038 2311 5108 Baptismo
2338 5039 2531 5095 Christi
2567 5040 2664 5094 VI.

2087 5129 2482 5186 ADMONITIO.

708 5225 942 5282 Maximo
961 5223 1220 5295 pmdara
1240 5222 1356 5279 haec
1373 5222 1595 5279 homilia
1615 5225 1856 5279 omnium
1887 5222 2159 5278 editorum
2187 5221 2546 5277 consensione
2585 5223 2818 5293 ascripta
2848 5232 2948 5279 est.
2982 5223 3298 5280 Consonant
3326 5226 3408 5280 his
3435 5211 3749 5284 manuscripti
3767 5219 3840 5261 ω’

709 5346 736 5375 ⁸
773 5335 832 5391 In
860 5336 980 5393 cod.
1007 5333 1225 5390 Taurin.
1255 5335 1450 5403 legitur
1468 5352 1480 5387 :
1498 5333 1640 5406 Ergo
1659 5337 1713 5388 in
1739 5335 1832 5406 hac
1861 5335 2217 5406 sacratissima

639 5410 723 5464 die
747 5424 837 5479 per
862 5424 1006 5462 ηουω
1043 5406 1206 5479 stellae
1234 5404 1652 5479 reoruscatione‘m
1698 5405 1766 5479 a_d
1793 5404 1946 5479 fidem
1977 5420 2218 5457 conversa

639 5489 714 5536 est
740 5473 1003 5552 gentilitas
1039 5477 1202 5552 tribus
1223 5475 1330 5530 illis
1371 5477 1428 5528 in
1472 5476 1661 5552 magis.
1685 5473 2018 5552 ‘Redemptor
2047 5483 2221 5552 noster

639 5543 953 5622 pro'cunctis
982 5547 1208 5622 salvator
1248 5543 1937 5622 regenerationislavacrum
1978 5545 2218 5622 instituit,

641 5612 790 5694 atque
809 5633 1058 5691 aquarum
1083 5612 1425 5672 substantiam
1447 5612 1689 5667 convertit
1708 5614 1762 5666 in
1788 5613 1978 5667 vinum.
2004 5612 2223 5667 Tantam

714 5739 728 5766 ‘
767 5735 947 5801 Quare
971 5733 1059 5789 hic
1085 5730 1191 5787 loci
1219 5733 1433 5801 sanctus
1458 5725 1724 5801 [animus
1745 5725 1941 5781 dixerit
1960 5727 2215 5781 catechu-

645 5795 829 5867 meno's
857 5805 1077 5862 notione
1100 5798 1450 5859 sanctissima:
1477 5795 1750 5858 Trinitatis
1779 5812 1963 5854 carere
1991 5809 2218 5865 eamque

2323 5342 2492 5408 autem
2515 5336 2737 5408 gratiam
2757 5352 2852 5408 suo
2878 5336 3092 5391 contulit
3119 5337 3510 5408 baptismaﬁti,ut
3533 5340 3580 5386 et
3601 5329 3841 5408 sttit"!

2323 5388 2568 5472 ctiﬁcavvit
2612 5388 3446 5479 Baptistam;cunctisqucwiiiuil
3485 5388 3836 5479 διιείξξρδθηίίίξῗξζ

2323 5466 2473 5546 atque
2501 5491 2560 5527 ea
2588 5466 2702 5546 quia
2747 5477 2857 5546 ipse
2905 5466 3074 5541 dedit;
3094 5466 3343 5532 mandata
3378 5467 3696 5531 servantibus,
3721 5466 3840 5515 vitam

2323 5544 2883 5613 pollicetur—meritam.
3367 5562 3376 5571 '

2324 5727 2429 5799 illis
2460 5729 2593 5784 tradi
2639 5746 2759 5784 cum
2807 5730 3061 5799 baptizati
3103 5729 3338 5796 fuerint,
3373 5730 3425 5784 in
3453 5717 3761 5799 adnotat]???
3785 5699 3836 5758 ad

2326 5798 2555 5867 primum
2587 5785 2969 5858 tractatum‘de
2994 5785 3268 5871 Baptismo
3293 5785 3546 5857 rationem
3576 5785 3782 5847 reddam-

3763 365 3842 420 ΞΜ

3844 508 3858 594 l
