4040 6324
210 343 308 399 297

1575 343 1858 402 HOMILIA
1893 343 2101 400 XXXIV

2707 241 2910 265 nonum

210 457 348 512 dices
371 454 612 550 Vaticani
639 455 778 522 duo;
802 457 999 550 Baelgici
1027 457 1153 523 duo,
1202 457 1542 515 Martinensis
1566 467 1622 514 et
1649 458 2131 540 Camberonensis;
2161 456 2280 550 du't'r
2321 460 2483 515 etiam
2504 460 2860 550 ‘Casinenses.
2887 463 3168 550 Subalpim
3196 474 3468 550 quatuor,

210 527 307 550 ι--
333 534 405 550 Α-.
488 528 782 550 --ηε-μμ-
877 529 1017 550 ,μη
1056 529 1303 550 ,ωψηε
1353 529 1703 550 “una”-.-
1750 529 2159 550 -.μω-η---
2269 546 2308 550 --

210 527 308 581 hoc
329 534 408 580 est
442 525 806 617 Taurinensis,
834 525 1018 617 sancti
1056 529 1325 617 Dalmatii,
1353 529 1714 617 Vercellensi‘s.
1737 538 1792 617 et
1816 527 2324 617 lfiovariensiszgllis
2354 531 2950 617 a‘cceduntAugiensis,
2982 525 3255 601 Lucensis:
3299 525 3469 593 Valli-Z

207 597 457 658 cellanus,
488 597 848 670 Florentinus,
881 599 1223 656 Amiatensis.
1251 599 1850 656 MonachiBenedictini
1895 599 2334 670 congregationis
2373 599 2567 670 Sancti
2588 597 2778 670 Mauri,
2805 597 3075 660 cum—eam
3099 623 3130 663 e
3158 597 3468 665 sermonum

207 667 368 723 sancti
392 666 674 763 Augustini
700 671 1232 763 seriejexpunxerint,
1266 671 1746 763 transtulerinﬁque
1783 666 2177 763 imappendiéis
2214 687 2519 763 numerpm
2871 676 3099 763 confessi
3146 680 3287 763 nitro
3321 689 3464 763 sunt,

206 753 319 820 eam
341 738 528 834 ponqi‘n
549 739 706 834 editis
732 741 895 834 mod'o
922 738 2808 834 ejusopgrum‘co'lleptionibjiisedin—manuscriptisemuniremplis
2832 748 3000 834 asseri
3021 758 3207 834 sanptp
3237 749 3469 834 Maximo

202 808 422 864 antistiti
453 807 821 900 Tau'rinatum.
842 809 906 894 _ln
935 807 1120 900 eojdicé
1145 811 1327 893 Sancti
1357 813 1794 900 Dahnatiilrnulta
1814 821 1944 867 sunt
1971 811 2076 900 hac
2092 807 2316 900 humilia
2338 807 2746 900 comprehcpsa,
2771 816 3020 900 qute_jam
3043 819 3324 900 publicatis
3361 839 3469 879 non

203 888 516 954 congruunt.
551 880 683 954 Eam
713 899 810 939 nos
840 884 891 936 in
948 883 1323 939 adnotationes
1349 885 1414 939 ad
1457 899 1578 954 pag.
1613 882 1683 938 95
1728 897 1879 954 seqq.
1915 881 2232 952 rejecimus,
2263 892 2323 940 ut
2354 899 2384 938 a
2441 880 2738 942 lectoribus
2774 880 3006 944 conferri
3037 880 3319 949 commode
3346 911 3468 950 cum

199 950 425 1018 vulgatis
445 953 636 1020 possit.

202 1043 586 1124 Anapis-Extra]:
638 1078 708 1124 -—_
767 1048 1027 1124 Statuitur
1098 1050 1389 1124 differentia
1451 1049 1776 1124 baptismatis
1805 1050 1858 1111 Α
1884 1047 2125 1118 baptizat
2168 1049 2235 1102 ad
2263 1047 2426 1103 vitam
2461 1067 2473 1101 :
2506 1049 2656 1104 illum
2684 1051 2987 1120 sequimini,
3038 1055 3115 1110 illi
3155 1057 3376 1124 credite,
3401 1060 3469 1115 ab

265 1112 453 1203 Christi
493 1133 525 1170 a
554 1115 808 1203 baptismo
835 1112 1277 1203 Joannis-liqua
1306 1112 1568 1203 lavacrum
1587 1119 1781 1203 dimit-

263 1194 365 1238 tere
388 1203 491 1240 non
512 1196 714 1258 poterat
740 1199 970 1258 peccata,
990 1191 1089 1244 nisi
1116 1191 1260 1273 ﬁdei,
1283 1201 1332 1244 et
1343 1191 1663 1316 paenitentia:
1681 1207 1781 1244 me-

264 1257 392 1316 rito;
426 1273 542 1310 cum
564 1257 845 1316 bantismus
877 1259 1236 1316 Redemntorts
1278 1278 1339 1316 cu
1364 1279 1458 1316 nas
1500 1261 1675 1315 abluat
1714 1277 1778 1316 ex

264 1257 392 1319 rito;
426 1257 542 1310 cum
564 1257 845 1328 baptismus
877 1257 1236 1332 Redemptoris
1278 1257 1458 1333 culpas
1500 1280 1530 1315 a

261 1343 314 1380 se
329 1327 464 1395 ipso,
487 1335 537 1382 et
550 1328 813 1399 justitiam
840 1330 1114 1404 largiatur.

261 1417 428 1483 Licet,
453 1419 647 1476 fratres
665 1420 1015 1490 dilectissimi,
1038 1423 1106 1479 de
1128 1425 1471 1480 solemnitate
1489 1425 1596 1480 diei
1621 1425 1780 1494 hujus

195 1519 429 1566 veterum
460 1511 532 1566 sit
571 1511 780 1569 diversa
811 1515 1028 1571 traditio
1063 1535 1074 1568 :
1109 1531 1216 1571 una
1253 1526 1431 1572 tamen
1459 1526 1659 1573 sanctaz
1685 1517 1779 1574 de-

195 1602 424 1658 votionis
455 1611 537 1660 est
579 1603 726 1661 ﬁdes.
761 1604 829 1661 Et
847 1621 1156 1677 quanquam
1185 1609 1429 1665 nonnulli
1460 1609 1622 1664 hodie
1667 1609 1776 1665 Do-

195 1695 391 1750 minum
437 1703 681 1751 nostrum
728 1696 910 1754 Jesum
953 1682 1256 1766 Christlim,
1306 1702 1463 1757 stella
1501 1701 1636 1758 duce
1684 1718 1776 1758 ve-

193 1785 456 1842 nientibus
483 1788 551 1843 ab
594 1785 814 1846 Oriente
841 1792 1016 1860 magis
1043 1793 1312 1848 testiment
1355 1794 1662 1861 adoratum;
1687 1796 1777 1852 alii

187 1883 364 1932 autem
394 1887 644 1934 asseraut
670 1895 793 1936 eum
818 1897 987 1951 aquas
1015 1883 1066 1938 in
1103 1885 1227 1940 vina
1255 1894 1525 1952 mutasse;
1557 1887 1775 1957 quidam

190 1983 314 2024 vero
331 1969 667 2040 baptiaatum
694 1971 844 2043 illum
875 1990 905 2026 a
935 1972 1144 2031 Joanne
1169 1977 1508 2043 conﬁrment,
1535 1978 1586 2033 in
1609 1979 1780 2035 omni-

187 2052 283 2108 bus
309 2051 405 2108 Dei
435 2053 606 2110 Filius
644 2055 899 2119 creditur,
925 2057 980 2112 in
1021 2060 1269 2116 omnibus
1309 2071 1392 2116 est
1435 2071 1617 2118 nostra
1648 2065 1667 2137 [
1689 2062 1772 2124 Al.

187 2158 304 2197 vera
353 2145 640 2217 festitﬁtas]
691 2146 975 2205 festivitas.
1005 2148 1140 2205 Nam
1185 2153 1330 2221 quod
1386 2155 1553 2223 magis
1594 2156 1777 2224 utique

181 2237 475 2305 gentilibus
525 2247 581 2294 et
608 2239 838 2296 adorare
866 2242 1175 2308 Dominum,
1217 2252 1273 2298 et
1320 2261 1543 2301 munera
1584 2246 1778 2303 oﬂ‘erre

179 2328 522 2396 conceditur,
552 2332 790 2399 gentium
817 2342 900 2390 est
926 2333 1266 2404 prmﬁgurata
1296 2339 1512 2393 vocatio
1543 2350 1600 2405 8;
1631 2341 1775 2409 quod

1885 1139 1980 1196 illo
2009 1139 2283 1196 lavacrum
2307 1140 2495 1198 salutis
2535 1149 2647 1196 tota
2677 1151 2858 1198 mente
2892 1147 3160 1216 supplices
3177 1152 3466 1220 postulate,

1883 1245 1914 1283 a
1945 1245 2053 1300 quo
2091 1239 2148 1286 et
2184 1245 2285 1300 egp
2336 1231 2450 1302 ipse
2505 1231 2746 1302 Baptista
2794 1244 2975 1292 vester
2999 1240 3158 1310 cupio
3186 1242 3465 1313 baptizari.

1883 1319 2002 1377 Non
2050 1322 2227 1377 renuit
2270 1322 2487 1393 quidem
2515 1323 2671 1381 Jesus
2707 1327 3072 1385 testimonium
3100 1335 3246 1393 vocis
3273 1335 3466 1405 hujus;

1882 1414 1979 1470 sed
2019 1415 2113 1485 qui
2141 1431 2241 1486 per
2265 1417 2510 1474 ordinem
2536 1420 2700 1476 vellet
2729 1421 2978 1480 universa
3007 1429 3278 1497 complere
3307 1432 3467 1486 nihil-

1882 1506 2096 1562 ominus
2138 1507 2402 1579 baptizari
2429 1525 2488 1566 se
2514 1512 2719 1582 expetit
2750 1529 2778 1568 a
2805 1513 3030 1572 Joanne.
3067 1516 3199 1572 Tum
3230 1519 3466 1591 Baptista

1880 1597 2109 1654 devotus
2127 1600 2436 1672 baptizandi
2459 1604 2543 1658 sui
2565 1605 2808 1674 potentia
2830 1606 3192 1676 tremefactus,
3217 1612 3291 1666 ait
3316 1630 3328 1665 :
3353 1613 3467 1686 Ego

1835 1759 1839 1766 Δ
1880 1708 1915 1744 a
1945 1700 1993 1746 te
2011 1689 2170 1748 debeo
2212 1690 2490 1765 baptizari,
2511 1705 2564 1750 et
2583 1705 2637 1750 tu
2655 1699 2796 1753 venis
2817 1700 2886 1753 ad
2913 1717 2994 1756 me
3023 1701 3235 1774 (Matth.
3261 1707 3338 1776 ut)
3362 1709 3384 1760 ?
3413 1708 3468 1764 ld

1880 1791 1965 1839 est
1986 1785 2242 1854 quoniam
2271 1799 2374 1856 ego
2397 1795 2644 1844 creatura
2673 1805 2814 1860 sum,
2842 1799 2901 1846 tu
2928 1791 3180 1864 Creator;
3220 1797 3332 1870 98
3368 1814 3469 1869 ego

1879 1893 2087 1945 servus,
2128 1888 2186 1935 tu
2213 1880 2508 1948 Dominus;
2537 1896 2639 1952 ego
2665 1882 2854 1954 ﬁgura,
2881 1895 2938 1941 tu
2969 1889 3183 1945 veritas.
3214 1891 3283 1945 At
3311 1891 3468 1950 Jesus

1880 1973 1957 2026 ait
1989 1991 2000 2026 :
2048 1972 2178 2029 Sine
2221 1974 2373 2030 modo
2395 1991 2414 2030 :
2456 1976 2531 2029 sic
2575 1977 2710 2030 enim
2746 1977 2888 2032 decet
2913 1996 3007 2035 nos
3027 1982 3240 2053 implere
3266 2001 3469 2039 omnem

1873 2064 2134 2133 justitiam
2172 2065 2382 2137 (Ibid).
2425 2065 2484 2122 ld
2511 2075 2614 2133 est,
2645 2068 2774 2138 quid
2803 2086 2946 2126 nunc
2993 2073 3093 2128 ista
3138 2091 3468 2132 commemo-

1880 2157 2003 2210 ras?
2023 2156 2358 2226 propositum
2385 2166 2649 2230 suscepta:
2668 2159 2986 2219 humilitatis
3007 2165 3334 2236 implendum
3361 2178 3465 2226 est.

1884 2244 2038 2300 Tunc
2086 2246 2194 2312 ille,
2227 2248 2319 2316 qui
2369 2263 2693 2319 praesumere
2721 2250 3060 2322 formidabat,
3092 2258 3347 2315 velociter
3376 2278 3468 2331 pa-

1883 2337 1992 2392 ruit
2037 2339 2398 2410 praecipientis
2436 2341 2682 2412 imperio.
2706 2341 3014 2415 Baptizatur
3033 2363 3162 2417 ergo
3185 2348 3340 2406 Jesus
3362 2367 3470 2410 non

183 2435 317 2476 vero
367 2420 586 2478 ﬂuentis
636 2422 885 2482 Jordanis
927 2427 1230 2498 baptizatur
1284 2430 1562 2506 Christus.
1623 2449 1775 2503 aqua:
1797 2433 1853 2506 _B
1879 2430 2001 2497 sibi,
2033 2431 2129 2487 sed
2158 2432 2342 2499 nobis;
2373 2433 2697 2506 baptizatur,
2726 2451 2834 2492 non
2875 2448 2934 2493 ut
2954 2440 3266 2510 puriﬁcetur
3292 2445 3467 2514 aquis,

183 2522 368 2570 nostro
423 2517 733 2588 baptismati
799 2533 1201 2578 consecrantur.
1267 2524 1494 2596 Oportet
1561 2527 1774 2598 itaque,

180 2607 483 2676 carissimi,
529 2617 588 2665 ut
634 2612 813 2682 aliqua
863 2631 1005 2671 nunc
1039 2615 1106 2671 de
1153 2619 1270 2688 ipso
1299 2619 1624 2690 baptismate
1663 2625 1771 2694 97

182 2700 445 2756 sanctitati
493 2711 721 2770 vestrm,
780 2714 940 2776 prout
989 2706 1248 2765 Dominus
1302 2709 1585 2767 donaverit
1648 2730 1774 2784 pro-

181 2787 452 2858 feramus;
502 2801 560 2847 ut
620 2794 776 2849 simul
821 2805 878 2851 et
929 2797 1281 2855 humilitatem
1330 2801 1622 2858 Salvatoris
1676 2823 1772 2862 no-

181 2883 273 2938 stri
302 2891 358 2940 et
385 2887 766 2956 mysteriorum
815 2890 1039 2958 gloriam
1082 2896 1396 2961 agnoscatis.
1449 2896 1773 2957 Prmdicabat

183 2973 234 3029 in
263 2975 482 3033 deserto
503 2977 739 3038 Joannes
755 2981 1078 3053 baptismqu
1101 2987 1429 3055 pmnitcntize
1452 2989 1555 3061 [ΑΙ.
1582 2994 1769 3064 popqu

183 3069 230 3121 in
282 3071 636 3127 remissionem
691 3074 1039 3149 peccatorum]
1087 3079 1286 3149 populo
1323 3086 1615 3151 peccatori.
1651 3087 1767 3143 Non

183 3177 284 3230 quo
313 3163 541 3219 crimina
569 3167 854 3223 commissa
883 3169 1108 3236 deleret,
1155 3173 1249 3228 sed
1302 3190 1410 3244 quo
1460 3179 1771 3235 emendaret

185 3261 440 3320 errantes,
489 3254 620 3310 Nam
673 3259 918 3318 remissio
976 3272 1317 3332 peccatorum
1345 3265 1541 3324 Christi
1583 3272 1768 3340 gratiae

180 3345 513 3400 servabatur.
573 3346 892 3405 Conﬂuebat
931 3367 1060 3422 ergo
1107 3355 1173 3410 ad
1213 3355 1473 3414 Joannem
1502 3359 1768 3417 desiderio

180 3430 373 3491 lavacri
399 3437 736 3494 diversorum
757 3442 1132 3513 copiosissima
1154 3448 1465 3516 multitudo;
1496 3449 1522 3488 ι)
1540 3466 1767 3521 quorum

182 3534 357 3580 essent
385 3537 496 3581 tam
526 3528 775 3584 scelerati
823 3540 993 3600 actus,
1027 3535 1134 3590 vita
1163 3545 1270 3592 tam
1325 3540 1553 3608 perdita,
1585 3550 1644 3597 ut
1671 3559 1767 3599 eos

181 3618 499 3674 venerabilis
519 3618 757 3690 Baptista
787 3622 1006 3694 vipereo
1027 3628 1218 3682 semini
1248 3643 1607 3701 compararet.
1625 3634 1768 3690 lnter

181 3705 487 3777 hujusmodi
508 3711 756 3767 homines
771 3713 861 3770 ille
881 3717 1136 3772 virtutum
1165 3720 1467 3776 cmlestium
1488 3723 1766 3791 Dominus,

1884 2521 1979 2578 sed
2007 2532 2066 2578 ut
2093 2538 2259 2593 aquas
2283 2525 2412 2595 ipse‘
2424 2527 2753 2595 sanctiﬁcet;
2785 2528 3087 2601 baptizatur
3111 2549 3282 2591 novus
3304 2536 3469 2594 homo

1883 2623 1942 2670 ut
1963 2617 2089 2671 novi
2117 2617 2460 2691 baptismatis
2481 2622 2774 2678 constituat
2805 2634 3217 2682 sacramentum.
3247 2640 3268 2667 ο
3291 2630 3468 2701 Aperti

1881 2715 2031 2770 sunt,
2080 2707 2285 2779 inquit,
2338 2711 2468 2764 caeli.
2520 2709 2756 2768 Estimo
2810 2721 2870 2769 ut
2907 2715 2961 2770 in
2991 2717 3298 2774 caelestibus
3324 2729 3468 2777 esset

1879 2799 2194 2855 miraculum
2223 2799 2290 2856 de
2311 2801 2376 2857 iis
2395 2817 2515 2872 quae
2536 2805 2862 2873 gerebantur
2891 2808 2942 2862 in
2969 2810 3146 2877 terris,
3180 2811 3318 2867 sicut
3342 2814 3420 2869 ait
3449 2833 3462 2868 :

1879 2889 1946 2945 In
1991 2908 2140 2960 quem
2189 2896 2558 2964 concupiscunt
2602 2899 2776 2970 angeli
2804 2903 3096 2973 prospicere
3122 2902 3212 2973 (11
3234 2904 3378 2961 Petr.
3403 2908 3464 2976 ι).

1876 2982 2160 3048 Quomodo
2209 2985 2353 3041 enim
2382 2995 2634 3058 poterant
2664 3006 2773 3046 non
2799 2992 2983 3048 mirari
3036 2995 3258 3052 virtutes
3296 3000 3465 3055 caelo-

1876 3089 2018 3142 rum,
2071 3082 2127 3130 et
2171 3074 2568 3136 dominationes
2591 3121 2607 3146 ,
2635 3081 2912 3139 cherubim
2941 3092 2995 3138 et
3023 3088 3313 3157 seraphim,
3341 3081 3464 3146 cum

1875 3164 2120 3220 viderent
2166 3165 2452 3224 Dominum
2480 3169 2720 3228 Sabaoth
2770 3174 2824 3229 in
2848 3174 3010 3232 ﬂuvio
3039 3179 3107 3232 ab
3132 3178 3349 3236 homine
3371 3183 3466 3238 ba-
3563 3157 3568 3163 I

1876 3257 2102 3325 ptizari?
2149 3256 2218 3312 Ut
2264 3268 2444 3315 autem
2497 3261 2722 3320 Joannis
2750 3268 3023 3322 attestatio
3070 3269 3230 3324 etiam
3259 3273 3466 3329 cmlesti

1875 3350 2189 3406 testimonio
2231 3353 2595 3421 conﬁrmetur,
2639 3357 2773 3412 vidit
2800 3357 3054 3429 Spiritum
3083 3372 3317 3416 sanctum
3345 3382 3465 3419 cor-

1873 3442 2044 3512 porali
2063 3445 2249 3514 specie,
2283 3448 2432 3517 quasi
2461 3448 2748 3504 columbam
2768 3450 3160 3507 descendentem
3187 3464 3235 3509 et
3258 3473 3467 3511 manen-

1875 3544 1976 3588 tem
1994 3553 2148 3608 super
2167 3536 2347 3593 Jesum
2367 3539 2550 3609 (Joan.
2573 3540 2634 3612 ι).
2659 3540 2822 3597 Audit
2841 3552 2897 3598 et
2926 3543 3140 3600 Patrem
3162 3545 3459 3604 dicentem:

1874 3626 1978 3681 Hic
2017 3637 2096 3682 est
2142 3627 2313 3684 Filius
2350 3633 2496 3709 meus
2524 3632 2762 3699 dilectus,
2792 3635 2847 3688 in
2875 3653 2974 3706 quo
3022 3635 3150 3692 bene
3175 3639 3466 3709 complacui

1877 3719 2093 3791 (Matth.
2149 3721 2250 3794 ιιι).
2301 3707 2596 3790 Advertite,
2643 3725 2836 3782 fratres
2881 3728 3232 3797 dilectissimi,
3264 3707 3462 3803 quanta

179 3799 266 3855 ille
289 3801 383 3870 qui
398 3803 634 3874 ’respicit
662 3813 862 3860 terram
883 3815 939 3862 et
966 3807 1091 3864 facit
1109 3824 1228 3865 eam
1253 3821 1501 3876 tremere,
1526 3815 1769 3874 Christus
1795 3820 1842 3885 C
1873 3813 2032 3870 nobis
2082 3815 2137 3870 in
2189 3817 2510 3886 baptismate
2558 3819 2768 3876 Domini
2797 3823 2965 3877 nostri
2992 3824 3019 3860 α
3045 3822 3172 3879 Jesu
3199 3799 3463 3896 patefacta

177 3888 327 3948 Jesus
376 3909 489 3948 non
535 3894 855 3964 dedignatur
907 3898 1124 3955 humilis
1153 3911 1209 3955 et
1237 3903 1450 3972 quietus
1473 3906 1541 3960 ad
1570 3910 1766 3966 servuli

176 3983 254 4037 sui
285 3983 616 4053 baptismum
668 4001 980 4056 properare.
1013 3987 1118 4044 Sed
1147 3992 1275 4060 quid
1301 3995 1495 4050 mirum
1519 3997 1587 4053 de
1609 4015 1764 4055 mau-

173 4075 464 4129 suetudine
493 4075 808 4143 Salvatoris,
828 4079 872 4133 si
895 4095 953 4134 se
974 4083 1253 4152 prophetas
1280 4086 1392 4140 suis
1406 4089 1651 4148 inanibus
1679 4092 1762 4148 in-

102 4223 105 4226 I
172 4162 418 4227 clinavit,
463 4166 554 4234 qui
581 4182 641 4220 se
669 4167 736 4222 ab
763 4166 992 4225 inimicis
1038 4173 1148 4228 suis
1175 4190 1364 4244 passus
1385 4186 1466 4233 est
1486 4181 1766 4251 cruciﬁgi?

175 4256 293 4322 Quo
335 4265 666 4327 properante
695 4259 760 4314 ad
809 4261 1046 4330 ﬂuvium,
1080 4267 1242 4322 talem
1273 4269 1508 4328 Joannes
1533 4275 1764 4332 circum-

177 4347 443 4403 stantibus
473 4350 642 4406 turbis
685 4354 862 4424 erupit
903 4356 957 4410 in
1000 4373 1225 4414 vocem:
1272 4361 1407 4417 Ecce
1430 4366 1605 4438 Agnus
1644 4368 1760 4438 Dei,

180 4453 290 4493 ecce
308 4439 396 4510 qui
427 4440 561 4495 tollit
581 4453 793 4512 peccata
814 4447 994 4501 mundi
1016 4448 1194 4518 (Joan.
1222 4453 1279 4521 l).
1312 4452 1427 4511 Hoc
1451 4467 1534 4512 est
1552 4460 1764 4518 dicere:

184 4523 400 4584 Cessate
423 4530 557 4600 jam,
603 4543 810 4590 cessate
849 4551 880 4591 a
903 4536 1170 4609 baptismo
1184 4558 1337 4618 meo,
1363 4562 1472 4616 quo
1499 4552 1765 4618 perniten-

187 4620 255 4673 tia
271 4622 590 4693 suscipitur:
614 4640 739 4682 ecce
762 4627 1023 4698 Baptista,
1051 4648 1148 4703 per
1174 4613 1334 4704 quem
1357 4613 1581 4695 crimina
1598 4643 1771 4700 dimit-

189 4718 385 4767 tuntur.
416 4712 654 4772 Desinite
683 4718 908 4776 ulterius
935 4737 966 4776 a
996 4740 1258 4782 conservo
1287 4738 1469 4786 vestro
1506 4733 1765 4805 baptizari

1875 3908 1947 3964 sit
1968 3909 2157 3978 gratia,
2191 3926 2356 3981 quam
2383 3912 2564 3968 subtili
2593 3923 2934 3971 sacramento
2963 3917 3197 3973 Trinitas
3225 3934 3283 3974 se
3304 3920 3464 3977 hodie

1819 4023 1822 4026 ’
1871 4000 2078 4056 homini
2116 4001 2394 4056 revelavit.
2447 4000 2605 4059 Pater
2624 4005 2767 4060 enim
2797 4006 3012 4063 auditur
3041 4009 3094 4064 in
3119 4025 3275 4075 voce,
3300 4010 3464 4068 Filius

1873 4085 2245 4149 manifestatur
2273 4094 2326 4149 in
2368 4095 2604 4162 homine,
2633 4095 2864 4168 Spiritus
2891 4109 3109 4157 sanctus
3134 4103 3466 4172 dignoscitur

1874 4186 1927 4241 in
1953 4187 2222 4243 columba.
2256 4187 2427 4256 Quam
2455 4187 2683 4247 miriﬁco
2712 4199 2891 4248 autem
2925 4196 3184 4266 mysterio
3204 4195 3468 4255 Dominus

1875 4290 2058 4338 noster
2077 4281 2232 4339 Jesus
2251 4282 2516 4351 Christus,
2530 4286 2617 4341 vel
2640 4293 2786 4342 tactu
2806 4290 3050 4358 corporis
3073 4290 3176 4358 sui,
3191 4291 3276 4346 vel
3298 4299 3465 4350 trans-
3566 4315 3574 4319 ·

1876 4374 1954 4429 itu
2000 4375 2184 4443 gloria:
2228 4391 2339 4431 suae
2387 4393 2602 4432 omnem
2650 4377 2716 4432 ad
2773 4387 3104 4433 momentum
3158 4390 3460 4436 creaturam

1873 4467 2191 4532 sanctiﬁcat,
2221 4467 2456 4523 vivilicat
2483 4477 2540 4524 et
2588 4469 2855 4533 illustr‘at;
2900 4485 3066 4539 aquas
3093 4471 3235 4524 enim
3272 4488 3462 4526 conse-

1873 4567 2008 4626 crat,
2058 4560 2184 4615 dum
2213 4560 2549 4630 baptizatur;
2581 4568 2781 4614 terram
2803 4561 3119 4625 sanctiﬁcat,
3151 4562 3276 4616 dum
3306 4578 3462 4634 sepe-

1875 4651 2034 4718 litur;
2084 4659 2329 4705 mortuos
2357 4651 2598 4712 suscitat,
2632 4651 2757 4704 dum
2786 4651 3044 4719 resurgit;
3081 4653 3318 4708 caelestia
3349 4655 3463 4723 glo-

1877 4741 2070 4805 riﬁcat,
2098 4741 2223 4795 dum
2250 4740 2491 4796 ascendit
2518 4739 2584 4794 ad
2607 4741 2823 4806 ctelum,
2855 4751 2908 4796 et
2933 4743 3083 4799 sedet
3102 4743 3169 4800 ad
3188 4744 3462 4805 dexteram

190 4803 318 4860 velle
349 4823 361 4858 :
394 4821 632 4876 prmsens
652 4815 735 4862 est
759 4811 1016 4866 Dominus
1045 4818 1286 4873 omnium
1318 4803 1649 4887 nostrorum,
1677 4829 1770 4896 qui
1798 4822 1853 4883 D
1879 4829 1972 4884 Dei
2004 4803 2178 4883 Patris
2211 4839 2256 4883 ο.

1546 4937 1779 4993 EADEM
1819 4941 2101 4998 HOMILIA

1240 5038 1324 5082 xx
1354 5040 1580 5085 CODICE
1614 5045 1768 5091 OLIM
1797 5049 2017 5094 SANCTI
2045 5053 2383 5100 DALMATII.

253 5131 380 5201 Etsi,
421 5133 637 5200 fratres,
667 5135 1068 5210 deveneranda
1089 5142 1370 5210 praesentis
1397 5143 1503 5199 diei
1561 5148 1760 5203 solem-

192 5202 350 5282 nitate
368 5214 616 5261 veterum
666 5203 886 5282 Patrum
907 5210 1054 5282 varia
1075 5202 1146 5265 sit
1175 5220 1338 5282 atque
1359 5213 1571 5270 diversa
1605 5202 1764 5274 tradi-

192 5272 282 5339 tio,
339 5291 445 5331 una
489 5283 673 5332 tamen
722 5277 776 5332 in
824 5279 1071 5335 omnibus
1098 5272 1318 5337 sincera:
1347 5285 1650 5343 devotionis
1681 5272 1762 5346 est

257 5394 284 5424 ³
312 5385 506 5466 Codex
532 5387 716 5466 Yatic._
755 5386 910 5453 1267,
958 5389 1106 5466 Quod
1151 5409 1298 5464 aqua:
1327 5397 1770 5466 transformantur

194 5455 244 5504 in
278 5457 448 5513 vinum
477 5460 744 5530 religionis
769 5469 962 5514 nostra:
978 5455 1290 5534 designatur
1317 5455 1605 5534 arcanum;
1633 5470 1770 5542 quod

197 5536 326 5590 vero,
347 5537 460 5581 etc.-

264 5592 454 5678 b'ldetn
476 5599 597 5678 cod.
616 5600 904 5678 flagrent”
935 5605 1221 5678 con/luebat
1241 5624 1360 5678 ergo
1389 5608 1458 5660 ad
1485 5608 1768 5666 Jordanem

201 5661 461 5744 desiderio,
483 5672 590 5744 etc.
614 5665 748 5744 C_od.
778 5661 900 5744 Vat.
937 5661 1093 5739 126.7,
1115 5661 1329 5744 quorum
1359 5687 1489 5733 esset

204 5731 366 5808 lerati_s
394 5735 590 5808 actibus
617 5735 721 5808 uita
735 5739 971 5808 perdita,
996 5750 1051 5795 ut
1081 5731 1186 5807 eds,
1220 5755 1322 5801 etc.

272 5812 293 5840 ο
319 5802 448 5861 Cod.
473 5804 595 5860 Vat.
620 5802 756 5859 495i
783 5802 982 5866 omittit
1011 5813 1127 5870 haec
1151 5802 1441 5887 Scriptura:
1471 5821 1651 5876 verba.

477 5898 745 5960 PLTIOL.
794 5901 978 5963 LVII.

1875 5153 2026 5210 ﬁdes.
2051 5156 2322 5233 Quamvis
2366 5161 2509 5216 enim
2539 5163 2755 5233 quidam
2792 5165 3074 5222 Dominum
3103 5179 3340 5226 nostrum
3368 5172 3459 5229 Je-

1876 5241 1994 5311 sum
2042 5225 2320 5311 Christum
2368 5248 2398 5286 a
2438 5225 2779 5311 venientibus
2823 5239 2889 5292 ab
2931 5239 3148 5296 Oriente
3173 5244 3340 5311 magis
3359 5225 3461 5298 ho-

1873 5295 2058 5352 dierna
2086 5299 2173 5355 die
2195 5301 2422 5358 credant
2450 5303 2612 5361 fuisse
2638 5305 2942 5377 adoratum,
2971 5295 3210 5367 asseram
3236 5295 3335 5368 alii
3359 5295 3462 5372 hac

1948 5402 1975 5442 ἀ
2007 5403 2151 5489 Idem
2180 5411 2300 5489 cod.
2330 5410 2612 5489 Laurent.,
2639 5418 2691 5470 in
2718 5417 3027 5489 baptismate
3055 5420 3267 5477 Domini
3297 5427 3460 5479 nostri

1876 5473 2001 5530 Jesu
2023 5475 2214 5534 Christi
2239 5485 2516 5607 patv‘acta,
2551 5473 2653 5571 etc.

1952 5557 1974 5585 ο
2005 5546 2150 5605 Idem
2179 5552 2300 5607 cod.
2378 5565 2502 5607 atic.
2526 5557 2653 5607 addi

1952 5557 1985 5635 ξ.
2005 5546 2150 5635 Idem
2335 5546 2672 5635 VaticJaddit
2691 5578 2807 5616 cum
2827 5579 2926 5635 quo
2947 5565 3082 5628 vivit,
3107 5575 3156 5618 et
3193 5575 3373 5635 regnat
3406 5568 3461 5620 in

1877 5621 2078 5714 unitate.
2094 5621 2320 5714 Spirith
2342 5629 2507 5714 sancti
2549 5628 2687 5685 Deus
2714 5650 2805 5714 per
2832 5621 3007 5688 bmnia
3029 5621 3216 5688 amenta
3239 5621 3459 5690 ἔωσιιιο-

1879 5706 2011 5772 rum.
2037 5692 2222 5772 Amen.
2240 5693 2455 5772 _Eodem
2480 5699 2593 5754 haec
2622 5692 2884 5767 recidunt,
2911 5712 3072 5772 atque
3102 5720 3161 5756 ea
3190 5721 3308 5772 quae
3338 5724 3458 5764 t'tm-

1877 5759 2115 5816 tinentur
2139 5762 2272 5819 Cod.
2302 5769 2470 5822 casin.
2499 5786 2645 5824 num.
2681 5772 2796 5825 106.

3112 5932 3192 5990 10
