4040 6324
549 384 657 443 303

1773 384 1830 441 S.
1870 384 2115 442 MAXIMI
2151 385 2288 442 TAU
2297 385 2598 444 RINENSIS

3709 393 3830 458 504

547 503 774 576 jejunat,
797 498 890 556 sed
910 497 1235 564 hominibus,
1265 497 1571 568 quicunque
1603 497 1965 554 ostentatione
1987 495 2128 566 jeju-
2153 501 2207 562 Α
2231 498 2438 568 giosum
2476 497 2738 568 jejunium
2774 505 2973 556 sanctae
3015 500 3373 573 eleemosyna:
3409 501 3656 560 ubertate
3691 505 3826 576 pin-

549 595 629 651 uii
655 593 737 651 sui
765 591 988 662 gloriam
1021 590 1247 659 requirit
1271 590 1584 646 humanam.
1618 589 1990 646 Exterminant
2030 605 2129 644 au-

549 695 662 742 tem
687 685 850 740 facies
868 699 1010 749 suas,
1033 683 1125 754 qui
1145 698 1377 739 mmrore
1405 683 1654 738 simulato
1676 681 1984 752 religiosum
2008 681 2129 736 vul-

549 787 665 833 tum
707 776 1026 848 populorum
1069 775 1238 830 oculis
1266 775 1596 830 mentiuntur
1629 793 1642 828 :
1675 791 1782 830 non
1825 773 1938 829 vult
1985 774 2128 830 enim

547 869 840 940 disciplina:
864 867 1097 924 omlestis
1122 867 1376 937 magister
1403 867 1702 936 irreligiose
1730 868 1813 936 agi
1841 867 1986 937 quod
2015 867 2129 923 lieri

546 975 648 1034 pro
671 959 934 1029 religione
958 959 1296 1030 prmcipitur;
1327 973 1428 1014 nec
1454 959 1656 1030 patitur
1683 959 2046 1014 invocantium
2071 973 2130 1014 se

545 1053 809 1119 laborem,
832 1051 1027 1122 quibus
1047 1058 1299 1106 (sternam
1320 1058 1475 1121 parat
1493 1048 1815 1117 mercedem,
1839 1049 2130 1105 infructuo-

547 1159 623 1201 sa:
643 1143 920 1214 jactantirc
947 1141 1079 1196 vitio
1108 1141 1373 1212 deperire.
1419 1139 1541 1196 Non
1572 1142 1734 1204 eritis,
1778 1141 1968 1210 inquit,
2000 1143 2130 1195 sicut

547 1237 850 1310 hypocriten,
875 1237 1066 1290 tristes.
1108 1233 1166 1290 Si
1194 1235 1338 1290 enim
1369 1249 1496 1289 vere
1523 1242 1745 1290 mmstus
1771 1241 1826 1288 ct
1855 1233 2021 1288 tristis
2049 1249 2128 1302 es,

547 1332 673 1401 quia
690 1329 920 1399 jejunas,
951 1327 1108 1400 105
1127 1327 1323 1381 nullam
1346 1326 1438 1381 tibi
1461 1337 1520 1382 ut
1543 1327 1780 1396 ingratus
1799 1325 1940 1396 apud
1959 1325 2129 1381 Deum

546 1423 776 1494 gratiam
818 1419 1121 1476 reservabis
1152 1437 1165 1473 :
1197 1418 1320 1490 quia
1361 1419 1604 1488 quamvis
1645 1433 1782 1488 opus
1821 1416 1987 1472 facias
2033 1417 2130 1472 bo-

546 1529 699 1579 num,
722 1513 1040 1585 pravitatem
1078 1519 1253 1566 tamen
1283 1509 1564 1580 degeneris
1588 1509 1748 1564 animi
1780 1509 1976 1564 invitus
1998 1524 2129 1579 opeo—

548 1608 706 1664 raris.
730 1605 788 1660 Si
815 1613 993 1660 autem
1015 1618 1114 1674 pro
1141 1601 1371 1672 quadam
1399 1601 1696 1657 sanctitatis
1717 1599 1947 1670 imagine
1966 1599 2129 1654 tristi-

549 1679 680 1755 tiam
723 1697 964 1761 simulas,
995 1709 1208 1749 omnem
1250 1696 1478 1750 fructum
1523 1692 1893 1764 promissionis
1939 1691 2132 1746 divina:

2233 589 2466 658 guescit;
2501 597 2558 644 et
2583 590 2628 644 si
2671 589 2830 648 altius
2858 589 3055 660 aliquid
3095 592 3412 662 cogitemus,
3455 607 3622 662 unges
3654 607 3827 667 caput

2233 688 2406 749 tuum,
2428 681 2571 750 quod
2592 690 2674 737 est
2693 680 2956 748 Christus,
2985 683 3031 738 si
3057 683 3214 739 bonis
3241 685 3494 756 operibus
3525 687 3680 758 105
3709 703 3827 744 me-

2232 775 2366 830 liora
2406 775 2754 844 subjungens,
2796 777 3023 848 simplici
3067 793 3190 832 cum
3226 777 3514 835 devotione
3556 779 3821 837 laetificos.

2232 865 2460 922 Lavahis
2489 868 2604 923 sine
2629 867 2791 924 dubio
2816 876 2873 924 et
2906 868 3096 925 faciem
3125 878 3291 938 tuam,
3322 879 3483 940 atque
3517 886 3636 925 eam
3666 863 3823 926 omni

2231 961 2426 1016 laetitiae
2453 961 2741 1017 serenitate
2767 961 3032 1032 deterges,
3063 963 3108 1018 si
3148 962 3328 1018 divino
3351 962 3640 1032 jucundior
3667 964 3822 1020 cultu

2231 1054 2429 1110 nullius
2459 1064 2483 1092 ι
2512 1053 2851 1111 affectatione
2879 1055 3170 1110 sordescat.
3198 1053 3226 1093 δ
3253 1053 3440 1109 lllotus
3479 1069 3672 1109 eorum
3703 1055 3828 1108 vul-

2232 1155 2319 1202 tus
2351 1159 2450 1212 est,
2481 1147 2574 1219 qui
2612 1146 2746 1203 falso
2773 1147 3051 1203 oculorum
3079 1161 3312 1202 maerore
3351 1147 3622 1216 praeconia
3655 1162 3824 1202 man-

2233 1238 2370 1293 dana
2397 1245 2730 1302 mercantur;
2764 1248 2785 1276 ο
2827 1251 2965 1307 quos
2990 1235 3278 1309 Apostolus
3301 1237 3569 1292 sententia
3597 1252 3697 1292 sua
3723 1253 3826 1291 no-

2232 1337 2332 1399 tat,
2359 1329 2542 1386 dicens
2570 1348 2582 1383 :
2609 1327 2872 1394 Quaestum
2899 1311 3158 1384 wstimant
3177 1345 3287 1382 esse
3318 1329 3560 1399 pietatem
3592 1325 3647 1393 (Ι
3680 1326 3818 1382 Tim.

2231 1423 2328 1489 v1).
2361 1420 2572 1478 Etcum
2601 1422 2715 1477 haec
2743 1422 2815 1476 ita
2844 1421 2972 1489 sint,
3012 1436 3119 1476 non
3166 1420 3377 1491 repellit
3424 1419 3688 1476 Dominus
3731 1419 3820 1474 lu-

2231 1522 2418 1582 gentes
2461 1514 2547 1568 vel
2593 1521 2815 1584 peccata
2863 1529 2988 1578 sua,
3035 1513 3122 1568 vel
3166 1512 3445 1580 mundum,
3491 1512 3583 1582 qui
3629 1513 3818 1566 dixit:

2235 1603 2380 1658 Beati
2410 1605 2496 1677 qui
2533 1604 2724 1676 lugent,
2759 1604 3001 1674 quoniam
3026 1603 3126 1672 ipsi
3161 1600 3566 1658 consolabuntur
3593 1600 3824 1673 (Matth.

2232 1697 2309 1767 v).
2343 1693 2368 1734 ἀ
2399 1695 2516 1751 Non
2538 1695 2945 1767 reprehenditur
2971 1695 3080 1764 ille,
3101 1695 3193 1764 qui
3214 1694 3414 1750 dudum
3442 1694 3609 1750 corde
3634 1693 3824 1760 devio,

551 1789 794 1878 obsequii
823 1787 900 1843 tui
928 1793 1228 1842 ostentator
1255 1772 1474 1839 amittis.
1505 1783 1658 1850 Quod
1681 1784 1726 1838 si
1757 1783 1867 1838 Deo
1896 1782 2130 1838 oﬂicium
2235 1801 2290 1846 ei,
2317 1790 2533 1846 lubricis
2559 1789 2831 1858 gressibus
2857 1804 2888 1842 α
2913 1788 3128 1842 tramite
3151 1787 3339 1842 salutis
3366 1787 3602 1856 elapsus,
3630 1785 3822 1840 redi“-

551 1874 706 1940 tuum'
727 1881 924 1948 defers,
953 1894 1048 1934 cur
1075 1876 1203 1932 illud
1246 1875 1552 1930 hominibus
1591 1875 1708 1946 pari
1739 1883 1915 1931 tecum
1944 1874 2130 1932 condi-
2159 1882 2206 1942 Β
2233 1889 2440 1950 tegrare
2473 1896 2533 1935 se
2563 1879 2673 1936 Deo
2706 1891 2728 1918 ε
2760 1886 2950 1935 Incesta
2972 1877 3301 1949 paenitentia:
3323 1876 3696 1932 satisfactione
3723 1892 3822 1931 eo-

548 1977 698 2034 tione
726 1973 1032 2030 viventibus
1051 1985 1201 2026 vana:
1227 1969 1409 2039 gloriae
1429 1976 1664 2024 sectator
1683 1971 1960 2024 ostentas?
1983 1965 2132 2023 lianc
2232 1981 2412 2056 natur,
2437 1973 2567 2028 utin
2593 1971 3036 2042 quinquagesimo
3065 1969 3258 2038 legitur
3285 1969 3492 2039 psalmo
3517 1985 3529 2020 :
3553 1965 3657 2022 Cor
3685 1983 3820 2021 con-

549 2069 801 2126 nimirum
829 2065 1028 2120 Paulus
1065 2062 1344 2134 apostolus
1379 2070 1598 2116 secutus
1632 2060 1954 2116 sententiam
1983 2059 2130 2116 dice-

549 2163 642 2218 bat
676 2179 687 2215 :
716 2159 894 2216 Nolite
920 2158 1035 2230 ﬁeri
1069 2156 1242 2210 inanis
1268 2153 1450 2226 gloria:
1481 2153 1654 2224 cupidi
1683 2150 1827 2224 (Gal.
1850 2151 1945 2223 vr).
1972 2151 2134 2206 Inane

550 2257 694 2312 enim
722 2259 806 2309 est
825 2258 880 2306 et
902 2264 1098 2306 vanum
1125 2244 1382 2319 quidquid
1402 2245 1599 2300 nullius
1618 2243 1872 2315 ponderis
1892 2259 1956 2298 ac
1975 2243 2134 2297 virtu-

549 2349 622 2404 tis
650 2346 901 2402 lirmitate
941 2341 1204 2398 consistit.
1243 2338 1408 2394 Inane
1453 2347 1538 2393 est
1573 2335 1714 2406 quod
1764 2351 1886 2391 cum
1939 2334 2134 2390 saeculo

547 2443 906 2514 praetereunte
927 2431 1182 2489 deficiens
1206 2430 1273 2485 ad
1293 2431 1457 2485 vitam
1479 2445 1587 2484 non
1615 2428 1804 2482 transit
1829 2435 2085 2482 aeternam
2116 2445 2128 2480 :

548 2531 810 2604 quidquid
846 2528 989 2586 enim
1017 2542 1117 2598 pro
1153 2523 1355 2581 carnali
1399 2523 1607 2578 honore
1647 2521 1922 2575 laboratur
1949 2535 2133 2574 corru-

549 2625 725 2698 ptibili
759 2638 879 2679 cum
907 2635 1070 2677 carne
1108 2617 1379 2680 dilabitur,
1412 2624 1470 2671 ut
1499 2615 1576 2670 ait
1608 2614 1869 2686 pmpheta
1903 2631 1916 2667 :
1952 2609 2134 2667 Omnis

552 2733 675 2772 caro
710 2718 882 2788 fenum
915 2722 963 2767 et
991 2712 1156 2766 omnis
1186 2709 1353 2782 gloria
1374 2708 1595 2762 hominis
1624 2715 1678 2759 ut
1705 2703 1802 2777 ﬂos
1829 2707 1970 2778 feni;
1997 2705 2136 2758 aruit

553 2811 761 2882 fenum,
809 2817 858 2860 et
897 2805 995 2875 ﬂos
1032 2801 1258 2866 decidit;
1299 2798 1504 2854 verbum
1545 2807 1716 2852 autent
1743 2797 1842 2853 Dei
1880 2806 2050 2851 manet
2077 2798 2134 2852 in

552 2909 803 2957 retentum
835 2896 990 2970 (Isai.
1021 2893 1133 2965 XL).
1168 2893 1276 2948 Nec
1321 2907 1623 2963 possumus,
1655 2888 2003 2954 dilectissimi,
2036 2905 2135 2960 pro

552 3007 663 3048 uno
691 2991 986 3059 eodemque
1015 3001 1201 3059 opere,
1231 2993 1286 3040 et
1316 2984 1523 3038 laudem
1545 2981 1726 3037 mundi
1752 2981 2020 3037 adulantis
2041 2995 2134 3035 ex-

552 3094 758 3158 petere,
788 3091 842 3138 et
871 3082 1145 3154 praemium
1175 3079 1296 3133 vitre
1321 3077 1555 3132 caelestis
1583 3076 1879 3146 acquirere.
1913 3075 2020 3131 Sed
2047 3092 2138 3130 un-

554 3197 632 3252 ge,
658 3180 752 3244 ait,
782 3193 896 3232 cum
911 3175 1138 3248 jejunas,
1170 3181 1323 3244 caput
1345 3181 1504 3238 tuum,
1537 3177 1587 3226 et
1610 3169 1726 3224 lava
1757 3171 1941 3241 faciem
1969 3177 2131 3222 tuam.

2235 2065 2410 2118 tritum
2448 2073 2498 2118 et
2538 2063 2860 2117 Immiliatum
2911 2061 3067 2133 106
3109 2058 3250 2114 Deus
3291 2075 3396 2113 non
3440 2059 3656 2129 spernit.
3700 2056 3823 2112 Non

2235 2155 2419 2225 utique
2464 2156 2670 2226 spernit
2705 2155 2848 2210 Deus
2888 2163 3133 2211 sanctum
3167 2167 3477 2221 man-orem,
3507 2150 3600 2206 sed
3645 2149 3663 2188 ί
3699 2165 3824 2205 ser-

2232 2251 2467 2306 vientem
2507 2249 2607 2305 sibi
2637 2247 2898 2305 artiﬁcem
2939 2255 2993 2303 et
3037 2246 3164 2303 dolo
3205 2245 3508 2301 simulatam
3532 2244 3664 2299 'non
3704 2243 3824 2298 vult

2235 2341 2578 2397 circumferre
2609 2340 2879 2396 tristitiam
2913 2357 2927 2392 :
2960 2337 3028 2394 de
3053 2337 3246 2408 quibus
3273 2337 3349 2391 ait
3378 2333 3622 2390 Christus
3648 2333 3722 2388 ad
3750 2333 3824 2388 di-

2233 2433 2469 2504 scipulos
2495 2448 2624 2488 suos
2657 2450 2670 2484 :
2701 2431 2862 2486 Amen
2891 2431 3004 2485 dico
3027 2428 3188 2494 vobis,
3211 2437 3509 2499 receperunt
3535 2426 3825 2481 merceda-

2235 2541 2383 2578 suam
2413 2523 2624 2592 (Matth.
2646 2521 2744 2592 γι).
2776 2521 2988 2590 Quanta
3017 2528 3100 2576 est
3128 2521 3290 2590 igitur
3314 2534 3438 2590 spes
3458 2517 3584 2573 ﬁdei
3605 2532 3824 2586 eorum,

2236 2617 2320 2672 vel
2348 2632 2467 2688 quae
2494 2615 2685 2670 futurae
2712 2613 3079 2670 retributionis
3106 2611 3461 2684 exspectatio,
3480 2611 3574 2680 qui
3602 2624 3825 2665 omnem

2237 2709 2538 2765 mercedem
2568 2721 2789 2778 operum
2817 2721 3039 2762 suorum
3079 2705 3131 2760 in
3160 2704 3409 2776 praesenti
3440 2703 3637 2760 sreculo
3679 2711 3820 2758 tem-

2235 2802 2438 2874 poralis
2461 2815 2606 2856 aura:
2633 2799 2925 2854 ambitione
2953 2797 3310 2853 consumunt?
3333 2795 3400 2850 Et
3427 2795 3574 2863 ideo,
3604 2794 3824 2864 fratres,

2237 2893 2552 2951 inoffensam
2582 2901 2638 2948 et
2675 2891 2788 2946 Deo
2815 2891 3065 2962 placitam
3093 2889 3146 2944 in
3185 2888 3436 2944 omnibus
3460 2894 3645 2943 tenete
3672 2901 3826 2942 meu-

2236 3003 2415 3043 suram
2450 3005 2462 3040 :
2492 2986 2562 3041 sit
2589 2983 2729 3055 apud
2757 2998 2856 3038 vos
2883 2996 3076 3052 purum
3100 2979 3382 3050 jejunium,
3405 2977 3631 3049 simplex
3659 2978 3826 3033 mise-

2237 3078 2490 3147 ricordia,
2515 3078 2794 3146 omnisque
2815 3077 3022 3130 sincera
3047 3073 3285 3141 devotio,
3311 3081 3370 3128 ut
3389 3081 3623 3128 sanctam
3651 3071 3820 3124 vitam

2237 3179 2472 3225 vestram
2501 3167 2810 3237 evangelica
2842 3166 3179 3226 institutione
3207 3158 3498 3238 perfectam
3539 3163 3694 3237 plena
3717 3159 3823 3216 Dei

554 3268 718 3340 Ungit
753 3283 937 3326 revera
968 3267 1144 3322 omnis
1171 3264 1397 3319 devotus
1425 3269 1584 3333 caput
1621 3277 1798 3330 suum,
1821 3259 1973 3330 cujus
2001 3261 2130 3316 reli-
2160 3258 2206 3320 C
2238 3262 2407 3318 nostri
2433 3260 2713 3316 retributio
2732 3265 3105 3330 proSequatur.

1819 3397 2166 3460 HOMILIA
2217 3397 2552 3460 XXXVII.

1765 3515 1844 3570 De
1863 3517 2066 3588 jejunio
2095 3515 2524 3589 Quadragesima:
2543 3513 2607 3603 ‘I.

1991 3626 2380 3686 ADMONI'IZIO.

624 3755 774 3810 Hanc
817 3753 1089 3810 homiliam
1136 3751 1415 3806 recitatam
1456 3747 1620 3804 fuisse
1648 3745 1702 3800 in
1731 3744 1998 3800 dominica
2021 3743 2194 3815 prima
2218 3739 2668 3815 Quadragesimte,
2695 3756 2765 3795 ex
2810 3739 3100 3815 Evangelia
3142 3741 3344 3815 Matth.
3362 3758 3481 3813 cap.
3514 3758 3587 3808 Iv,
3616 3743 3765 3812 quod
3792 3759 3823 3798 a

552 3826 612 3884 S.
640 3809 872 3880 maximo
899 3822 1333 3894 eloquentissima
1355 3820 1691 3894 expositione
1715 3809 2043 3894 illustratur;
2075 3813 2205 3870 satis
2249 3820 2419 3894 patet.
2447 3809 2634 3894 Nullus
2660 3821 2838 3894 hirnea
2858 3809 3040 3894 plures
3065 3813 3205 3894 inter
3227 3809 3446 3894 codices
3473 3829 3602 3870 mss.
3629 3809 3822 3869 sancto

552 3881 778 3952 antistiti
818 3909 936 3950 eam
977 3881 1276 3948 asserentes
1318 3881 1544 3944 sub'illa
1572 3888 1659 3942 die
1685 3886 1868 3950 refert,
1900 3885 1994 3940 sed
2019 3886 2130 3940 fere
2151 3881 2660 3955 omnessimplicem
2689 3881 2900 3955 titulum
2933 3900 2946 3936 :
2971 3881 3058 3955 _De
3087 3882 3492 3955 Quadragesima
3520 3893 3821 3955 apponunt.

551 3951 866 4036 Ilujusmodi
895 3972 1020 4036 sunt
1046 3963 1152 4036 duo
1181 3961 1411 4036 codices,
1435 3959 1726 4014 Vaticanus
1754 3973 1892 4036 ψιιῇ
1933 3954 2090 4036 ξᾷϐᾃ,
2136 3968 2260 4036 pag.
2306 3951 2566 4036 ὅλμῳ*
2608 3953 2735 4036 cod.
2756 3951 2928 4036 Vatic.
2970 3951 3245 4036 Palatinus
3283 3951 3411 4036 ἰξῷ,
3447 3951 3698 4036 ρεξτε,
3725 3955 3826 4025 qui

551 4021 754 4094 habent
783 4053 796 4088 ε
829 4035 908 4088 De
953 4032 1378 4098 Quadragesima.
1399 4021 1573 4084 sermo
1621 4025 2060 4098 sancti‘Maximi
2108 4021 2352 4098 episcopi.
2389 4021 2604 4098 _E_adem
2651 4024 2951 4098 epigraphe
2983 4026 3406 4098 u_tunturAcod_d.

3495 4027 3828 4082 allicellanus

553 4091 688 4164 tom.
711 4105 802 4170 XI,
831 4091 1014 4176 pagi]
1026 4101 1112 4169 75,
1137 4091 1474 4176 N'ov_atie.isis
1495 4100 1584 4165 27,
1612 4111 1732 4176 pag.
1764 4095 1887 4176 ξονι,
1911 4095 2132 4176 μωνςη

2235 4091 2308 4176 ius
2329 4091 2538 4176 I,_Iflut._
2549 4109 2672 4176 31v,
2686 4091 2824 4176 ‘pag.
2838 4091 3264 4176 ’109,_I.ucensi_s
3405 4096 3826 4176 Augiensisnv,

553 4162 610 4233 et
636 4162 979 4232 Taurinensis
1017 4162 1166 4228 num.
1202 4171 1266 4225 l7
1312 4162 1632 4225 Sermonem
1663 4162 1740 4222 De
1770 4165 2202 4238 Quadragesima.
2237 4165 2330 4238 AAb
2369 4163 2454 4238 his
2489 4162 2739 4238 diherunt
2766 4162 2873 4220 duo
2896 4163 3115 4238 codices
3153 4167 3372 4235 Belgici,
3405 4162 3742 4222 Martinensis
3774 4162 3829 4221 et

553 4245 1018 4310 Camberonensis,
1046 4244 1147 4317 qui
1166 4242 1410 4317 eamdem
1455 4239 1729 4317 homiliam
1760 4240 1840 4317 De
1862 4234 2069 4317 jejunio
2095 4234 2520 4317 Quadrupesim-a:
2547 4235 2862 4317 inscribunt.
2879 4234 3143 4317 .Editores
3169 4234 3358 4317 omnes
3395 4239 3829 4317 bunc_pr:e.cm-

555 4320 684 4374 teris
711 4318 922 4373 titulum
951 4303 1306 4384 suscipientes
1330 4313 1560 4384 primum
1610 4311 1755 4384 huic
1781 4303 1956 4365 locum
1999 4309 2140 4384 inter
2177 4303 2446 4384 homiliasn
2452 4303 2532 4358 De
2557 4303 2977 4384 Quadi-agminia
3004 4307 3283 4384 dederunt,
3313 4324 3506 4384 nempe
3531 4303 3828 4384 vanjcus

549 4372 676 4518 ﬂag.
705 4372 808 4455 72,
837 4372 1140 4443 Galesinitis
1174 4398 1294 4452 pag.
1325 4372 1447 4446 ll08,
1474 4380 1826 4436 Combellsius
1855 4389 1986 4434 tom.
2010 4377 2072 4444 ll,
2105 4391 2227 4449 pag.
2250 4375 2376 4439 526,
2405 4372 2660 4432 Cumdius
2688 4372 2819 4432 toni.
2843 4377 2887 4447 l,
2909 4391 3030 4448 pag.
3056 4377 3178 4442 156,
3204 4372 3526 4450 Raynaudus
3547 4372 3670 4452 pag.
3694 4377 3824 4441 9.05,

607 4459 886 4518 amarinus
915 4459 967 4512 in
998 4457 1136 4512 Bibl.
1164 4453 1304 4509 Max.
1337 4461 1467 4510 tom.
1501 4450 1588 4516 VI,
1616 4465 1740 4518 pag.
1773 4449 1860 4506 14.

607 4449 886 4530 ἆνεδιυίἰιυε
915 4459 967 4512 in
998 4457 1136 4542 Bibl.
1164 4449 1304 4509 Mair.
1337 4461 1467 4510 tom.
1501 4450 1588 4516 VI,
1616 4465 1740 4520 pag.
1773 4449 1860 4506 14.

550 4571 942 4630 Anconam“.
973 4603 1046 4616 -—-
1073 4569 1282 4640 Triplici
1315 4567 1480 4640 modo
1505 4566 2035 4640 diabolusaggressus
2059 4571 2136 4640 est

621 4643 902 4707 Christum,
927 4659 1043 4696 cum
1071 4633 1417 4712 quadraginta
1447 4637 1643 4712 dierum
1678 4633 1936 4712 jejunium
1961 4633 2123 4712 absol-

621 4717 805 4780 visset;
829 4706 1241 4783 et’triplicem‘de
1263 4706 1405 4764 hoste
1430 4709 1660 4783 maligno
1681 4706 1942 4783 Dominus
1967 4706 2138 4783 trium-

621 4775 1244 4856 phum'report'avit_._ﬂoc
1266 4780 1500 4856 exemplo
1526 4775 1620 4833 nos
1647 4778 1936 4856 admonuit,
1957 4775 2138 4848 quibus

626 4849 787 4909 armis
817 4849 1021 4926 infenso
1049 4852 1346 4906 adversario
1371 4849 1615 4905 obsistere
1639 4849 1932 4903 debeamus.

625 4943 892 5009 Audistis,
925 4942 1222 5009 carissimi,
1249 4943 1387 4996 sicut
1418 4941 1723 5009 evangelica
1769 4939 1894 4993 tuba
1922 4938 2134 5004 cecinit,

2239 4568 2420 4617 menta
2441 4547 2650 4618 diaboli
2678 4562 3031 4619 reluctantem
3057 4563 3272 4634 quidem
3299 4564 3496 4632 verbis,
3518 4565 3612 4622 sed
3633 4567 3830 4638 spiritu

2240 4652 2612 4720 dimicantem;
2655 4670 2904 4710 sermone
2942 4655 3085 4710 enim
3113 4664 3384 4711 certamen
3415 4657 3544 4726 agit,
3573 4657 3667 4713 sed
3694 4674 3827 4729 per-

2240 4745 2351 4812 agit
2379 4745 2662 4814 majestate
2689 4745 2988 4801 victoriam.
3020 4749 3035 4778 ¹
3062 4745 3172 4802 Nec
3195 4747 3314 4803 sine
3342 4748 3542 4816 ingenti
3569 4751 3829 4820 mysterio

2241 4834 2546 4904 hujusmodi
2587 4842 2836 4905 putemus
2875 4851 2994 4890 esse
3033 4836 3360 4900 conﬂictum,
3399 4838 3451 4892 in
3477 4853 3586 4908 quo
3614 4849 3708 4893 aut
3730 4855 3826 4895 ac-

2240 4951 2434 4991 census
2479 4935 2722 4990 diabolus
2773 4936 2827 4990 in
2871 4935 3035 4990 verba
3083 4945 3109 4983 8
3147 4939 3465 5009 prorumpit,
3509 4947 3602 4994 aut
3645 4957 3828 4996 rerum

555 5037 844 5094 Dominum
869 5051 935 5092 ac
963 5035 1375 5106 Redemptorem
1405 5045 1645 5090 nostrum
1673 5033 1930 5089 adversus
1958 5041 2135 5089 tcnta-
2163 5025 2218 5087 D
2241 5035 2500 5090 Dominus
2522 5036 2772 5092 tentatori
2801 5051 2901 5092 suo
2929 5037 3106 5092 verbis
3128 5037 3474 5095 nihilominus
3501 5042 3828 5112 respondere

677 5191 821 5250 Idem
849 5191 971 5248 cod.
997 5189 1274 5254 Laurent.,
1299 5190 1488 5244 nullius
1517 5189 1758 5243 vanitatis
1786 5189 2132 5258 a/fectatione.

553 5264 687 5320 Item
709 5263 863 5319 codd.
882 5262 1060 5319 Casin.
1087 5269 1140 5317 et
1162 5261 1466 5326 Martinen.,
1489 5259 1690 5314 uerbum
1711 5269 1881 5313 autem
1903 5258 2131 5314 Domini.

625 5334 653 5374 ιε
681 5332 815 5390 Cod.
841 5333 962 5389 Vat.
1007 5331 1165 5397 1278,
1201 5332 1447 5388 Prolatus
1473 5333 1610 5385 enim
1643 5347 1819 5386 eorum
1846 5330 2010 5384 vultus
2038 5339 2133 5394 est,

551 5414 682 5472 etc.;
706 5405 1033 5460 concordant
1053 5403 1208 5472 codd.
1236 5402 1414 5459 Casin.

628 5489 650 5515 ε
669 5467 825 5532 Idem
852 5475 974 5532 cod.
1005 5467 1152 5540 νεὶ,
1182 5475 1316 5547 quod
1336 5474 1628 5546 Apostolus.
1655 5470 1788 5528 Cod.
1825 5469 1972 5536 Cas.,
2001 5469 2130 5540 alre-

549 5549 736 5603 ctione.

622 5618 648 5656 ά
679 5619 757 5674 Ita
785 5617 903 5675 cod.
938 5617 1058 5672 Vat.
1090 5617 1244 5672 1278.

627 5781 641 5810 ¹
672 5780 871 5858 A_uctor
897 5796 1056 5858 supra
1078 5779 1167 5834 cit.
1193 5777 1260 5832 de
1289 5775 1503 5858 blyster.
1537 5773 2134 5858 Itedempkhumqﬂui

551 5864 674 5919 cap.
701 5850 734 5903 5
751 5852 858 5920 agit
880 5851 945 5906 de
963 5843 1124 5906 causa
1149 5859 1202 5904 ct
1223 5843 1427 5916 origine
1449 5845 1758 5903 temtationis
1777 5843 1992 5914 Christi,
2015 5843 2137 5901 loco

2244 5190 2517 5316 ’tecgilcem
2559 5191 2679 5248 cod.
2729 5192 2872 5262 Vat.,
2917 5205 3108 5251 maesta:
3151 5197 3460 5266 paenitentia:
3501 5201 3824 5272 satisfactio-

2394 5277 2464 5316 tc.

2314 5277 2451 5388 ἲῖἓι
2478 5332 2599 5388 cod.
2633 5332 2886 5390 Laurent.
2919 5344 2973 5390 et
3015 5335 3184 5393 Vatic.
3220 5340 3534 5395 emendatur
3566 5338 3825 5399 Galesinii

2241 5409 2440 5473 textus,
2469 5405 2559 5473 qui
2590 5405 2750 5460 habet
2777 5407 3061 5463 servientis.
3105 5407 3292 5465 Melior
3318 5411 3480 5466 etiam
3509 5411 3667 5466 lectio
3697 5415 3820 5470 cod.

2239 5469 2784 5550 Martin.,'s_ervienter
2809 5477 2919 5550 sibi
2935 5479 3294 5550 artiﬁciosam,
3323 5489 3428 5536 etc.

2311 5553 2336 5590 Β
2366 5542 2498 5600 Cod.
2533 5544 2787 5603 Laurent.
2820 5565 2854 5602 I.
2889 5542 3166 5616 Plutfxrv,
3196 5551 3253 5605 in
3280 5542 3430 5607 uerba
3459 5555 3710 5624 prorupit.

2241 5772 2345 5828 hoc
2367 5771 2912 5856 _S..Maximi_.utitur;
2963 5775 3125 5832 habet
3173 5774 3332 5844 enim,
3379 5772 3503 5831 Non
3551 5790 3674 5846 ergo
3711 5781 3822 5832 sine

2243 5852 2486 5915 mysterio
2515 5852 2731 5914 ingenti.
