4040 6324
252 307 370 372 505
1639 313 1844 369 ηοιιιι

1961 312 2209 370 XXXVII.
3443 329 3547 390 306

252 441 546 508 dignatur.
579 438 636 494 ln
666 438 750 495 bis
788 447 972 496 autem
1017 439 1265 495 omnibus
1307 447 1503 494 nostrae
1548 435 1737 490 salutis
1777 440 1860 489 est
1887 435 1936 492 Α
1963 433 2376 505 ηιιΙΙυηῃροιεει
2405 435 2677 491 maculare
2715 437 2986 493 delictum.
3019 439 3124 495 Sed
3152 441 3198 495 si
3225 439 3365 499 Deus
3384 453 3546 512 esset,

249 533 427 587 ratio.
483 532 647 589 Nobis
682 531 932 590 Salvator
971 534 1140 592 esurit
1171 553 1183 588 :
1217 548 1316 605 pro
1355 532 1510 606 nobis
1537 539 1561 568 η
1592 529 1858 600 loquitur;
1963 526 2236 596 quomodo
2258 526 2603 598 indignitates
2620 539 2806 601 partus
2824 529 3041 588 feminei
3065 535 3390 591 sustineret?
3413 535 3553 604 Quo-

249 637 362 678 nos
415 623 477 682 in
524 623 616 679 illo
664 623 943 690 vincimus,
972 624 1100 695 quia
1137 639 1237 681 nos
1272 623 1324 680 ei
1362 612 1546 678 sumus
1569 635 1730 677 causa
1755 635 1860 692 pu-
1963 621 2126 678 modo
2153 627 2295 679 esset
2321 623 2474 679 cunis
2502 624 2800 695 pannisque
2827 629 3146 684 contentus?
3173 629 3304 698 Quis
3331 631 3551 688 credere

244 714 492 794 .gnandi.
541 715 676 772 Nam
721 717 840 787 quis
887 718 1123 788 ambigat
1165 717 1507 788 Unigenitum
1548 714 1742 782 Patris,
1775 715 1862 771 cui
1963 713 2133 785 possit
2157 713 2392 770 infantiae
2417 715 2628 785 vagitus
2657 716 2710 772 in
2739 717 2886 773 Deo?
2921 719 3020 775 Cui
3063 737 3170 778 non
3213 723 3449 780 audienti
3479 725 3554 780 rio-

248 807 412 863 nulla
445 809 668 865 obviare
695 818 910 880 poterat
929 819 1196 877 creatura,
1226 826 1326 882 pro
1356 810 1458 866 illis
1480 809 1660 864 iniisse
1687 815 1863 864 certa-
1962 803 2198 861 diculum
2227 815 2310 862 est
2337 807 2506 864 Deum
2537 807 2768 864 femineo
2794 810 2935 866 lacte
2963 813 3194 869 nutriri?
3219 815 3348 871 Post
3371 819 3552 876 onmia

245 913 406 967 men,
453 913 688 970 quorum
714 916 774 958 se
801 917 964 958 carne
990 902 1242 958 vestivit?
1287 902 1518 958 Humani
1546 901 1708 972 igitur
1735 917 1852 956 cor-
1963 909 2094 952 ecce
2142 897 2329 966 esurit,
2373 882 2495 954 cum
2535 899 2720 969 utique
2765 901 2973 958 esurire
3013 901 3180 960 Deum
3220 907 3358 962 ratio
3406 909 3551 964 nulla

240 991 407 1062 poris
435 990 618 1048 forma
655 993 868 1050 hostem
907 993 1310 1050 callidissimum
1347 993 1565 1066 prodire
1589 993 1759 1050 suasit
1789 991 1860 1047 ad
1966 985 1989 1027 τ
2021 989 2360 1060 persuadeat.
2387 991 2676 1060 Ignorabat
2695 993 2946 1050 nimirum
2974 995 3236 1066 diabolus,
3259 1000 3385 1070 quia
3405 1003 3552 1070 quod

244 1083 532 1154 praelium,
560 1098 721 1155 quem
751 1096 910 1142 verus
931 1085 1025 1141 Dei
1048 1084 1212 1142 Filius
1237 1087 1350 1142 veri
1371 1085 1602 1141 hominis
1632 1099 1858 1156 respon-
1961 1079 2204 1138 Christus
2253 1085 2578 1141 nutrimenta
2630 1084 2938 1156 perferebat
2985 1087 3246 1158 infantiae,
3297 1092 3551 1162 quodque

239 1173 413 1230 sione
455 1173 720 1232 confudit.
772 1173 1000 1248 Propter
1025 1176 1170 1247 quod
1197 1176 1532 1232 errabundus
1571 1183 1626 1231 et
1661 1191 1860 1247 anceps
1961 1175 2232 1230 esuriebat
2275 1183 2337 1230 ut
2379 1175 2562 1242 homo,
2612 1191 2720 1230 non
2766 1183 2883 1231 erat
2923 1176 3223 1247 fragilitatis
3251 1197 3546 1252 corporeae,

241 1271 507 1323 tentatur
553 1267 739 1324 mollia
783 1283 1149 1340 suspensaque
1195 1274 1530 1324 tentamenta
1576 1268 1802 1323 rimatur
1839 1285 1853 1321 :

237 1358 375 1428 quia
427 1359 563 1418 licet
601 1363 832 1418 carnalis
889 1363 984 1419 viri
1029 1364 1264 1434 speciem
1311 1363 1766 1435 contemplaretur
1801 1363 1855 1418 in

237 1445 498 1518 Christo,
544 1455 828 1525 prtesentia
856 1463 1041 1511 tamen
1068 1455 1362 1512 divinitatis
1391 1456 1508 1526 ejus
1533 1457 1853 1524 concitatus,

236 1543 634 1612 suspicabatur
659 1561 784 1601 eum
812 1547 933 1617 plus
973 1561 1091 1602 esse
1118 1563 1280 1618 quam
1309 1548 1602 1604 hominem.
1632 1548 1852 1603 Anima—

237 1635 340 1692 bat
385 1637 580 1708 itaque
608 1638 758 1695 illum
787 1655 1115 1710 praesumere
1162 1654 1506 1710 congressum
1549 1650 1734 1712 partus
1777 1639 1854 1695 fe-

238 1728 493 1794 mineus,
537 1730 648 1786 sed
679 1732 916 1786 terrebat
953 1731 1228 1800 virginitas
1274 1733 1572 1803 parientis;
1603 1733 1850 1803 quamvis

1960 1265 2056 1321 sed
2099 1267 2335 1322 celestis
2381 1268 2565 1335 gratia:
2604 1278 3021 1323 sacramentum.
3055 1270 3148 1326 Dei
3175 1271 3322 1327 enim
3362 1273 3546 1337 Filius,

1959 1360 2044 1414 cui
2075 1377 2198 1416 cum
2227 1361 2556 1432 sempiterno
2579 1361 2738 1418 Patre
2765 1363 3134 1434 intempbralis
3153 1373 3369 1420 constat
3393 1376 3551 1422 mter-

1961 1451 2119 1515 nitas,
2159 1451 2250 1520 qui
2293 1467 2412 1506 cum
2459 1468 2557 1509 suo
2584 1455 2828 1522 genitore
2864 1454 3180 1512 naturaliter
3207 1455 3549 1530 impassihilis

1964 1545 2122 1616 108
2143 1545 2452 1616 incorrupto
2482 1555 2670 1617 regnat
2697 1548 2940 1618 imperio,
2965 1549 3074 1618 egit
3099 1551 3151 1606 in
3172 1567 3335 1607 carne
3362 1563 3548 1609 nostra

1957 1633 2191 1690 salutare
2219 1637 2561 1708 mysterium;
2589 1646 2645 1693 et
2664 1639 2735 1692 ob
2759 1638 2863 1694 hoc
2882 1655 3219 1696 communem
3243 1643 3548 1699 mortalium

1956 1727 2118 1782 subiit
2144 1729 2470 1798 passionem,
2503 1738 2562 1784 ut
2591 1730 2866 1787 inimicum
2915 1734 3127 1802 generis
3177 1734 3398 1790 humani
3446 1737 3546 1790 ho-

237 1819 394 1875 enim
423 1819 703 1877 Christum
745 1821 940 1888 Maria,
973 1821 1097 1878 Eva:
1134 1821 1319 1894 utique
1353 1823 1491 1889 lilia,
1524 1825 1850 1895 peperisset,
1882 1808 1932 1871 Β
1957 1821 2118 1876 minis
2160 1823 2456 1878 certamine
2495 1823 2876 1895 triumpharet;
2908 1827 3050 1881 unde
3095 1835 3150 1882 et
3193 1837 3548 1898 praesumptor

238 1929 354 1968 non
389 1922 582 1970 tamen
609 1931 732 1970 eum
769 1923 1092 1988 conceperat
1119 1915 1415 1991 deOAdam.
1449 1917 1584 1972 Cum
1611 1929 1742 1985 ergo
1769 1917 1850 1972 vi-

235 2004 404 2062 deret
459 2007 704 2063 inimicus
752 2008 848 2064 Dei
897 2007 1086 2064 Filium
1117 2019 1266 2064 tanta
1304 2025 1402 2080 per
1437 2010 1694 2067 miracula
1723 2025 1852 2082 pro-

234 2106 524 2164 creatum,
557 2099 806 2155 volvebat
851 2115 1058 2167 secum,
1097 2111 1158 2156 ut
1203 2103 1354 2174 107
1397 2103 1648 2168 arbitror,
1689 2111 1852 2171 atque

234 2178 537 2248 admirans
561 2192 772 2248 dicebat
807 2181 832 2248 τ’
853 2192 983 2261 Quis
1012 2203 1097 2250 est
1128 2195 1231 2250 iste
1257 2197 1370 2264 qui,
1422 2196 1695 2250 nesciente
1738 2209 1848 2258 me,

234 2283 396 2340 hunc
452 2285 722 2353 ingressus
759 2295 843 2341 est
883 2287 1180 2342 mundum?
1222 2287 1358 2342 Novi
1386 2287 1600 2358 quidem
1630 2287 1755 2356 quia
1785 2287 1853 2342 de

235 2374 460 2431 femina
490 2386 646 2432 natus
674 2386 775 2441 est,
825 2379 920 2434 sed
967 2379 1151 2434 nescio
1185 2379 1328 2434 unde
1355 2387 1668 2449 conceptus.
1701 2377 1854 2434 Astat

238 2483 380 2522 ecce
427 2477 622 2535 mater,
673 2469 767 2525 sed
817 2477 1027 2542 patrem
1080 2471 1404 2540 investigare
1455 2487 1561 2526 non
1607 2485 1847 2540 possum.

239 2559 482 2616 Partum
527 2561 708 2629 video,
757 2563 852 2618 sed
906 2579 1013 2619 non
1056 2563 1084 2604 ι)
1127 2578 1362 2634 agnosco
1407 2573 1717 2622 nascentem
1751 2584 1763 2618 :
1796 2575 1853 2622 et

236 2653 394 2723 quod
422 2655 634 2726 stupori
655 2671 778 2712 meo
805 2659 1085 2725 accrescit,
1107 2659 1420 2715 inconsueta
1449 2659 1566 2728 lege
1587 2661 1850 2731 pariendi,

1957 1915 2046 1969 ille
2083 1915 2264 1972 furore
2309 1931 2410 1972 suo
2449 1925 2681 1973 aecatus
2713 1919 2788 1974 ait
2825 1919 2891 1973 ad
2922 1919 3203 1976 Dominum
3237 1939 3250 1974 :
3285 1921 3348 1975 Si
3375 1919 3547 1977 Filius

1957 2006 2054 2062 Dei
2097 2025 2168 2074 es,
2211 2009 2294 2063 dic
2336 2019 2393 2063 ut
2429 2009 2627 2081 lapides
2671 2013 2759 2066 isti
2803 2029 2963 2083 partes
3003 2013 3134 2084 ﬁant
3175 2012 3389 2086 (Matth.
3447 2013 3544 2087 tv).

1954 2100 2276 2156 Stultissima
2305 2102 2419 2159 ha‘c
2447 2103 2564 2173 ejus
2593 2105 2874 2175 inanisque
2901 2105 3181 2175 subreptio
3218 2125 3230 2160 :
3261 2122 3361 2177 per
3389 2117 3416 2156 s
3445 2123 3546 2178 pa-

1955 2207 2076 2246 nem
2106 2206 2227 2247 eum
2257 2195 2372 2248 vult
2399 2202 2630 2260 tentare,
2657 2197 2748 2264 qui
2783 2196 2936 2266 panis
2963 2204 3064 2262 est,
3094 2199 3368 2254 aestimans
3396 2199 3545 2256 illum

1955 2297 2094 2338 esca:
2120 2284 2345 2353 penuria
2369 2284 2660 2352 -laborare,
2699 2288 2790 2354 qui
2831 2288 3190 2344 voluntariam
3237 2291 3545 2360 perferebat

1956 2377 2206 2433 esuriem.
2232 2377 2332 2434 Cui
2351 2381 2630 2451 respondit
2657 2379 2915 2436 Dominus
2939 2400 2951 2436 :
2987 2382 3247 2452 Scriptum
3267 2391 3344 2437 est
3371 2400 3387 2436 :
3421 2380 3545 2437 Non

1953 2468 2008 2521 in
2055 2485 2188 2538 parte
2231 2477 2434 2524 tantum
2479 2471 2599 2530 vivit
2639 2471 2809 2533 homo,
2841 2471 2932 2525 sed
2969 2473 3025 2525 in
3063 2473 3204 2527 omni
3250 2472 3399 2527 verba
3444 2469 3544 2526 Dei

1955 2560 2132 2632 (Deut.
2167 2564 2300 2634 vui).
2334 2562 2449 2620 Hoc
2469 2572 2553 2620 est
2579 2563 2761 2619 dicere
2788 2583 2800 2618 :
2826 2563 3066 2632 Frustra,
3091 2564 3323 2632 diahole,
3348 2566 3544 2621 iterum

1953 2669 2051 2722 per
2069 2668 2250 2709 escam
2278 2655 2624 2724 supplantare
2657 2657 2874 2711 conaris
2898 2675 2910 2710 :
2935 2654 3166 2712 sufﬁciat
3191 2656 3284 2710 tibi
3313 2656 3543 2712 suadeli-

237 2746 412 2802 etiam
446 2747 598 2804 edito
625 2747 738 2804 lilio
771 2759 816 2814 ο,
849 2758 1026 2805 mater
1053 2750 1289 2806 exsultat
1317 2759 1375 2805 ut
1403 2751 1571 2820 virgo.
1601 2751 1677 2805 En
1702 2753 1850 2822 jacet
1950 2744 2021 2798 d0
2049 2749 2080 2782 ³
2109 2745 2258 2816 cibos
2305 2747 2524 2824 illicitos
2565 2748 2620 2803 in
2667 2749 2919 2820 paradiso
2963 2748 3130 2802 Adam
3171 2761 3268 2820 per
3297 2758 3350 2805 te
3379 2749 3542 2805 fuisse

239 2837 298 2892 in
327 2839 620 2895 cunabulis
648 2841 923 2912 parvulus,
953 2840 1209 2898 suﬁundit
1229 2843 1480 2916 lacn-mis
1521 2845 1741 2910 vultum,
1773 2845 1847 2899 si.
1947 2835 2257 2907 deceptum.
2289 2835 2401 2894 Nec
2428 2840 2635 2895 esuries
2660 2855 2746 2894 me
2786 2839 2968 2906 vincit,
3001 2856 3101 2895 nec
3139 2841 3244 2895 tuis
3271 2842 3543 2896 suasioni-

238 2930 548 3000 milemque
576 2927 603 2969 ἀ
633 2947 754 2988 esse
779 2933 1088 2989 mortalium
1109 2933 1374 3004 vagitibus
1405 2935 1609 3005 prodit;
1641 2945 1696 2990 et
1724 2951 1844 2991 cum

1950 2926 2048 2982 bus
2085 2927 2098 2965 ί
2135 2927 2292 2996 cedo,
2319 2929 2566 2984 voluntas
2595 2931 2740 2985 enim
2767 2931 2862 2986 Dei
2891 2931 3044 2986 cibus
3071 2940 3154 2986 est
3191 2947 3345 2988 meus
3376 2951 3387 2986 :
3419 2947 3541 2988 ver-

239 3022 382 3078 nihil
410 3023 465 3080 ei
491 3023 560 3078 de
587 3022 810 3079 infantia
832 3024 990 3090 desit,
1023 3026 1167 3082 nulla
1197 3034 1376 3082 tamen
1406 3027 1481 3082 illi
1509 3036 1593 3082 est
1614 3028 1759 3082 velut
1790 3029 1843 3082 in
1945 3019 2074 3074 bum
2101 3018 2234 3075 οείὶ
2275 3021 2408 3075 mihi
2436 3031 2519 3076 est
2559 3021 2798 3092 perfecta
2844 3021 3093 3078 refectio.
3131 3023 3246 3091 Qua
3271 3023 3538 3081 sententia

240 3113 458 3170 infante
484 3117 779 3188 corruptio.
819 3114 1020 3174 Paunis
1047 3119 1254 3174 obsitus
1281 3119 1491 3185 sordet;
1527 3119 1620 3176 sed
1647 3120 1840 3176 coelum

1949 3129 2320 3184 repercussus,
2351 3115 2568 3182 iterum,
2591 3127 2650 3170 ut
2669 3117 2898 3183 aestimo,
2928 3118 3065 3173 dixit
3093 3118 3339 3174 diabolus
3365 3137 3376 3170 :
3400 3116 3539 3186 Quid

241 3207 320 3263 illi
361 3207 522 3264 radio
560 3209 730 3265 stella;
767 3211 988 3267 latior-is
1031 3212 1251 3279 arridet,
1300 3222 1462 3283 atque
1493 3215 1544 3269 in
1575 3215 1839 3270 ιιοηοι-εηι
1868 3192 1914 3255 C
1945 3205 2052 3261 hoc
2076 3206 2158 3260 rei
2177 3215 2281 3272 est,
2305 3207 2462 3262 video
2483 3208 2630 3262 illum
2653 3209 2880 3274 esurire,
2909 3218 2963 3264 et
2982 3211 3357 3265 necessitatem
3382 3209 3403 3248 ¹ι
3430 3225 3539 3267 non

241 3300 419 3371 ipsius
460 3302 839 3358 ministrantes
870 3304 921 3358 ei
961 3305 1137 3374 angeli
1179 3306 1318 3359 inter
1344 3306 1520 3362 sidera
1565 3315 1841 3376 terrasque

240 3401 612 3457 concurrunt,
657 3402 713 3449 et
756 3396 1088 3450 exsultantes
1132 3397 1478 3462 annuntiant,
1529 3412 1689 3466 quam
1732 3413 1839 3452 non

239 3483 496 3554 intelligo
535 3479 852 3543 novitatem.
898 3486 1036 3555 Quid
1077 3487 1181 3544 hoc
1223 3490 1464 3570 miraculi
1506 3490 1626 3543 est?
1672 3487 1842 3545 Video

240 3577 392 3646 quod
439 3577 724 3635 advertere
768 3595 1002 3652 nequeo,
1045 3581 1204 3637 audio
1249 3581 1394 3651 quod
1435 3582 1699 3638 sustinere
1732 3596 1840 3636 non

240 3684 502 3739 possum;
533 3679 592 3726 ut
617 3672 780 3728 homo
801 3681 960 3728 natus
981 3673 1280 3728 honoratur
1301 3683 1360 3727 ut
1384 3674 1544 3727 Deus.
1570 3675 1613 3726 A
1634 3673 1843 3728 saeculis

241 3775 527 3831 nunquam
557 3763 686 3817 mihi
715 3763 820 3818 hoc
844 3764 1088 3830 contigit,
1119 3771 1179 3818 ut
1207 3763 1489 3833 quisquam
1533 3771 1844 3817 nasceretur

239 3851 436 3919 homo,
467 3861 522 3908 et
561 3854 778 3908 humani
823 3854 938 3908 vitii
980 3853 1112 3908 nihil
1146 3855 1389 3909 haberet.
1422 3853 1552 3920 Quae
1589 3855 1701 3909 haec
1733 3863 1842 3909 tam

239 3959 386 3999 nova
432 3953 732 4015 potensque
778 3946 1056 4014 generatio
1101 3947 1220 4001 est?
1265 3945 1410 4000 Inter
1449 3955 1761 4030 peccatores
1788 3955 1844 4003 et

239 4035 447 4106 impios
493 4044 671 4104 natus,
718 4036 934 4091 mortali
974 4037 1140 4092 etiam
1177 4038 1244 4092 de
1289 4046 1460 4092 matre
1507 4053 1839 4109 progressus,

239 4127 530 4198 purgatior
565 4127 771 4183 cunctis
798 4129 1142 4184 nascentibus
1176 4138 1230 4184 et
1269 4130 1385 4200 ipso
1413 4130 1541 4186 mihi
1571 4131 1710 4186 caelo
1739 4147 1839 4201 pu‘

239 4221 358 4275 rior
385 4230 630 4290 apparet.
663 4203 916 4276 Avaritia:
955 4221 1006 4277 in
1051 4237 1118 4278 eo
1150 4223 1302 4278 radix
1349 4223 1493 4278 nulla
1541 4225 1835 4293 consurgit,

239 4312 390 4368 nulla
420 4328 516 4368 cor
539 4313 658 4382 ejus
679 4313 866 4395 pulsat
895 4313 1111 4381 invidia,
1142 4316 1314 4372 nescit
1338 4315 1517 4385 lingua
1547 4316 1663 4385 ejus
1689 4333 1840 4373 men-

239 4404 478 4471 dacium,
510 4407 651 4460 oculi
680 4405 798 4477 ejus
828 4407 1318 4478 concupiscentiam
1366 4425 1475 4464 non
1525 4409 1833 4476 admittunt,

241 4497 389 4553 nulla
420 4499 630 4553 aurium
671 4500 944 4571 voluptate
973 4501 1242 4568 mollitur;
1274 4501 1512 4556 luxuries
1540 4511 1706 4566 certe,
1739 4517 1838 4572 per

1946 3297 2162 3353 invenio
2191 3299 2580 3366 manducandi;
2611 3301 2790 3354 omnia
2813 3309 2871 3355 ut
2893 3301 3058 3355 homo
3095 3302 3314 3371 patitur,
3345 3309 3398 3356 et
3419 3315 3538 3356 om-

1945 3391 2034 3444 nia
2061 3391 2231 3446 vincit
2257 3399 2316 3445 ut
2340 3389 2504 3447 Deus.
2545 3391 2710 3446 Adam
2739 3392 2848 3457 ille,
2885 3392 2979 3446 Dei
3007 3401 3158 3448 certe
3180 3394 3426 3448 manibus
3453 3394 3536 3448 fa-

1945 3490 2084 3549 ctus,
2117 3483 2253 3538 meis
2271 3474 2542 3552 q'uondam
2574 3483 2736 3537 cessit
2764 3482 2987 3547 insidiis,
3028 3483 3118 3538 hic
3147 3491 3302 3538 natus
3326 3498 3356 3536 e
3378 3483 3534 3538 l'emi-

1947 3592 2036 3642 na,
2067 3591 2243 3645 neque
2288 3575 2401 3630 suis
2438 3575 2850 3630 necessitatibus
2886 3573 3138 3640 ﬂectitur,
3180 3590 3358 3644 neque
3403 3576 3538 3630 meis

1947 3666 2186 3721 consiliis
2213 3667 2539 3735 acquiescit;
2572 3665 2718 3721 illum
2742 3667 3009 3736 serpentis
3028 3681 3124 3721 ore
3150 3667 3419 3737 superavi,
3449 3667 3538 3725 hic

1939 3773 2034 3819 me
2061 3757 2224 3827 etiam
2248 3757 2421 3828 ipsum
2460 3757 2769 3825 loquentem
2799 3757 3116 3813 contemnit.
3149 3756 3344 3812 lterum
3373 3758 3537 3814 stanti

1947 3847 2176 3904 Domino
2216 3865 2382 3919 super
2421 3850 2638 3920 pinnam
2670 3849 2854 3920 templi
2883 3850 2959 3904 ait
2990 3867 3002 3903 :
3037 3847 3100 3904 Si
3133 3847 3305 3904 Filius
3333 3849 3432 3905 Dei
3457 3843 3570 3917 es,'

1945 3947 2089 4000 mitte
2110 3953 2158 3998 te
2183 3945 2196 3981 ι
2233 3945 2474 4000 deorsum
2502 3942 2718 4017 (Matth.
2747 3943 2842 4013 iv).
2867 3944 2906 3981 in
2941 3941 3114 4009 Quam
3145 3943 3392 3998 turbatus
3421 3943 3537 3999 hac

1946 4038 2201 4109 loquitur,
2235 4037 2322 4094 cui
2342 4053 2402 4092 se
2431 4045 2582 4107 putat
2609 4036 2968 4108 prtecipitium
3001 4034 3347 4105 persuadere,
3375 4049 3406 4088 a
3426 4047 3536 4104 quo

1945 4132 2077 4187 nihil
2105 4133 2281 4204 potuit
2307 4130 2374 4188 de
2394 4131 2622 4202 panibus
2647 4132 2956 4201 impetrare.
2987 4126 3086 4183 Cui
3119 4127 3476 4199 respondetur
3500 4139 3535 4182 a

1941 4225 2161 4282 Christo
2189 4245 2201 4279 :
2237 4225 2506 4296 Scriptum
2534 4233 2645 4280 est:
2677 4222 2802 4278 Non
2825 4222 3045 4278 tentabis
3067 4211 3348 4296 Dominum
3368 4220 3534 4276 Deum

1944 4331 2084 4374 tuum
2115 4317 2290 4390 (Deut.
2323 4319 2458 4387 vui).
2507 4317 2563 4372 ld
2607 4325 2709 4382 est,
2741 4318 2845 4373 hoc
2872 4314 3018 4386 quod
3055 4314 3268 4380 suades,
3298 4315 3532 4382 diahole,

1943 4412 2256 4466 tentationis
2298 4411 2644 4481 prtesumptio
2683 4417 2784 4476 est,
2820 4424 2924 4464 non
2956 4407 3240 4464 consilium
3269 4415 3297 4443 ’³
3331 4407 3535 4462 sanita-

1942 4506 2030 4570 tis,
2057 4505 2330 4574 jac'tanlia:
2359 4503 2586 4568 vanitas,
2619 4517 2724 4556 non
2765 4501 2980 4556 virtutis
3009 4499 3344 4568 exemplum;
3375 4498 3534 4553 inane

241 4603 404 4659 quam
425 4591 567 4670 jnihi
592 4585 884 4647 humanum
915 4593 1116 4661 subjeci
1143 4607 1330 4663 genus,
1365 4601 1554 4664 pectus
1581 4593 1698 4662 ejus
1725 4609 1832 4648 non
1861 4575 1918 4635 Ῑ)
1942 4606 2026 4652 est
2047 4599 2190 4653 enim
2219 4613 2380 4651 omne
2403 4596 2744 4660 miraculum,
2768 4592 2914 4662 quod
2939 4592 3224 4648 utilitatem
3245 4590 3403 4645 saluti
3423 4605 3534 4648 non

241 4690 422 4752 potest
441 4691 757 4752 penetrare;
781 4683 924 4736 nulla
948 4683 1020 4736 illi
1037 4682 1294 4752 jactantia
1318 4685 1474 4749 inest,
1500 4683 1644 4738 nulla
1669 4694 1691 4721 ε
1717 4699 1833 4738 ma-

244 4774 377 4832 litia.
411 4775 480 4830 Et
507 4775 636 4848 quid
667 4777 855 4847 plura?
885 4776 1023 4832 Nihil
1049 4779 1102 4832 in
1132 4794 1198 4834 eo
1219 4781 1431 4850 reperio
1459 4779 1603 4850 quod
1633 4795 1720 4834 me
1741 4779 1836 4834 de-

243 4866 434 4935 lectet;
468 4885 658 4924 omnes
703 4885 856 4924 meos
903 4879 1131 4925 conatus
1173 4879 1416 4926 evacuat.
1453 4870 1592 4938 Quid
1641 4871 1836 4938 agam?

243 4975 349 5030 quo
377 4978 467 5018 me
495 4963 850 5018 convertam?
871 4962 1173 5018 Fortiorem
1201 4963 1406 5030 sentio;
1437 4973 1568 5034 puto
1601 4963 1751 5018 illum
1781 4963 1834 5017 in

243 5065 406 5122 regno
426 5070 552 5111 meo
572 5055 711 5111 velle
730 5069 979 5125 regnare,
1004 5071 1072 5111 ne
1100 5055 1237 5112 forte
1266 5056 1408 5112 Deus
1434 5057 1502 5111 sit
1531 5058 1650 5123 iste,
1670 5071 1833 5128 quem

446 5280 542 5338 cit.
573 5295 693 5352 cap.
725 5279 760 5333 5
787 5278 856 5335 de
890 5278 1071 5352 Myst.,
1114 5297 1208 5350 pro
1248 5279 1394 5335 nobis
1440 5279 1690 5352 loquendo
1718 5296 1828 5334 cer-

249 5355 506 5504 ωῗιίέοιὲ-
531 5421 1146 5504 Μενιίξξιξοσηρβεοέ...

318 5500 340 5558 s
368 5491 502 5550 Cod.
531 5494 656 5550 Vat.
681 5492 840 5558 1268,
867 5490 1008 5548 'edito
1036 5490 1179 5546 Filio
1209 5490 1327 5546 Dei.
1705 5543 1709 5548 .

313 5557 341 5597 ⁸
367 5561 512 5635 [dem
540 5567 661 5620 cod.
691 5557 841 5635 Van,
883 5562 1206 5635 et_Mart_in.,
1235 5562 1550 5635 similemque
1577 5579 1630 5617 se
1657 5578 1785 5617 esse.

213 5679 218 5682 .
317 5639 342 5701 ξ
365 5631 514 5701 idem
542 5635 661 5690 cod.
693 5634 841 5701 νει,
873 5643 928 5689 et
949 5632 1190 5701 Martin.,
1221 5634 1366 5690 nulla
1391 5631 1653 5688 mollities.

319 5699 340 5740 ¹
360 5700 506 5774 idem
535 5706 656 5761 cod.
687 5699 834 5771 Vat.,
865 5703 1160 5774 persuadet.

317 5779 342 5822 σ
368 5771 513 5831 Idem
532 5775 679 5842 cod.,
703 5793 799 5843 per
821 5771 1010 5849 partem
1037 5775 1174 5830 enim
1201 5791 1317 5830 cum
1340 5775 1445 5830 vult
1475 5786 1694 5832 tentare.

1941 4698 2197 4760 Operatur
2225 4689 2490 4742 humanae.
2520 4683 2586 4738 Et
2611 4685 2715 4739 hac
2739 4683 2954 4738 Domini
2980 4681 3332 4751 responsione
3353 4695 3534 4735 cassa-

1939 4789 2044 4841 tns,
2068 4778 2303 4833 ostendit
2322 4778 2370 4830 ei
2392 4776 2572 4830 omnia
2600 4788 2766 4845 regna
2792 4772 2977 4828 mundi
2997 4779 3052 4828 et
3079 4772 3316 4827 honores
3341 4786 3532 4827 eorum

1938 4869 2125 4925 dicens
2157 4887 2168 4922 :
2196 4866 2323 4922 Haec
2352 4867 2530 4922 omnia
2559 4865 2648 4921 tibi
2679 4865 2830 4932 dabo,
2863 4865 2910 4920 si
2935 4862 3210 4937 precidem
3231 4862 3530 4918 adoraveris

1937 4977 2017 5017 me
2057 4959 2271 5050 (gauli.
2313 4959 2410 5031 tv).
2453 4957 2552 5016 Cui
2595 4959 2792 5014 iterum
2827 4955 3187 5050 respondetur
3218 4973 3230 5008 :
3262 4953 3529 5050 Scriptum

1939 5063 2051 5109 est:
2077 5047 2354 5108 Dominum
2377 5050 2544 5106 Deum
2567 5061 2708 5106 tuum
2735 5049 2998 5117 adorabis,
3029 5057 3080 5102 et
3108 5048 3186 5104 illi
3213 5047 3313 5103 soli
3341 5047 3529 5101 seruies

2006 5275 2030 5314 ¹²
2055 5269 2189 5331 Cod.
2221 5273 2460 5341 Martin.,
2493 5273 2619 5328 cibis
2645 5271 2862 5326 illicitis.

2011 5348 2027 5386 ί
2059 5348 2144 5402 Al.
2175 5347 2347 5402 credo.

2007 5422 2022 5489 _i
2060 5417 2192 5474 Cod.
2223 5415 2571 5489 Camberon.,
2598 5433 2713 5489 mea
2741 5421 2836 5470 est.

2003 5487 2028 5526 ιι
2057 5489 2219 5544 Idem.
2251 5488 2396 5552 cod.,
2428 5483 2490 5542 et
2513 5488 2868 5542 necessitatem
2888 5486 2946 5540 in
2971 5501 3033 5540 eo
3061 5501 3164 5540 non
3185 5483 3406 5539 invenio.

2005 5560 2020 5599 ι
2057 5558 2193 5615 Cod.
2216 5559 2430 5614 Μαι-εἰη.
2461 5559 2608 5613 addit
2634 5559 2817 5680 inlisit.
2991 5582 2999 5593 -
3123 5626 3135 5638 .
3331 5625 3342 5636 ⁸

2005 5641 2038 5670 ιιι
2066 5629 2213 5680 Idem
2243 5629 2387 5680 θοὰ..
2424 5629 2590 5680 Onam
2613 5640 2693 5680 tur
2727 5637 2849 5680 atus
2873 5628 2968 5680 hoc
2996 5627 3240 5680 loquitur.
3261 5640 3342 5678 cut

1998 5641 2038 5670 ιιι
2066 5629 2213 5685 Idem
2243 5629 2388 5695 cod.,
2424 5629 2590 5694 Quam
2613 5627 2849 5683 turbatus
2873 5628 2968 5681 hoc
2996 5627 3240 5698 loquitur,
3261 5627 3342 5678 cui
3371 5632 3519 5695 putat

1926 5705 1974 5757 ci
1995 5719 2050 5756 se
2067 5717 2220 5773 posse
2239 5701 2582 5773 pracipitium
2611 5699 2936 5771 persuadere.

2002 5783 2028 5809 ι·
2059 5772 2142 5828 Al.
2167 5772 2486 5828 sanctitatis.
