4040 6324
547 261 640 318 511
1754 259 1808 313 8.
1851 255 2094 312 MAXIMI

2233 255 2588 312 URINENSIS
3728 247 3839 303 512

546 376 841 432 dubitarint
875 391 942 430 an
982 375 1038 431 S.
1063 372 1346 428 Ambrosio
1376 373 1482 427 sint
1513 373 1837 438 tribuendre;
1871 373 2098 428 alterum
2117 414 2134 438 ,
2164 373 2308 438 quod
2351 386 2538 426 omnes
2567 385 2635 424 ex
2674 369 2864 425 eodem
2894 367 3041 424 fonte
3063 379 3308 438 manasse
3337 363 3592 438 otxerint.
3626 363 3838 438 S_tylutn

545 449 690 503 enim
721 445 1040 503 uniformem
1065 445 1319 500 exhibent
1350 443 1599 514 idemque
1627 435 2019 512 argumentum,
2050 435 2198 514 quod
2227 445 2280 498 in
2312 444 2480 513 prima
2507 440 2729 514 homilia
2759 439 3093 514 proponitur,
3129 439 3181 492 in
3229 435 3435 491 duabus
3465 435 3690 514 reliquis
3716 451 3838 489 am-

547 519 705 590 pliori
734 517 1406 590 e_xpositione_ex_orna_tur,
1427 504 1674 590 adeoque
1689 504 1836 590 inter
1863 531 1925 590 se
1942 504 2286 590 colligantur,
2313 504 2378 568 ut
2405 511 2642 568 secunda
2673 504 2892 590 ιιᾳὴξίῌέ
2915 510 3256 590 ad‘pr‘imam,
3284 517 3340 562 et
3367 507 3525 590 tertia
3547 504 3617 560 ad
3645 520 3839 588 secuti:

545 577 670 644 dam
697 577 1014 644 referantur.
1057 585 1165 642 Sed
1196 577 1401 656 quibus
1420 601 1521 642 nos
1544 577 1865 642 testimoniis
1893 585 1949 642 8.
1978 577 2281 656 Maximum
2297 592 2572 656 auctorem
2619 583 2965 654 probabimus
2980 577 3024 635 Τ
3041 579 3296 635 Fatemur
3321 577 3593 656 equidem,
3624 577 3842 656 nonnisi

545 671 656 730 tres
683 659 896 714 codices
936 675 1034 714 nos
1063 646 1348 730 invenisse,
1373 658 1466 726 qui
1510 657 1651 730 hanc
1675 659 1904 730 primam
1933 658 2209 730 homiliam
2235 655 2293 712 S.
2319 655 2546 730 antistiti
2588 646 2774 730 n'os_tro
2801 660 3068 721 asserunt,
3098 665 3293 730 nempe
3459 647 3528 730 99
3557 646 3616 703 S.
3649 647 3840 730 Qrucis

545 732 598 784 in
624 729 924 800 Jerusalem
945 730 1129 800 homil.
1148 729 1213 783 17
1229 727 1309 783 De
1327 719 1512 782 sancta
1531 719 1960 800 Quadi-ggesima,
1986 728 2160 784 codex
2181 724 2816 800 Laurentiau_us_x,lPlut.
2837 741 2946 790 xtv,
2971 719 3093 795 pag.
3107 719 3326 800 _2M,_et
3348 719 3697 800 :I‘aurinensis
3715 736 3841 800 cum

545 800 702 855 titulo
726 819 738 853 :
772 797 907 871 Γ
927 800 989 854 de
1011 798 1420 871 Quadragesima
1441 791 1618 871 sermo
1633 791 1769 853 ΧΧῖ
1783 799 1840 853 In
1867 808 1968 865 tot,
1996 800 2267 871 tantisque
2285 797 2445 871 codd.
2473 791 2748 871 Vaticanis
2774 812 2884 871 non
2911 791 3149 871 occurrit
3174 793 3331 848 nobis
3347 791 3462 846 hate
3481 791 3719 871 hor-uilia.

547 872 599 925 in
629 872 751 942 cod.
782 870 939 938 I268,
971 860 1094 942 pag.
1127 860 1265 936 56,3
1293 879 1466 938 tergo,
1485 871 1571 926 cui
1593 860 2565 942 Amanuensis'dubitatisjnscripsit:_
2589 867 2669 921 De
2704 868 2885 942 eodem
2901 866 3127 938 jejunio,
3157 873 3213 917 ut
3234 861 3739 942 putaturﬁmbrqsii.
3775 860 3843 942 Et

542 942 662 1014 jure
685 941 782 996 fuit
803 943 903 1011 ipsi
923 931 2002 1014 dubitandum,etfm'perrariadmodum
2018 942 2126 1014 sint
2153 940 2390 1014 codices,
2420 931 2514 1011 qui
2552 940 2773 1014 hanc_et
2802 931 2939 1014 duas
2954 931 3262 1014 sequentes
3282 933 3533 1014 homil'ias
3561 931 3812 1014 referant
3824 949 3839 995 ;

545 1005 618 1065 ita
645 1022 701 1066 ut
726 1005 946 1069 nec'iosi
985 1005 1317 1068 Benedictini
1363 1005 1616 1068 monachi
1644 1012 1880 1068 editores
1906 1012 1973 1067 de
2015 1012 2125 1067 ullo
2164 1011 2355 1067 codice
2377 1005 2513 1066 'm'ss.
2541 1011 2874 1065 mentionem
2899 1007 3132 1069 faciant.
3157 1005 3487 1060 ~Memoratis
3517 1005 3843 1057 testimoniis

546 1082 777 1137 Maximo
799 1073 1212 1153 suifragantibus
1232 1097 1423 1152 graves
1453 1084 1714 1138 accedunt
1733 1083 2080 1152 conjectum,
2108 1097 2478 1154 quarum_una
2501 1089 2584 1154 est
2611 1081 2732 1154 sty_li
2764 1077 3226 1154 similitudo__cum
3258 1073 3616 1154 prmcedenti;
3649 1073 3841 1154 altera.

545 1155 781 1208 studiosa
810 1155 950 1210 inter
965 1144 1137 1224 Vipsas
1181 1144 1428 1208 hdmilias
1456 1154 1748 1222 colligatio,
1779 1144 1898 1223 qlia:
1939 1144 2284 1225 propria-test
2311 1152 2549 1225 Maximi,
2589 1159 2649 1207 ut
2664 1144 2952 1225 Remigius
2981 1144 3273 1225 Ceillerius
3289 1144 3626 1225 observavit;
3660 1144 3841 1225 tertia,

542 1225 666 1305 quia
697 1225 885 1279 harum
917 1217 1249 1306 postremam
1276 1225 1553 1306 humiliari}
1586 1217 2398 1306 :plures-cgdices'conﬁrmant.
2429 1217 2560 1290 Quae
2583 1232 2694 1279 tres
2741 1217 2978 1277 homilizr.
3007 1235 3037 1274 a
3079 1219 3237 1276 nobis
3265 1217 3518 1282 eduntur,
3543 1223 3605 1270 ut
3626 1221 3843 1271 exstant

545 1297 594 1348 in
628 1311 753 1366 opp.
789 1293 960 1351 sancti
986 1296 1252 1352 Ambrosii
1273 1295 1400 1350 edit.
1431 1293 1690 1350 Parisien.
1718 1311 1788 1350 an
1814 1294 1970 1351 1569.

543 1412 935 1463 ΑῐιίῖιέΜΕΝτιέὶι.
954 1443 1024 1451 ——
1051 1408 1240 1463 Christi
1237 1407 1500 1532 fdelibus
1527 1383 1971 1480 quadragesimale
1991 1411 2136 1533 jCeIiu-
2166 1412 2217 1473 Α
2242 1407 2470 1475 fietmur,
2504 1418 2578 1463 tta
2626 1413 2684 1462 ut
2708 1407 2868 1463 citius
2907 1406 3062 1479 115
3107 1413 3407 1477 perveniat,
3454 1417 3547 1473 qut
3593 1399 3844 1458 devotius

613 1483 755 1533 nium
785 1482 1097 1533 suscenturis
1145 1480 1235 1533 red
1271 1483 1375 1533 itur
1402 1480 1534 1533 ratio
1576 1495 1667 1533 cur
1697 1479 1986 1533 huiusmodi
2054 1482 2129 1533 ie-
2239 1500 2492 1533 unum...“
2548 1497 2714 1533 Dnt‘nn
2737 1497 2950 1533 mtas...
2975 1498 3166 1533 .mzmm
3203 1507 3227 1533 ο
3257 1495 3504 1533 nar-nian
3544 1501 3670 1533 clunt
3710 1493 3840 1533 tiam

1271 1497 1375 1533 πω·
1402 1497 1534 1534 ναιιο
1576 1497 1667 1533 cur
1697 1497 1986 1534 numsmoat
2017 1497 2129 1534 ate-

613 1483 755 1533 nium
785 1482 1097 1551 suscepturis
1145 1479 1375 1551 redditur
1402 1479 1548 1534 ratio
1576 1495 1667 1551 cur
1697 1479 1986 1550 hujusmodi

614 1568 725 1603 rum
762 1567 972 1604 numero
1002 1551 1248 1622 indictum
1276 1550 1344 1604 sit
1364 1550 1646 1622 jejunandi
1673 1561 2014 1620 prleceptum;
2049 1552 2132 1605 iu-

615 1624 773 1692 deque
802 1623 1040 1692 cognosci
1061 1621 1427 1676 ecclesiasticae
1443 1622 1569 1691 legis
1591 1622 1753 1690 origo.
1785 1633 1834 1675 et
1855 1639 1886 1675 a
1914 1623 2131 1692 majori-

615 1690 703 1744 bus
723 1690 913 1746 tradita
941 1690 1263 1746 observantia
1287 1702 1470 1762 potest.

611 1873 826 1940 Sancte
852 1870 1283 1941 Quadragesimtc
1323 1873 1620 1940 rationem,
1649 1873 1800 1943 cujus
1827 1873 1988 1929 hodie
2035 1874 2132 1928 ini-

542 1965 674 2019 tium
704 1965 1058 2030 celebramus,
1097 1965 1407 2035 frequenter
1453 1966 1744 2032 edidimus,
1779 1975 1831 2020 et
1876 1976 1902 2004 ⁸
1931 1983 2027 2023 cur
2054 1976 2134 2023 tot

541 2055 748 2111 dierum
789 2071 1014 2112 numero
1048 2056 1352 2126 jejunemus
1393 2075 1533 2130 smpe
1561 2059 2134 2126 docuimus.,Diximus

539 2149 682 2203 enim
718 2148 861 2220 quod
918 2149 1176 2205 Dominus
1216 2150 1371 2208 Jesus
1423 2151 1666 2209 Christus
1707 2155 1846 2210 hunc
1885 2157 2131 2210 eumdem

539 2229 820 2295 numerum
846 2229 1038 2310 jejunii
1061 2246 1487 2311 consecraverit,
1514 2256 1568 2300 et
1591 2247 1918 2301 continuatis
1947 2246 2134 2302 diebus

538 2322 1027 2402 noctibusquenon
1058 2335 1278 2405 capiens
1307 2337 1503 2402 cibum,
1537 2354 1703 2392 unum
1726 2337 1913 2408 jejunii
1939 2355 2134 2410 corpus

540 2426 796 2490 effecerit,
839 2426 944 2482 hoc
973 2434 1075 2491 est,
1109 2428 1233 2484 licet
1272 2429 1377 2485 diei
1407 2431 1541 2486 ordo
1578 2432 1751 2486 noctis
1772 2433 2133 2503 interrumpe-

540 2523 689 2569 retur
717 2515 969 2580 adventu,
1001 2533 1108 2573 non
1137 2527 1317 2576 tamen
1348 2522 1680 2593 interruptus
1709 2531 1792 2577 est
1817 2523 1950 2578 ordo
1988 2524 2131 2594 jeju-

539 2606 630 2659 nii.
664 2604 815 2661 Unde
844 2617 999 2663 erant
1029 2609 1170 2679 apud
1213 2626 1335 2665 eum
1367 2612 1595 2681 plurima
1626 2621 1928 2683 temporum
1957 2615 2130 2669 curri-

539 2700 677 2766 cula,
712 2701 807 2756 sed
851 2701 1189 2759 abstinentia:
1226 2705 1341 2760 dies
1390 2722 1518 2770 una,
1561 2707 1849 2763 ostendens
1874 2708 2028 2763 nobis
2055 2709 2131 2764 ita

2233 1500 2514 1572 jejunavit.
2547 1497 2718 1556 Pedes
2736 1497 2954 1570 quidam
2973 1498 3166 1553 animae
3203 1507 3227 1535 ο
3257 1495 3506 1568 pernices
3544 1501 3673 1550 sunt
3707 1493 3842 1549 ﬁdes

2238 1603 2402 1664 atque
2418 1592 2682 1664 jejunium
2704 1611 2715 1646 :
2749 1592 2841 1661 qui
2869 1591 2978 1647 cito
2993 1590 3062 1646 de
3089 1589 3380 1646 humilibus
3399 1587 3466 1643 ad
3487 1587 3681 1642 altiora
3705 1601 3842 1642 con-

2237 1685 2526 1751 scendunt,
2562 1685 2671 1740 cito
2698 1683 2767 1739 de
2794 1683 3024 1738 terrenis
3045 1681 3114 1736 ad
3133 1680 3374 1737 cmlestia
3395 1678 3736 1749 gradiuntur.
3769 1677 3845 1733 De

2239 1779 2322 1834 his
2360 1777 2590 1848 pedibus
2623 1776 2642 1814 ί
2673 1776 2803 1832 dicit
2831 1774 3124 1846 Apostolus
3162 1791 3175 1826 :
3224 1771 3394 1837 Quam
3421 1771 3640 1843 speciosi
3687 1769 3844 1842 pedes

2235 1871 2702 1943 euangelizandum
2720 1868 2856 1925 bona
2879 1867 3057 1939 (Rom.
3086 1866 3165 1940 x).
3194 1865 3306 1922 Hos
3327 1865 3492 1937 pedes
3513 1865 3679 1919 lavari
3703 1878 3843 1936 prac-

2238 1965 2383 2034 cepit
2404 1963 2682 2028 Dominus,
2709 1961 2849 2017 sicut
2870 1960 3160 2032 Apostolus
3187 1960 3263 2014 ait
3289 1958 3357 2013 de
3383 1957 3544 2013 vidua
3573 1975 3586 2011 :
3622 1954 3683 2012 Si
3717 1975 3844 2011 sau-

2238 2067 2435 2109 clarum
2478 2054 2633 2127 pedes
2662 2056 2784 2110 lavit
2815 2053 2888 2124 (Ι
2913 2053 3044 2108 Tim.
3075 2055 3192 2122 ιιι).
3240 2051 3393 2121 Digni
3440 2051 3584 2107 enim
3634 2051 3844 2106 honore

2239 2147 2721 2217 evangelizantium
2749 2162 2940 2218 pacem
2989 2146 3154 2217 pedes
3196 2154 3352 2209 sunt;
3397 2145 3489 2214 qui
3535 2144 3844 2215 spirituales

2239 2254 2302 2293 ac
2333 2239 2487 2294 nitidi
2509 2239 2758 2295 doctrina
2797 2254 2958 2310 super
2995 2238 3273 2294 hominum
3299 2236 3463 2292 corda
3493 2237 3836 2306 gradiuntur.

2238 2330 2601 2401 Quadraginta
2631 2331 2794 2386 etiam
2816 2339 2872 2386 et
2899 2330 3126 2385 duorum
3155 2330 3365 2385 dierum
3409 2344 3637 2384 numero
3677 2327 3842 2386 Israel

2239 2425 2468 2495 populus
2495 2417 2743 2497 pervenit
2791 2423 2860 2480 ad
2888 2422 3089 2479 ﬂuenta
3126 2421 3407 2490 Jordanis;
3465 2433 3490 2471 8
3539 2422 3843 2493 eodemque

2238 2517 2446 2572 dierum
2462 2517 2667 2573 circulo
2687 2517 3022 2573 Christianus
3042 2516 3272 2586 populus
3293 2515 3536 2586 pervenit
3558 2514 3623 2570 ad
3640 2515 3841 2570 ﬂuenta

2237 2609 2596 2680 baptismatis.
2629 2607 2698 2664 Et
2725 2609 2864 2665 sicut
2891 2609 2966 2663 ait
2998 2608 3261 2679 propheta
3294 2626 3306 2661 :
3335 2606 3593 2662 Jerdanis
3621 2623 3843 2662 conver-

2237 2721 2324 2759 sus
2368 2715 2444 2759 est
2490 2714 2770 2759 retrorsum
2795 2702 2974 2775 '(Psal.
3019 2702 3195 2773 cxm);
3222 2699 3251 2738 ¹¹
3284 2701 3391 2756 illic
3422 2701 3734 2756 introeunte
3766 2699 3842 2755 Is-

538 2809 638 2849 nos
658 2793 800 2850 hunc
821 2813 1100 2853 numerum
1125 2799 1390 2869 integrum
1408 2799 1653 2869 jejunare
1675 2801 1897 2870 debere;
1931 2813 1990 2858 ut
2007 2805 2134 2874 quia
2161 2807 2210 2868 Β
2237 2800 2428 2855 raelita
2451 2800 2505 2854 in
2532 2812 2726 2870 aquam
2751 2795 2983 2853 ﬂuminis
3009 2796 3148 2851 unda
3177 2793 3495 2866 superfugit,
3511 2795 3599 2849 hic
3619 2793 3843 2849 descen-

539 2894 707 2940 totam
737 2885 1210 2958 Quadragesimam
1249 2893 1531 2962 complecti
1582 2909 1689 2948 non
1729 2911 2012 2964 possumus
2039 2914 2132 2953 so-

539 2975 668 3041 lido,
699 2986 754 3032 et
784 2994 889 3034 uno
905 2979 1134 3050 jejunio,
1167 2983 1253 3038 vel
1282 2985 1607 3052 quotidianis
1635 2987 1878 3043 eamdem
1907 2990 2023 3045 sine
2051 2991 2133 3046 in-

539 3067 878 3124 termissione
919 3071 1137 3141 jejuniis
1184 3074 1562 3131 celebremus:
1598 3077 1623 3116 b
1656 3087 1712 3133 ut
1755 3081 1802 3136 si
1849 3083 2131 3153 quisquam

541 3174 701 3213 unam
723 3159 866 3216 diem
895 3162 1212 3219 abstinendo
1242 3169 1662 3235 pnctermiserit,
1694 3179 1864 3227 totam
1887 3172 2128 3240 Quadra-

542 3253 803 3320 gesimam
833 3255 1067 3324 violarit,
1093 3266 1147 3312 et
1176 3268 1398 3329 propter
1421 3263 1614 3318 modici
1647 3266 1902 3336 temporis
1929 3267 2128 3334 cibum,

538 3347 717 3415 magni
760 3345 988 3403 fructum
1016 3349 1214 3404 laboris
1243 3353 1499 3412 amiserit.
1539 3353 1644 3410 Sed
1692 3357 1833 3413 dicet
1885 3361 2079 3430 aliquis
2112 3381 2124 3414 :

537 3432 969 3506 Quadragesimae
989 3439 1274 3508 aliquoties
1287 3444 1591 3512 accepimus
1610 3447 1896 3514 rationem,
1927 3458 1982 3502 et
2009 3465 2128 3505 eam

535 3537 909 3583 consecratam
959 3546 992 3584 a
1030 3529 1257 3587 Domino
1308 3533 1616 3604 frequenter
1657 3539 1956 3595 audivimus
1989 3561 1999 3594 :
2033 3543 2127 3599 sed

535 3634 632 3674 cur
679 3621 869 3677 eadem
921 3622 1338 3694 Quadragesima
1385 3631 1739 3702 quadraginta
1775 3646 1795 3673 ο
1828 3635 1962 3691 duos
2013 3637 2128 3694 dies

536 3711 732 3766 habeat
774 3713 960 3770 audire
1006 3720 1281 3785 gestimus.
1327 3721 1576 3791 Legimus
1616 3727 1668 3780 in
1705 3726 1883 3782 Veteri
1937 3729 2123 3787 Testa-
2162 3760 2164 3762 τ

536 3811 719 3858 mento
747 3803 923 3874 (Deut.
953 3809 1157 3880 xum),
1182 3827 1302 3866 cum
1325 3824 1540 3873 sanctus
1562 3816 1773 3888 Moyses
1802 3820 1938 3877 filios
1961 3823 2123 3880 Israel

533 3895 600 3949 de
624 3895 754 3964 jugo
785 3895 1050 3971 {Egyptiae
1095 3905 1422 3973 captivitatis
1451 3917 1684 3975 emeret,
1719 3919 1778 3964 ut
1821 3911 1874 3964 in
1920 3921 2122 3968 terram

534 4003 631 4044 eos
645 3993 1074 4060 repromissionis
1104 3995 1398 4065 induceret,
1430 4001 1782 4072 quadraginta
1813 4013 1868 4058 et
1893 4005 2121 4062 duorum

533 4079 741 4136 dierum
765 4098 888 4139 eum
914 4086 982 4141 ad
1009 4099 1360 4145 memoratam
1385 4101 1581 4147 terram
1612 4096 1980 4153 mansionibus
1997 4112 2121 4167 per-

2237 2893 2398 2948 dente
2428 2893 2482 2948 in
2505 2891 2710 2947 fontem
2737 2888 3045 2946 Christiano
3065 2930 3080 2955 ,
3109 2888 3392 2945 criminum
3422 2896 3645 2958 peccata
3674 2885 3838 2941 diﬂ‘u-

2235 2988 2404 3056 giunt.
2433 2986 2501 3042 Et
2542 2987 2736 3041 mirum
2768 2986 2876 3042 illic
2900 2966 3199 3042 retrorsum
3238 2999 3532 3040 conversus
3560 2981 3760 3039 ﬂuvius
3787 2984 3838 3038 in

2235 3081 2497 3150 originem
2518 3096 2670 3136 suam
2700 3078 2715 3118 ί
2745 3079 3036 3135 revertitur
3061 3096 3073 3132 :
3107 3078 3195 3134 hic
3223 3078 3575 3149 imposterum
3605 3093 3838 3134 revoca-

2235 3186 2319 3230 tus
2358 3175 2522 3230 homo
2572 3175 2626 3228 in
2676 3172 2898 3242 originis
2925 3187 3036 3227 suae
3083 3170 3362 3226 infantiam
3412 3178 3711 3243 reparatur.
3761 3168 3840 3228 Ibi

2233 3267 2434 3323 fontem
2469 3282 2646 3333 suum,
2690 3267 2757 3321 de
2782 3281 2890 3336 quo
2927 3266 2939 3315 i
2979 3278 3196 3333 egressa
3231 3263 3426 3330 fuerat,
3450 3263 3594 3320 unda
3620 3263 3839 3335 perqui-

2232 3362 2337 3417 rit:
2369 3362 2457 3417 hic
2482 3361 2754 3417 hominem
2783 3376 2969 3426 suum,
3007 3375 3036 3414 a
3081 3376 3190 3431 quo
3233 3360 3459 3424 exierat,
3513 3360 3864 3417 innocentia-

2233 3455 2587 3523 recognoscit.
2622 3454 2698 3510 Ibi
2728 3455 3039 3510 exinanitur
3072 3453 3259 3509 alveus
3286 3450 3558 3520 ﬂuctibus,
3589 3452 3678 3508 hic
3701 3468 3836 3508 eva-

2232 3556 2459 3604 cuantur
2473 3548 2636 3605 corda
2660 3548 3004 3613 criminibus;
3035 3548 3109 3602 ita
3139 3554 3199 3602 ut
3221 3561 3408 3604 servos
3432 3546 3528 3602 Dei
3551 3545 3657 3601 illic
3683 3559 3830 3616 aqua

2230 3657 2447 3698 caenosa
2466 3658 2576 3697 non
2599 3640 2855 3708 madidet,
2871 3641 2958 3696 hic
2985 3640 3216 3696 famulos
3231 3640 3328 3696 Dei
3346 3639 3372 3678 ¹ι
3392 3640 3720 3696 conscientia
3753 3649 3836 3696 te-

2233 3747 2312 3792 tra
2335 3753 2441 3791 non
2475 3734 2696 3808 polluat.
2724 3734 2974 3792 Jordanis
3001 3736 3144 3790 enim
3172 3734 3393 3806 quidam
3419 3744 3502 3790 est
3531 3735 3652 3790 fons
3676 3733 3833 3788 lava-

2229 3830 2324 3894 eri,
2357 3843 2455 3898 per
2473 3843 2636 3898 quem
2664 3827 2756 3896 qui
2787 3827 3116 3892 transiverit,
3147 3826 3352 3882 relictis
3376 3825 3646 3890 sordibus,
3677 3839 3835 3895 para-

2227 3921 2402 3976 disum
2429 3919 2864 3992 repromissionis
2891 3918 3202 3988 ingreditur.
3227 3917 3286 3972 In
3313 3919 3416 3973 hoc
3439 3931 3570 3986 ergo
3597 3914 3834 3987 quadra-

2227 4015 2451 4083 genario
2500 4021 2554 4068 et
2595 4011 2740 4067 duali
2794 4025 3020 4067 numero
3053 4009 3217 4066 Israel
3248 4010 3482 4081 populus
3518 4008 3834 4078 relinquens

2233 4105 2544 4176 Egyptum,
2578 4103 2746 4158 Rubri
2793 4103 2956 4158 maris
2995 4101 3195 4159 ﬂuenta
3249 4102 3613 4168 transcendit,
3643 4109 3702 4156 et
3726 4116 3833 4157 nos

532 4176 764 4242 venisse,
797 4186 1051 4250 tantoque
1079 4179 1103 4219 ἀ
1140 4183 1287 4238 illum
1310 4191 1614 4256 temporum
1645 4203 1868 4243 numero
1890 4190 2119 4259 potitum
2149 4185 2195 4249 C
2226 4213 2442 4269 quoque
2455 4197 2510 4252 in
2535 4197 2653 4267 ipso
2671 4211 2896 4252 numero
2922 4196 3291 4266 relinquentes
3309 4195 3495 4250 mundi
3508 4194 3827 4267 JEgyptum,

530 4282 652 4324 esse
671 4272 966 4340 promissis,
990 4284 1191 4346 quanto
1217 4285 1272 4331 et
1301 4294 1399 4334 nos
1428 4280 1704 4349 promissis
1753 4282 1906 4336 nobis
1935 4299 1964 4336 a
2000 4283 2120 4339 Sal—

532 4367 718 4418 vatore
745 4364 945 4434 perfrui
971 4369 1322 4436 gratulamur.
1353 4370 1574 4438 Eodem,
1627 4374 1864 4442 inquam,
1898 4392 2122 4433 numero

533 4452 743 4526 Moyses
769 4473 867 4528 per
911 4461 1218 4517 mansiones
1247 4465 1492 4533 pervenit
1542 4466 1608 4519 ad
1640 4468 1897 4536 requiem,
1931 4486 2039 4541 quo
2069 4480 2124 4527 et

532 4563 630 4602 nos
652 4563 748 4619 per
769 4550 974 4621 jejunia
1010 4569 1362 4625 properamus
1387 4556 1454 4610 ad
1487 4558 1700 4614 coelum.
1739 4559 1946 4630 Jejunia
1978 4565 2121 4621 enim

530 4649 712 4695 nostra
742 4645 1050 4700 mansiones
1081 4647 1324 4717 quredam
1368 4657 1520 4714 sunt,
1553 4666 1650 4720 per
1685 4668 1804 4724 qua:
1833 4655 1936 4709 iter
1962 4656 2119 4726 spiri-

531 4729 748 4786 tualiter
786 4731 1043 4791 facientes
1095 4738 1286 4791 animae
1326 4737 1613 4796 virtutibus
1660 4744 2014 4816 ambulamus,
2065 4757 2122 4804 et

531 4821 724 4877 diurno
752 4824 995 4895 profectu
1015 4828 1352 4896 repromissa:
1367 4830 1522 4886 nobis
1551 4840 1706 4888 terrm
1726 4837 2012 4893 viciniores
2039 4841 2120 4894 ef—

571 4966 630 5038 ,ι
669 4955 804 5013 Cod.
851 4957 919 5012 99
965 4960 1021 5014 S.
1067 4960 1253 5018 Crucis
1302 4965 1354 5018 in
1403 4965 1512 5022 Jer.
1547 4969 1675 5036 legit
1714 4987 1805 5023 cur
1854 4981 2116 5027 tantorum

525 5027 728 5083 dierum
747 5045 978 5085 numero.

601 5097 629 5137 δ
665 5097 802 5180 god.
827 5099 974 5180 Eat;
985 5100 1142 5180 12338,
1171 5114 1226 5180 at
1247 5107 1292 5180 si
1319 5110 1587 5180 quisquam
1614 5128 1770 5165 unum
1793 5113 1944 5167 diem.

601 5181 623 5252 ξ
663 5167 799 5252 god.
827 5169 1215 5252 Erycis
1256 5177 1310 5231 in
1331 5167 1458 5233 Ἶρι-ί
1495 5181 1642 5236 addit
1697 5184 2010 5252 particulam
2047 5195 2115 5238 et.

597 5240 626 5323 f1
833 5239 954 5323 Y'at.
1170 5252 1532 5323 tapfoquqillo
1570 5239 1852 5323 templorum
1882 5271 2113 5310 numero.
2143 5307 2145 5311 ,

601 5321 625 5349 ο
647 5309 817 5365 Codd.
843 5311 966 5394 vat.
993 5309 1202 5371 1268⁷61,
1222 5315 1290 5370 99
1310 5309 1364 5374 8.
1390 5320 1575 5377 Crucis
1598 5325 1648 5377 in
1670 5309 1803 5386 der"
1834 5342 1926 5396 per
1945 5309 2116 5380 iaces;

527 5401 621 5491 ms!
640 5396 1136 5540 ρὲἓίέἴηῷῗδᾶξπίι
1163 5460 1439 5540 ᾼροδιοζηε
1469 5480 1485 5516 .’
1525 5463 2004 5540 Euangelizautium
2029 5486 2119 5540 pa-

525 5522 1332 5607 cem“erqugelizantiumhbona.
1357 5532 1435 5588 Ita
1463 5545 1518 5588 et
1539 5537 1657 5591 cod.
1674 5522 1805 5591 "Vat.

600 5604 624 5639 ις
651 5590 936 5680 findet—triti
957 5599 1076 5652 cod.
1111 5597 1178 5652 99
1218 5602 1430 5680 legitur,
1463 5590 1638 5680 eorum
1681 5590 1876 5680 quoque
1915 5611 2111 5666 dierum

525 5663 797 5746 curriculo.
817 5662 953 5746 _Vat.
982 5684 1136 5746 vero,
1147 5662 1335 5746 eodem
1352 5662 1548 5746 quoque
1571 5662 1769 5740 dierum
1793 5662 2009 5737 tacuit};

597 5736 625 5772 ’³
648 5732 702 5790 In
733 5734 923 5792 eodem
953 5741 1070 5796 cod.
1108 5740 1193 5806 99,
1214 5744 1320 5799 illic
1339 5732 1629 5802 introeunte
1652 5732 2111 5808 israelitiruulebe

2225 4290 2484 4360 gehennae
2513 4288 2749 4345 ardentis
2776 4291 2934 4362 116
2960 4298 3149 4358 stagna
3171 4290 3483 4345 transimus.
3522 4288 3538 4327 ι
3569 4288 3678 4344 Illis
3701 4287 3830 4343 soli-

2225 4382 2384 4437 datur
2411 4396 2570 4452 aqua,
2625 4380 2785 4436 nobis
2827 4379 3128 4451 refrigescit
3177 4380 3512 4448 incendium;
3557 4389 3612 4435 et
3633 4387 3828 4435 contra

2226 4483 2432 4529 naturae
2454 4488 2609 4529 usum
2635 4487 2735 4544 per
2761 4480 2950 4528 aestum
2999 4473 3233 4529 siccatur
3269 4487 3447 4539 mare,
3479 4487 3579 4542 per
3618 4469 3828 4526 fontem

2227 4569 2475 4640 baptismi
2522 4569 2768 4638 gehenna
2814 4568 3067 4624 mitescit.
3101 4569 3157 4624 In
3191 4570 3315 4635 hoc,
3341 4570 3560 4640 inquam
3591 4566 3828 4640 mystico

2226 4675 2450 4716 numero
2501 4660 2593 4715 ﬁlii
2643 4658 2809 4715 Israel
2851 4662 3229 4730 pervenientes
3270 4660 3337 4716 ad
3373 4661 3664 4733 myrrham,
3696 4674 3826 4714 cum

2227 4767 2337 4822 prie
2357 4751 2713 4807 amaritudine
2741 4765 2932 4821 aquam
2955 4753 3174 4810 haurire
3197 4769 3307 4810 non
3321 4762 3552 4824 possent
3565 4753 3825 4825 (habebat

2230 4844 2372 4898 enim
2403 4843 2524 4902 fons
2551 4860 2766 4916 aquam,
2797 4845 2892 4901 sed
2911 4846 3247 4903 dulcedinem
3271 4863 3377 4903 non
3405 4847 3672 4912 habebat;
3705 4853 3824 4900 erat

2224 4978 2279 5099 itu
2330 4994 2496 5099 (aquas
2543 4980 2794 5050 ﬂuminis,
2849 4979 2991 5034 unda
3045 4980 3373 5055 subterfugit,
3430 4997 3566 5034 nunc
3607 4979 3822 5034 descen-

2263 5063 2324 5099 en
2347 5066 2394 5099 e.
2426 5059 2531 5099 etc.

2263 5057 2394 5110 ente,
2426 5059 2531 5106 etc.

2303 5120 2314 5154 ¹
2345 5118 2478 5175 Cod.
2503 5121 2651 5187 Vat.,
2673 5125 3003 5179 convertitur.

2299 5189 2479 5314 liliod.
2523 5192 2670 5259 Vat.,
2722 5193 2787 5247 de
2825 5211 2925 5266 quo
2973 5213 3208 5269 egressus
3255 5197 3455 5268 fuerat,
3506 5195 3645 5248 unda
3697 5211 3818 5266 per-

2299 5279 2356 5314 m
2387 5303 2400 5314 .

2523 5333 2582 5388 S.
2613 5332 2801 5394 Crucis
2847 5339 2900 5393 in
2937 5338 3174 5417 Jerusal.
3213 5338 3409 5417 legitur
3440 5340 3512 5392 ita
3531 5345 3606 5417 _ut
3627 5351 3818 5417 fer-ros

2221 5391 2320 5459 Dei
2340 5405 2448 5482 illic
2469 5422 2604 5482 aqua
2632 5391 3601 5482 comosanou—madidet,hicqfamulos
3623 5406 3816 5482 Christi

2225 5478 2538 5600 ῗιέγέἓεὶεηιὶα
2563 5488 2764 5534 terrena
2793 5497 2896 5535 non
2925 5483 3141 5554 polluat.
3173 5481 3246 5535 Id.
3280 5477 3442 5538 etiam
3475 5480 3526 5532 in
3547 5478 3669 5532 cod.
3691 5477 3814 5530 Vat.

2300 5589 2641 5696 1WIEodemin
2665 5623 2784 5696 cod.
2815 5621 2901 5696 99,
2935 5625 3063 5679 Illos
3083 5629 3137 5682 in
3164 5621 3574 5696 [lu-ctibusunda
3604 5628 3813 5696 susten-

2221 5697 2314 5754 tat,
2357 5707 2457 5764 _uos
2486 5693 2539 5764 iu
2570 5694 2775 5764 ignibus
2811 5695 3025 5763 ﬂamma
3074 5693 3175 5750 non
3215 5698 3346 5750 urit'
3378 5693 3484 5748 illis
3535 5693 3812 5757 solidatur,

2218 5767 2321 5814 etc.
2357 5761 2430 5814 Ita
2458 5761 2618 5817 etiam
2651 5765 2769 5819 Vat.
2797 5761 2952 5822 {9.68.
