4040 6324
579 273 689 344 319

1779 286 1836 340 S.
1874 283 2114 338 MAXIMI
2153 281 2601 338 TAURINENSIS

3731 271 3826 337 ω)

583 405 827 476 phorum.
857 402 1006 457 Prius
1029 407 1206 454 autem
1228 413 1387 470 quam
1419 397 1673 454 tollantur
1691 399 1900 468 palmze,
1925 398 2026 452 iter
2049 397 2156 452 Do-
2184 405 2236 464 Α
2264 396 2411 451 velut
2439 405 2462 434 ο
2491 395 2666 450 fontes
2694 392 2965 464 purissimi
3003 394 3174 462 gratia
3203 389 3596 465 praemcatioms
3645 403 3808 449 exuue

582 495 712 549 mini
737 508 902 562 usque
927 491 995 546 ad
1033 491 1290 561 templum
1330 489 1711 560 discipulorum
1738 489 1977 543 vestibus
2023 502 2156 558 ope-

581 587 732 648 ritur,
761 593 814 639 et
837 593 893 639 ut
915 583 1189 653 impolluta
1216 583 1286 638 sit
1309 583 1500 637 semita
1529 581 1843 648 Salvatoris,
1888 581 2160 651 apostolo-

579 691 697 730 rum
726 675 1004 730 amictibus
1031 675 1409 729 communitur.
1451 673 1604 741 Quod
1628 673 1844 743 quidem
1885 674 1938 727 in
1967 680 2160 744 myste-

578 769 716 822 rium
759 767 954 823 factum
994 775 1141 838 puta.
1173 765 1270 822 Via
1299 767 1444 821 enim
1479 765 1696 832 Christi,
1741 780 1859 834 quze
1901 764 2044 818 ducit
2092 764 2160 818 ad

578 859 860 928 templum,
900 856 1029 913 ﬁdes
1057 858 1173 927 ejus
1209 866 1291 912 est
1318 866 1480 926 atque
1519 856 1782 911 doctrina.
1828 853 1974 909 Hanc
2003 854 2161 921 igitur

577 954 718 1006 viam
755 952 1032 1021 discipuli,
1078 959 1138 1005 ut
1187 967 1285 1007 nos
1333 951 1449 1006 sine
1497 948 1792 1005 offensione
1833 947 2156 1016 gradiamur,

582 1044 808 1097 amictus
839 1044 1042 1114 pr0prii
1072 1043 1316 1113 corporis
1336 1049 1617 1106 exuentes,
1646 1055 1743 1095 suo
1773 1047 2012 1093 stravere
2028 1051 2162 1091 mar-

579 1134 751 1205 tyrio,
793 1141 853 1188 ut
898 1134 1037 1187 inter
1076 1134 1411 1188 diversarum
1453 1131 1692 1201 gentium
1739 1128 1920 1183 turbas
1943 1126 2161 1196 justitiae

577 1225 823 1279 semitam
848 1225 1210 1279 membrorum
1241 1238 1460 1278 suorum
1489 1221 1808 1276 vestimenta
1837 1217 1994 1289 124
2019 1217 2162 1272 "sub-

577 1323 839 1381 sternant,
872 1323 929 1370 et
957 1329 1230 1370 ccenosam
1259 1323 1286 1351 ι
1336 1313 1754 1385 myrrhaginem,
1796 1309 1982 1364 mund'l
2030 1323 2162 1379 ope-

577 1409 740 1474 riant,
765 1416 820 1462 et
861 1408 1196 1478 impollutam
1221 1407 1362 1462 viam
1409 1405 1704 1461 Salvatoris
1741 1403 2044 1459 ostendant.
2079 1401 2161 1456 Ad

579 1497 862 1554 duodecim
886 1513 1016 1568 ergo
1043 1497 1216 1553 fontes
1247 1506 1371 1568 post
1397 1497 1424 1536 ι’
1456 1496 1729 1568 myrrham
1755 1495 1903 1549 venit
1931 1493 2162 1564 populus

581 1588 763 1644 Israel.
799 1589 1046 1658 Legimus
1073 1590 1126 1643 in
1155 1591 1415 1660 propheta
1451 1607 1462 1641 :
1506 1587 1798 1642 Benedicite
1850 1587 2069 1641 Domino
2099 1585 2161 1640 de

582 1679 808 1751 fontibus
836 1678 1004 1734 Israel
1032 1679 1220 1752 (Psal.
1250 1696 1388 1735 vau
1412 1681 1452 1751 ).
1487 1667 1743 1733 Dominus
1782 1677 2027 1731 Christus
2055 1685 2157 1742 est,

2259 494 2404 558 rant,
2434 496 2490 544 et
2536 496 2657 558 post
2696 487 3109 544 amaritudinem
3149 489 3281 556 legis
3323 502 3578 543 venarum
3623 501 3826 540 suarum

2259 583 2408 651 larga
2432 581 2696 652 sapientia
2735 582 3059 637 sacramenti
3105 581 3299 652 pocula
3341 579 3679 635 dulcedinem
3721 579 3826 633 stil-

2258 675 2391 729 lant.
2442 674 2551 730 Nec
2595 675 2811 741 mirum,
2856 675 2900 731 si
2944 682 3105 745 potus
3150 673 3320 730 dulcis
3369 682 3451 730 est
3499 672 3744 740 fontium,
3782 676 3825 730 in

2259 781 2486 835 quorum
2531 766 2654 820 sinu
2692 765 2843 821 cibus
2891 763 3104 820 dulcior
3131 773 3216 820 est
3255 765 3575 836 palmarum.
3603 765 3828 836 Apostoli

2260 871 2388 925 ergo
2418 863 2542 911 sunt
2569 856 2773 922 fontes,
2803 856 2896 926 qui
2929 857 3095 912 totius
3143 865 3298 912 terrae
3345 856 3552 923 faciem.
3583 857 3824 912 doctrinm

2260 963 2370 1002 suae
2397 945 2617 1003 flumine
2641 948 2981 1017 rigaverunt,
3013 956 3069 1004 et
3093 949 3328 1018 fatigatis
3356 949 3596 1018 gentium
3637 948 3830 1019 populis

2261 1050 2446 1112 potum
2473 1041 2640 1096 divini
2666 1041 2906 1112 mysterii
2943 1041 3313 1112 pr0pinarunt.
3355 1040 3707 1112 Septuaginta
3737 1055 3823 1094 au-

2261 1139 2370 1187 tem
2415 1132 2620 1202 palmas
2650 1131 2805 1201 juxta
2853 1131 3027 1187 fontes
3071 1132 3396 1205 apostolicos
3423 1140 3728 1200 generatas,
3753 1146 3828 1185 se-

2260 1223 2706 1294 ptuaginta'illos
2752 1221 3019 1293 dicipulos
3064 1221 3314 1290 dixerim,
3359 1223 3453 1292 qui
3501 1222 3737 1278 secundo
3773 1223 3828 1276 ab

2262 1315 2518 1384 apostolis
2538 1311 2706 1382 gradu
2739 1321 2964 1384 propter
2985 1313 3211 1368 salutem
3255 1312 3535 1368 hominum
3561 1329 3594 1367 a
3621 1311 3828 1366 Domino

2261 1405 2562 1475 diriguntur
2595 1424 2608 1458 ε
2643 1421 2780 1476 quos
2808 1405 2980 1461 Lucas
3005 1403 3346 1474 Evangelista
3374 1403 3523 1477 (Cap.
3551 1407 3611 1474 χ)
3644 1404 3827 1460 descri-

2261 1497 2394 1554 bens
2413 1499 2568 1553 binos
2589 1506 2646 1553 et
2670 1497 2828 1553 binos
2857 1498 3049 1554 asserit
3075 1497 3392 1554 destinatos.
3425 1498 3529 1565 Qui
3557 1513 3684 1553 vere
3703 1498 3828 1552 velut

2262 1587 2452 1658 palmae
2488 1596 2611 1658 post
2655 1603 2810 1644 curas
2859 1588 3138 1643 hominum
3183 1605 3304 1644 cum
3351 1589 3713 1644 exsultatione
3755 1604 3829 1643 re-

2261 1679 2488 1734 deuntes
2510 1680 2809 1748 gloriantur
2835 1679 2977 1750 apud
2997 1679 3304 1744 Dominum,
3334 1681 3438 1735 sibi
3456 1681 3621 1735 etiam
3647 1679 3828 1735 dieme-

581 1772 672 1840 qui
701 1771 912 1825 nonnisi
938 1787 1034 1841 per
1071 1773 1438 1842 apostolorum
1465 1787 1560 1827 ora
1597 1771 1836 1834 discitur,
1865 1768 2158 1838 discipulo-
2189 1779 2237 1838 Β
2265 1771 2351 1825 nia
2374 1786 2492 1826 esse
2513 1771 2774 1841 subjecta.
2809 1770 2974 1826 Recte
3004 1772 3164 1840 igitur
3199 1779 3590 1842 comparantur
3637 1771 3827 1842 palmis,

580 1876 804 1932 rumque
825 1861 1140 1918 doctrinam.
1167 1863 1410 1934 Apostoli
1438 1862 1645 1917 dicendi
1675 1869 1799 1917 sunt
1829 1859 2160 1930 fontes,quia

2267 1862 2357 1930 qui
2387 1862 2683 1931 palmarum
2713 1863 2930 1933 praemio
2951 1861 3148 1917 diaboli
3171 1863 3425 1918 exstitere
3455 1863 3705 1918 victores.

1923 1971 2270 2033 HOMILIA
2307 1972 2503 2035 XLII.

1807 2068 1938 2123 Item
1968 2070 2029 2124 de
2061 2072 2469 2143 Quadragesima
2507 2072 2606 2127 VI.

651 2237 809 2311 225
848 2237 926 2311 Ad
955 2238 1306 2311 heminarum
1318 2236 1490 2291 sancti
1519 2234 1733 2311 Maximi
1765 2234 1902 2311 typis
1931 2163 2424 2311 ρᾱὶιέιῗιῗῐιοὲξξῖὲὲί
2444 2243 2706 2311 revertor.
2741 2237 2865 2311 Haec
2893 2239 2946 2311 in
2975 2238 3247 2296 codicibus
3275 2240 3592 2311 sexilegitur
3613 2256 3732 2296 cum
3758 2241 3818 2294 in-

578 2303 1193 2380 sctTjiiouehujusmodj
1225 2327 1235 2360 :
1269 2308 1638 2380 Sermosoneti
1657 2303 1971 2380 _Ma:cimi_de
2001 2303 2449 2380 Quqdragesima;
2489 2308 2779 2380 induobus
2806 2308 3112 2380 Vaticanis,
3139 2312 3190 2365 id
3220 2320 3302 2366 est
3333 2303 3475 2364 1268
3488 2352 3501 2375 ,
3533 2326 3655 2380 pag.
3687 2312 3775 2380 SI,
3802 2326 3826 2365 a

583 2354 1249 2448 7;}g3',"éi'p;i5ﬁi;6fisz;,
1269 2354 1546 2448 agitatio;
1555 2354 1636 2429 ἷιῖ
1657 2354 2076 2448 ᾑὶιῦιέἑέί-ὶιίὲιέιοῖ
2087 2354 2159 2448 151

2266 2393 2371 2442 XIV,
2395 2354 2515 2445 pag.
2547 2378 2665 2445 110,
2689 2395 2719 2434 a
2749 2390 2917 2448 tergo,
2944 2381 2999 2434 in
3022 2354 3336 2436 'I‘ahrinensi
3364 2354 3640 2448 serniflli’,
3667 2383 3718 2435 in
3742 2354 3828 2435 Ku-

618 2444 899 2517 .ensix|v,
928 2456 983 2502 et
1021 2449 1074 2502 in
1105 2444 1332 2504 Lucerisi
1351 2444 1448 2500 ⁷85.
1479 2445 1836 2517 Quamobrem
1867 2461 1896 2498 a
1923 2444 2184 2517 Gymnico
2228 2462 2351 2517 pag.
2385 2444 2530 2515 79,7a
2559 2444 2830 2504 Galesinio

2876 2464 2997 2519 pag.
3031 2450 3164 2516 110,
3195 2467 3224 2506 a
3254 2451 3576 2507 Combefisio
3626 2462 3752 2506 tom.
3780 2469 3827 2517 ιι,

580 2535 703 2590 pag.
737 2516 855 2590 528,
888 2535 918 2590 a
945 2517 1169 2590 Cumdio
1199 2527 1328 2574 tom.
1362 2517 1420 2582 Il,
1453 2530 1573 2586 pag.
1607 2515 2103 2590 157La‘liaynaudo
2131 2515 2250 2590 pag.
2277 2516 2396 2584 206,
2415 2533 2445 2572 a
2475 2519 2773 2590 Margarino
2803 2521 2856 2574 in
2878 2515 3310 2576 'Biblioth.iMax.
3337 2530 3470 2579 tom.
3496 2521 3582 2583 Vl,
3609 2537 3728 2590 pag.
3759 2515 3827 2584 l5,

580 2584 721 2645 int'er
747 2589 994 2644 homilias
1017 2588 1074 2643 S.
1109 2587 1322 2642 Maximi
1350 2584 1679 2660 numeratur,
1712 2584 2101 2650 Quid?’Nnnne
2129 2584 2340 2657 ex’ipsa
2383 2584 2650 2644 scribendi
2679 2591 2920 2656 ratione,
2953 2600 3194 2646 sanctum
3226 2593 3513 2646 Maximum
3562 2584 3705 2660 illius
3728 2606 3828 2647 esse

580 2668 852 2714 auctorem
881 2661 1010 2714 satis
1036 2660 1313 2729 explorate
1339 2657 1670 2729 percipitur?

581 2749 967 2804 Ancuueuruu.
993 2780 1066 2790 -
1094 2745 1366 2800 Inducitur
1394 2743 1628 2799 diabolus
1672 2749 1778 2799 suis
1815 2756 1965 2799 matis
2006 2746 2159 2810 dolis,

649 2837 718 2872 an
735 2817 963 2873 Christus
978 2835 1090 2873 vere
1117 2819 1186 2872 sit
1215 2817 1374 2879 Deus,
1401 2817 1702 2886 explorans.
1733 2813 1926 2869 Christi
1946 2833 2040 2885 ope
2062 2817 2159 2868 ad-

645 2890 748 2962 juti
769 2889 1249 2962 vincerediabolum
1269 2903 1558 2962 possumus.
1587 2890 1629 2962 ᾼ
1652 2887 1787 2962 uitiis
1814 2887 2160 2957 jejuuaudum

645 2956 740 3025 Esi,
763 2969 818 3013 ut
839 2961 935 3014 rite
963 2956 1389 3030 Quadragesimw
1418 2958 1525 3011 dies
1546 2956 1874 3010 celebremus.

646 3122 938 3178 Conﬂictus
967 3122 1056 3176 ille
1102 3120 1383 3187 mirabilis,
1406 3133 1563 3188 quem
1596 3118 1738 3172 inter
1767 3117 1888 3173 coeli
1936 3116 2155 3184 Regem,

576 3226 633 3273 et
678 3217 831 3286 regni
874 3215 1108 3271 caelestis
1137 3221 1423 3285 tyrannum
1461 3211 1643 3276 fuisse,
1691 3209 1931 3266 caritatis
1969 3217 2159 3264 vestrae

577 3308 796 3364 auribus
822 3307 996 3362 sancti
1025 3305 1302 3374 Evangelii
1329 3304 1512 3369 lectio,
1541 3319 1681 3358 nunc
1707 3301 1931 3357 decursa
1966 3307 2160 3354 testata

574 3409 677 3464 est,
709 3401 990 3456 dominicae
1022 3397 1179 3453 nobis
1202 3396 1587 3452 incarnationis
1618 3394 1943 3464 triumphale
1971 3389 2164 3462 myste-

574 3493 710 3547 rium
756 3499 933 3546 sonat.
976 3487 1330 3559 Omnipotens
1375 3487 1518 3540 enim
1563 3485 1821 3540 Dominus
1881 3482 2163 3537 inell‘abilis

575 3582 792 3652 pietatis
840 3581 1037 3635 affectu
1085 3564 1457 3649 captivitatem
1512 3578 1797 3631 miseratus
1849 3574 2160 3641 humanam,

576 3669 838 3739 simulque
864 3669 1051 3723 volens
1093 3667 1412 3722 diabolicam
1442 3673 1763 3736 potestatem
1793 3679 1893 3719 suo
1919 3663 1944 3699 ά
1980 3678 2162 3718 remo-

577 3775 703 3815 vere
723 3759 791 3814 de
820 3759 1036 3826 mundo,
1073 3759 1217 3812 misit
1246 3759 1582 3826 unigenitum
1623 3756 1818 3811 Filium
1846 3772 2025 3822 suum,
2058 3772 2164 3811 non

577 3853 855 3908 divinitate
896 3852 1250 3919 degenerem,
1279 3865 1387 3903 non
1425 3849 1622 3903 virtute
1669 3849 2012 3912 dissimilem,
2057 3865 2164 3904 non

580 3943 852 3997 voluntate
873 3939 1198 4002 discordem,
1223 3939 1314 4006 qui
1337 3944 1576 3992 nostram
1605 3937 1898 4006 suscipiens
1925 3952 2160 4001 carnem,

577 4039 756 4102 spreta
786 4030 957 4087 veteri
985 4014 1297 4085 conditione
1343 4027 1616 4093 nascendi,
1647 4027 1714 4082 de
1764 4027 1959 4082 lemina
1990 4028 2164 4082 incor-

577 4125 722 4194 rupti
769 4123 1011 4193 corporis
1064 4138 1206 4176 nova
1254 4122 1371 4189 lege
1414 4137 1582 4176 novus
1630 4119 1795 4174 Filius
1831 4128 2160 4185 nasceretur,

577 4221 841 4283 quatenus
867 4212 1114 4268 diabolus
1142 4212 1431 4266 salutarem
1459 4212 1602 4266 hunc
1633 4211 1908 4266 hominem
1945 4211 1999 4264 in
2028 4226 2161 4265 con-

574 4307 800 4363 sortium
827 4299 1042 4364 deitatis
1090 4305 1350 4360 adscitum
1369 4344 1384 4370 ,
1415 4304 1518 4359 etsi
1553 4311 1766 4358 tentare
1794 4311 2159 4375 priesumeret,

573 4412 830 4467 superare
855 4413 969 4453 non
993 4406 1198 4468 posset.
1231 4396 1417 4465 Itaque
1465 4411 1585 4450 cum
1610 4395 1821 4451 videret
1849 4397 1932 4451 leo
1959 4397 2047 4451 ille
2081 4396 2160 4450 fe-

573 4491 701 4546 ralis
729 4505 920 4560 agnum
952 4490 1047 4545 Dei
1086 4497 1210 4559 post
1237 4489 1625 4558 longissimum,
1659 4498 1822 4558 atque
1849 4491 2158 4546 continuum

571 4574 918 4652 quadraginta
950 4581 1155 4637 dierum
1186 4595 1249 4635 ac
1275 4583 1512 4652 noctium
1538 4582 1802 4652 jejunium
1842 4583 2075 4647 esurire,
2108 4591 2164 4638 et

573 4674 896 4729 esurientem
908 4673 1074 4728 Deum
1090 4688 1210 4728 esse
1230 4689 1340 4727 non
1356 4673 1618 4739 crederet,
1639 4682 1754 4728 arte
1772 4674 1918 4743 illum
1933 4673 2164 4728 callidis-

576 4768 725 4820 sima:
743 4768 1056 4822 tentationis
1094 4767 1420 4835 aggreditur,
1445 4767 1628 4821 dicens
1654 4785 1665 4819 :
1699 4767 1760 4821 Si
1781 4767 1950 4819 Filius
1969 4766 2065 4821 Dei
2086 4785 2159 4834 es,

579 4855 662 4908 dic
686 4862 741 4906 ut
767 4854 963 4923 lapides
991 4857 1078 4910 isti
1107 4873 1268 4926 panes
1295 4858 1428 4926 ﬁant
1460 4856 1682 4928 (Matth.
1718 4857 1811 4923 1v).
1855 4857 2160 4925 Cogitabat,

581 4955 637 5000 ut
663 4947 891 5012 :estimo,
926 4947 1064 5017 apud
1093 4964 1150 5002 se
1193 4950 1330 5002 tanti
1360 4949 1467 5003 doli
1497 4950 1708 5014 artifex,
1741 4959 1797 5005 ct
1825 4951 2040 5006 dicebat
2065 4971 2075 5004 :
2105 4951 2160 5006 Si

579 5039 666 5094 hic
687 5039 800 5108 ipse
822 5045 924 5104 est,
948 5039 1099 5108 cujus
1129 5048 1400 5109 przecepto
1429 5041 1786 5096 esurientibus
1827 5057 1920 5112 per
1947 5043 2157 5097 deserta

580 5129 789 5200 populis
816 5145 1010 5184 manna
1040 5129 1195 5184 ﬂuxit
1222 5146 1252 5184 e
1281 5131 1418 5185 coelo
1446 5131 1641 5202 (Exod.
1676 5135 1813 5203 XVI);
1844 5135 1886 5187 si
1918 5136 2029 5204 ipse
2050 5144 2150 5202 est,

580 5238 739 5291 quem
759 5224 884 5278 novi
923 5236 1023 5292 ego
1045 5221 1263 5278 ﬂumina
1291 5224 1606 5294 produxisse
1653 5226 1720 5280 de
1763 5236 1912 5296 petra
1945 5227 2148 5299 (Exod.

1937 5303 1956 5318 μ.

648 5367 782 5438 9A1.
812 5369 1124 5438 voraginem.

646 5437 674 5477 δ
702 5437 834 5494 Cod.
867 5435 987 5492 Va't.
1023 5435 1180 5503 6450,
1211 5453 1403 5492 merra.

649 5520 672 5550 ο
700 5508 832 5565 Cod.
863 5507 948 5574 99,
981 5525 1156 5564 omnes
1185 5509 1351 5579 fontes
1373 5508 1655 5578 purissimi.

647 5630 666 5661 ί
695 5628 767 5683 De
795 5626 1145 5682 translatione
1172 5623 1370 5680 Christi
1397 5638 1557 5692 supra
1579 5622 1918 5691 pinnaculum
1943 5623 2146 5692 templi,

575 5715 738 5768 quam
782 5697 1122 5768 evangelista:
1160 5704 1495 5768 memorant,
1528 5695 1651 5749 silet
1698 5693 1978 5768 Maximus,
2029 5710 2150 5768 eam

578 5764 902 5840 suspensus,
928 5764 987 5823 et
1010 5767 1203 5833 solum,
1245 5775 1302 5820 ut
1330 5765 1429 5820 sibi
1458 5765 1736 5836 proposuit
1763 5764 2006 5818 callidam
2035 5764 2148 5820 da:-

2267 2750 2418 2821 xvn),
2449 2752 2648 2820 poterit
2668 2768 2810 2808 nunc
2837 2754 2890 2808 in
2918 2767 3112 2823 panem
3146 2754 3352 2824 lapides
3385 2764 3408 2832 ς
3441 2753 3824 2819 transformare,

2265 2842 2366 2896 etsi
2397 2858 2504 2897 non
2533 2859 2652 2899 mea
2693 2845 2973 2914 petitione,
3005 2860 3102 2901 sua
3141 2855 3319 2901 tamen
3366 2847 3709 2911 necessitate,
3748 2847 3825 2916 qui

2270 2930 2289 2970 ί
2315 2935 2501 2988 esurit.
2527 2934 2679 3001 Quod
2707 2936 2753 2990 si
2773 2935 2992 3002 fecerit;
3017 2936 3186 2991 Deum
3214 2937 3455 3006 probabo
3481 2954 3494 2990 :
3518 2938 3565 2992 si
3593 2939 3826 3006 nequive~

2264 3025 2362 3089 rit;
2393 3025 2668 3081 hominem
2688 3026 3110 3098 deprehendam.
3141 3029 3297 3099 126
3317 3027 3680 3098 Exspectabat
3716 3041 3826 3096 ergo

2263 3114 2508 3172 diabolus
2535 3132 2748 3186 panem,
2777 3133 2936 3188 quem
2967 3133 3078 3174 nou
3106 3127 3216 3174 tam
3245 3119 3346 3175 sibi
3385 3120 3664 3189 acquirere
3688 3135 3826 3189 quam

2266 3211 2467 3266 mundo
2507 3212 2802 3266 conabatur
2831 3211 3058 3268 auferre.
3091 3212 3199 3268 Sed
3230 3228 3407 3268 rerum
3451 3213 3726 3278 Dominus,
3750 3210 3826 3280 qui

2266 3309 2321 3356 et
2349 3317 2540 3372 panem
2564 3301 2630 3358 de
2660 3303 2836 3373 lapide
2862 3311 3046 3374 posset
3067 3302 3280 3360 eflicere
3299 3345 3314 3369 ,
3344 3313 3400 3359 et
3420 3305 3718 3374 exploranti
3743 3304 3826 3357 huc

2266 3409 2435 3447 manu:
2460 3394 2627 3449 nollet
2650 3395 2836 3449 salutis
2862 3395 3158 3450 clarescere
3174 3402 3590 3460 sacramentum,
3606 3397 3680 3450 sic
3693 3408 3826 3450 suum

2267 3483 2573 3540 moderatus
2601 3495 2686 3541 est
2712 3495 2900 3542 sancto
2928 3489 2980 3542 in
3011 3503 3106 3543 ore
3133 3502 3470 3557 responsum,
3497 3497 3557 3542 ut
3584 3505 3682 3543 nec
3707 3489 3824 3558 ipse,

2265 3578 2356 3646 qui
2385 3579 2582 3633 veritas
2611 3587 2744 3646 erat,
2772 3580 3110 3635 mendacium
3141 3581 3470 3651 loqueretur,
3499 3597 3599 3637 nec
3627 3582 3726 3646 ille,
3749 3579 3825 3649 qui

2267 3667 2335 3722 ab
2364 3668 2518 3723 initio
2546 3670 2776 3723 mendax
2798 3679 2899 3735 est,
2925 3686 3083 3740 quam
3107 3688 3214 3727 non
3245 3680 3361 3727 erat
3380 3672 3699 3739 crediturus,
3726 3686 3825 3742 pos

2266 3760 2334 3815 sit
2362 3775 2657 3829 agnoscere
2677 3763 2978 3818 veritatem.
2999 3764 3087 3816 Ait
3107 3777 3234 3831 ergo
3263 3765 3519 3823 Dominus
3550 3785 3564 3821 :
3591 3765 3824 3836 Scriptum

2266 3861 2342 3906 est
2371 3869 2388 3905 :
2421 3850 2543 3907 Non
2573 3855 2625 3907 in
2649 3870 2784 3923 pane
2807 3863 3006 3907 tantum
3027 3857 3148 3909 vivit
3168 3857 3338 3920 homo,
3357 3857 3445 3910 sed
3465 3859 3518 3910 in
3541 3860 3677 3911 omni
3700 3855 3822 3910 verba

2266 3946 2364 4000 Dei
2396 3946 2570 4019 (Deut.
2603 3949 2739 4019 vni).
2774 3948 2995 4018 Accepit
3026 3956 3263 4004 tentator
3282 3965 3350 4004 ex
3370 3950 3490 4019 lege
3514 3964 3817 4021 responsum.

2266 4040 2349 4094 cui
2377 4041 2645 4094 contraire
2675 4057 2783 4096 non
2813 4040 2981 4110 possit
3012 4059 3023 4092 :
3071 4055 3178 4096 non
3207 4041 3416 4111 accepit
3442 4057 3657 4112 panem,
3684 4055 3818 4109 quem

2267 4147 2374 4184 non
2398 4132 2754 4186 manducandi
2779 4132 3188 4198 consuetudine,
3222 4133 3314 4187 sed
3341 4133 3640 4204 decipiendi
3663 4128 3817 4186 fraude

2265 4224 2542 4291 poscebat.
2565 4223 2623 4277 In
2643 4239 2749 4293 quo
2777 4225 2921 4280 enim
2950 4225 3114 4280 Filius
3140 4225 3234 4282 Dei
3261 4241 3458 4296 panem
3487 4225 3816 4281 necessarium

2266 4315 2492 4370 haberet
2532 4316 2822 4371 humanum
2843 4357 2857 4382 ,
2901 4319 2984 4373 cui
3018 4318 3192 4372 omnis
3225 4325 3342 4372 erat
3389 4319 3604 4388 pmpria
3636 4318 3683 4370 in
3709 4313 3816 4366 divi-

2264 4408 2434 4460 nitate
2463 4406 2809 4462 substantia?
2849 4408 2935 4463 vel
2973 4423 3078 4477 qua
3110 4409 3348 4473 ratione,
3380 4408 3725 4477 qualicunque
3763 4403 3816 4457 de

2265 4497 2439 4567 lapide
2468 4497 2712 4552 Christus
2740 4504 3008 4552 terrenum
3054 4497 3254 4554 faceret
3289 4514 3484 4569 panem
3528 4499 3544 4566 (
3562 4499 3709 4553 Joon.
3737 4495 3814 4560 ιι),

2264 4604 2385 4643 cum
2417 4590 2550 4659 ipse,
2574 4590 2713 4644 sicut
2736 4589 2928 4656 legitur
2949 4589 3308 4661 (Matth.fxm),
3333 4591 3590 4660 spiritalis
3614 4600 3667 4645 et
3692 4588 3818 4660 panis

2263 4690 2426 4748 esset,
2458 4684 2710 4754 etlapis?
2757 4683 2946 4738 lllnsus
2993 4684 3195 4753 itaque,
3248 4685 3542 4755 irrisusque
3590 4691 3816 4742 tentatur,

2263 4775 2419 4828 aliam
2442 4776 2742 4829 machinam
2774 4777 3085 4831 tentationis
3105 4776 3428 4845 aggreditur.
3460 4775 3592 4830 Nam
3613 4791 3724 4831 cum
3750 4788 3818 4827 sc-

2260 4874 2410 4919 creto
2438 4881 2536 4921 suo
2569 4881 2872 4935 arcanoque
2901 4866 3124 4921 consilio
3155 4870 3167 4898 ¹
3205 4875 3374 4922 staret
3401 4865 3656 4929 Dominus
3682 4877 3819 4934 supra

2261 4957 2480 5025 pinnam
2527 4959 2732 5027 templi,
2765 4958 2843 5012 ait
2867 4957 2958 5028 (illi
2987 4958 3230 5014 diabdlus
3261 4978 3272 5012 :
3319 4958 3380 5014 Si
3428 4958 3598 5013 Filius
3625 4959 3717 5013 Dei
3756 4972 3818 5017 es.

2265 5049 2408 5101 mitte
2436 5059 2483 5102 te
2511 5046 2826 5102 deorsum.0
2845 5065 3008 5118 quam
3037 5050 3197 5104 stulta
3220 5051 3333 5104 haec
3360 5051 3560 5115 suasio,
3593 5049 3820 5103 nimium-

2262 5154 2367 5207 que
2391 5155 2665 5209 perversa,
2688 5147 2745 5192 nt
2772 5140 2908 5195 Filio
2939 5141 3032 5194 Dei
3063 5141 3263 5196 diceret
3298 5160 3308 5194 :
3340 5140 3488 5194 Mitte
3511 5152 3561 5195 te
3587 5141 3818 5196 deorsum.

2262 5231 2510 5301 Nunquid
2531 5248 2638 5286 non
2659 5234 2859 5288 rectius
2873 5233 3123 5288 dixisset:
3145 5233 3200 5288 Si
3217 5234 3380 5289 Filius
3396 5234 3489 5288 Dei
3513 5250 3592 5298 es,
3615 5229 3821 5288 ascende

2332 5370 2355 5406 ι¹
2387 5369 2520 5444 Cod.
2548 5370 2821 5434 Laurent.,
2851 5389 2942 5426 suo
2956 5374 3070 5444 jam
3091 5390 3364 5440 removere,
3396 5382 3501 5428 etc.

2335 5451 2358 5477 θ
2383 5441 2609 5507 Ibidem,
2641 5441 3003 5497 transmutare.

2339 5508 2357 5547 τ
2382 5511 2602 5579 Ibidem,
2634 5515 2719 5584 qui
2743 5515 2940 5568 esui-iit.

2257 5626 2430 5701 monis
2453 5628 2770 5701 petitionem
2800 5629 3043 5698 exponit,
3074 5629 3399 5701 plenumque
3419 5629 3598 5685 divina
3622 5629 3822 5701 sapien-

2258 5695 2330 5751 tia
2353 5695 2550 5754 Christi
2583 5695 2900 5768 responsum
2930 5695 3216 5754 collaudat.
