4040 6324
197 316 288 378 Sil

1583 300 1865 357 IIOMILIA
1904 301 2081 357 XLIII.

3345 299 3457 360 52!

200 443 227 473 ι
252 432 304 487 in
328 426 556 484 caelum?
582 421 736 490 Ουοα
762 430 947 491 utrque
974 420 1020 476 si
1046 419 1247 476 laceret
1280 418 1556 479 Dominus,
1582 416 1609 455 δ
1638 430 1768 470 vere
1793 419 1849 478 Α
1870 415 1984 483 bat,
2006 416 2260 491 probaret
2283 417 2476 472 merito
2505 417 2573 473 ab
2598 417 2848 474 erunibus
2867 416 3213 474 adorandum.
3239 415 3306 472 Et
3324 392 3451 489 quid

201 522 337 579 illum
379 515 476 570 Dei
513 489 634 569 esse
687 489 878 566 Filium
930 510 1323 581 comprobaret.
1367 507 1473 563 Sed
1524 505 1798 589 inimicus
1871 509 2023 579 plura
2048 550 2063 576 ,
2116 489 2413 564 carissimi?
2460 508 2594 563 Dum
2643 508 2869 566 nefanda
2915 518 3153 566 tentator
3194 511 3447 581 loquitur,

202 609 335 677 caeli,
382 622 449 662 ne
492 604 751 660 tentando
804 602 1024 675 quidem
1073 618 1352 658 ascensum
1380 603 1496 655 vult
1543 599 1771 654 suadere
1872 602 2107 671 dumque
2135 601 2447 677 inconcessa
2478 604 2768 672 praesumit,
2791 604 3257 673 quasiabbomiue
3284 605 3451 661 victus

129 700 139 731 "
202 706 461 764 omlestem
494 700 799 761 :deorsum,
831 708 888 753 et
916 699 969 753 in
1005 699 1109 752 ima
1132 705 1392 768 provocat
1425 713 1436 747 :
1469 694 1595 765 quia
1621 699 1774 763 Optat

203 808 380 852 omnes
406 792 618 857 cadere,
646 790 741 859 qui
767 804 826 845 se
863 789 1035 846 sensit
1062 805 1173 860 pra:
1202 786 1457 844 omnibus
1480 784 1770 849 cecidisse;

204 900 295 942 nec
324 895 346 924 ο
371 882 618 951 intelligit
644 896 818 936 aecus
841 922 855 946 ,
887 881 1012 949 quia
1044 880 1118 934 illi
1147 888 1377 934 conatur
1417 878 1627 932 ruinam
1654 890 1776 955 sua:

204 979 343 1040 dere,
392 974 486 1046 qui
521 990 633 1029 non
660 974 833 1028 solum
866 972 1057 1028 cadere
1086 988 1198 1026 non
1236 978 1437 1041 potest,
1469 968 1565 1025 sed
1598 968 1779 1022 ruinas

206 1068 341 1124 venit
368 1063 663 1121 emendare
695 1064 983 1133 lapsorum.
1019 1061 1271 1117 Dominus
1299 1060 1463 1124 enim,
1497 1068 1556 1114 ut
1582 1060 1778 1114 lectum

205 1166 298 1225 est,
338 1157 489 1228 erigit
528 1154 704 1223 elisos,
752 1152 1009 1208 Dominus
1039 1154 1191 1207 solvit
1224 1151 1548 1223 compeditos
1604 1148 1777 1221 (Psal.

207 1247 374 1320 θην).
406 1245 508 1314 Qui
536 1259 665 1314 ergo
684 1252 910 1301 venerat
937 1260 1046 1298 non
1076 1243 1271 1313 decipi,
1294 1242 1391 1297 scd
1420 1242 1643 1311 decepta
1672 1238 1781 1294 sal-

205 1358 339 1413 vare,
377 1343 530 1414 137
560 1338 894 1412 explorantis
933 1334 1105 1393 artem
1133 1344 1284 1391 tanta
1310 1350 1561 1391 mensura
1582 1334 1781 1390 cautis-

206 1435 344 1491 simas
373 1431 744 1503 responsionis
765 1438 1014 1493 evacuat,
1046 1437 1106 1483 ut
1130 1428 1449 1483 tenebrosus
1489 1425 1657 1481 hostis
1677 1440 1783 1479 non

207 1527 373 1583 solum
414 1524 731 1597 mysterium
769 1538 868 1592 pro
899 1521 1056 1576 nobis
1084 1520 1420 1592 propositum
1457 1517 1641 1573 videre
1676 1532 1785 1571 non

208 1616 389 1687 possit,
419 1615 514 1670 sed
540 1613 713 1682 magis
747 1612 1023 1680 magisque
1063 1611 1339 1681 reSponsis
1365 1608 1651 1663 dominicis
1678 1607 1786 1662 cir-

208 1715 480 1764 cumactus
504 1706 815 1763 obscuriore
843 1704 1263 1761 confunderetur
1288 1703 1511 1758 incerto.
1537 1702 1625 1755 Ait
1644 1701 1787 1756 enim

1875 692 2164 758 obmutuit,
2188 682 2245 748 et
2265 693 2419 763 quasi
2447 707 2479 747 a
2499 691 2614 748 Deo
2632 691 2814 763 jussus
2835 694 3112 751 abscessit.
3136 694 3205 750 Et
3233 711 3453 753 necesse

1877 794 1997 841 erat
2019 783 2040 823 τ
2072 785 2141 841 ab
2164 784 2307 841 illius
2320 784 2435 855 jam
2464 785 2763 841 tentatione
2789 786 3106 851 discederet,
3130 787 3313 858 inquo
3342 796 3455 845 tota

1878 894 1939 934 se
1964 881 2120 952 128
2147 880 2291 936 mole
2316 894 2558 946 movens,
2594 880 2824 950 totisque
2848 882 2997 937 nisus
3027 880 3250 947 viribus,
3279 897 3349 937 ne
3375 897 3461 938 ve-

1880 972 2097 1041 stigium
2117 972 2333 1043 quidem
2363 988 2473 1028 sua:
2518 972 2758 1043 reperire
2792 974 2969 1043 potuit
2995 973 3306 1029 voluntatis.
3338 973 3453 1029 Stu-

1879 1080 2015 1137 pens
2042 1073 2207 1137 atque
2231 1064 2502 1121 demirans
2523 1073 2648 1136 post
2667 1072 2751 1121 tot
2775 1065 2971 1125 secula
3000 1067 3266 1123 invenisse
3285 1068 3461 1124 homi-

1884 1175 2008 1215 nem
2037 1158 2302 1219 humanas
2349 1160 2814 1230 concupiscentias
2864 1176 2973 1216 non
3020 1161 3339 1227 habentem,
3370 1180 3463 1218 na-

1887 1260 2104 1321 tumque
2135 1252 2187 1306 in
2235 1266 2399 1307 carne
2427 1252 2558 1306 nihil
2606 1252 2820 1322 penitus
2866 1253 3226 1322 corruptionis
3267 1253 3467 1311 habere

1886 1343 2135 1403 carnalis.
2160 1341 2478 1400 Discedente
2498 1344 2680 1414 itaque
2707 1353 3005 1400 retrorsum
3033 1345 3249 1401 diabolo
3265 1386 3280 1411 ,
3312 1362 3467 1402 acce—

1886 1433 2095 1499 dentes,
2127 1441 2188 1488 ut
2214 1434 2411 1490 lectum
2441 1443 2544 1500 est,
2574 1436 2749 1505 angeli
2777 1436 3153 1491 ministrabant
3167 1438 3235 1492 ei.
3264 1437 3471 1493 Trium-

1889 1526 2027 1597 phus
2070 1528 2173 1582 iste
2209 1535 2424 1596 quanta:
2468 1528 2539 1583 sit
2588 1527 2772 1596 gloriae
2818 1528 3074 1598 obsequia
3118 1544 3219 1584 nos
3245 1528 3473 1584 edocent

1891 1618 2227 1687 angelorum.
2258 1617 2371 1674 Nec
2402 1619 2599 1674 mirum
2635 1634 2768 1675 sane
2804 1619 2849 1675 si
2881 1618 2999 1690 ejus
3026 1619 3200 1688 angeli
3229 1620 3474 1676 ministe-

1890 1710 1987 1766 riis
2017 1721 2040 1758 ε
2073 1719 2444 1777 occurrerunt,
2486 1710 2639 1781 cujus
2685 1711 2966 1767 victoriam
3006 1711 3359 1768 mirabantur.
3412 1712 3475 1767 Et

140 1796 145 1805 ’
210 1803 279 1858 illi
306 1801 604 1872 spiritualis
625 1800 791 1869 pra-lii
818 1800 1045 1855 bellator
1074 1799 1302 1853 invictus
1332 1815 1345 1849 :
1377 1796 1637 1868 Scriptum
1666 1784 1786 1849 est:
1820 1799 1866 1859 B
1894 1802 2034 1868 ideo,
2060 1801 2272 1869 fratres,
2304 1802 2348 1856 si
2371 1802 2623 1857 nolumus
2642 1817 2673 1855 a
2696 1802 2911 1857 diabolo
2931 1803 3195 1874 superari,
3226 1802 3476 1885 ill’llzcrca.

208 1892 326 1949 Non
342 1892 572 1948 teutabis
588 1892 866 1947 Dominum
886 1891 1053 1945 Deum
1078 1900 1217 1944 tuum
1230 1889 1401 1960 (Psal.
1420 1891 1597 1961 θην).
1621 1887 1793 1955 Quam

208 1985 437 2057 simplex
484 1984 539 2039 in
570 1984 672 2038 bac
699 1983 1053 2053 responsione
1081 1981 1386 2053 prudentia,
1418 1987 1475 2034 ct
1497 1995 1661 2049 quam
1687 1979 1794 2033 cir-

208 2085 515 2149 cumspecta
553 2076 889 2146 simplicitas,
922 2091 1020 2147 per
1046 2090 1208 2145 quam
1240 2090 1339 2129 nec
1367 2073 1567 2127 veritas
1604 2072 1796 2127 retice-

210 2179 308 2236 tur,
352 2184 466 2226 nec
509 2168 775 2240 reprobus
814 2176 995 2239 potest
1037 2167 1294 2237 probare,
1325 2181 1445 2235 quae
1488 2181 1612 2219 vera
1650 2172 1793 2220 sunt.

207 2264 361 2330 Vere,
395 2271 459 2319 ut
485 2263 741 2334 scriptum
771 2272 855 2317 est
887 2280 899 2315 :
926 2260 1041 2316 Lux
1068 2262 1122 2316 in
1156 2260 1372 2315 tenebris
1400 2260 1551 2320 lucet,
1586 2267 1634 2312 et
1660 2268 1799 2312 tene-

209 2355 309 2412 brat
326 2372 452 2411 eam
478 2371 584 2410 non
612 2353 1105 2424 comprehenderunt
1129 2351 1306 2423 (Joan.
1340 2350 1399 2421 l).
1425 2350 1585 2405 Audit
1612 2349 1800 2404 diabo-

206 2448 307 2515 lus,
328 2448 506 2505 Deum
534 2462 643 2503 non
670 2462 792 2502 esse
819 2444 1164 2512 tentandum;
1196 2460 1303 2499 non
1324 2451 1505 2498 tamen
1534 2442 1797 2511 agnoscit,

209 2541 374 2599 Deum
434 2540 820 2610 hominemque
849 2554 989 2604 esse,
1022 2553 1181 2608 quem
1226 2545 1398 2591 tentat
1429 2555 1441 2589 :
1473 2535 1620 2589 videt
1655 2534 1799 2589 enim

206 2634 413 2706 pariter
441 2630 733 2698 Christum,
782 2642 837 2685 et
864 2629 1212 2700 respondere,
1243 2643 1361 2698 qua:
1390 2626 1620 2682 hominis
1649 2633 1797 2692 sunt,

205 2732 260 2780 et
283 2724 484 2796 possit,
511 2738 631 2793 qua:
660 2723 757 2778 Dei
794 2730 938 2777 sunt.
971 2720 1079 2776 Sed
1121 2720 1371 2792 nequitia:
1414 2719 1531 2789 ejus
1569 2733 1670 2773 nec
1699 2718 1798 2771 ista

204 2814 516 2882 suﬁiciunt;
549 2815 725 2870 tertiae
754 2814 930 2869 adhuc
974 2813 1292 2868 tentationis
1320 2812 1543 2881 laqueos
1583 2811 1751 2866 nectit
1782 2828 1794 2864 :

205 2907 369 2963 Duxit
396 2948 416 2974 ,
472 2907 667 2976 inquit,
717 2907 863 2961 illum
909 2906 965 2959 in
996 2914 1218 2960 montem
1265 2905 1525 2959 excelsum
1551 2904 1719 2973 valde,
1750 2911 1800 2959 et

204 3003 439 3059 ostendit
461 3001 508 3055 ei
528 3001 704 3056 omnia
726 3017 887 3072 regna
918 3000 1130 3065 mundi,
1162 3009 1210 3053 et
1239 3000 1459 3055 honores
1487 3015 1684 3067 eorum,
1715 2999 1799 3053 di-

206 3110 320 3149 cens
341 3111 360 3150 :
392 3090 532 3148 Haec
559 3092 737 3147 omnia
780 3092 872 3146 tibi
909 3090 1063 3157 dabo,
1097 3092 1145 3145 si
1189 3083 1461 3161 procidens
1500 3091 1797 3155 adoraveris

1897 1910 2019 1950 mus
2060 1894 2112 1949 ei
2147 1894 2240 1964 qui
2270 1894 2541 1950 diabolum
2573 1894 2952 1965 triumphavit;
2984 1894 3261 1951 adhaerere
3298 1904 3477 1950 autem

1898 1997 1980 2044 est
2006 1988 2244 2057 Christo,
2275 1988 2518 2054 credere,
2553 1997 2609 2043 et
2628 1997 2865 2059 paternae
2894 1988 2970 2044 illi
2998 1989 3218 2044 deitatis
3245 2005 3363 2044 esse
3394 2004 3478 2044 na.

1898 2091 2092 2143 turam,
2125 2089 2180 2136 et
2200 2081 2429 2136 materni
2455 2080 2698 2151 corporis
2718 2081 3018 2136 veritatem.
3041 2081 3274 2137 Vincere
3300 2089 3479 2136 autem

1899 2170 2187 2237 diabolum,
2221 2171 2337 2241 ipso
2365 2171 2690 2239 suilragante
2717 2172 2976 2239 Domino,
3018 2174 3220 2244 poterit
3255 2175 3480 2244 quicun-

1899 2277 2005 2333 que
2026 2262 2279 2318 salutaria
2292 2262 2388 2318 Dei
2410 2271 2675 2334 praecepta
2688 2264 2965 2334 suspirans
2982 2263 3245 2320 studuerit
3264 2279 3483 2320 exesam

1899 2354 2109 2409 cunctis
2133 2353 2349 2408 tumidae
2379 2354 2578 2409 mentis
2606 2370 2717 2409 sua:
2756 2355 3018 2411 inclinare
3045 2356 3372 2426 superbiam,
3400 2372 3482 2411 ra-

1901 2444 2074 2501 dicem
2098 2445 2335 2500 omnium
2363 2446 2628 2501 malorum
2659 2447 2941 2501 avaritiam
2988 2463 3264 2515 coercere,
3311 2448 3481 2503 inimi-

1902 2553 2022 2594 cam
2059 2537 2325 2593 bonarum
2347 2538 2606 2593 virtutum
2635 2537 2907 2593 relrenare
2951 2539 3247 2606 luxuriam,
3275 2539 3483 2595 hostem

1901 2637 2103 2685 sancta:
2131 2630 2374 2684 caritatis
2401 2629 2655 2685 invidiam
2699 2629 2947 2698 mitigare
2965 2672 2980 2696 ,
3013 2630 3242 2696 inutilia,
3266 2638 3322 2685 et
3340 2646 3486 2701 saepe

1900 2723 2208 2794 periculosa
2239 2722 2661 2778 obtrectantium
2691 2721 2863 2776 vitare
2896 2721 3164 2792 colloquia
3189 2762 3204 2785 ,
3242 2719 3269 2759 δ
3313 2737 3486 2777 usurae

1903 2817 2064 2871 etiam
2103 2815 2407 2886 perniciosa
2454 2830 2563 2869 non
2608 2828 2791 2868 amare
2837 2812 3179 2883 compendia,
3201 2812 3488 2869 'custodem

1904 2907 2055 2978 pacis
2077 2906 2342 2977 justitiam
2372 2905 2682 2960 muneribus
2702 2920 2809 2959 non
2838 2918 3085 2974 gravare,
3120 2903 3280 2959 noxia
3310 2904 3488 2960 factio-

1904 3016 2032 3055 num
2064 3000 2289 3055 horrere
2318 3005 2624 3054 commenta
2644 3039 2659 3064 ,
2704 2996 2993 3066 inglorium
3023 3003 3079 3051 et
3106 3012 3490 3067 nonnunquam

1907 3099 2188 3147 cruentum
2218 3090 2442 3147 indebiti
2471 3089 2691 3145 honoris
2717 3089 2973 3145 ambitum
2994 3088 3284 3155 declinare,
3316 3089 3489 3144 incen-

206 3202 302 3240 πω.
330 3183 602 3248 Sollicite,
637 3181 853 3249 fratres,
875 3183 1138 3238 advertite
1156 3182 1293 3254 ;quia
1323 3182 1516 3238 cadere
1538 3191 1622 3238 est
1647 3198 1809 3239 omne
1837 3178 1882 3241 C
1915 3185 2023 3239 tiva
2051 3182 2335 3237 discordia:
2364 3182 2771 3237 contumeliosa:
2799 3180 2990 3248 lingua:
3033 3180 3316 3235 maledicta
3343 3180 3492 3235 cohi-

204 3275 349 3345 quod
373 3274 575 3331 suadet
603 3274 877 3341 inimicus;
906 3290 1032 3329 vere
1058 3275 1203 3329 enim
1231 3275 1459 3345 procidit
1486 3275 1680 3340 omnis,
1711 3276 1804 3343 qui

205 3369 399 3426 adorat
430 3369 738 3435 diabolum;
762 3376 819 3424 et
844 3384 973 3424 vere
997 3368 1158 3435 cadit,
1182 3368 1276 3438 qui
1312 3376 1614 3439 potestates
1633 3368 1805 3422 hono-

204 3449 630 3533 resque'mundi
665 3475 763 3531 per
809 3469 958 3517 artes
985 3460 1301 3529 sacrilegas,
1327 3461 1545 3515 inimico
1576 3460 1806 3531 promit-

164 3598 167 3601 .
207 3562 382 3621 lente,
416 3560 677 3609 sectatur.
717 3551 824 3608 Sed
851 3551 1110 3607 Dominus
1138 3567 1204 3607 ac
1232 3552 1481 3607 Salvator
1511 3560 1696 3608 noster
1715 3570 1806 3607 so-

204 3644 300 3702 lita
331 3644 848 3721 cumresponsione
870 3643 896 3681 ά
928 3642 1189 3712 confudit,
1217 3644 1437 3700 dicens:
1472 3644 1617 3698 Vade
1644 3653 1806 3709 retro,

205 3739 460 3804 Satana;
490 3737 738 3809 scriptum
762 3746 840 3791 est
892 3739 1073 3792 enim:
1123 3735 1404 3791 Dominum
1451 3737 1617 3792 Deum
1669 3750 1809 3793 tuum

203 3830 490 3897 adorabis,
518 3838 569 3884 et
597 3829 700 3900 ipsi
731 3830 831 3883 soli
857 3830 1064 3883 servies.
1104 3828 1424 3885 Sanctarum
1455 3830 1529 3884 illi
1569 3829 1810 3901 Scriptu-

202 3920 401 3978 rarilm
424 3920 733 3977 testimonia
774 3920 1107 3988 ingeruntur,
1134 3937 1243 3975 non
1284 3930 1343 3976 ut
1388 3922 1809 3979 inconvertibilis

199 4016 513 4079 doceatur;
567 4011 662 4066 sed
690 4020 751 4067 ut
797 4012 1077 4083 impudens
1121 4012 1448 4070 conlutetur.
1489 4024 1511 4053 ε
1543 4014 1710 4071 Retro
1757 4018 1808 4072 ei

196 4108 362 4164 abire
394 4103 713 4174 praecipitur
737 4103 923 4158 mundi
954 4105 1048 4173 qui
1076 4104 1224 4159 dabit
1265 4119 1460 4173 regna;
1498 4117 1557 4163 ut
1584 4108 1809 4178 imperio

195 4198 330 4256 Filii
363 4196 488 4263 Dei,
520 4197 605 4252 cui
637 4197 967 4253 voluntarius
985 4213 1095 4253 non
1123 4197 1370 4265 cedebat,
1400 4200 1703 4269 subjaceret
1722 4203 1807 4258 in-

202 4293 375 4357 vitus,
404 4295 569 4358 atque
596 4288 744 4344 illum
766 4304 797 4343 a
826 4304 935 4359 quo
982 4305 1040 4346 se
1083 4289 1300 4346 adorari
1342 4292 1589 4363 improbe
1619 4310 1802 4366 posce-

1909 3278 2060 3341 bere,
2086 3274 2366 3330 mendacia
2409 3273 2788 3337 nihilominus,
2836 3286 2957 3340 qua:
2996 3272 3161 3325 vitam
3198 3272 3492 3334 maculant,

1909 3368 2142 3423 animam
2169 3366 2477 3432 vulnerant,
2507 3364 2770 3418 amicitias
2787 3362 3069 3433 dissipant,
3091 3362 3398 3419 Christiano
3427 3363 3494 3419 ab

1910 3476 2006 3516 ore
2027 3459 2309 3528 repellere,
2340 3465 2504 3526 atque
2530 3456 2598 3510 ab
2625 3454 2875 3510 olnuibus
2902 3454 3371 3524 superstitionibus
3396 3453 3495 3509 (ιω-

1913 3568 2131 3607 monum
2164 3551 2535 3618 idolorumque
2553 3547 2851 3616 sacrilegiis
2898 3562 2994 3617 per
3011 3561 3130 3616 qua:
3158 3546 3246 3603 vel
3267 3546 3497 3603 maxime

1913 3646 2216 3713 benignitas
2255 3642 2653 3712 Omnipotentis
2681 3639 2997 3706 olTenditur,
3029 3641 3140 3696 veri
3187 3639 3283 3696 Dei
3312 3656 3499 3697 amore

1914 3737 2191 3805 dilfugere.
2217 3735 2275 3791 Si
2304 3748 2433 3802 ergo
2462 3734 2529 3789 ab
2556 3734 2660 3797 his,
2691 3741 2855 3803 atque
2897 3732 3163 3788 universis
3190 3732 3497 3801 bujusmodi

1913 3829 2224 3893 sceleribus,
2258 3827 2506 3897 vitiisque
2543 3824 2880 3895 jejunemus;
2912 3833 3112 3879 sanctm
3153 3821 3311 3891 hujus
3351 3823 3498 3889 Qua-

1912 3921 2229 3991 dragesimre
2250 3920 2352 3975 rite
2379 3916 2739 3991 celebrabitur
2776 3916 2913 3983 dies,
2944 3923 2999 3971 et
3027 3915 3265 3970 omnium
3295 3915 3493 3969 solem-

1911 3990 2139 4072 nitatum
2170 4022 2473 4070 nostrarum
2501 4010 2636 4067 festa
2663 3990 3015 4077 exsultantes,
3044 4023 3165 4063 cum
3186 4007 3380 4063 ﬁducia
3409 4006 3499 4062 la:-

1912 4111 2064 4167 tioris
2083 4106 2448 4171 conscientiae,
2474 4113 2531 4160 et
2560 4102 2950 4172 tranquillitate
2974 4108 3276 4171 temporum
3299 4099 3497 4155 transi-

1911 4219 2114 4274 gemus,
2148 4202 2434 4272 adjuvante
2459 4198 2687 4254 Domino
2715 4204 2903 4252 nostro
2929 4193 3057 4250 Jesu
3086 4193 3299 4249 Christo

1544 4388 1893 4457 HOMILIA
1948 4383 2177 4455 XLIII.

1505 4486 1586 4542 De
1625 4486 2043 4555 Quadraaesima
2092 4487 2219 4544 VII.

1660 4574 2057 4641 ADMO‘NITIO.

284 4673 459 4747 129
485 4671 819 4747 Benedictini
848 4672 1095 4747 monachi
1122 4674 1558 4747 congregationis
1583 4674 1770 4732 Sancti
1796 4677 1969 4747 Mauri
2013 4676 2153 4747 hanc
2194 4668 2471 4747 bomiljam
2510 4666 2562 4721 in
2593 4663 2957 4747 appendicem
2993 4657 3501 4747 sermonumusancti

208 4731 505 4817 δυξιῖῧηὶ
532 4742 858 4817 rejecerunt.
890 4744 1100 4817 ince_rti,
1125 4731 1575 4817 cuinam:auctori
1596 4731 2131 4817 acceptarrel'erenda
2162 4748 2324 4817 esset.
2358 4738 2554 4817 Verum
2593 4731 2826 4817 Maximo
2862 4747 2983 4787 esse
3007 4732 3232 4817 omnino
3260 4731 3502 4817 tribuere-.-

208 4799 349 4870 i133;
368 4830 489 4870 non
517 4799 683 4870 modo
703 4799 955 4885 editores,
976 4799 1656 4885 DymnicusLGalesinius,
1673 4799 2349 4885 cumdius,‘Combe_lisius,
2380 4806 2732 4885 Margarinus,
2766 4800 3095 4885 Baxnaudlis
3117 4808 3380 4885 statuunt,
3408 4799 3503 4885 sed

209 4885 476 4941 codicum
502 4886 669 4941 etiam
698 4899 826 4939 mss.
858 4870 1201 4955 Labientiani
1231 4870 1441 4952 1,'Plut.
1475 4901 1588 4953 xrv,
1609 4870 1952 4942 Vallicellani
1981 4893 2113 4939 tom.
2145 4870 2360 4955 II,__pag'.
2389 4870 2524 4955 Ἃ)ῖῇ
2560 4875 2815 4955 ἓμεῆηείε
2838 4870 2935 4955 85,
2964 4871 3273 4955 ᾼυείρρξξε,
3317 4870 3503 4955 μω·ιί-

124 4980 131 4989 ·
210 4958 421 5022 nensis,
459 4955 803 5011 Taurinensis
831 4954 1070 5026 postulat
1109 4942 1424 5026 auctoritas,
1454 4942 1649 5026 quibus
1676 4957 2001 5026 suffragatur
2042 4961 2099 5010 et
2124 4942 2255 5026 styli
2287 4942 2422 5005 mira
2453 4947 2766 5026 similitudo,
2797 4953 2853 5001 et
2899 4944 3039 5026 ratio
3060 4942 3503 5026 'adhibendorum

211 5041 389 5083 sacrae
412 5025 712 5097 Scriptum
744 5024 1197 5097 testimoniorum,
1220 5040 1326 5097 qua
1354 5025 1432 5079 uti
1461 5024 1725 5097 Maximus
1742 5024 2116 5083 consueverat.

2192 5013 2254 5080 cs
2292 5036 2413 5076 eam
2442 5027 2568 5074 ante
2594 5013 3008 5087 subsequentem
3037 5013 3299 5087 edendam
3323 5013 3506 5087 existi-

211 5098 516 5163 mavimus,
539 5084 671 5151 ‘non
711 5095 884 5152 solum
918 5090 1073 5167 quod
1087 5096 1160 5150 ita
1185 5084 1403 5152 codices
1430 5096 1676 5167 plerique
1698 5096 1914 5165 lerant;
1953 5112 2143 5152 verum
2173 5095 2333 5149 etiam
2378 5090 2525 5161 quod
2553 5090 2666 5145 haec
2696 5084 3184 5158 ad'pmcedentem
3212 5085 3405 5141 referri
3425 5084 3507 5139 vi-

214 5168 440 5224 deatur.

297 5290 323 5317 ³·
345 5278 494 5336 Cod.
527 5278 649 5334 Vat.
684 5278 841 5344 1268,
868 5279 1087 5333 ascende
1116 5278 1412 5345 adeaelum.

292 5349 323 5390 δ
340 5349 577 5415 Ibidem,
605 5367 778 5404 verum
805 5349 953 5403 illum
982 5347 1080 5403 Dei
1107 5366 1218 5404 esse
1258 5348 1478 5416 Filium,
1504 5358 1608 5405 etc.

296 5433 321 5462 ε
352 5421 585 5484 Ibidem,
613 5436 704 5474 nec
733 5419 985 5474 intellexit
1003 5435 1184 5474 careas.

292 5489 318 5530 δ
346 5491 495 5562 Cod.
513 5491 662 5555 Vat.,
692 5490 851 5562 solita
878 5507 994 5562 cum
1031 5490 1682 5562 responsione_ronfundit,
1715 5500 1819 5562 etc.

296 5575 320 5602 θ
351 5561 502 5618 Cod.
545 5561 665 5615 Vat.
722 5554 827 5614 455
855 5567 910 5616 et
938 5561 1071 5629 Reg.
1100 5554 1325 5626 addunt,
1360 5554 1516 5615 Retro
1566 5560 1645 5615 illi
1672 5554 1823 5615 abire

224 5632 477 5707 praecipit
523 5630 756 5707 Christus
783 5639 838 5707 ut
879 5632 1040 5707 hostis
1098 5630 1405 5707 durissimus
1455 5632 1697 5701 adempta
1726 5632 1822 5685 sibi

1850 5284 1904 5345 D
2006 5278 2216 5335 lCodd.
2249 5276 2503 5332 Laurent.
2535 5281 2593 5329 et
2619 5272 2741 5327 Vat.
2772 5269 2906 5339 455,
2935 5269 2999 5324 Et
3039 5286 3243 5325 necesse
3286 5281 3423 5335 erat,
3455 5276 3510 5321 ut

1929 5353 1992 5405 ab
2019 5351 2181 5405 illius.
2213 5356 2319 5404 etc.

2211 5392 2487 5481 Laurent"
2528 5415 2700 5488 angeli
2729 5414 3027 5471 ministeriis
3051 5418 3343 5474 occurrunt,
3366 5409 3511 5478 cujus

1928 5492 2198 5547 victoriam
2228 5489 2572 5543 mirabantur.

2002 5564 2025 5599 ιι
2049 5561 2181 5622 Cod.
2213 5559 2488 5624 Laurent.,
2523 5573 2799 5612 usurarum
2842 5556 2997 5608 etiam
3024 5597 3036 5619 ,
3069 5561 3173 5607 etc.
3198 5548 3352 5624 _Cod.
3383 5547 3509 5624 Vat.

1930 5632 2060 5700 Reg.
2078 5617 2216 5701 4’53,
2241 5642 2292 5684 et
2318 5646 2456 5701 saepe
2478 5617 2740 5701 'circulosa
2756 5617 3133 5701 obtrectantam
3162 5621 3321 5673 vitare
3344 5617 3509 5673 collo-

218 5699 335 5778 3am
368 5699 617 5778 loquendi
638 5702 865 5770 licentia,
896 5704 1041 5774 cujus
1072 5703 1379 5758 voluntatem
1420 5699 1700 5761 aquoso—ere
1721 5719 1822 5757 non
1925 5700 2367 5773 quim'usurm'mn
2388 5699 2544 5755 etiam
2576 5699 2881 5755 oerniriosa,
2908 5702 2992 5748 etc

227 5773 430 5845 potest,
462 5773 655 5827 sentiat
684 5781 1008 5843 potestatem.
