4040 6324
204 317 304 382 529,

1593 306 1877 364 llOMlLlA
1911 305 2068 364 XLV.

2755 227 2819 242 *ἡ

200 434 444 494 scribitur
470 433 616 488 enim
645 432 754 486 ita:
781 429 847 485 In
875 431 1032 501 ﬁnem
1060 446 1156 500 pro
1184 430 1505 500 susceptione
1525 429 1784 482 matutina
1810 429 1858 488 Α
1885 427 2150 492 videatur,
2177 426 2362 484 dicens
2395 446 2406 480 :
2442 428 2582 484 Deus
2627 430 2890 501 omnium,
2922 431 3017 502 qui
3043 447 3102 489 es
3128 432 3272 490 Deus
3297 448 3472 498 meus,

205 528 421 602 psalmus
449 527 548 597 ipsi
587 523 778 579 Dauid.
827 523 938 578 Nisi
979 522 1153 592 fallor,
1202 522 1474 594 susceptio
1523 520 1784 577 matutina

206 622 326 678 solis
351 627 522 676 ortum
552 627 580 655 ⁸·
603 632 819 688 semper
848 615 1156 682 antevertit,
1181 624 1238 671 et
1263 615 1574 686 priusquam
1597 613 1784 668 orbem

206 713 465 770 radiormn
506 709 684 766 clarus
728 706 984 778 splendor
1020 706 1302 772 illuminet,
1333 705 1654 760 matutinum
1683 719 1786 758 no-

205 805 357 861 ctium
385 801 619 857 tenebris
657 799 942 855 terminum
990 799 1169 870 ponit;
1201 814 1266 854 ac
1304 797 1540 853 resoluta
1586 796 1783 852 sensim

209 894 482 964 caliginum
513 892 774 958 caecitate,
803 891 967 946 rebus
997 890 1202 946 cunctis
1239 888 1405 944 facies
1441 887 1684 958 quaedam
1722 903 1786 942 ac

206 988 374 1042 lumen
403 983 430 1022 δ
465 981 794 1048 infunditur;
825 988 881 1037 et
917 997 1040 1037 cum
1078 981 1246 1036 veluti
1284 981 1384 1036 sub
1417 997 1523 1034 una
1561 979 1786 1034 materie

205 1076 531 1133 tenebrarum
573 1071 806 1128 mundus
835 1073 890 1126 in
918 1070 1235 1128 confusione
1261 1069 1514 1139 jacuerit,
1547 1070 1784 1126 interve-

202 1169 371 1226 niente
397 1165 682 1232 matutino,
713 1164 930 1219 diversa
977 1163 1275 1235 specierum
1305 1161 1568 1218 varietate
1594 1161 1788 1216 distin-

200 1259 397 1329 guitur;
429 1256 538 1312 hoc
565 1261 667 1320 est,
699 1271 822 1311 cum
849 1255 1028 1310 omnia
1057 1268 1200 1310 caeca
1237 1253 1456 1317 fuerint,
1488 1253 1632 1308 oculi
1668 1268 1787 1308 om-

202 1352 337 1408 nium
385 1357 726 1420 reparantur.
789 1345 904 1402 Nox
960 1344 1103 1401 enim
1157 1344 1556 1416 quodammodo
1612 1343 1788 1399 aufert

199 1441 371 1500 oculos
399 1437 623 1501 mundo,
657 1452 853 1494 aurora
898 1435 1168 1501 restituit;
1213 1444 1376 1506 atque
1415 1436 1487 1490 ita
1517 1442 1642 1490 ante
1670 1450 1786 1489 Ina-

201 1536 359 1592 tutina
387 1531 736 1604 susceptione
765 1529 1110 1602 perfruimur,
1142 1535 1202 1583 ut
1227 1527 1515 1596 gloriosius
1541 1533 1786 1598 postmo-

198 1628 313 1684 dum
349 1625 485 1681 solis
521 1622 814 1695 splendore
863 1621 1154 1692 patiamur.
1194 1618 1299 1674 Sed
1338 1619 1613 1688 quoniam,
1645 1617 1785 1674 sicut

197 1719 316 1776 dicit
352 1716 683 1790 Apostolus:
719 1714 832 1771 Lex
877 1713 1170 1784 spiritualis
1197 1720 1302 1776 est,
1334 1720 1390 1766 et
1417 1711 1784 1782 spiritualibus

1891 534 1989 574 cur
2014 533 2101 573 me
2137 516 2502 588 dereliquisti?
2541 521 2674 592 nihil
2713 523 2855 578 enim
2893 523 3023 580 mihi
3058 525 3306 582 conscius
3331 541 3470 582 sum.

1890 608 2196 666 Secundum
2221 612 2364 666 enim
2396 614 2714 683 prophetam
2743 617 3016 674 nesciebat
3044 628 3343 688 peccatum,
3374 636 3478 676 nec
3539 627 3546 638 ‘

1889 711 2008 758 erat
2034 703 2192 760 dolus
2222 705 2272 758 in
2303 720 2398 760 ore
2427 705 2562 775 ejus.
2601 707 2723 764 Hcce
2763 719 2944 766 autem
2979 711 3128 778 dicit,
3159 721 3218 768 ut
3245 715 3474 772 manife-

1888 801 2058 849 staret
2095 803 2322 866 propter
2360 813 2460 851 nos
2496 814 2554 853 se
2581 814 2700 855 esse
2727 800 3060 870 derelictum,
3091 819 3322 874 quorum
3349 822 3478 878 pec-

1888 892 2008 941 cata
2037 887 2308 956 portabat,
2335 902 2398 944 ac
2417 889 2662 945 videntes
2683 890 3012 950 disceremus
3037 901 3093 950 et
3117 911 3217 953 nos
3235 912 3336 967 pro
3358 897 3476 968 ipso

1889 987 2075 1034 sancto
2111 987 2168 1034 et
2201 978 2349 1047 justo
2377 983 2532 1047 mori,
2563 999 2684 1038 cum
2715 999 2812 1054 pro
2842 983 2870 1022 ιι
2899 989 3275 1056 peccatoribus
3302 997 3360 1046 et
3387 990 3479 1046 ille

1889 1079 2204 1126 moreretur.
2235 1071 2475 1143 Denique
2518 1073 2619 1130 hac
2664 1090 2798 1131 voce
2840 1078 2894 1132 in
2931 1079 3184 1148 passione
3211 1097 3342 1138 usus
3369 1091 3475 1149 est,

1886 1163 2025 1220 sicut
2065 1164 2118 1219 in
2165 1159 2458 1235 Evangelio
2499 1167 2726 1237 legimus
2755 1187 2768 1222 :
2795 1168 2905 1234 Eli,
2949 1169 3056 1239 Eli,
3087 1173 3283 1229 lammd
3319 1174 3478 1230 saba-

1887 1254 2097 1309 cthani?
2135 1256 2228 1311 hoc
2268 1266 2343 1312 est
2373 1275 2390 1310 :
2423 1255 2562 1314 Deus
2599 1275 2762 1326 meus,
2815 1259 2949 1316 Deus
2987 1278 3147 1330 meus,
3190 1281 3352 1336 quare
3391 1281 3478 1322 me

1887 1346 2202 1420 dereliquiin
2235 1349 2450 1424 (Matth.
2489 1351 2696 1422 xxv")?
2733 1351 2865 1416 liae,
2899 1353 3134 1422 inquam,
3178 1371 3310 1412 voce
3349 1373 3478 1413 usus

1886 1448 1986 1504 est,
2021 1442 2250 1510 utquod
2280 1445 2560 1516 prophetia
2601 1446 3015 1502 annuntiaverat
3041 1447 3120 1502 rei
3150 1449 3326 1506 exitus
3373 1465 3474 1520 ap-

1877 1531 2156 1600 probaret.
2203 1531 2266 1586 Et
2313 1535 2571 1603 quoniam
2612 1535 2891 1604 sequentia
2931 1551 3069 1606 pene
3123 1537 3476 1613 i‘manifesta

1885 1630 2028 1688 sunt,
2063 1623 2212 1678 ἰΙΙιιιιι
2259 1624 2604 1694 inspiciamus
2635 1626 2954 1682 versiculum
2987 1628 3038 1682 iu
3067 1643 3176 1697 quo
3207 1629 3280 1683 ait
3315 1647 3328 1682 :
3361 1628 3476 1704 Ego

1887 1722 2056 1769 autem
2085 1731 2198 1768 sum
2226 1717 2411 1770 vermis
2438 1725 2488 1769 et
2517 1734 2620 1770 non
2643 1716 2795 1771 homo
2819 1717 2988 1788 (Psal.
3017 1719 3150 1786 ut).
3179 1719 3290 1775 Cur
3310 1721 3477 1778 totius

197 1811 482 1883 spiritualia
511 1807 872 1880 comparanda
899 1814 1024 1863 sunt
1044 1805 1221 1876 (Rom.
1255 1821 1357 1870 vn;
1383 1803 1413 1859 I
1443 1803 1565 1860 Cor.
1595 1807 1674 1876 ιι),
1697 1821 1788 1860 so-
1816 1804 1865 1868 Β
1891 1803 2149 1861 Dominus
2188 1815 2449 1862 creaturae
2485 1807 2780 1864 vermiculo
2807 1824 2866 1864 se
2892 1809 3122 1866 voluerit
3149 1813 3474 1882 comparari,

198 1904 294 1966 lem
319 1903 402 1959 hic
421 1901 651 1972 justitim
679 1899 913 1956 arbitror
938 1897 1237 1968 designari;
1270 1897 1374 1954 hoc
1398 1906 1482 1952 est
1508 1895 1782 1953 Christum

199 1995 495 2061 Dominum,
527 1993 621 2064 qui
642 1992 798 2049 nobis
825 1990 1141 2060 ignorantiae
1172 1989 1429 2055 tenebris,
1457 1998 1513 2044 et
1532 1997 1786 2059 peccato-

197 2088 572 2147 rummitate
594 2083 906 2149 submersis,
933 2081 1166 2138 caelestis
1185 2080 1441 2136 doctrina:
1467 2095 1577 2135 sua:
1603 2080 1786 2136 lumen

198 2179 403 2244 infudit;
428 2186 491 2233 ct
528 2192 666 2248 quos
707 2191 816 2230 non
849 2185 871 2213 ο
903 2172 1252 2238 habebamus,
1285 2171 1472 2226 oculos
1497 2171 1677 2226 cordis
1703 2171 1786 2225 in-

194 2271 369 2338 seruit,
399 2279 458 2326 et
489 2268 633 2324 velut
661 2267 843 2323 radios
867 2265 1129 2337 quosdam
1158 2263 1435 2336 apostolos
1462 2280 1588 2319 suos
1615 2263 1780 2330 misit,

194 2363 280 2434 qui
306 2377 400 2417 nos
417 2360 495 2416 de
520 2359 545 2396 ⁴³
577 2366 741 2416 nocte
769 2357 1045 2414 teterrima
1065 2355 1446 2426 delinquentim
1469 2355 1780 2422 liberarent,

196 2463 248 2511 et
268 2455 552 2527 paulatim,
582 2452 836 2509 resolutis
873 2451 927 2505 in
969 2449 1124 2504 nobis
1154 2447 1387 2503 tenebris
1416 2454 1780 2517 peccatorum,

196 2547 446 2606 matutina
480 2555 506 2584 °
537 2559 636 2602 nos
654 2541 999 2614 susceptione
1014 2545 1455 2604 consuescerent;
1480 2545 1538 2592 ut
1559 2536 1783 2609 perfecti

193 2641 388 2698 facilius
415 2637 692 2710 possimus
721 2635 952 2691 tolerare
979 2633 1109 2689 solis
1137 2631 1409 2696 ardorem,
1436 2631 1541 2686 hoc
1567 2639 1650 2686 est
1671 2630 1783 2700 pri-

194 2749 328 2789 mum
375 2748 484 2788 nos
531 2728 814 2802 pmceptis
861 2725 1279 2796 simplicioribus
1327 2723 1625 2788 erudirent,
1673 2738 1782 2792 quo

193 2825 500 2896 capaciores
543 2819 822 2877 efﬁcerent
865 2816 1167 2873 cmlestium
1214 2813 1566 2872 secretorum.
1612 2812 1782 2884 Hujus

195 2916 368 2987 itaque
387 2913 525 2972 solis
544 2911 766 2984 iustitia:
785 2907 1071 2972 matutino,
1095 2905 1442 2978 peccatorum
1471 2905 1644 2975 caligo
1666 2913 1780 2962 tota

193 3009 490 3079 perimitur,
513 3006 653 3062 sicut
678 3004 793 3075 ipse
813 3001 1075 3073 propheta
1095 3001 1172 3054 ait
1190 3015 1256 3056 ex
1279 3014 1508 3070 persona
1529 2998 1738 3054 Domini
1760 3017 1773 3053 :

195 3099 255 3156 In
305 3099 579 3155 matutinis
630 3091 1004 3165 inlerﬁcicbam
1057 3108 1233 3147 omnes
1280 3099 1572 3163 peccatores
1627 3099 1780 3146 terra:

1889 1916 2174 1972 possumus
2202 1901 2306 1956 hoc
2331 1901 2549 1971 quidem
2578 1902 2866 1960 humilitati
2896 1905 3142 1975 primitus
3180 1909 3474 1978 assignare,

1887 2009 2008 2064 qua:
2051 2000 2362 2048 sanctorum
2418 1994 2588 2050 virtus
2641 2003 2726 2050 est
2770 1997 3024 2062 maxima,
3079 1999 3216 2055 sicut
3261 2009 3480 2058 sanctus

1888 2084 2101 2158 Moyses
2129 2094 2254 2140 ante
2283 2085 2452 2140 Deum
2480 2087 2679 2142 animal
2699 2101 2757 2144 se
2780 2087 3146 2146 imtionabile
3171 2091 3475 2161 profitetur,

1889 2177 2102 2264 David‘i
2142 2177 2376 2247 pulicem
2422 2193 2480 2231 sc
2521 2193 2663 2248 saepe
2695 2188 3100 2234 commemorat.
3152 2180 3258 2236 Sed
3306 2183 3478 2250 magis

1889 2269 2017 2324 illud
2063 2269 2431 2340 accipiendum
2463 2279 2594 2340 puto
2627 2289 2638 2323 :
2672 2273 2924 2341 quoniam
2955 2275 3152 2329 vermis
3195 2275 3341 2331 nulla
3374 2292 3475 2331 ex-

1887 2360 2150 2415 trinsecus
2179 2359 2510 2416 admixtione
2532 2361 2692 2417 alieni
2716 2363 2978 2434 corporis,
3009 2364 3102 2420 sed
3125 2364 3193 2421 de
3220 2367 3334 2421 sola
3359 2366 3381 2405 ιι
3411 2383 3478 2422 ac

1885 2467 2019 2522 pura
2050 2460 2192 2508 terra
2242 2460 2578 2524 procreatur,
2619 2453 2740 2510 ideo
2782 2454 2930 2510 illum
2968 2467 3335 2528 comparatum
3364 2459 3476 2517 Do-

1886 2546 2052 2611 mino,
2083 2546 2338 2616 quoniam
2366 2553 2422 2602 et
2451 2546 2565 2618 ipse
2593 2544 2842 2601 Salvator
2868 2547 2936 2602 de
2963 2549 3078 2604 sola
3106 2557 3162 2604 et
3202 2565 3334 2620 pura
3363 2551 3476 2608 Ma-

1885 2638 1964 2694 ria
1991 2646 2297 2707 generatur.
2334 2638 2462 2706 Legi
2491 2639 2656 2694 etiam
2688 2640 2740 2694 in
2771 2640 2918 2695 libris
2948 2641 3146 2714 Moysis
3178 2644 3246 2700 de
3279 2661 3476 2704 manna

1883 2729 2204 2784 vermiculos
2231 2737 2545 2800 procreatos
2587 2729 2781 2800 (Exod.
2815 2731 2927 2801 xvr)
2961 2749 2975 2786 :
3007 2733 3166 2803 digna
3214 2735 3374 2806 plane
3418 2745 3478 2793 et

1879 2818 2024 2888 justa
2075 2819 2436 2890 comparatio;
2483 2817 2746 2889 s‘iquidem
2793 2820 2860 2875 de
2916 2838 3109 2890 manna
3155 2827 3477 2884 vermiculus

1882 2911 2134 2982 gignitur,
2167 2920 2223 2966 et
2249 2911 2508 2968 Dominus
2530 2912 2776 2970 Christus
2798 2914 2864 2970 de
2889 2915 3106 2985 Virgine
3133 2928 3475 2989 procreatur.

1883 3000 2022 3070 Quin
2063 3003 2240 3074 potius
2280 3003 2452 3074 ipsam
2480 3003 2702 3060 Mariam
2737 3021 2934 3062 manna
2962 3007 3208 3076 dixerim,
3237 3011 3363 3080 quia
3391 3019 3478 3070 est

1882 3095 2110 3160 subtilis,
2159 3096 2457 3166 splendida,
2489 3097 2668 3153 suavis
2697 3105 2751 3153 et
2777 3084 3110 3176 virgo;'qna:
3137 3102 3284 3159 velut
3325 3104 3476 3162 coali-

194 3191 358 3265 (Psal.
387 3192 468 3266 c).
502 3189 620 3247 Hoc
642 3196 726 3264 est
750 3206 762 3241 :
791 3186 999 3242 oriente
1028 3185 1082 3240 in
1112 3185 1268 3242 nobis
1292 3183 1406 3239 sole
1421 3183 1663 3253 justitim,
1687 3183 1780 3254 qui
1807 3187 1854 3253 C
1886 3191 1972 3241 tus
2001 3187 2242 3252 veniens,
2269 3187 2476 3243 cunctis
2503 3185 2863 3244 Ecclesiarum
2895 3191 3106 3260 populis
3135 3193 3313 3249 cibum
3351 3195 3474 3252 dul-

193 3286 550 3344 habitaculum
587 3281 604 3322 ῐ
639 3280 851 3338 Domini
877 3294 1080 3345 sumus,
1113 3277 1290 3334 omnis
1317 3277 1575 3346 cogitatio
1601 3277 1779 3348 iniqua

194 3380 520 3436 subvertitur
551 3379 588 3431 ⁸.
1227 3429 1237 3440 .

404 3469 595 3543 (138
623 3468 742 3523 Huc
769 3483 929 3540 usque
965 3463 1190 3520 homilice
1217 3463 1562 3536 proemium.)

255 3564 428 3622 Totus
472 3569 652 3619 autem
696 3561 788 3616 hie
815 3558 1050 3630 psalmus
1077 3557 1318 3627 digestus
1343 3563 1429 3610 est
1455 3569 1524 3610 ex
1549 3569 1778 3624 persona

191 3653 397 3712 Domini
427 3654 742 3718 Saivatoris,
763 3636 973 3722 quippe
1001 3663 1123 3704 cum
1161 3646 1318 3717 plura
1345 3645 1413 3700 de
1441 3660 1508 3700 eo
1544 3644 1596 3698 in
1625 3643 1778 3698 Novo

189 3745 290 3801 sint
332 3745 514 3818 posita
560 3743 931 3798 Testamento.
961 3741 982 3770 ¹
1015 3736 1154 3792 Dicit
1191 3737 1374 3806 itaque.
1405 3752 1417 3788 :
1451 3733 1610 3799 Deus,
1646 3732 1780 3786 Deus

188 3853 347 3903 meus,
371 3838 572 3907 respice
598 3836 653 3890 in
680 3851 761 3888 me
791 3849 808 3886 :
837 3839 893 3887 et
925 3830 1152 3900 reliqua.
1181 3825 1360 3894 Quare
1389 3823 1648 3894 assumpti
1677 3824 1782 3878 ho-

184 3927 342 3984 minis
391 3925 508 3996 agit
551 3938 788 3986 causam,
831 3930 858 3968 8
901 3927 962 3975 ut
1007 3908 1342 3983 interrogare
1383 3913 1781 3984 quodammodo

251 4115 278 4143 ι
309 4103 454 4158 Vide
479 4101 535 4169 in
564 4106 678 4155 not.
710 4113 830 4169 quae
858 4104 1118 4169 praeterea
1149 4095 1415 4150 habentur
1455 4095 1508 4149 in
1552 4101 1780 4164 utroque

177 4174 372 4234 codice
397 4171 458 4226 8.
494 4168 681 4226 Crucis
709 4165 761 4223 in
789 4165 1110 4224 Jerusalem.

250 4243 278 4285 δ
301 4241 443 4300 Cod.
477 4240 654 4296 Vatic.
684 4237 860 4309 1268ξ
870 4236 1181 4309 refunditur.

253 4327 278 4358 ε
309 4311 450 4371 Cod.
478 4311 734 4366 Laurent.
761 4325 796 4375 ι,
830 4304 970 4364 Plut.
1006 4323 1110 4374 le,
1142 4317 1191 4362 et
1219 4322 1344 4379 quos
1372 4323 1476 4361 non
1509 4304 1778 4362 habuimus

183 4389 448 4512 mitiga.
483 4451 554 4507 99
581 4450 637 4506 8.
667 4447 856 4506 Crucis
883 4449 936 4504 in
965 4447 1073 4504 Jer.
1107 4448 1320 4518 legitur,
1348 4447 1411 4502 de
1431 4455 1620 4512 morte;
1645 4455 1700 4503 et
1724 4447 1776 4502 in

189 4528 430 4586 margine
460 4531 682 4579 notatur
707 4540 720 4575 :
747 4521 842 4586 aL,
868 4521 934 4574 de
955 4528 1118 4574 nocte.
1733 4531 1761 4561 ο

259 4609 284 4640 ο
303 4587 372 4652 In
397 4593 520 4651 cod.
552 4591 621 4646 99
647 4591 704 4647 S.
735 4591 923 4647 Crucis
948 4590 998 4644 in
1027 4587 1137 4644 Jer.
1165 4587 1432 4643 omittitur
1459 4603 1572 4642 nos.

1884 3278 2088 3334 ciorem
2117 3278 2276 3333 melle
2303 3277 2544 3343 defluxit,
2577 3293 2738 3348 quem
2766 3281 2859 3348 qui
2887 3280 3046 3336 edere
3067 3290 3123 3337 et
3151 3283 3479 3342 manducare

1886 3369 2205 3445 neglexerit,
2236 3369 2401 3424 vitam
2440 3369 2494 3423 in
2542 3370 2836 3440 semetipso
2867 3371 3069 3427 habere
3110 3389 3218 3428 non
3250 3377 3474 3445 poterit,

1882 3441 2024 3516 Eicut
2046 3461 2160 3530 ipse
2191 3460 2450 3515 Dominus
2471 3457 2547 3514 ait
2581 3478 2592 3513 :
2624 3457 2748 3514 Nisi
2769 3462 2880 3532 quis
2901 3441 3285 3519 manducauerit
3309 3441 3478 3521 meam

1883 3568 2112 3618 carnem,
2135 3561 2186 3607 et
2206 3549 2388 3606 biberit
2414 3567 2582 3606 nicum
2609 3552 2933 3622 sanguinem,
2966 3569 3068 3607 non
3099 3552 3301 3609 habebit
3320 3558 3479 3610 citam

1881 3645 1939 3698 in
1966 3643 2236 3713 semetipso
2266 3639 2445 3712 (Joan.
2479 3641 2586 3712 vr);
2617 3640 2714 3697 sed
2743 3643 2920 3713 potius
2949 3643 3063 3713 ipse
3087 3645 3237 3702 cibus
3258 3647 3312 3702 iu
3331 3647 3477 3717 judi-

1885 3734 2027 3790 cium
2065 3740 2430 3800 convertetur,
2460 3733 2597 3788 sicut
2626 3733 2916 3804 Apostolus
2937 3733 3067 3789 dicit
3093 3754 3104 3789 :
3134 3734 3233 3801 Qui
3255 3739 3476 3794 mandu-

1885 3834 1969 3878 cat
1991 3833 2041 3878 et
2060 3823 2184 3878 bibit
2205 3823 2437 3895 indigne,
2455 3822 2713 3896 judicium
2734 3821 2834 3880 sibi
2854 3811 3134 3882 mandarat
3153 3826 3208 3897 (Ι
3227 3828 3346 3884 Cor.
3373 3833 3476 3902 χι).

1886 3913 2040 3982 Quod
2067 3913 2188 3970 filiis
2213 3913 2378 3970 Israel
2405 3915 2676 3972 subtiliter
2708 3915 2866 3988 139
2889 3917 3268 3988 prophetatum
3303 3931 3388 3977 est
3421 3924 3478 3984 in

1963 4094 2144 4154 ‘Cod.
2179 4101 2352 4158 Vatic.
2385 4101 2544 4166 1278,
2578 4101 2687 4161 Deo
2713 4085 2909 4160 summ.

1961 4167 2258 4253 {Utroque
2278 4172 2476 4253 cod.
2500 4173 2556 4229 8.
2583 4173 2789 4242 Crucis,
2813 4185 2863 4230 et
2882 4177 3204 4250 interrogare
3226 4181 3476 4250 quodam-

1884 4238 2036 4295 modo
2065 4238 2266 4297 videtur
2285 4243 2482 4299 dicens.

1957 4307 1984 4346 ιι
2013 4309 2147 4367 Cod.
2190 4311 2260 4366 90
2303 4313 2359 4370 S.
2391 4313 2579 4372 Crucis
2600 4315 2654 4371 in
2681 4314 3000 4384 Jerusalem,
3033 4335 3128 4389 pro
3152 4330 3362 4390 peccato
3387 4322 3477 4378 ille

1886 4391 2187 4437 moreretur.

1964 4452 1980 4534 ξ
2017 4451 2334 4534 ytroquein
2349 4455 2542 4534 codLS.
2563 4455 2814 4534 C_ruc_is_in
2831 4455 2966 4534 lem,
2980 4459 3316 4530 manifestata
3327 4469 3467 4518 sunt.

1962 4525 1976 4573 i
2013 4521 2148 4578 Cod.
2172 4521 2356 4580 'Vatic.
2387 4523 2544 4588 1278,
2576 4525 2747 4580 David
2773 4521 3006 4582 culicem.

1957 4591 1984 4630 ιι
2020 4591 2258 4662 Utroque
2285 4595 2338 4648 in
2367 4595 2489 4649 cod.
2523 4593 2580 4649 S.
2613 4594 2818 4660 Crucis,
2847 4606 2896 4649 et
2919 4596 2982 4650 de
3011 4613 3142 4668 pura
3171 4605 3326 4654 terra.

265 4737 282 4770 ι
313 4731 562 4810 Utroqqu
589 4727 644 4810 in
667 4725 854 4810 codice
981 4691 1616 4810 procisinﬂimusalem
1631 4730 1782 4810 “post
1808 4729 1860 4788 D
1885 4729 2266 4810 quodammodo
2312 4728 2562 4810 videatur,
2592 4729 2814 4810 dicens:
2849 4729 2988 4810 Deus
3021 4749 3270 4801 omnium,
3305 4741 3391 4810 qui
3418 4759 3475 4800 eg

193 4808 302 4863 hzec
327 4791 497 4858 verba
522 4799 595 4852 ita
624 4797 816 4866 legitur
849 4813 861 4848 :
894 4793 1051 4865 Cujus
1083 4793 1208 4866 solis
1237 4793 1392 4866 etiam
1421 4791 1598 4866 beatus
1626 4791 1783 4866 salo-

193 4893 304 4932 mon
329 4869 567 4928 meminit
594 4869 649 4922 in
677 4863 898 4935 persona
925 4863 1274 4935 reputantium
1295 4863 1394 4935 sibi
1419 4879 1494 4935 ac»
1504 4863 1783 4935 dicentium

194 4893 304 4932 mon
329 4884 567 4928 merumst
594 4884 649 4922 ιη
743 4884 898 4920 rsoua
925 4884 1274 4935 reparaturum
1295 4884 1391 4916 διυι
1419 4884 1482 4916 ac
1504 4884 1782 4925 (strenuum

194 4952 519 5017 peccatorum
548 4955 566 4992 :
584 4884 810 5017 Saftien
835 4942 978 4988 ortus
997 4942 1076 4988 est
1098 4930 1348 5017 nobis,_et
1363 4933 1585 5002 justitice
1601 4933 1782 5017 lumen

195 5004 292 5069 non
337 5012 475 5068 luxit
509 5006 676 5063 nobis.
720 5005 874 5065 Hanc
905 5020 1100 5074 quoque
1125 5004 1382 5058 matutina
1409 5005 1782 5074 susceplianem

197 5085 244 5138 in
285 5079 576 5154 Evangelia
607 5085 788 5132 sancta
817 5071 1089 5154 possumus
1118 5074 1374 5154 ascribere
1402 5071 1590 5154 Maria:
1627 5071 1782 5154 Mag-

197 5143 564 5224 ἀαίεηωιῖιαω
593 5155 793 5224 mature
811 5143 872 5199 ac
895 5145 1121 5224 diluculo
1150 5143 1220 5224 qd
1245 5150 1633 5224 monumentum
1652 5143 1782 5214 uigi-

198 5225 307 5281 lans
339 5212 653 5281 salvatoris,
685 5217 1112 5272 resurrectionem
1152 5212 1365 5268 Domini
1397 5215 1566 5282 prima
1605 5212 1781 5268 susce-

199 5299 288 5366 pit,
312 5303 362 5366 et
390 5293 708 5366 clarescente
725 5285 904 5366 mundi
932 5284 1057 5350 sale,
1079 5283 1204 5366 solis
1235 5283 1456 5366 justitia:
1483 5291 1650 5366 ortum
1675 5300 1785 5366 prce

201 5353 430 5422 cautibus
459 5360 574 5416 sola
601 5356 856 5430 cognorit,
879 5372 941 5409 ac
961 5353 1281 5430 susceptione
1303 5353 1510 5430 quidem
1530 5355 1785 5430 matutina

203 5439 373 5507 gavisa
412 5440 492 5507 est
534 5423 683 5507 diem
711 5426 986 5507 redditum,
1005 5423 1116 5507 sed
1133 5425 1297 5507 magis
1317 5423 1503 5507 gavisa
1527 5423 1786 5507 Christum

201 5494 234 5562 ἷι
259 5504 478 5562 mortuis
517 5501 837 5568 suscitatam,
866 5505 1020 5568 atque
1044 5497 1253 5568 in_ipsa
1285 5494 1536 5568 completa
1563 5504 1637 5568 est
1665 5512 1788 5566 pro-

203 5572 489 5647 phetia,ad_
514 5583 776 5647 resoerum
804 5563 1242 5622 demonstrabitur
1267 5563 1417 5633 ﬂetus
1445 5573 1494 5618 et
1521 5565 1588 5618 ad
1616 5563 1788 5620 matu-

206 5642 362 5702 tinum
382 5642 590 5699 ltetitia.

269 5721 290 5750 ³
321 5715 464 5771 Dicit
491 5713 664 5782 itaque
692 5724 710 5782 ς
733 5707 894 5782 Deus,
917 5707 1057 5782 Deus
1084 5722 1242 5772 meus,
1269 5706 1462 5776 respice
1470 5707 1528 5782 in
1550 5722 1649 5771 me,
1673 5714 1776 5762 etc.

209 5784 374 5852 Quare
403 5778 654 5852 assumpti
683 5780 903 5833 hominis
949 5778 1057 5849 agit
1104 5793 1331 5842 causam,
1371 5787 1424 5829 ut
1463 5778 1783 5847 interrogare

385 5931 396 5952 ,
447 5875 718 5948 Pullos.
765 5867 951 5933 LVII.

1941 4815 2028 4868 eus
2054 4815 2218 4862 meus,
2243 4815 2336 4852 cur
2362 4815 2444 4852 me
2471 4799 2804 4868 dereliquisti,
2830 4805 2974 4856 ctc.?

1961 4866 2316 4946 Praecesserat
2363 4869 2422 4946 ἰη⁸
2453 4866 2936 4946 ςειςιιοείζίοιιεΑΙορὶ
2969 4872 3126 4946 hujus
3165 4877 3354 4946 psalmi
3381 4899 3474 4940 xu

1887 4938 1944 4993 S.
1976 4938 2310 5005 Ambrosius,
2332 4939 2422 5008 qui
2462 4939 2552 4992 lib.
2587 4955 2616 4994 κ
2647 4940 2699 4994 in
2740 4939 2862 4998 Ltic.
2889 4943 2962 4997 ait
2990 4961 3001 4996 :
3025 4938 3278 5002 Clamavit
3318 4938 3472 5009 homo

1887 5011 2213 5080 separatione
2258 5011 2538 5065 divinitatis
2577 5013 2872 5068 moriturus.
2925 5013 2982 5068 8.
3037 5013 3267 5073 Hilarius
3311 5020 3475 5078 Com-

1887 5079 2054 5135 ment.
2083 5081 2132 5134 in
2157 5079 2371 5144 Matth.,
2399 5097 2519 5152 cap.
2545 5081 2597 5152 5,
2623 5081 2792 5151 inquit
2819 5102 2831 5137 :
2859 5083 3066 5139 Clamor
3090 5087 3187 5140 iste
3214 5090 3284 5143 ad
3303 5090 3472 5149 Deum
3547 5091 3555 5099 ’

1887 5153 2116 5222 corporis
2154 5168 2250 5206 cos:
2289 5151 2697 5222 esttrecedcntis
2721 5170 2752 5206 a
2779 5170 2835 5208 se
2865 5153 3019 5209 Verbi
3056 5154 3156 5211 Dei
3184 5168 3472 5219 contestata

1886 5220 2188 5287 dissidium;
2217 5230 2272 5277 et
2297 5221 2353 5278 8.
2387 5221 2715 5293 Epiphanius
2742 5224 2932 5280 lueres.
2965 5223 3033 5278 69
3066 5245 3078 5279 :
3123 5227 3314 5286 Videas
3340 5233 3472 5289 dici-

1887 5293 2102 5346 nitatem
2123 5293 2237 5364 jam
2344 5295 2609 5370 procinctu
2635 5311 2773 5370 esse.
2792 5307 2844 5353 ut
2864 5305 3093 5351 sanctum
3122 5315 3306 5370 corpus
3325 5302 3472 5359 dese-

1889 5373 2038 5438 reret,
2063 5363 2249 5438 uocem
2262 5363 2406 5418 illam
2427 5364 2614 5438 emisit.
2638 5364 2898 5438 Maximus
2918 5375 3097 5422 autem
3113 5363 3469 5438 nos'ter'dixit,

1887 5430 2157 5488 Christum
2205 5434 2511 5510 clamorem
2547 5434 2692 5510 illum
2739 5435 2988 5505 edidisse,
3020 5445 3078 5490 ut
3115 5430 3473 5510 manifestaret

1888 5513 2098 5588 propter
2123 5522 2216 5588 ags
2249 5522 2310 5588 se
2336 5522 2448 5588 esse
2475 5505 3038 5588 derelictum-quorum“
3065 5505 3274 5588 peccata
3294 5522 3473 5588 parta-

1891 5571 1994 5646 bat,
2023 5584 2128 5631 etc.
2161 5575 2267 5646 Sed
2310 5575 2435 5644 quid
2473 5591 2570 5646 pro
2597 5571 2946 5631 derelictione
2985 5571 3074 5630 illa
3097 5571 3390 5634 divinitatis
3418 5581 3473 5637 in

1891 5644 2102 5702 Christo
2138 5644 2361 5714 intelligi
2400 5644 2612 5711 debeat,
2665 5646 2901 5714 theologi
2951 5646 3005 5698 in
3046 5646 3229 5714 plures
3275 5647 3474 5707 abeunt

1893 5717 2206 5783 sententias,
2240 5716 2304 5770 ad
2331 5732 2467 5786 quos
2495 5716 2726 5771 lectores
2754 5716 3046 5769 remittimn

3125 5863 3193 5934 11
