4040 6324
537 265 730 326 ’555

1592 267 1650 324 8.
1691 267 1936 323 MAXIM]
1973 265 2276 325 EPISCOI’I
2315 268 2770 327 TAURINENSIS
3739 279 3817 336 536

625 386 702 445 dit
731 387 872 460 ,γίνῃ
903 384 993 456 qui
1039 361 1430 440 Pharisaeorum
1475 381 1828 438 seditionibus
1869 381 2200 446 terrebatur;
2233 390 2280 444 Α
2310 383 2630 437 innocentia:
2660 381 3025 436 testimonium
3054 387 3174 448 est,
3216 380 3342 436 dum
3379 389 3641 440 accusator
3661 385 3759 456 ejus
3779 397 3822 443 et.

626 483 763 537 hanc
781 481 930 536 audit
950 495 1103 550 puer,
1122 479 1212 548 qui
1235 470 1425 532 sancto
1447 477 1653 547 Spiritu
1697 477 2030 547 replebatur.
2077 477 2200 541 Iste,

623 575 766 646 quod
805 574 1006 642 sentit,
1049 578 1363 628 constanter
1402 570 1760 642 pronuntiat,
1811 585 1916 623 non
1944 565 2200 622 defendit.

623 667 877 722 Susannte
913 665 1060 738 enim
1094 664 1262 734 judex
1306 679 1464 733 quam
1497 663 1730 721 absolvit
1757 671 1813 715 et
1842 661 2032 716 liberat
2065 679 2076 712 :
2108 659 2208 714 Do-

621 758 748 812 mini
785 757 1053 826 coguitor,
1093 770 1253 825 quem
1283 756 1536 822 absolvit,
1566 755 1786 808 damnat
1814 763 1869 808 et
1899 753 2080 808 tradit.
2107 751 2204 807 Si-

619 851 744 904 mile
773 861 906 916 ergo
933 847 1033 903 fuit
1059 863 1199 919 pene
1229 861 1326 916 per
1364 847 1544 903 omnia
1584 845 1842 900 Susannze
1885 844 2205 915 Dominique

619 941 870 1012 iudicium
905 983 918 996 .
955 951 980 979 ι
1015 943 1029 974 ι
1059 940 1336 1011 Siquidem
1361 981 1374 1006 ,
1407 955 1509 996 nec
1549 938 1822 994 accusatio
1853 939 1903 992 in
1935 937 2017 993 his
2045 936 2204 994 fuerit

619 1034 732 1102 ipsa
772 1033 1064 1088 dissitnil's.
1115 1031 1414 1087 Susannam
1445 1030 1588 1086 enim
1635 1027 2200 1096 seniores_det'erunt,

620 1127 901 1182 Dominum
945 1127 972 1165 ιι
1004 1133 1222 1182 accusat
1259 1123 1451 1190 Judas;
1497 1124 1587 1178 illa
1614 1123 1866 1178 doctores
1905 1122 2019 1188 sui;
2060 1121 2204 1178 hunc

619 1217 912 1286 discipulus
939 1215 1192 1286 proprius
1212 1213 1526 1270 criminatur
1547 1215 1586 1267 '.
1616 1212 1938 1277 Susannam,
1962 1212 2200 1282 inquam,

619 1307 1126 1378 pseudopresbyteri
1171 1311 1436 1372 arguunt;
1489 1303 1666 1373 prodit
1709 1303 2205 1374 pseudoepiscopus

620 1400 977 1454 Salvatorem.
1022 1395 1319 1466 Episcopus
1357 1394 1496 1448 enim
1526 1403 1582 1448 et
1607 1392 1770 1447 ludas
1815 1391 1934 1459 fuit,
1967 1393 2105 1448 sicut
2129 1393 2206 1446 ait

619 1487 893 1558 Propheta
914 1486 982 1540 de
1012 1501 1079 1540 eo
1099 1485 1284 1540 dicens
1309 1503 1321 1538 :
1348 1483 1510 1538 Fiant
1545 1485 1654 1539 dies
1681 1485 1792 1557 ejus
1817 1485 1988 1556 pauci,
2019 1494 2066 1538 et
2095 1485 2206 1554 epi-

620 1590 884 1652 scopatum
905 1581 1018 1651 ejus
1045 1581 1267 1650 accipiat
1305 1577 1438 1632 alter
1467 1577 1642 1650 (Psal.
1669 1578 1835 1648 cvm).
1861 1577 1965 1633 Sed
1994 1594 2095 1634 nec
2123 1578 2205 1632 lo-

619 1689 732 1738 cus,
777 1673 958 1736 frater,
1002 1673 1052 1726 in
1092 1680 1319 1741 utraque
1347 1687 1508 1739 causa
1537 1670 1751 1726 videtur
1778 1671 2070 1727 dissimilis.
2099 1670 2204 1727 Su-

2308 473 2597 530 conlitetur
2615 473 2699 529 'de
2729 475 2954 542 scelere,
3000 483 3056 530 et
3083 491 3208 530 rcus
3235 483 3320 530 est
3345 475 3410 530 de
3435 479 3688 543 mercede;
3723 481 3819 538 dum

2307 565 2450 621 enim
2476 567 2640 622 miser
2664 566 2859 622 refudit
2890 565 3214 622 venditionis
3247 568 3502 638 pretium,
3531 581 3668 639 putat
3687 588 3737 627 se
3758 573 3820 628 l‘a-

2306 658 2509 713 cinoris
2534 658 2618 712 sui
2656 658 2866 714 solvere
2903 673 3063 728 posse
3090 665 3455 721 contractum;
3500 659 3586 714 sed
3629 677 3715 718 nec
3745 663 3821 720 iste

2307 748 2634 818 absolvitur;
2664 751 2792 805 dum
2839 751 2986 806 enim
3032 759 3222 806 auctor
3249 751 3560 806 venditionis
3597 767 3692 807 sua:
3727 771 3821 811 reus

2306 849 2406 907 est,
2439 849 2654 897 constat
2697 843 2832 899 istos
2875 843 3200 899 sceleratum
3247 859 3367 899 cum
3404 844 3648 912 sacrilego
3681 846 3821 903 iniisse

2305 942 2639 992 contractum
2656 978 2671 1002 ,
2702 951 2800 991 sua
2841 949 2970 1005 ergo
2995 936 3260 992 sententia
3291 935 3452 992 Iudas
3477 937 3699 1008 proditor
3719 955 3821 994 eon-

2305 1025 2607 1082 demnatur.
2643 1025 2834 1082 Mirum
2865 1024 3006 1083 forte
3033 1029 3104 1083 sit
3128 1029 3306 1097 vobis,
3335 1027 3476 1098 quod
3509 1043 3610 1083 non
3633 1045 3825 1102 eum-po-

2304 1120 2464 1190 pulus
2486 1109 2814 1190 judicaverit
2833 1163 2848 1184 ,
2880 1136 2990 1176 non
3033 1135 3235 1192 praeses
3261 1120 3538 1176 addixerit.
3571 1120 3674 1178 Hoc
3695 1123 3822 1178 sacri-

2291 1211 2410 1280 legi
2437 1212 2573 1266 solet
2601 1226 2722 1267 esse
2743 1211 3021 1281 judicium,
3051 1221 3110 1268 ut
3136 1213 3460 1283 impietatem
3489 1214 3613 1284 ipse,
3638 1213 3742 1268 dum
3763 1231 3826 1272 re-

2305 1302 2560 1358 cordatur
2600 1314 2656 1360 et
2682 1305 2900 1376 puniat;
2931 1305 3109 1360 scelus
3137 1322 3316 1372 suum,
3342 1306 3485 1360 'dum
3522 1309 3820 1378 recognoscit,

2306 1393 2653 1460 etvindicet;
2682 1397 2922 1451 omnium
2959 1397 3102 1451 enim
3129 1397 3528 1468 supergreditur
3551 1401 3820 1466 sententias,

2305 1485 2398 1553 qui
2435 1500 2466 1538 a
2505 1499 2604 1540 sua
2651 1486 2998 1552 conscientia,
3046 1504 3144 1562 sua
3172 1489 3439 1544 sententia
3477 1491 3822 1547 condemnatur.

2307 1587 2330 1613 υ
2358 1574 2491 1642 Hoc,
2524 1576 2763 1648 inquam,
2795 1580 3042 1649 sacrilegi
3073 1581 3212 1636 solet
3239 1595 3360 1636 esse
3385 1580 3629 1650 judicium
3653 1589 3704 1636 ut
3725 1596 3824 1636 eon-

2307 1667 2450 1721 scius
2475 1665 2603 1722 facti
2631 1667 2747 1738 ipse
2775 1683 2833 1724 se
2861 1669 3098 1734 damnet,
3129 1671 3268 1726 sicut
3295 1671 3372 1725 ait
3396 1672 3658 1742 apostolus
3675 1669 3826 1728 Paulus

618 1781 785 1821 sanna
805 1765 950 1818 enim
974 1775 992 1800 τ
1019 1763 1073 1816 in
1102 1763 1354 1833 paradiso
1381 1763 1449 1817 ab
1478 1763 1882 1818 accusatoribus
1903 1763 2204 1819 circumve-
2236 1768 2283 1829 Β
2307 1755 2375 1812 de
2402 1757 2656 1814 hmretico
2686 1759 2872 1814 dicens
2902 1778 2914 1812 :
2942 1759 3260 1816 Ila-reticuit:
3301 1761 3552 1816 hominem
3583 1771 3682 1828 post
3708 1776 3825 1814 una

619 1857 798 1922 nitur;
850 1855 1106 1909 Dominus
1145 1855 1196 1908 in
1239 1855 1443 1910 hortuli
1491 1853 1740 1925 paradiso
1782 1869 1814 1908 a
1855 1855 2205 1914 traditoribus

619 1947 980 2006 circumdatur
1023 1965 1034 2000 :
1079 1946 1171 2001 illa
1201 1946 1270 2002 ibi
1316 1946 1658 2002 insidiatores
1697 1947 1929 2016 patitur;
1977 1947 2077 2003 iste
2116 1947 2204 2004 hic

615 2040 846 2118 sustipet
871 2029 1221 2110 proditorem.
1250 2035 1536 2092 Videamus
1563 2044 1744 2092 autem
1770 2035 1973 2092 exitum
2003 2037 2200 2094 utrius-

615 2147 721 2202 que
735 2131 940 2202 iudicii.
971 2130 1231 2185 Susanna:
1253 2137 1592 2185 accusatores
1620 2137 1878 2198 tanquam
1897 2129 2015 2183 falsi
2037 2137 2203 2188 testes

613 2223 930 2295 prophetica
958 2221 1236 2277 sententia
1265 2220 1566 2284 feriuntur;
1609 2229 1664 2276 et
1694 2221 1934 2290 ejusdem
1963 2224 2201 2280 criminis

605 2315 911 2386 puniuntur
942 2315 1043 2378 rei,
1070 2312 1224 2383 cujus
1249 2312 1525 2368 dammare
1551 2315 1856 2370 innocentis
1884 2316 2201 2383 sanguinem

611 2407 950 2476 gestiebant;
991 2405 1198 2460 Domini
1230 2413 1410 2458 autem
1441 2403 1756 2482 traditorem
1787 2421 1895 2473 non
1925 2405 2140 2462 invenio
2168 2422 2200 2462 a

609 2496 793 2568 judice
821 2511 940 2552 esse
967 2495 1308 2560 damnatum;
1346 2510 1452 2548 non
1483 2496 1627 2549 enim
1657 2510 1783 2550 eum
1805 2495 2028 2550 damnat
2060 2495 2202 2552 Pila-

611 2599 724 2657 tus,
753 2605 862 2644 non
889 2588 1108 2642 damnat
1135 2587 1367 2657 populus
1399 2604 1412 2639 :
1444 2587 1560 2648 sed,
1591 2588 1736 2656 quod
1765 2589 1978 2658 gravius
2007 2597 2109 2652 est,
2141 2606 2202 2646 se

611 2681 728 2752 ipse
754 2678 1102 2746 condemnat,
1132 2676 1156 2714 ά
1183 2686 1430 2732 cessante
1451 2677 1680 2747 justitia,
1707 2679 2000 2748 judicatur.
2026 2678 2199 2750 Qu'tem

609 2771 757 2827 enim
786 2769 923 2825 alter
955 2767 1188 2838 judicat,
1220 2776 1400 2837 potest
1437 2777 1706 2840 utcunque
1745 2785 1863 2826 esse
1891 2774 2200 2829 exscusabi-

609 2863 704 2930 lis;
740 2877 866 2918 reus
899 2867 1077 2914 autem
1107 2859 1224 2914 sine
1251 2859 1598 2915 excusatione
1625 2869 1707 2916 est
1734 2862 1824 2930 qui
1855 2865 2199 2920 conscientiae

607 2972 720 3013 sua:
753 2954 955 3025 judicio
994 2934 1387 3010 condemnatur
1429 2971 1442 3006 :
1473 2970 1633 3024 quem
1664 2955 1804 3010 alter
1827 2955 2062 3025 judicat,
2107 2974 2202 3030 po-

606 3056 716 3105 test
745 3047 1066 3118 quandoque
1109 3061 1140 3100 a
1169 3061 1268 3101 suo
1304 3045 1486 3114 judice
1516 3063 1734 3117 sperare
1765 3049 2151 3120 indulgentiam
2180 3071 2193 3108 :

2309 1859 2360 1903 et
2387 1851 2667 1905 secundum
2687 1854 3054 1908 correctionem
3080 1853 3271 1922 devita,
3291 1855 3456 1909 sciens
3476 1855 3588 1925 quia
3613 1852 3825 1908 saliuam

2306 1949 2406 2010 est,
2435 1943 2524 2014 qui
2550 1943 2805 2013 ejusmodi
2835 1953 2932 2012 est,
2956 1954 3008 1998 et
3035 1943 3287 2015 delinquit
3316 1945 3521 2018 proprio
3538 1945 3713 2018 judicio
3735 1958 3825 1998 conv

2307 2033 2579 2088 damnatus
2611 2034 2738 2105 (Tit.
2785 2035 2886 2107 ιιι).
2905 2035 3038 2106 Ipse
3065 2037 3210 2092 enim
3249 2051 3310 2093 se
3337 2038 3551 2092 damnat
3582 2035 3824 2099 hereticus.

2305 2141 2427 2180 cum
2456 2125 2523 2180 de
2559 2125 2798 2182 Ecclesia
2829 2129 2942 2198 ipse
2970 2143 3030 2184 se
3059 2127 3295 2198 projicit,
3325 2138 3382 2185 et
3411 2129 3478 2185 de
3503 2139 3633 2186 coetu
3657 2135 3824 2183 sancto-

2303 2235 2422 2274 rum
2452 2221 2600 2276 nullo
2628 2221 2986 2291 compellente
3011 2221 3284 2292 procedit;
3319 2222 3434 2292 ipse
3459 2223 3592 2277 enim
3621 2217 3820 2283 ostendit,

2304 2312 2433 2384 quid
2461 2321 2736 2370 mereatur
2759 2329 2789 2368 a
2817 2314 3044 2378 cunctis,
3075 2314 3169 2382 qui
3197 2330 3301 2370 suo
3323 2313 3524 2384 judicio
3549 2319 3784 2382 separatur
3801 2325 3822 2367 ι

2305 2407 2534 2462 cunctis.
2579 2406 2730 2477 Ipse,
2763 2408 3011 2478 inquam,
3041 2422 3100 2463 se
3127 2406 3352 2463 damnat
3393 2407 3658 2463 hmreticus
3688 2423 3699 2457 :
3731 2403 3823 2474 quia

2303 2512 2427 2554 cum
2473 2514 2664 2554 omnes
2691 2498 2965 2556 criminosi
2987 2499 3014 2566 ,'
3033 2499 3275 2570 episcopi
3303 2499 3564 2556 sententia
3606 2495 3824 2569 projicitur-

2305 2598 2392 2644 tur
2418 2589 2486 2645 de
2514 2591 2790 2646 consortio
2812 2589 3142 2659 Christiano,
3173 2590 3190 2629 ί
3223 2591 3508 2648 hereticus
3532 2599 3701 2647 cuncta
3723 2601 3823 2660 ptas

2305 2681 2556 2747 veniens,
2607 2681 2876 2737 sententia
2923 2697 3034 2736 sua:
3105 2682 3400 2740 voluntatis
3457 2681 3698 2752 abjicitur.
3739 2676 3822 2732 Tali

2304 2786 2434 2841 ergo
2475 2771 2778 2839 haereticus,
2825 2773 2970 2842 quali
2999 2781 3054 2828 et
3087 2770 3253 2828 Judas
3295 2789 3451 2844 pmna
3477 2773 3824 2828 damnaturzut

2305 2863 2445 2920 idem
2490 2864 2571 2923 sui
2617 2874 2673 2920 ct
2718 2879 2842 2929 reus
2881 2864 2953 2919 sit
2979 2856 3226 2931 s'celeris,
3259 2877 3319 2922 et
3350 2867 3509 2936 jndex
3538 2867 3604 2923 sit
3629 2861 3820 2925 ultionis;

2303 2957 2417 3022 tali,
2449 2957 2684 3028 inquam,
2719 2957 3022 3021 haereticus,
3050 2957 3195 3026 quali
3223 2967 3282 3013 et
3331 2958 3492 3015 ludas
3519 2959 3660 3028 pinna
3691 2965 3713 3002 8
3747 2953 3817 3009 dt-

2249 3114 2258 3122 .
2303 3059 2547 3116 mnatur;
2564 3065 2662 3106 nec
2685 3049 2974 3117 immerito,
2987 3051 3112 3119 quia
3128 3051 3435 3118 Dominum,
3455 3066 3606 3122 quem
3636 3049 3710 3104 ille
3723 3060 3820 3101 ven-

604 3141 701 3212 qui
737 3155 798 3194 se
828 3131 945 3208 ipse
981 3137 1202 3206 judicat,
1236 3153 1266 3191 a
1292 3152 1400 3208 quo
1431 3139 1818 3208 indulgentiam
1853 3145 2194 3212 postulabit?
2227 3131 2274 3194 C
2303 3145 2454 3210 didit,
2489 3145 2592 3200 iste
2615 3145 2984 3215 blasphemat;
3015 3160 3175 3216 quem
3207 3145 3299 3202 ille
3329 3145 3726 3218 persecutoribus
3747 3149 3821 3195 tra-

603 3231 868 3302 Rel'erens
894 3230 1036 3286 enim
1082 3229 1239 3302 156
1277 3228 1442 3285 Judas
1469 3231 1722 3288 dominici
1765 3235 2041 3303 sanguinis
2070 3252 2195 3307 pre-

603 3324 755 3389 tium,
779 3323 858 3378 ait
875 3321 1072 3377 Judteis
1096 3339 1109 3374 :
1135 3321 1377 3386 Peccavi,
1405 3324 1542 3393 quod
1563 3323 1868 3379 tradiderim
1887 3330 2193 3400 sanguinem

585 3419 923 3473 innocentem
955 3412 1167 3484 (Matth.
1203 3415 1388 3484 χχιιι).
1421 3413 1672 3483 Illaguum
1722 3416 1884 3484 igitur
1912 3417 2196 3476 dominicis

2301 3236 2454 3303 didit,
2479 3236 2718 3305 quotidie
2740 3236 2840 3292 iste
2865 3237 3226 3306 persequitur.
3262 3237 3597 3308 Persequitur
3614 3236 3732 3291 enim
3749 3233 3822 3286 lite-

2302 3329 2503 3385 reticus
2538 3315 2822 3383 Dominum
2851 3345 2974 3384 cum
3001 3329 3338 3386 divinitatem
3366 3332 3414 3387 ei
3443 3331 3668 3401 derogat,
3691 3333 3738 3382 et
3757 3339 3820 3380 as-

2302 3423 2435 3478 serit
2458 3430 2780 3478 creaturam.

1901 3508 2250 3574 HOMILIA
2298 3512 2581 3574 XLVIII.

1941 3611 2020 3666 De
2063 3613 2206 3669 Juda
2254 3615 2540 3686 proditore.

2025 3703 2420 3761 ADMONITIO.

673 3790 824 3864 157
857 3791 1026 3874 Hujus
1049 3791 1290 3874 homilire-
1312 3798 1457 3845 tanta
1474 3799 1566 3874 est
1593 3806 1715 3847 cum
1744 3795 2026 3874 superiore
2040 3796 2351 3874 colligatio,
2376 3802 2436 3850 ut
2466 3797 2653 3874 harum
2687 3797 2845 3874 unius
2881 3799 3119 3874 cognito,
3157 3800 3441 3874 utriusque
3467 3804 3554 3873 qui
3585 3799 3718 3874 fuerit
3749 3812 3820 3874 au-

594 3860 714 3919 cto?
739 3860 1216 3943 cognoscatuqu
1258 3860 1590 3943 deﬂugt'itre
1623 3860 1923 3943 ιῐιιιβηξιίἰιι
1951 3860 2234 3943 codicibus
2262 3860 2641 3943 tuanuscriptis
2668 3869 2899 3943 varietas
2918 3912 2934 3936 ,
2953 3860 3229 3943 iiuterqne
3278 3860 3566 3943 scriptores
3601 3870 3817 3943 defensio,

592 3950 732 4012 eum
749 3933 799 3987 in
813 3929 1307 4012 'codieeAVaticano
1336 3929 1582 4012 ISiiSLS.
1608 3929 2004 4012 Ambrosioiin
2034 3937 2207 4012 altero
2235 3946 2416 3992 autem
2423 3929 2575 4012 _item
2598 3937 2862 3994 Vaticano
2889 3929 3097 4012 codice,
3125 3929 3214 4012 qui
3245 3955 3324 3998 est
3361 3929 3504 3998 num.
3534 3942 3678 4008 6459.,
3700 3929 3820 4009 atque

593 4003 986 4083 in‘Florentino
1015 4002 1230 4083 Sanctae
1267 4000 1706 4083 CrucisM‘inorq
1739 4004 2290 4083 nuncﬁLaurentiano
2319 4024 2392 4075 ιν,
2422 4005 2585 4083 Plut._
2614 4000 3268 4083 χχχιιι,υδίιιιτιολοὲιιιηὶ
3308 4000 3818 4083 Constantinopolitano

589 4077 828 4148 ῃήεεορο
855 4081 1079 4148 accepta
1105 4070 1260 4144 [forte
1285 4069 1543 4148 ascripta]
1572 4069 1854 4148 referatur.
1891 4075 2050 4130 Deest
2065 4077 2308 4148 auctoris
2330 4069 2526 4133 nomen
2572 4079 2626 4133 in
2649 4079 2770 4135 cod.
2787 4069 2970 4137 'Vatic.
2998 4079 3156 4148 4951,
3181 4093 3238 4138 ιιι
3257 4069 3494 4140 etiamin
3521 4069 3816 4140 Urbévelano-

640 4141 817 4226 astant
841 4141 1283 4226 etiamfortasse
1521 4141 1574 4226 in
1603 4144 1801 4226 quibus
1828 4155 2017 4226 sancto
2047 4146 2345 4226 Augustino
2373 4149 2610 4226 ascripta
2638 4150 2867 4226 legatur.
2901 4151 3015 4206 Non
3057 4141 3200 4226 enim
3240 4171 3359 4209 eam
3410 4156 3637 4226 editores
3662 4152 3820 4218 aliquot

591 4225 781 4293 sancto
807 4212 1308 4293 eidem_Augustino
1333 4213 1721 4293 attribuissetit,
1746 4225 1812 4293 ut
1839 4231 1900 4270 re
1928 4217 2044 4293 ipsa
2073 4212 2393 4293 attribuunt,
2429 4212 2534 4274 nisi
2557 4212 2720 4290 hujus
2744 4237 2942 4293 nomen
2969 4238 3092 4278 esse
3127 4224 3179 4278 in
3212 4239 3320 4279 uno
3349 4227 3534 4282 saltem
3575 4212 3818 4293 aliquota-

589 4285 710 4366 dice
737 4282 1098 4366 pne‘lfr‘retur.
1132 4282 1238 4366 Sed
1266 4282 1656 4366 dubitationem
1686 4285 1884 4366 tollunt
1922 4285 2240 4366 _Genn_adi_us
2279 4299 2434 4366 vetus
2473 4282 2952 4366 auctorjmprimis
2975 4308 3038 4349 ac
3067 4293 3317 4366 diligens,
3342 4311 3568 4366 cumque
3593 4282 3817 4352 Gennadio

589 4346 811 4436 codices
826 4346 898 4436 99
908 4351 1322 4436 SanetuaCrucis
1343 4354 1396 4436 in
1422 4351 1740 4436 Ierusalem,
1773 4355 2146 4436 'I‘aurinensis,
2170 4357 2566 4416 Laurentianus
2586 4378 2657 4436 _x,_
2675 4346 2814 4417 Plu't.
2843 4346 2958 4436 stv,
2979 4346 3036 4419 et
3063 4346 3817 4436 sangallens‘isj'taquevmona-

588 4425 675 4507 ehi
721 4422 1056 4507 Beiiedictini
1082 4431 1394 4507 congregat.
1422 4423 1603 4506 Sancti
1633 4425 1802 4507 Mauri
1833 4429 1886 4481 in
1907 4422 2208 4507 appendice
2232 4446 2396 4507 serm.
2429 4422 3128 4507 saneti‘Augustini,'se_nn.
3162 4422 3249 4502 ἕο,
3275 4452 3398 4507 pag.
3435 4422 3704 4505 £02,'edit.
3735 4430 3819 4507 An:

587 4503 881 4579 tuerpzan.
912 4495 1068 4579 1700.
1097 4494 1466 4579 Jamé’priden't‘,
1501 4495 1767 4579 inquiunt,
1795 4494 1996 4579 auctori
2026 4501 2444 4579 suolestitutus,
2471 4494 2974 4579 Maximq'episcopo
3007 4494 3511 4579 Tau_rinent'ti,vcujtts
3533 4494 3699 4579 nomen
3720 4497 3819 4579 θενξε

586 4568 645 4648 in
673 4565 882 4648 scriptis
918 4575 970 4621 et
990 4568 1194 4648 excusis
1223 4565 1386 4648 libris.
1421 4566 1676 4648 De_titu-lo
1704 4583 1826 4648 non
1865 4569 2077 4626 laboro.
2101 4569 2208 4648 _Eo_
2233 4587 2352 4648 sum
2383 4565 2525 4648 usus
2545 4588 2654 4648 quo
2681 4565 2998 4648 Gymnicus,
3040 4565 3384 4648 editoresque
3411 4565 3586 4634 ἔπιθι-ί
3613 4576 3684 4648 usi
3706 4565 3818 4632 s'unl.

586 4636 974 4714 etsi_non_snm
998 4640 1208 4694 nescius
1236 4637 1288 4714 in
1313 4636 1784 4714 hlon‘achisipsius
1803 4641 2240 4714 congregationis
2269 4636 2648 4714 SanctiMauri
2677 4636 2757 4700 sic
2782 4636 3027 4701 eamdem
3055 4636 3336 4704 homiliam
3361 4664 3480 4705 esse
3515 4646 3814 4714 inscriptam}

587 4705 874 4832 ἔξω.
901 4725 1018 4781 cap;
1042 4725 1229 4777 χχχιιι,
1251 4708 1316 4763 de
1333 4706 1474 4762 Iuda
1495 4705 1778 4781 prodi—tore,
1807 4721 1858 4766 et
1886 4705 1950 4766 de
1972 4705 2100 4784 agro
2125 4714 2182 4767 in
2211 4710 2594 4784 perigrinorum
2621 4715 2939 4786 sepulturam
2961 4727 3261 4787 comparato
3286 4737 3354 4774 ea:
3372 4721 3535 4792 pretio
3562 4705 3818 4774 venditioni!

672 4791 806 4836 ἤδη.

585 4871 1063 4930 Ancuusn'ruu.—
1081 4872 1373 4954 Historiam
1388 4872 1704 4954 proditionis
1733 4872 1889 4930 ludo:
1917 4875 1978 4930 S.
2007 4873 2180 4930 Ματθία
2205 4884 2260 4945 ι)
2283 4876 2405 4934 nica
2435 4877 2790 4948 prtedieasse,
2819 4879 2964 4952 quod
2993 4880 3158 4938 Judas
3199 4881 3466 4948 Scarioth,
3495 4879 3695 4954 propria
3724 4887 3822 4932 εει--

1043 4959 1156 4997 mus
1183 4942 1459 5013 allegorice
1487 4945 1714 5014 exponit.

655 5054 878 5110 Retinet
903 5051 931 5091 ιι
965 5052 1186 5108 dilectio
1223 5059 1404 5106 vestra
1434 5067 1534 5106 nos
1561 5051 1666 5108 hoc
1704 5053 1951 5123 proxima
1990 5055 2173 5112 Domi-

653 5180 680 5210 ι
713 5169 955 5238 Utroque
979 5166 1032 5221 in
1061 5164 1186 5221 cod.
1213 5163 1272 5220 S.
1299 5162 1486 5241 Crucis
1504 5165 1560 5241 in
1587 5163 1840 5241 Jerusal.,
1868 5165 2009 5239 Ipse,
2031 5169 2168 5241 quod

582 5241 766 5306 sentit,
805 5235 1102 5304 constanter
1127 5236 1460 5307 pronuntiat;
1499 5235 1586 5290 ille
1611 5276 1625 5304 ,
1667 5239 1806 5308 quod
1841 5235 2164 5306 pronuntiat,

583 5328 684 5366 non
713 5309 962 5381 defendit.

654 5383 680 5420 ιν
709 5374 842 5435 Cod.
867 5376 1043 5434 Vatia.
1077 5374 1237 5442 1270,
1269 5375 1546 5446 Apostolus
1575 5385 1806 5432 accusat.

657 5463 678 5491 ο
705 5447 878 5506 Codd.
913 5446 1053 5502 Laur
1080 5465 1093 5500 :
1119 5457 1175 5502 et
1195 5447 1254 5504 S.
1281 5445 1470 5504 Crucis
1492 5449 1542 5502 in
1562 5447 1763 5514 Jer.,in
1783 5451 1878 5505 viri
1898 5451 2164 5514 paradiso.

651 5521 677 5561 ἀ
705 5521 877 5578 lIodd.
909 5517 1094 5584 Laur.,
1128 5517 1248 5573 Vat.
1276 5517 1414 5572 1270
1443 5527 1497 5574 et
1525 5519 1612 5584 90,
1637 5527 1690 5575 et
1715 5517 1784 5572 99
1810 5519 1868 5575 S.
1893 5517 2082 5577 Crucis
2109 5521 2164 5578 in

578 5594 712 5661 Iern,
751 5601 802 5648 et
831 5601 1062 5646 cessante
1089 5589 1347 5645 sententia
1385 5589 1576 5660 judicis
1602 5631 1616 5654 ,
1664 5591 1879 5659 propria
1907 5593 2164 5646 sententia

572 5666 860 5738 judicatur.

2289 4969 2459 5024 tentia
2485 4969 2878 5028 condemnatus
2917 4971 2983 5027 ad
3013 4971 3314 5030 Pharisaeos
3361 4972 3609 5032 dominici
3650 4977 3817 5025 merce-

2281 5058 2404 5115 dem
2433 5062 2708 5132 sanguinis
2735 5064 3037 5134 reportavit
3061 5105 3077 5132 ,
3119 5072 3174 5118 et
3203 5071 3353 5119 actus
3382 5061 3680 5136 poenitentia
3706 5051 3816 5112 reftl-
3903 5093 3913 5116 ι

2355 5183 2379 5212 ο
2408 5173 2539 5230 Cod.
2575 5174 2828 5231 Laurent.
2860 5183 2916 5232 et
2935 5174 3059 5232 cod.
3091 5174 3160 5230 99
3183 5176 3238 5232 8.
3269 5177 3456 5235 Crucis
3482 5178 3533 5232 in
3557 5175 3678 5238 λοι-η
3705 5165 3812 5246 Ηοςν

2282 5244 2508 5296 inquam-
2541 5248 2780 5296 ,παρήιεαί
2807 5246 2936 5296 solet
2964 5264 3077 5296 esse
3108 5248 3372 5296 iudicium.
3405 5265 3519 5296 cum
3544 5247 3603 5296 de
3625 5241 3815 5296 Εσειειια

2275 5246 2508 5315 inquam,
2541 5248 2780 5318 sacrilegi
2807 5246 2936 5301 solet
2964 5264 3077 5301 esse
3097 5248 3372 5318 judicium,
3405 5265 3519 5304 cum
3544 5247 3603 5301 de
3625 5246 3811 5296 Ecclesia

2275 5316 2532 5400 catholica
2560 5318 2670 5389 ipse
2695 5334 2811 5400 sese
2826 5319 3054 5400 projicit,
3079 5327 3127 5373 et
3151 5319 3216 5373 de
3242 5329 3371 5374 coetu
3399 5329 3675 5374 sanctorum
3699 5306 3811 5365 nullo

2275 5385 2553 5456 repellente
2579 5385 2836 5459 procedit,
2862 5385 2969 5444 etc.

2353 5453 2372 5493 ί
2403 5455 2576 5512 Codd.
2611 5457 2770 5514 Laur.
2803 5475 2857 5526 κ,
2888 5468 2944 5514 et
2971 5457 3040 5512 99
3061 5457 3119 5513 S.
3137 5457 3324 5516 Crucis
3352 5459 3404 5516 in
3432 5458 3562 5514 Ier..
3589 5449 3811 5510 hereticus

2273 5527 2515 5600 omniurn
2528 5537 2644 5600 uota
2672 5531 2987 5600 praveniens
3003 5571 3018 5594 ,
3046 5538 3150 5585 etc.

2346 5606 2370 5668 ft
2405 5597 2548 5668 Cod.
2569 5597 2824 5668 Laurent.
2858 5617 2910 5668 ιι,
2939 5617 3088 5668 pinna
3116 5600 3461 5656 damnabitur.

2343 5663 2370 5701 ¹ι
2399 5663 2572 5722 Codd.
2605 5667 2782 5725 Vatic.
2821 5656 2978 5739 1268,
3009 5679 3062 5726 et
3099 5669 3155 5726 S.
3188 5670 3372 5734 Crucis
3402 5671 3525 5727 olim
3552 5663 3668 5724 Min.
3694 5656 3808 5726 ϐαι·

657 5758 668 5789 ¹
703 5754 964 5824 Supplent
1006 5753 1111 5812 duo
1143 5751 1354 5822 codices
1393 5749 1446 5809 S.
1481 5748 1667 5811 Crucis
1699 5753 1750 5812 in
1779 5749 1914 5824 ler.,
1950 5759 2003 5811 et
2038 5749 2163 5811 Vat.
2194 5750 2351 5812 H70.
