4040 6324
229 366 323 418 545

1654 352 1934 409 HOMILIA
1973 351 2056 407 ιι.

3374 354 3478 412 546

231 492 309 538 ωε
325 472 586 528 Christum
603 469 927 525 l|Dominum
948 477 1189 526 nostrum
1213 424 1805 534 crediditcrucilixum;
1835 472 1884 529 Α
1912 481 2090 538 quam,
2120 482 2206 524 res
2234 487 2243 520 :
2279 470 2415 523 latro
2442 470 2760 527 lionorilicat
2779 474 3098 552 patientem,
3130 485 3289 542 quem
3322 468 3488 526 ludas

232 565 377 640 157
396 572 451 619 et
469 561 589 618 ideo
606 561 700 630 qui
714 560 991 617 consortio
1017 559 1282 631 passionis
1315 558 1503 624 utitur,
1527 557 1807 614 consortio

230 655 448 731 paradisi
467 650 820 709 contionatur.
848 649 1048 707 Beatus
1073 650 1219 707 enim
1246 651 1417 714 latro,
1446 649 1576 705 dum
1609 646 1810 720 suppli-

231 749 361 805 cium
381 745 595 818 patitur,
626 756 848 813 regnum
875 743 1097 799 cmleste
1130 742 1496 804 consequitur.
1529 739 1670 797 Ecce
1684 753 1813 795 reus

230 838 428 903 dicitur,
442 835 618 891 ltsicut
635 833 721 890 cui
736 834 1009 914 damnari.
1027 834 1095 889 ad
1120 842 1332 905 tempus
1358 832 1651 903 expedivit.
1685 830 1809 887 Non

232 930 362 986 enim
373 926 677 999 perveniret
686 924 756 980 ad
769 925 1016 994 gloriam,
1031 926 1077 981 si
1089 941 1199 981 non
1212 925 1577 981 contradictus
1587 932 1733 981 esset
1742 923 1813 980 ad

231 1034 452 1092 pinnam.
510 1017 817 1083 Videamus,
845 1018 1082 1088 inquam,
1104 1032 1202 1073 cur
1223 1025 1500 1074 tantorum
1529 1017 1814 1073 criminum

232 1128 362 1179 reus,
378 1120 486 1167 tam
505 1110 615 1167 cito
638 1126 671 1166 a
689 1109 971 1167 Salvatore
991 1111 1297 1183 paradisum
1308 1117 1666 1182 promeretur;
1691 1125 1815 1166 cum

233 1205 318 1260 alii
369 1204 658 1260 multorum
697 1212 1003 1275 temporum
1042 1203 1291 1277 lacrymis
1337 1201 1817 1275 frequentibusque

233 1295 449 1367 iejuuiis,
473 1295 565 1350 vix
593 1294 916 1351 delictorum
931 1311 1151 1351 suorum
1163 1296 1375 1351 veniam
1391 1304 1812 1365 consequantur.

232 1386 431 1458 Magna,
460 1385 675 1454 fratres,
692 1395 748 1443 et
773 1385 1227 1458 multiplexcausa
1256 1396 1371 1442 est:
1400 1387 1652 1457 primum,
1670 1384 1819 1456 quod

235 1480 330 1536 iste
355 1479 493 1535 latro
523 1478 815 1536 devotione
842 1476 966 1534 lidei
986 1487 1097 1534 tam
1116 1487 1341 1550 repente
1362 1486 1602 1534 mutatus
1625 1484 1728 1544 est,
1760 1484 1820 1532 ut

234 1580 551 1644 pauentem
600 1587 817 1644 ptenam
859 1571 1178 1643 despiceret,
1207 1587 1271 1628 ac
1309 1572 1378 1627 de
1404 1570 1583 1626 futura
1605 1570 1819 1626 veniam

233 1674 561 1740 precaretur,
605 1675 660 1722 et
687 1666 858 1737 magis
878 1665 1123 1722 crederet
1140 1665 1272 1721 utile
1299 1665 1399 1723 sibi
1425 1679 1544 1720 esse
1563 1664 1631 1720 de
1656 1671 1818 1719 teter-

234 1775 300 1817 uo
340 1758 550 1829 judicio
596 1766 783 1830 petere
806 1800 824 1827 ,
867 1772 1031 1827 quam
1055 1754 1083 1794 ἀ
1113 1756 1181 1813 de
1228 1755 1513 1827 temporali
1554 1754 1818 1826 supplicio
1850 1786 1853 1789 »

1914 558 2147 630 prodidit
2172 560 2503 615 osculantem
2532 579 2544 614 :
2575 563 2733 635 158
2751 564 2818 620 ab
2837 564 2943 619 hoc
2963 564 3110 634 pacis
3128 562 3490 618 blandimenta

1915 651 2235 717 vendantur,
2287 651 2354 707 ab
2404 652 2497 708 illo
2540 655 2716 710 crucis
2739 656 2961 711 vulnera
2994 646 3385 727 praedicantur;
3414 653 3491 709 ait

1914 744 2058 800 enim
2083 763 2095 799 :
2125 742 2381 800 Memento
2407 747 2507 801 mei
2523 787 2539 813 ,
2574 744 2814 812 Domine,
2838 765 2954 802 cum
2973 749 3168 803 veneris
3194 748 3252 802 in
3277 762 3491 817 regnum

1917 843 2057 890 tuum
2098 833 2247 904 (Luc.
2280 835 2454 907 χχιιι).
2483 834 2497 874 ι
2543 836 2670 894 Haec
2715 846 2799 895 est
2826 836 2946 895 ﬁdei
2975 840 3135 910 plena
3164 837 3401 903 devotio,
3433 845 3494 894 ut

1916 942 2037 983 cum
2065 927 2134 983 de
2159 928 2471 985 vulneribus
2497 929 2711 985 Domini
2738 928 2978 1002 prolluus
3002 932 3220 999 sanguis
3234 931 3495 1001 cernitur,

1919 1028 2044 1077 tunc
2068 1020 2134 1076 de
2163 1029 2428 1092 potestate
2455 1021 2572 1092 ejus
2586 1024 2742 1079 venia
2770 1025 3103 1096 postuletur;
3133 1041 3257 1082 cum
3286 1026 3490 1083 videtur

1917 1111 2034 1181 ejus
2059 1112 2351 1181 humilitas,
2379 1122 2508 1170 tunc
2531 1115 2701 1184 magis
2728 1123 2768 1152 ιη
2799 1123 3049 1171 teneatur
3080 1116 3198 1187 ejus
3217 1116 3501 1187 divinitas;

1918 1218 2040 1259 cum
2087 1205 2248 1261 morti
2285 1204 2532 1262 addictus
2558 1214 2799 1277 putatur,
2842 1215 3024 1263 tunc.u
3054 1208 3196 1278 regis
3224 1209 3300 1264 illi
3328 1209 3502 1266 hono-

1917 1295 2179 1353 rilicentia
2207 1296 2496 1354 deferatur.
2540 1299 2556 1330 ¹
2586 1297 2691 1354 Iste
2719 1295 2862 1354 enim
2885 1296 3055 1355 lidelis
3080 1298 3217 1355 latro
3246 1315 3355 1355 non
3384 1315 3503 1356 cre-

1918 1389 2052 1445 didit
2078 1390 2397 1445 moriturum
2419 1434 2435 1460 ,
2461 1405 2622 1462 quem
2666 1390 2951 1447 annuntiat
2976 1400 3352 1459 regnaturum;
3395 1407 3502 1447 non

1918 1488 2070 1551 putat
2096 1480 2434 1537 subdendum
2462 1482 2647 1539 inferis
2666 1524 2682 1551 ,
2730 1496 2890 1552 quem
2914 1480 3314 1539 dominaturum
3345 1482 3507 1539 conli-

1920 1580 2067 1628 tetur
2095 1573 2148 1628 in
2172 1582 2196 1611 ο
2226 1574 2397 1641 ctelo;
2446 1590 2555 1629 non
2599 1573 2893 1630 arbitratur
2920 1588 3044 1629 eum
3063 1573 3216 1650 .apud
3245 1581 3508 1630 tartarum

1920 1665 2186 1730 detineri,
2231 1680 2261 1719 a
2300 1681 2409 1735 quo
2455 1667 2620 1721 etiam
2667 1680 2728 1723 se
2764 1666 3003 1738 postulat
3032 1665 3268 1721 liberari.
3310 1664 3510 1721 Cernat

1921 1760 2047 1816 licet
2079 1759 2194 1830 ejus
2231 1744 2433 1831 hiantia
2471 1760 2726 1827 vulnera;
2758 1766 2967 1831 spectet
3003 1759 3167 1831 ipsius
3193 1759 3510 1829 sanguinem

235 1850 538 1922 postulare;
578 1849 931 1905 reminiscens
972 1848 1118 1905 enim
1164 1847 1433 1904 scelerum
1478 1862 1701 1903 suorum
1721 1886 1737 1913 ,
1763 1854 1821 1902 et
1848 1847 1898 1909 Β
1925 1850 2307 1924 proﬂuentem,
2342 1862 2368 1901 P
2397 1850 2567 1906 Deum
2597 1860 2779 1909 tamen
2807 1850 3017 1927 credit,
3046 1867 3207 1923 quem
3236 1865 3389 1907 reum
3417 1864 3512 1908 ue-

235 1941 619 2015 pmnitudinem
659 1955 872 2012 gerens,
901 1941 1024 2012 plus
1066 1941 1253 2012 incipit
1284 1951 1306 1980 ε
1334 1956 1496 1997 avere
1524 1941 1665 2012 quod
1693 1956 1821 2012 spe-

236 2045 330 2104 rat,
359 2052 527 2107 quam
552 2034 754 2091 sentire
779 2034 925 2105 quod
954 2035 1178 2107 patitur.
1211 2032 1230 2073 τ
1265 2033 1444 2090 Potuit
1468 2034 1635 2103 enim,
1667 2045 1692 2082 κ
1720 2034 1826 2090 nisi

236 2128 298 2185 de
324 2128 530 2185 tuturis
547 2128 779 2199 amplius
804 2127 1128 2197 cogitasset,
1157 2127 1250 2197 qui
1276 2127 1329 2182 in
1358 2126 1631 2183 Christum
1660 2129 1828 2184 semel

238 2219 543 2277 crediderat
563 2260 579 2286 ,
622 2220 692 2276 de
717 2220 971 2292 praesenti
1010 2220 1182 2289 magis
1216 2220 1480 2291 supplicio
1527 2220 1827 2290 deprecari,

237 2309 264 2353 Ιι
289 2312 494 2370 Deinde
546 2312 677 2370 illud
721 2312 788 2368 ad
816 2311 1210 2383 gratiamejus
1256 2310 1477 2381 majoris
1514 2320 1597 2365 est
1630 2310 1828 2376 meriti,

237 2406 379 2476 quod
407 2405 692 2463 Christum
727 2405 781 2460 in
809 2419 969 2461 cruce
996 2403 1235 2475 positum
1254 2403 1516 2469 credidit,
1546 2412 1603 2460 et
1629 2403 1830 2474 passio,

237 2512 353 2569 quae
397 2499 525 2554 aliis
575 2496 887 2553 scandalum
924 2495 941 2534 ί
975 2493 1135 2561 fecit,
1186 2495 1262 2550 illi
1290 2494 1359 2549 ad
1387 2493 1546 2551 tidem
1575 2493 1831 2566 profecit;

239 2591 411 2646 crucis
438 2589 592 2646 enim
628 2589 808 2660 passio
847 2589 1031 2645 multis
1057 2587 1366 2645 scandalum
1388 2586 1506 2654 fuit,
1539 2588 1679 2644 sicut
1707 2587 1839 2644 dicit

241 2670 537 2752 Apdstolus
578 2699 591 2734 :
625 2678 747 2736 Non
790 2689 962 2736 autem
999 2681 1344 2752 prtedicamus
1381 2679 1643 2737 Christum
1670 2680 1840 2735 cruei-

243 2774 425 2844 ﬁum,
446 2772 657 2829 Judteis
683 2773 887 2845 quidem
914 2772 1237 2839 scandalum,
1260 2772 1493 2845 gentibus
1509 2783 1682 2828 autem
1710 2772 1840 2828 stul-

240 2867 403 2921 titiam
435 2865 493 2939 (Ι
524 2863 647 2921 Cor.
680 2864 741 2935 ι).
783 2865 949 2921 Recte
971 2879 1101 2935 ergo
1131 2872 1370 2920 meretur
1392 2864 1716 2935 paradisum,
1748 2866 1842 2937 qui

247 2975 464 3016 crucem
494 2957 699 3015 Christi
725 2954 831 3013 non
859 2958 1068 3030 putavit
1093 2973 1213 3013 esse
1237 2956 1545 3014 scandalum
1565 3000 1578 3023 ,
1610 2957 1708 3014 sed
1735 2957 1844 3012 vir-

242 3060 442 3118 tutem;
482 3052 496 3102 l
540 3049 672 3105 dicit
696 3049 838 3105 enim
870 3049 1009 3105 idem
1034 3048 1355 3120 Apostolus:
1381 3048 1520 3120 Ipsis
1546 3050 1737 3104 vocatis
1754 3047 1846 3103 lu-

241 3146 370 3199 dteis
397 3144 666 3200 Christum
686 3142 785 3198 Dei
804 3144 1059 3209 virtutem,
1089 3151 1139 3197 et
1168 3141 1265 3197 Dei
1294 3144 1601 3213 sapientiam
1631 3140 1843 3213 (llud).

1925 1944 2063 2010 scit;
2109 1942 2311 2014 justum
2360 1942 2576 2011 fatetur,
2626 1957 2786 2012 quem
2833 1959 2942 1999 non
2988 1942 3231 1999 meminit
3258 1948 3513 2014 peccato-

1880 2070 1887 2075 σ
1927 2050 2084 2091 rem:
2136 2034 2213 2089 ait
2259 2035 2402 2090 enim
2447 2034 2522 2089 illi
2552 2033 2708 2089 alteri
2736 2033 3088 2105 exprobranti
3133 2033 3365 2089 latroni:
3398 2029 3515 2088 Nos

1928 2126 2132 2199 quidem
2176 2135 2313 2181 recte
2342 2126 2515 2198 digna
2560 2127 2714 2198 factis
2742 2127 3054 2195 recipimus;
3083 2126 3166 2179 hic
3186 2134 3359 2179 autem
3387 2123 3519 2179 nihil

1931 2220 2054 2274 ntali
2076 2206 2234 2291 gessit
2262 2217 2475 2290 (Ibid).
2519 2217 2793 2279 lntellesit
2820 2219 2963 2273 enim
2981 2259 2996 2285 ,
3037 2217 3182 2287 quod
3203 2234 3301 2288 pro
3328 2216 3522 2272 alienis

1932 2311 2168 2382 peccatis
2196 2311 2295 2365 has
2321 2310 2506 2380 plagas
2544 2309 2862 2381 susciperet,
2896 2325 2993 2380 pro
3016 2309 3205 2365 alienis
3232 2307 3523 2365 sceleribus

1935 2405 2050 2460 haec
2078 2404 2299 2459 vulnera
2328 2413 2355 2453 τι
2383 2403 2704 2470 sustineret;
2732 2411 2789 2459 et
2814 2402 2993 2466 scivit,
3023 2400 3167 2471 quod
3197 2400 3284 2456 illa
3314 2400 3368 2455 in
3402 2414 3509 2456 cor-

1937 2514 2072 2571 pore
2098 2497 2295 2555 Christi
2321 2498 2562 2564 vulnera,
2594 2513 2703 2553 non
2730 2503 2914 2553 essent
2933 2494 3129 2551 Christi
3157 2494 3397 2560 vulnera,
3429 2489 3519 2548 scii

1940 2590 2195 2656 latronis;
2221 2596 2385 2660 atque
2414 2588 2538 2643 ideo
2565 2588 2686 2658 plus
2713 2600 2896 2641 amare
2923 2584 3115 2655 coepit,
3153 2591 3442 2654 postquam
3471 2581 3531 2636 iu

1940 2697 2172 2752 corpore
2199 2682 2316 2751 ejus
2342 2696 2441 2737 sua
2470 2680 2695 2735 vulnera
2731 2676 3074 2747 recognovit.
3117 2676 3206 2731 Ait
3231 2674 3374 2730 enim
3405 2687 3532 2744 pro-

1942 2775 2142 2845 pheta:
2192 2771 2447 2837 Quoniam
2495 2773 2604 2840 ipse
2628 2769 2960 2840 inﬁrmitates
3010 2779 3219 2823 nostras
3244 2773 3436 2837 portat,
3483 2772 3533 2819 et

1944 2885 2040 2941 pro
2070 2868 2216 2922 nobis
2242 2865 2409 2930 dolet;
2436 2880 2531 2919 nos
2558 2872 2728 2917 autem
2754 2860 3182 2916 existimabamus
3202 2875 3317 2929 eum
3346 2872 3457 2913 esse
3477 2856 3534 2910 in

1947 2960 2141 3024 dolore,
2178 2969 2199 2997 ν
2233 2960 2392 3013 liuore
2430 2958 2544 3027 ejus
2591 2953 2765 3010 sanati
2812 2967 2988 3007 sumus
3032 2949 3192 3023 (Isai.
3233 2950 3369 3020 mu).
3410 2945 3537 3002 Plus

1947 3064 2076 3119 ergo
2124 3049 2177 3103 in
2217 3061 2377 3103 cruce
2423 3045 2628 3117 positus
2655 3052 2677 3079 ⁸
2711 3041 2937 3096 livorem
2967 3039 3086 3108 ejus
3123 3052 3372 3103 cernens,
3396 3036 3537 3090 latro

1955 3146 1971 3181 ι
2008 3143 2183 3210 diligit
2210 3142 2379 3196 Deum
2406 3158 2417 3191 :
2470 3138 2602 3193 mira
2642 3151 2765 3191 res:
2797 3134 2918 3204 plus
2940 3133 2994 3187 in
3025 3146 3185 3187 cruce
3214 3130 3355 3185 latro
3381 3126 3537 3184 Chri-

246 3236 416 3293 ilecte
441 3237 609 3308 plane
634 3245 691 3291 et
715 3234 973 3290 Dominus
1002 3234 1126 3290 huic
1157 3234 1324 3290 donat
1350 3234 1692 3304 paradisum,
1718 3233 1843 3304 quia
1869 3231 1918 3292 C
1948 3245 2091 3292 stum
2136 3234 2349 3302 diligit,
2398 3245 2561 3301 quam
2588 3227 2752 3283 ludas
2779 3225 2968 3283 dilexit
3009 3225 3062 3279 in
3102 3239 3255 3279 caena
3283 3241 3294 3275 :
3325 3221 3413 3277 ille
3441 3234 3540 3291 per

242 3347 405 3401 quem
433 3330 602 3386 Judas
624 3328 874 3385 Scarioth
902 3328 955 3381 in
992 3327 1210 3383 hortulo
1237 3326 1471 3398 paradisi
1497 3326 1839 3389 distraxerat,

243 3425 331 3480 hic
360 3426 416 3479 in
446 3424 626 3480 crucis
672 3422 912 3494 patibulo
955 3419 1262 3476 conﬁtetur.
1298 3418 1321 3457 ιε
1355 3419 1486 3475 Mira
1518 3434 1607 3475 res
1634 3438 1645 3472 :
1678 3418 1845 3475 conli-

244 3525 391 3572 tetur
439 3517 580 3571 latro
646 3528 809 3585 quem
852 3513 1151 3584 discipulus
1186 3512 1501 3582 abnegavit;
1549 3513 1683 3568 mira
1707 3555 1723 3580 ,
1766 3514 1847 3568 in-

317 3686 363 3764 ‘_
403 3678 464 3733 In
512 3680 633 3735 cod.
668 3678 865 3764 'Vatic.
907 3676 1047 3732 6452
1108 3676 1303 3733 desunt
1352 3691 1512 3733 voces
1561 3674 1844 3732 Dominum

244 3758 530 3875 "attraxi.
563 3819 689 3874 Vat.
724 3817 883 3884 6452,
914 3817 1050 3873 Ecce
1078 3834 1195 3872 reus
1225 3817 1433 3882 dicitur,
1475 3817 1559 3871 cui
1606 3816 1850 3873 damnari

242 3889 300 3943 id
332 3891 584 3960 temporis
604 3889 893 3960 expedivit;
916 3904 1022 3942 non
1042 3890 1182 3960 enim
1203 3888 1578 3960 pervenit-clad
1605 3887 1848 3960 gloriam,

244 3956 605 4046 nisitradittus
626 3956 856 4046 essentid
877 3975 1109 4046 pip-nam.
1158 3956 1295 4013 Item
1322 3956 1442 4013 cod.
1477 3956 1762 4013 Vat.'4951
1797 3970 1854 4015 et

243 4030 389 4086 Cod.
429 4029 503 4084 90
532 4030 591 4085 S.
623 4029 811 4084 Crucis
836 4027 897 4083 in
920 4027 1032 4084 Jer.

322 4112 345 4139 ε
390 4099 547 4155 Idem
575 4099 696 4155 cod.
731 4099 788 4155 S.
814 4099 1036 4171 Crucis,
1066 4098 1122 4153 id
1147 4099 1388 4171 temporis
1418 4100 1691 4170 expedivit.
1726 4098 1852 4156 Non

235 4173 386 4225 enim
424 4172 720 4240 perveniret
751 4169 822 4225 ad
854 4170 1100 4242 gloriam,
1152 4171 1196 4224 si
1235 4169 1338 4225 non
1367 4169 1589 4225 traditus
1624 4179 1755 4226 esset
1784 4172 1854 4226 ad

239 4256 508 4313 W01”:
600 4312 607 4313 ,
1228 4312 1235 4313 ,

239 4309 248 4313 ⁷
313 4311 343 4348 ά
387 4309 532 4366 Cod.
568 4312 689 4367 Vat.
721 4309 878 4377 6452,
965 4329 1050 4367 am
1071 4313 1134 4366 de
1163 4312 1253 4366 tali
1282 4313 1531 4382 supplicio
1557 4313 1851 4384 postulare;

238 4382 368 4467 cod:
414 4376 791 4467 VaticsPalat.
983 4423 999 4448 ,
1049 4383 1434 4467 reminiscendo
1469 4385 1609 4467 enim
1644 4400 1853 4439 suorum

241 4455 530 4519 scelerum,
562 4464 611 4509 et
635 4454 1005 4525 plenitudinem
1024 4452 1256 4526 gerendo
1276 4456 1392 4524 plus
1416 4454 1618 4526 incipit.

326 4535 351 4564 ο
396 4523 644 4580 Latinius
672 4525 905 4580 editores
952 4539 1142 4580 onmes
1184 4525 1404 4593 corrlgit
1426 4524 1523 4593 qui
1552 4524 1724 4579 dolere
1753 4525 1853 4580 ha-

248 4598 388 4653 bent
404 4613 444 4721 ;l
456 4610 567 4651 non
595 4596 741 4652 enim
763 4596 1028 4663 dolorem,
1059 4594 1155 4651 sed
1184 4608 1429 4650 amorem
1456 4595 1677 4661 excitat,
1708 4595 1853 4666 quod

247 4682 528 4740 spc_ra_ur_.
572 4737 611 4740 __
726 4736 756 4740 _
805 4737 815 4740 _
1161 4735 1191 4740 _
1296 4737 1304 4740 Α
1435 4737 1443 4740 Α
1556 4739 1562 4740 ί
1846 4738 1853 4740 _

277 4735 296 4740 ⁷
330 4738 352 4777 ί
398 4737 536 4793 Cod.
571 4737 693 4793 Vat.
725 4736 896 4792 Palat.
936 4736 1109 4803 4951,
1151 4735 1330 4791 Potuit
1361 4737 1499 4790 enim
1529 4739 1593 4791 de
1612 4738 1856 4808 praesenti

248 4811 428 4882 magis
454 4808 710 4882 supplicio
726 4808 1034 4882 deprecari,
1066 4808 1170 4882 nisi
1292 4808 1490 4882 [ululis
1514 4808 1738 4882 amplius
1767 4824 1856 4862 co-

253 4811 428 4894 ntagis
454 4808 710 4892 supplicio
738 4808 1034 4890 deprecari,
1066 4808 1170 4861 nisi
1200 4808 1491 4929 (laturis
1514 4808 1738 4878 amplius

253 4886 612 4961 gitasset,‘qt_t't
631 4896 685 4961 in
713 4878 916 4961 Citam
939 4879 1095 4961 semel
1122 4877 1274 4961 credi.
1303 4885 1360 4930 tl.
1394 4874 1614 4961 Deinde,
1646 4884 1753 4960 etc...

255 4947 273 4951 ⁷
310 4961 355 5076 ’s
397 4947 684 5034 Vat.
715 4947 874 5015 6452,
902 4950 1004 5003 nisi
1031 4948 1094 5003 de
1116 4948 1304 5019 futuris
1332 4948 1598 5019 suppliciis
1627 4949 1852 5019 cogitas-

251 5040 350 5095 “)
383 5039 511 5095 9!“:
591 5092 628 5095 η
936 5086 1003 5095 .-
1048 5092 1058 5095 _
1127 5091 1135 5095 _
1235 5090 1263 5095 __
1326 5088 1335 5095 ,
1434 5088 1444 5095 ,
1609 5090 1619 5095 ,
1788 5092 1797 5095 -

328 5092 368 5177 δ.
397 5088 536 5175 Cod.
591 5092 709 5148 Vat.
740 5088 941 5177 .6452,
962 5089 1165 5172 Deinde
1192 5088 1354 5171 aliud.
1375 5088 1444 5142 ad
1485 5090 1708 5159 gratiam
1738 5092 1856 5173 .ejus

251 5173 817 5288 335.31.323.73?
843 5160 1289 5288 ἓ¹ίὲέεξέέ²ῗ¹⁸¹²⁸¹η
1338 5177 1394 5213 ἠ
1443 5175 1592 5215 cm“
1636 5171 1859 5253 mm

309 5251 548 5292 nmmum
576 5248 817 5301 credunt,
843 5248 893 5287 et
921 5249 1115 5304 p088“).
1658 5248 1663 5253 '

330 5358 348 5391 ι
396 5349 524 5421 Ipse
564 5351 703 5404 enim
748 5349 919 5419 fidelis
967 5347 1103 5401 latro
1131 5363 1235 5401 non
1260 5347 1482 5421 credidit
1520 5347 1847 5421 moriturum,

253 5438 409 5492 quem
430 5416 757 5492 iannuntiat:
774 5427 1144 5492 regnaturum,
1189 5425 1294 5473 etc.
1318 5450 1388 5460 -—
1407 5416 1539 5492 Cum
1582 5419 1858 5492 totusuhic

256 5488 409 5547 esset
436 5488 700 5545 Maximus
742 5491 795 5544 in
826 5488 1160 5560 praedicanda
1191 5489 1437 5543 conversi
1467 5488 1692 5560 latronis
1730 5488 1850 5553 lide,

256 5561 581 5618 conlitentis
622 5556 893 5616 Christum
933 5574 1115 5615 secum
1160 5559 1452 5629 patientem
1487 5556 1676 5624 Deum,
1707 5560 1857 5615 etab

256 5648 327 5689 eo
357 5640 706 5703 peccatorum
735 5632 945 5688 veniam
965 5669 979 5693 ,
1013 5645 1076 5685 ac
1104 5629 1409 5703 paradisum
1437 5631 1738 5703 poscentis,
1771 5631 1855 5684 in-

259 5712 345 5757 ter
359 5698 575 5757 caetera
614 5703 806 5771 quibus
833 5717 955 5771 eum
980 5698 1402 5771 commendavit,
1434 5698 1570 5755 dixit
1589 5699 1655 5771 _S_.
1687 5698 1856 5754 latro-

259 5790 389 5828 nem
440 5788 546 5827 non
592 5763 879 5827 credidisse
906 5770 1175 5826 Christum
1203 5770 1539 5825 moriturum.
1588 5768 1704 5826 Hoc
1725 5787 1856 5826 sane

258 5844 441 5903 Voluit
470 5844 689 5915 intelligi
704 5843 770 5899 de
793 5842 1111 5901 necessitate
1132 5840 1416 5909 moriendi,
1446 5858 1477 5898 a
1505 5857 1611 5914 qua
1634 5850 1690 5899 ut
1714 5841 1856 5900 Deus

1951 3332 2127 3387 cibum
2157 3326 2467 3396 supplantat
2502 3321 2840 3390 Magistrum;
2881 3319 2970 3373 hic
2997 3315 3226 3372 credidit
3254 3314 3538 3368 Dominum

1953 3437 2051 3491 per
2088 3418 2332 3474 dolorem
2356 3455 2371 3480 ,
2414 3415 2551 3469 sicut
2591 3416 2667 3467 ait
2710 3410 3014 3481 propheta:
3056 3404 3157 3470 Qui
3182 3406 3362 3461 edebat
3382 3420 3541 3476 panes

1956 3531 2095 3570 meos
2142 3523 2167 3549 ιι
2219 3508 2555 3578 adampliacit
2615 3504 2886 3560 aduersum
2941 3518 3023 3557 me
3072 3499 3543 3572 supplantationem

2029 3676 2042 3714 ί
2088 3676 2221 3732 Cod.
2254 3678 2310 3732 S.
2344 3675 2532 3731 Crucis
2561 3676 2614 3729 in
2640 3672 2774 3738 Jer.,
2810 3673 2956 3743 facit.

2024 3751 2037 3796 l
2062 3746 2223 3824 .Cod.
2251 3747 2428 3824 Vatie.
2456 3744 2616 3809 6l52,
2650 3737 2951 3824 dicit-enim
3002 3737 3544 3824 Apostoluskuo‘cans

1951 3815 2209 3872 Christum
2242 3816 2339 3871 Dei
2359 3805 2617 3886 virtutem,
2635 3825 2686 3886 et
2706 3813 2802 3886 Dei
2827 3805 3160 3886 sapientiam.
3196 3806 3350 3886 {lecte
3367 3805 3543 3886 plane.

2027 3887 2051 3927 k
2093 3888 2224 3943 Cod.
2258 3887 2378 3942 Vat.
2415 3885 2527 3941 Pal.
2559 3884 2719 3951 d951,
2751 3876 2902 3939 Mira'
2930 3898 3013 3938 res
3036 3880 3359 3951 :‘ronﬁtetur
3386 3876 3543 3951 latro,

1954 3960 2265 4030 Itonoriﬁcat
2295 3948 2796 4031 patientem,
2839 3953 3007 4031 ludas
3047 3948 3546 4031 perdiditmosculann

1955 4038 2054 4084 tem
2080 4047 2096 4084 :
2121 4018 2183 4084 ᾰὸ
2202 4018 2306 4085 ὅσιά
2322 4029 2393 4082 ad
2411 4018 2724 4098 perdendum
2744 4027 2920 4081 oscula
2940 4018 3147 4098 dantur,
3176 4020 3240 4075 ab
3261 4018 3352 4074 illo
3380 4019 3547 4074 crucis

1963 4101 2177 4156 vulnera
2202 4093 2591 4173 praedicantur:
2622 4098 2747 4153 dicit
2775 4100 2910 4152 enim
2933 4112 2950 4149 :
2978 4093 3260 4153 Memento,
3294 4098 3400 4144 etc.

2034 4170 2047 4208 ¹
2092 4172 2226 4228 Cod.
2257 4170 2315 4227 S.
2347 4170 2532 4226 Crucis
2562 4170 2614 4225 in
2649 4166 2756 4225 Jer.
2776 4210 2791 4231 ,
2824 4166 2953 4223 licet:
2981 4174 3057 4220 est
3086 4179 3218 4219 certe
3247 4160 3398 4232 ﬁdei.
3414 4169 3501 4232 etc

2034 4179 2047 4208 ι
2092 4179 2226 4228 Cod.
2257 4179 2315 4227 δ.
2347 4179 2532 4226 Crucis
2562 4179 2614 4225 in
2649 4179 2756 4225 ter.
2776 4210 2791 4231 ,
2824 4179 2953 4223 utet:
2981 4179 3057 4220 est
3086 4179 3218 4219 certe
3247 4179 3390 4232 pact.
3414 4179 3546 4225 etc.,

1955 4244 2107 4314 plena
2138 4243 2338 4298 devotio
2362 4251 2421 4314 ut
2458 4241 2675 4314 cumude
2703 4237 3025 4314 vulneribus,
3048 4243 3152 4291 etc.
3169 4251 3199 4314 ς·
3215 4228 3542 4314 cod..Palat.

1960 4300 2093 4367 3951
2128 4323 2183 4371 et
2205 4314 2324 4371 cod.
2361 4312 2482 4369 Vat.
2514 4310 2689 4381 6552,
2736 4310 2866 4367 Iltec
2894 4300 3017 4365 vero
3040 4314 3114 4361 est
3144 4306 3299 4378 plena
3329 4300 3548 4372 deuotio,

1959 4391 2069 4493 θίῖπῖ
2109 4455 2244 4511 Cod.
2278 4455 2336 4511 S.
2363 4455 2553 4511 Crucis
2575 4454 2629 4509 in
2651 4452 2787 4517 Jer.,
2815 4452 3078 4506 timetur.

2030 4538 2056 4563 "
2095 4526 2227 4582 Cod.
2264 4528 2383 4582 Vat.
2414 4524 2571 4597 6452,
2596 4526 2715 4597 gregi
2737 4523 2834 4597 illi.

2031 4607 2056 4633 ο
2094 4597 2238 4653 ldem
2260 4596 2380 4652 cod.
2414 4594 2556 4659 Vat.,
2588 4595 2644 4649 in
2667 4594 2832 4648 etzlis.

2034 4679 2060 4717 ρ
2098 4667 2231 4722 Cod.
2266 4666 2388 4720 Vat.
2422 4664 2582 4729 6452,
2609 4664 2889 4719 Dominum
2919 4669 3111 4714 tamen.

2030 4749 2058 4788 ιι
2098 4736 2229 4793 Cod.
2267 4736 2385 4791 Vat.
2420 4724 2588 4799 6452,
2621 4735 2914 4790 sustineret.
2961 4730 3157 4796 Sciuit,
3181 4724 3417 4802 quodque
3443 4739 3551 4782 non
3582 4802 3591 4805 ι
3686 4764 3695 4773 ε

1961 4817 2132 4864 essent
2153 4824 2247 4862 sua
2272 4808 2502 4868 uulnera,
2534 4805 2642 4861 sed.

2035 4877 2232 4966 λβού.
2265 4876 2386 4933 Vat.
2432 4866 2607 4943 6452,
2655 4885 2705 4931 et
2734 4875 2911 4966 livore.
2933 4873 3217 4934 Cod.,Vat.
3242 4871 3354 4928 Pal.
3388 4866 3550 4936 4951,

1884 4992 1939 5054 n
1960 4950 2059 5054 ἀἱ
2076 4951 2251 5054 ⁸1922⁸·

2038 5030 2059 5057 ³
2102 5020 2236 5076 Cod.
2268 5020 2326 5075 S.
2355 5019 2542 5076 Crucis
2570 5019 2625 5074 in
2652 5017 2785 5083 Jer.,
2817 5015 3033 5075 livores:

2046 5094 2059 5129 ί
2105 5091 2273 5148 Codd.
2298 5090 2418 5146 Vat.
2443 5089 2586 5146 6452
2603 5098 2659 5146 et
2679 5088 2840 5155 Vall.,
2864 5088 3026 5145 Latro
3047 5088 3225 5144 dilexit
3252 5085 3548 5141 Dominum.

2038 5172 2066 5201 ιι
2104 5162 2234 5220 Cod.
2270 5162 2391 5218 Vat.
2424 5160 2539 5218 Pal.
2572 5160 2733 5229 4951,
2755 5161 3109 5245 ampliﬁcavit.

1962 5351 2100 5407 liber
2126 5360 2244 5406 erat
2263 5391 2277 5417 ,
2307 5359 2363 5407 et
2390 5351 2493 5406 nisi
2520 5349 2797 5413 voluisset,
2838 5358 3082 5404 mortuus
3110 5363 3218 5401 non
3245 5351 3408 5417 esset.
3440 5341 3550 5395 No-

1962 5429 2112 5477 verat
2141 5423 2286 5477 enim
2314 5424 2470 5487 latro,
2500 5430 2560 5475 ut
2592 5420 2731 5475 infra
2759 5420 2834 5474 ait
2855 5428 3072 5474 sanctus
3095 5419 3303 5479 doctor,
3334 5427 3549 5487 omnem

1962 5492 2056 5549 Dei
2077 5494 2380 5563 passionem
2401 5481 2469 5548 ex
2490 5493 2658 5562 ipsius
2681 5492 2795 5546 lieri
2820 5491 3114 5563 voluntate,
3134 5487 3263 5563 peril
3288 5495 3395 5537 tam
3424 5481 3551 5533 Aula:

1962 5556 2274 5636 progeniem
2318 5556 2827 5636 commiserantem_,
2889 5562 3112 5630 ejusque
3157 5556 3381 5636 salutem
3430 5566 3551 5605 esse

1964 5627 2221 5699 causam,
2272 5651 2370 5690 cur
2414 5641 2715 5704 pateretur.
2774 5627 3224 5704 Quapropter_iu_
3257 5637 3377 5703 eum
3429 5636 3552 5704 ere-

1962 5707 2116 5772 deus,
2149 5692 2266 5775 ejus
2292 5692 2549 5773 sanguine
2578 5703 2753 5769 ablui,
2786 5692 3030 5770 tantique
3056 5692 3298 5751 beneﬁcii
3328 5692 3550 5761 parlici-

1962 5793 2084 5847 pem
2117 5777 2228 5831 lieri
2259 5776 2510 5846 postulat.
