4040 6324
214 303 317 362 553

1629 279 1910 337 HOMILIA
1951 281 2082 338 LIV.

3377 289 3490 348 354

220 413 367 488 res
385 409 774 488 Anco-m9»
803 430 877 443 ε·
901 398 1570 488 θέζὲἕρείίνθῖηεῖῐῖφξᾼ
1590 391 1794 488 Eget?
1823 396 1870 454 Α
1901 394 2017 488 "ire
2034 396 2316 472 νθδιίείιθιη
2350 416 2364 450 ε
2393 400 2408 449 i
2436 397 2672 488 imm
2694 401 2818 458 ιίεθι
2837 401 3088 458 ﬂuctibus
3113 417 3286 468 mm-
3307 405 3485 462 νεηιίε

279 464 470 538 πάθη
477 487 622 548 petra
632 475 788 530 totius
794 471 966 549 operis
981 464 1263 549 Christiani
1273 464 1574 549 compagem
1587 464 1799 549 mittens-

283 534 864 624 quecoétingns,_c_ttjus
888 541 1077 624 operis.
1097 534 1408 624 consortium
1447 534 1563 624 cum
1589 534 1796 624 Christo

279 607 444 678 habet.
468 607 548 672 De
567 607 713 671 Petri
741 607 795 670 in
815 607 951 668 mari
971 610 1285 670 ambulantis
1312 608 1433 679 ﬁde,
1457 617 1609 672 atque
1629 607 1793 660 ιιξιεε-

283 695 436 748 tione.

281 867 613 926 Astruximus
646 874 672 902 ⁸
718 862 999 935 superiore
1043 858 1347 925 dominica,
1379 857 1438 914 8.
1468 856 1690 912 Petrum
1741 857 1794 913 in

215 961 500 1021 Salvatoris
518 959 768 1032 passione
788 956 902 1012 suis
927 953 1204 1020 erroribus
1228 952 1539 1025 profecisse,
1565 959 1622 1008 et
1640 960 1794 1023 post-

215 1070 430 1125 eaquam
462 1051 676 1123 negavit
704 1050 990 1106 Dominum
1019 1045 1045 1086 δ
1083 1045 1270 1110 Deum,
1313 1044 1474 1102 fuisse
1512 1045 1793 1102 meliorem

215 1149 442 1206 Fidelior
461 1146 606 1202 enim
637 1143 808 1200 factus
835 1150 936 1210 est,
985 1149 1272 1213 postquam
1303 1137 1464 1194 ﬁdem
1511 1155 1572 1194 se
1611 1137 1795 1211 perdi-

213 1240 344 1296 disse
369 1235 618 1302 deﬂevit;
650 1243 814 1304 atque
848 1233 970 1288 ideo
1011 1229 1276 1306 majorem
1318 1229 1548 1300 gratiam
1592 1229 1798 1300 reperit

212 1346 361 1402 quam
389 1328 604 1394 amisit;
631 1333 887 1398 tanquam
911 1325 1087 1379 bonus
1133 1322 1278 1376 enim
1314 1327 1500 1390 pastOr
1537 1319 1794 1375 tuendum

211 1437 414 1494 gregem
445 1419 672 1491 accepit,
700 1425 757 1472 ut
777 1417 869 1486 qui
897 1415 998 1470 sibi
1026 1420 1152 1470 ante
1173 1413 1417 1468 inﬁrmus
1437 1411 1628 1477 fuerat,
1643 1411 1798 1482 ﬂeret

214 1527 237 1556 ε
265 1513 513 1570 omnibus
540 1509 965 1574 ﬁrmamentum;
987 1503 1015 1544 δ
1036 1514 1092 1562 et
1111 1506 1203 1578 qui
1224 1507 1338 1578 ipse
1359 1503 1796 1574 interrogationis

209 1607 503 1664 tentatione
533 1609 836 1669 nutaverat,
861 1610 1090 1658 czeteros
1130 1597 1253 1654 ﬁdei
1281 1598 1572 1654 stabilitate
1600 1595 1793 1651 tunda-

207 1712 302 1760 ret.
350 1701 595 1772 Denique
621 1715 723 1770 pro
771 1696 1042 1753 soliditate
1088 1693 1389 1750 devotionis
1429 1691 1793 1748 Ecclesiarum

1899 485 2138 555 pelagus,
2169 486 2522 546 conﬁrmetur
2549 509 2653 547 non
2677 502 2859 549 tamen
2891 493 2914 532 ιε
2948 498 3194 550 turbatur
3219 493 3367 551 Petri
3390 511 3481 552 se-

1897 579 2046 642 mita,
2077 597 2194 651 qua:
2233 581 2381 638 ducit
2407 585 2474 639 ad
2505 584 2810 642 Dominum.
2843 587 3094 642 Ambulat
3133 587 3296 658 igitur
3321 605 3484 659 super

1899 688 2066 742 aquas
2105 673 2314 740 Petrus,
2347 685 2403 731 et
2439 677 2801 758 subpedibus
2823 679 2938 750 ejus
2965 681 3142 738 mollis
3185 681 3327 736 unda
3372 697 3482 738 non

1899 765 2065 821 cedit.
2117 765 2366 835 Legimus
2411 770 2464 824 in
2510 771 2693 826 Veteri
2745 771 3092 830 Testamento
3122 772 3317 844 (Exod.
3366 776 3480 846 xw)

1899 855 2037 912 ﬁlios
2058 857 2221 914 Israel
2248 876 2345 932 per
2373 877 2521 917 mare
2551 862 2790 918 Rubrum
2811 865 2966 921 siccis
2993 865 3274 937 itineribus
3301 867 3485 922 ambu-

1899 949 2058 1015 lasse,
2090 959 2145 1007 et
2181 951 2250 1007 ad
2291 955 2637 1011 securitatem
2683 956 3068 1025 gradientium,
3109 973 3178 1014 ne
3208 958 3482 1014 laberetur

1900 1041 2060 1107 unda,
2095 1043 2148 1097 in
2177 1043 2502 1123 soliditatem
2540 1047 2824 1116 quamdam
2855 1062 2974 1102 eam
3002 1047 3166 1105 fuisse
3193 1056 3476 1105 mutatam.

1905 1131 1919 1170 ¹
1955 1133 2169 1200 Quanto
2198 1135 2302 1191 hoc
2330 1137 2537 1203 melius,
2570 1138 2680 1202 ubi,
2707 1137 3014 1195 ambulante
3043 1137 3224 1208 Petro,
3248 1155 3351 1197 nec
3372 1157 3485 1197 mu-

1898 1233 2046 1284 tatur
2068 1228 2228 1296 unda,
2274 1246 2375 1287 nec
2403 1231 2618 1298 labitur,
2647 1247 2752 1288 nec
2780 1233 3046 1318 solidatur
3071 1249 3232 1305 aqua,
3263 1251 3367 1292 nec
3393 1251 3481 1292 re-

1899 1321 2052 1391 fugit.
2081 1323 2287 1390 Melius,
2316 1324 2555 1396 inquam,
2585 1335 2688 1392 est,
2719 1327 2810 1382 ubi
2839 1327 3029 1384 eadem
3048 1329 3214 1396 unda,
3239 1344 3359 1399 qua:
3382 1326 3484 1384 ﬂu-

1898 1421 2048 1469 ctuat
2075 1423 2130 1470 ct
2157 1424 2445 1484 sustentat,
2470 1418 2560 1472 ubi
2597 1417 2736 1474 idem
2766 1433 2981 1490 gurges,
3011 1421 3103 1490 qui
3131 1422 3393 1490 mergitur
3429 1429 3484 1477 et
3547 1423 3559 1438 ’

1897 1505 2204 1563 famulatur.
2219 1507 2334 1564 Illic
2361 1517 2422 1564 ut
2441 1517 2750 1580 portaretur
2768 1527 2868 1582 per
2885 1527 3036 1568 mare
3051 1513 3280 1584 populus
3295 1512 3479 1578 Israel,

1898 1607 2132 1653 meatum
2168 1615 2326 1654 suum
2374 1609 2566 1657 natura
2610 1603 2918 1674 perdiderat
2960 1621 2974 1657 :
3018 1603 3108 1660 hic
3149 1611 3394 1674 portatur
3430 1605 3483 1660 in

1899 1691 2051 1760 aquis
2083 1689 2304 1757 Petrus,
2337 1701 2376 1728 ιη
2417 1707 2632 1750 cursum
2661 1710 2818 1750 suum
2848 1693 3049 1751 ﬂuenta
3079 1711 3187 1750 non
3228 1694 3478 1766 perdunt.

207 1804 348 1867 petra
386 1793 606 1858 dicitur,
639 1792 779 1847 sicut
828 1791 904 1844 ait
957 1788 1214 1844 Dominus
1247 1805 1260 1841 :
1295 1786 1337 1840 Τ
1338 1805 1370 1840 u
1399 1804 1454 1841 es
1502 1784 1711 1854 Petrus,
1737 1793 1786 1839 et
1817 1781 1862 1841 Β
1890 1779 2230 1838 Temerarius
2259 1796 2388 1852 ergo
2412 1783 2588 1840 viator
2614 1786 2910 1856 apostolus,
2938 1786 3064 1842 novi
3092 1786 3302 1842 itineris
3339 1786 3478 1840 viam

207 1903 348 1960 super
376 1886 519 1940 hanc
539 1892 738 1957 petram
767 1879 1038 1954 ardiﬁcabo
1070 1879 1357 1934 Ecclesium
1380 1894 1547 1932 meam
1572 1875 1810 1950 (Matth.-

209 1978 331 2048 ιη).
364 1975 531 2032 Petra
565 1975 710 2030 enim
739 1974 952 2036 dicitur,
982 1987 1049 2028 eo
1079 1971 1222 2042 quod
1242 1971 1446 2042 primus
1474 1970 1528 2024 in
1558 1969 1796 2025 nationi-

205 2071 298 2126 bus
318 2067 436 2126 ﬁdei
467 2068 812 2124 fundamenta
840 2065 1101 2138 posuerit,
1127 2072 1183 2120 et
1211 2073 1462 2134 tanquam
1484 2079 1674 2118 saxum
1702 2063 1796 2118 im-

207 2162 390 2218 mobile
412 2162 586 2216 totius
607 2160 784 2231 operis
806 2157 1095 2215 Christiani
1122 2171 1456 2228 compagem,
1487 2157 1794 2226 molemque

205 2254 497 2310 contineat.
529 2249 688 2307 Petra
719 2263 742 2290 ι’
767 2259 949 2306 autem
989 2265 1090 2322 pro
1117 2249 1407 2305 devotione
1436 2247 1628 2304 Petrus
1655 2248 1791 2304 dici-

209 2353 304 2410 tur,
340 2353 394 2400 et
414 2352 580 2416 petra
608 2358 708 2413 pro
730 2343 928 2397 virtute
959 2341 1238 2407 Dominus,
1258 2349 1622 2412 nuncupatur,
1654 2340 1794 2396 sicut

204 2437 272 2492 ait
310 2436 649 2510 Apostolus:
696 2433 946 2491 Bibcbant
968 2442 1140 2489 autem
1185 2434 1250 2488 de
1282 2433 1299 2471 τ
1329 2433 1587 2504 spirituali
1610 2448 1790 2488 conse-

201 2539 370 2603 quente
389 2547 489 2586 eos
515 2539 700 2602 petra;
724 2536 871 2599 petra
899 2536 1070 2581 autem
1089 2534 1204 2582 erat
1230 2525 1465 2580 Christus
1487 2523 1542 2599 (Ι
1563 2522 1683 2580 Cor.
1711 2524 1790 2596 χ).

209 2621 366 2678 Recte
401 2621 747 2677 consortium
777 2604 1016 2674 meretur
1052 2619 1306 2684 nominis,
1337 2618 1428 2689 qui
1457 2619 1792 2676 consortium

203 2722 430 2770 meretur
460 2721 520 2768 et
557 2713 768 2784 operis;
810 2713 864 2767 in
891 2710 1078 2767 eadem
1103 2711 1246 2766 enim
1267 2710 1430 2766 domo
1461 2709 1652 2767 Petrus
1673 2711 1793 2768 fun-

205 2807 512 2862 damentum
534 2805 733 2876 posuit,
758 2802 952 2860 Petrus
965 2805 1189 2875 plantat,
1209 2803 1469 2860 Dominus
1489 2805 1793 2861 incremen-

201 2907 309 2955 tum
335 2899 445 2966 dat,
481 2897 737 2954 Dominus
766 2897 1022 2967 irriguum
1051 2897 1424 2952 subministrat
1449 2895 1662 2968 (Matth.
1687 2897 1786 2969 ιν).

200 2989 382 3047 Petrus
408 2989 560 3046 enim
611 2988 994 3045 tentationihus
1021 2989 1132 3044 suis
1165 2985 1398 3059 proﬁcit,
1425 2987 1638 3044 lletibus
1677 2987 1790 3043 suis

201 3084 406 3154 gaudet,
435 3083 700 3156 periculis
726 3082 838 3138 suis
858 3081 1072 3138 crescit.
1107 3090 1132 3128 ε
1162 3079 1252 3136 Sic
1282 3095 1514 3150 namque
1545 3080 1600 3134 in
1628 3079 1784 3146 mari,

1896 1874 2088 1944 carpit,
2112 1873 2273 1929 modo
2312 1876 2519 1930 curvati
2546 1877 2772 1946 gurgitis
2799 1877 2997 1934 molem
3025 1879 3290 1942 ascendit,
3321 1879 3484 1935 modo

1895 1965 2218 2020 subsidentis
2263 1966 2434 2034 sinus,
2488 1967 2630 2023 unda
2657 1967 2956 2038 descendit,
2987 1977 3043 2024 et
3069 1969 3210 2026 inter
3247 1971 3484 2027 marinos

1896 2057 2089 2114 ﬂuctus
2134 2075 2390 2116 ascensus
2441 2069 2468 2098 ιι
2523 2060 2600 2117 illi
2647 2061 2881 2131 itineris,
2932 2063 3328 2136 descensusque
3376 2080 3485 2122 non

1895 2149 2066 2206 deest.
2099 2151 2204 2207 Sed
2235 2152 2325 2206 ubi
2357 2153 2603 2208 turbatus
2621 2156 2826 2222 ventis,
2858 2157 3158 2225 exagitatus
3197 2137 3480 2228 procellis,

1899 2243 2126 2313 °incipit
2158 2243 2347 2299 timere
2375 2245 2522 2314 quod
2558 2245 2806 2313 credidit,
2835 2249 3017 2303 statim
3045 2250 3096 2304 ei
3136 2262 3330 2318 gurges
3355 2252 3485 2306 sub-

1895 2337 2146 2402 trahitur,
2179 2337 2320 2392 unda
2365 2337 2708 2408 subducitur;
2751 2351 2778 2390 r
2825 2356 2954 2398 mox
2976 2340 3328 2398 defatiscente
3359 2341 3480 2410 ﬁde,

1897 2430 2106 2486 fatescit
2145 2423 2368 2499 semita;
2418 2439 2548 2489 tunc
2595 2433 2930 2504 exclamans,
2973 2434 3260 2492 Dominum
3301 2434 3484 2492 Jesum

1894 2522 2100 2578 salvum
2116 2537 2175 2578 se
2197 2520 2313 2578 ﬁeri
2330 2523 2680 2596 deprecatur;
2695 2535 2894 2593 quem
2907 2525 3300 2596 apprehensum
3321 2541 3485 2584 manu

1895 2613 2147 2670 Salvator
2175 2614 2386 2682 liberat,
2418 2623 2476 2670 et
2515 2615 2782 2686 objurgat,
2815 2615 3001 2671 dicens
3032 2634 3046 2670 :
3077 2615 3299 2672 Medicae
3337 2618 3482 2688 ﬁdei,

1894 2724 2054 2777 quare
2080 2706 2368 2762 dubistati?
2387 2705 2503 2767 Hoc
2529 2715 2631 2772 est,
2662 2721 2758 2762 cur
2787 2715 2896 2761 tam
2927 2708 3148 2764 modicae
3174 2705 3295 2764 ﬁdei
3317 2724 3396 2774 es,
3425 2715 3485 2764 ut

1893 2799 1986 2870 qui
2015 2799 2290 2856 credendo
2323 2811 2343 2839 τ
2371 2813 2524 2856 mare
2551 2800 2832 2856 ambulare
2858 2815 3120 2872 coeperas,
3149 2817 3256 2864 non
3280 2802 3330 2858 id
3361 2817 3486 2873 per-

1894 2891 2194 2948 severando
2224 2891 2518 2947 transires'!
2556 2891 2828 2964 Scriptum
2858 2901 2944 2948 est
2966 2893 3110 2949 enim
3145 2912 3157 2947 :
3187 2893 3287 2959 Qui
3307 2881 3486 2967 perse-

1893 2987 2142 3041 uerarerit
2193 3002 2352 3058 usque
2398 2987 2452 3040 in
2490 2987 2650 3056 ﬁnem
2689 2986 2773 3041 hic
2813 2987 2984 3042 saluus
3031 2989 3129 3041 erit
3157 2985 3366 3059 (Matth.
3402 2988 3482 3058 x).

1895 3075 2002 3134 Sed
2029 3078 2158 3134 dum
2198 3078 2470 3134 cunctaris
2498 3084 2556 3134 et
2587 3077 2836 3144 dubitas,
2879 3078 2985 3134 iter
3022 3079 3165 3148 quod
3210 3077 3486 3147 ingressus

200 3146 318 3231 dum
345 3146 517 3248 sup-er
545 3174 713 3229 undas
741 3172 1062 3229 temerarius
1089 3171 1266 3228 viator
1285 3146 1601 3241 ingreditur,
1634 3179 1788 3227 nutat
1814 3146 1862 3212 (ἶ
1891 3169 2068 3226 fueras
2097 3170 2398 3241 perdidisti.
2428 3169 2556 3234 Cur,
2588 3169 2828 3240 inquam,
2865 3179 2974 3225 tam
2995 3146 3222 3226 modice
3251 3146 3374 3226 ﬁdei
3402 3185 3482 3238 es,

201 3269 428 3338 incessu,
451 3269 554 3325 sed
575 3266 902 3324 convalescit
929 3265 1147 3332 all‘ectu;
1172 3265 1509 3336 periclitatur
1535 3281 1786 3336 corpore,

205 3361 294 3416 sed
346 3361 644 3417 devotione
694 3375 804 3414 non
853 3358 1365 3426 labitur;mergitur
1408 3357 1660 3429 pedibus,
1693 3357 1790 3413 sed

203 3451 396 3510 Christi
428 3453 655 3509 dextera
680 3449 708 3488 ιι
731 3458 1063 3506 sustentatur
1080 3453 1111 3516 ;“
1133 3457 1400 3504 sustentat
1431 3449 1578 3514 ﬁdes,
1625 3463 1788 3518 quem

204 3544 340 3600 unda
363 3543 676 3612 mergebat;
699 3550 755 3598 et
776 3555 938 3612 quem
978 3539 1233 3596 ﬂuctuum
1255 3539 1494 3612 procella
1517 3539 1784 3605 turbabat,

200 3635 495 3692 Salvatoris
515 3635 732 3692 dilectio
768 3632 1144 3690 conﬁrmabat.
1177 3632 1191 3670 ί
1235 3632 1706 3688 Ambulavit’enim
1733 3623 1804 3687 in'

199 3730 330 3786 mari
354 3728 551 3784 Petrus
570 3728 739 3796 magis
757 3726 1044 3782 dilectione
1067 3740 1229 3794 quam
1246 3723 1498 3794 pedibus;
1519 3739 1629 3778 non
1643 3723 1788 3778 enim

199 3819 417 3876 videbat
447 3820 540 3875 ubi
562 3819 760 3889 pedum
781 3816 1064 3886 vestigium
1085 3823 1346 3889 poneret;
1373 3815 1590 3870 videbat
1609 3822 1788 3869 autem

197 3911 285 3966 ubi
313 3908 510 3981 ﬁgeret
540 3885 822 3976 vestigium
851 3885 1111 3963 caritatis.
1146 3885 1204 3960 in
1248 3906 1384 3961 mari
1409 3907 1554 3962 enim
1583 3907 1788 3978 positus

193 4003 508 4060 considerat
527 4001 832 4065 Dominum,
864 4007 920 4054 et
947 4013 1131 4054 amore
1156 3996 1274 4067 ejus
1294 3997 1489 4054 ductus
1509 3997 1788 4056 descendit

198 4097 433 4169 170m
450 4108 622 4158 mare,
644 4107 750 4146 non
767 4091 969 4160 cogitat
983 4089 1226 4145 labentes
1247 4105 1430 4159 aquas,
1449 4106 1556 4146 non
1587 4090 1787 4147 ﬂuenta

189 4184 567 4249 currentia;et
587 4183 715 4238 dum
743 4180 1018 4247 Christum
1048 4181 1292 4251 respicit,
1311 4195 1418 4256 non
1437 4180 1785 4252 respicitele-

190 4285 462 4336 mentum.
485 4274 668 4332 Credit
690 4274 791 4330 ﬁde
819 4275 981 4330 etiam
1011 4274 1152 4330 inter
1173 4274 1344 4331 undas
1370 4275 1604 4332 solidum
1631 4278 1785 4336 inve-

261 4429 288 4458 ι
329 4413 656 4488 Codd.Vat.
688 4411 818 4488 6451
849 4421 905 4469 et
925 4411 1183 4488 Urbevet.‘
1208 4413 1288 4488 sic
1314 4414 1594 4488 homiliam
1621 4434 1787 4479 οχον·-
1810 4424 1868 4488 ι)
1926 4473 1931 4479 .
1966 4426 1981 4488 ι
2027 4422 2065 4478 ι]

1891 3270 1951 3316 ut
1976 3277 2085 3316 non
2113 3277 2178 3316 ea
2220 3260 2342 3327 ﬁde,
2375 3276 2482 3330 qua
2510 3262 2695 3317 venire
2722 3277 2987 3332 coeperas,
3020 3261 3376 3332 perveniens?
3400 3249 3486 3316 ln-

1891 3352 2074 3421 tellige
2093 3365 2224 3420 ergo
2253 3353 2378 3422 quia
2402 3353 2458 3407 in
2479 3353 2615 3407 mari
2638 3352 2934 3408 credulitas
2978 3360 3032 3407 te
3067 3353 3337 3422 portabat,
3364 3367 3488 3423 per.

1891 3444 2017 3500 tidia
2037 3444 2434 3512 submergebat.
2457 3442 2642 3512 Igitur,
2664 3443 2876 3506 fratres,
2893 3451 3113 3499 sanctus
3137 3441 3330 3500 Petrus
3357 3444 3488 3503 dum

1891 3533 2137 3602 ﬂuctuat,
2153 3532 2280 3588 dum
2301 3533 2583 3602 mergitur,
2615 3532 2742 3588 dum
2762 3532 3116 3603 periclitatur,
3147 3533 3225 3589 sic
3243 3535 3488 3604 pervenit

1897 3625 1964 3681 ad
1993 3625 2311 3692 Dominum;
2343 3623 2583 3679 oStcndit
2623 3623 2778 3680 nobis
2813 3623 2961 3694 quod
3003 3625 3216 3680 nonnisi
3251 3641 3352 3696 per
3394 3641 3488 3697 pe-

1897 3719 2065 3775 ricula
2088 3725 2416 3788 properatur
2442 3717 2510 3772 ad
2529 3714 2840 3784 Christum;
2878 3717 3033 3772 multi
3061 3718 3204 3772 enim
3233 3717 3486 3776 diabolici

1904 3816 2058 3890 171
2086 3813 2279 3870 ﬂuctus
2307 3821 2432 3869 sunt
2459 3813 2514 3869 in
2553 3812 2659 3868 hoc
2695 3811 2917 3876 mundo,
2943 3813 3300 3868 tentationum
3322 3801 3487 3872 multa

1896 3909 2202 3979 naufragia;
2233 3922 2265 3961 a
2285 3905 2477 3978 quibus
2507 3906 2580 3962 ita
2606 3904 2822 3962 liberari
2850 3919 3155 3974 possumus,
3187 3905 3232 3959 si
3261 3904 3487 3960 claman-

1896 4002 2043 4058 tibus
2069 4013 2288 4055 manum
2337 4013 2490 4054 suam
2527 3999 2682 4070 172
2723 3995 2973 4052 Salvator
3013 3994 3336 4052 extenderit.
3379 3994 3488 4055 Nos

1895 4108 2026 4164 ergo
2055 4092 2292 4150 clamare
2320 4090 2388 4146 ad
2411 4090 2697 4145 Dominum
2727 4105 2836 4146 non
2859 4104 3132 4146 cessemus
3158 4113 3169 4143 ;
3204 4088 3295 4145 ille
3327 4087 3482 4144 auxi-

1895 4187 2024 4244 lium
2053 4185 2275 4243 solitum
2301 4199 2407 4240 non
2438 4183 2655 4254 negabit
2686 4191 2707 4219 ⁸
2747 4185 2786 4238 ί.

2193 4433 2262 4476 ue
2279 4417 2401 4476 cod.
2426 4416 2521 4489 qui
2542 4431 2727 4488 supra,
2757 4423 2816 4472 et
2841 4371 3043 4472 cedas.
3060 4415 3248 4472 Crucis
3276 4414 3331 4471 in
3348 4415 3485 4485 Jer.,

194 4491 418 4570 diuntur
441 4487 747 4570 laudatis,
772 4486 964 4568 fratres
1000 4485 1277 4570 carissimi,
1307 4485 1658 4546 beatissimum
1677 4493 1788 4548 Pe-
1814 4485 1848 4488 ὴ
1887 4487 2135 4570 Ῑαριεριτε
2168 4485 2318 4570 licet,
2337 4496 2444 4570 etc.

197 4570 327 4616 trum
348 4561 407 4615 in
434 4557 726 4615 Saluatoris
745 4556 1005 4620 passione,
1034 4561 1140 4609 etc.

265 4578 327 4616 rm
348 4577 407 4615 in
434 4573 726 4615 salvatoris
779 4573 1005 4620 assione,
1034 4573 1140 4609 etc.

265 4631 292 4671 ι’
321 4629 497 4686 Codd.
532 4627 654 4682 Vat.
703 4573 840 4682 εἴη
887 4633 944 4681 et
983 4623 1153 4692 6451,
1195 4641 1409 4683 necnon
1458 4625 1788 4688 Urbevetan.

197 4703 454 4758 omittunt
480 4697 668 4752 Deum.

237 4785 290 4860 ηε
324 4772 465 4838 Cod.
497 4769 552 4826 8.
576 4767 764 4826 Crucis
790 4768 845 4824 in
873 4765 984 4823 Jer.
1017 4782 1117 4838 pro
1162 4767 1401 4822 omnibus
1443 4768 1574 4840 legit
1621 4772 1791 4827 homi-

198 4844 483 4978 mbdmbod.
515 4910 799 4995 Urbevet.,
829 4917 878 4963 et
905 4909 992 4981 qui
1035 4909 1148 4978 ipse
1189 4909 1600 4980 interrogatione
1627 4928 1794 4983 nega-

200 4994 498 5112 ωίαὸοάά.
530 5051 587 5110 8.
619 5049 810 5108 Crucis
861 5050 916 5106 in
968 5048 1078 5105 Jer.
1111 5057 1168 5106 et
1197 5047 1487 5130 Urbevet.,
1535 5069 1657 5124 ergo
1695 5069 1796 5125 pro

202 5134 463 5277 πίωξὸει.
495 5194 619 5277 Vat.
653 5191 900 5277 mue
921 5192 1171 5277 spiritali.
1254 5264 1309 5277 Μ

271 5280 296 5317 s
329 5267 466 5325 Cod.
502 5264 761 5334 Urbevet.
793 5261 1088 5334 Ilicbabet
1117 5279 1217 5334 pro
1247 5264 1358 5320 Sic.

271 5339 300 5377 Ιι
327 5337 467 5394 Cod.
517 5335 576 5392 S.
620 5333 808 5390 Crucis
865 5331 1026 5399 Min.,
1081 5331 1431 5400 sustentabat;
1489 5335 1618 5394 item
1667 5336 1790 5393 cod.

205 5411 416 5466 Sancta:
435 5406 625 5463 Crucis
653 5407 708 5460 in
734 5401 1058 5469 Jer.,Vatic.
1092 5403 1253 5473 6451,
1285 5413 1343 5460 et
1362 5405 1642 5472 Urbevet.,
1671 5425 1790 5464 sus-

206 5480 398 5550 tinebat
424 5477 578 5550 ﬁdes.

278 5549 295 5590 ί
328 5545 476 5606 Idem
497 5546 642 5611 cod.,
673 5545 998 5602 Ambulabat.

277 5646 294 5677 ¹
333 5639 613 5711 Qtuc,hac
641 5640 861 5711 homilia
888 5639 955 5695 de
987 5637 1133 5711 Petri
1172 5640 1406 5710 primatu
1447 5641 1500 5696 in
1548 5639 1788 5698 Ecclesia

210 5710 520 5786 complexus
559 5710 932 5786 es_thMaximus
949 5753 964 5786 _,
980 5710 1638 5786 _brevi_animadvcrsione
1665 5721 1793 5768 sunt

209 5779 576 5866 ponderanda.
602 5779 835 5838 Primum
871 5781 1088 5852 quidem
1117 5781 1376 5871 afﬁrmat,
1409 5781 1546 5840 adeo
1576 5779 1794 5839 Petrum

1963 4564 1992 4604 ιι
2023 4553 2156 4620 Cod.
2189 4561 2247 4616 8.
2278 4553 2466 4616 Crucis
2494 4555 2646 4622 Min.,
2679 4562 2736 4612 et
2773 4555 2832 4612 8.
2863 4554 3052 4611 Crucis
3097 4555 3152 4609 in
3191 4553 3326 4624 Jcr.,
3359 4572 3487 4614 uec-

1894 4652 2006 4692 non
2028 4635 2148 4689 Vat.
2179 4631 2336 4696 1277,
2370 4627 2721 4684 conturbetur.
2880 4695 2889 4696 ί
2974 4693 2995 4696 ξ
3231 4649 3234 4654 -

1971 4704 1991 4744 ι
2025 4703 2171 4758 Idem
2201 4693 2330 4756 cod.
2357 4699 2416 4754 8.
2445 4695 2635 4752 Crucis
2675 4696 2825 4761 Min.,
2858 4695 2924 4766 8.
2958 4693 3149 4753 Crucis
3177 4714 3232 4754 tn
3271 4714 3406 4766 aen,
3431 4704 3488 4755 et

1895 4774 2019 4830 Vat.
2053 4771 2213 4834 6451,
2239 4767 2449 4834 Quanto
2475 4767 2558 4820 hic
2577 4767 2778 4832 melius,
2809 4765 2896 4822 ubi
2923 4766 3240 4832 ambulante,
3272 4777 3378 4828 etc.

1967 4855 2006 4881 ιιι
2036 4840 2170 4898 Cod.
2204 4839 2324 4894 Vat.
2369 4836 2534 4901 1277,
2582 4845 2632 4893 et
2678 4853 2884 4892 cursum
2918 4855 3096 4904 suum;
3143 4841 3264 4896 cod.
3307 4849 3488 4899 autem

1898 4913 2023 4970 Vat.
2032 4911 2224 4995 “64.55.
2247 4919 2703 4995 et‘curstttn_suum
2735 4909 3116 4995 ﬂuentumnnon
3131 4913 3378 4995 perdidit.

1971 4995 1998 5022 ιι
2027 4983 2164 5040 Cod.
2190 4981 2248 5037 8.
2273 4980 2462 5037 Crucis
2501 4979 2652 5042 Min..
2685 4979 2928 5036 ascensus
2955 4981 3096 5036 illius
3123 4979 3344 5038 itineris.

1971 5065 1996 5093 ο
2027 5052 2160 5111 Cod.
2193 5051 2472 5116 Laurent.,
2493 5050 2679 5121 incipit
2697 5051 2895 5116 timere,
2925 5053 3013 5121 qui
3033 5053 3270 5110 credidit.

1973 5138 1998 5176 r
2043 5123 2278 5191 Uterque
2324 5121 2444 5179 cod.
2490 5119 2780 5186 Laurent.,
2812 5121 2868 5176 8.
2910 5119 3098 5178 Crucis
3129 5122 3283 5191 Min.,
3327 5131 3386 5182 et
3430 5125 3490 5182 S.

1898 5195 2087 5254 Crucis
2116 5197 2169 5252 in
2189 5192 2324 5260 Jcr.,
2344 5209 2466 5248 mox
2485 5193 2622 5246 enim
2650 5192 2987 5264 defatiscente
3007 5194 3129 5261 ﬁde.

1973 5279 2001 5318 ιι
2029 5267 2164 5324 Cod.
2197 5264 2655 5336 Urbevethuern
2674 5264 2998 5336 apprehensa
3025 5281 3183 5320 manu

1963 5343 1997 5378 ’τ
2027 5337 2195 5394 Codd.
2223 5335 2346 5391 Vat.
2373 5332 2528 5398 1277⁷,
2553 5332 2716 5400 645i,
2737 5332 2794 5390 et
2827 5332 3104 5400 Urbevet.,
3139 5339 3192 5392 in
3219 5354 3382 5394 mare.

1975 5418 1996 5446 ⁸
2028 5408 2198 5465 Codd.
2230 5407 2353 5461 Vat.
2385 5403 2520 5459 6451
2547 5412 2604 5460 et
2632 5403 2912 5472 Urbevet.,
2942 5407 3095 5462 Iesus
3119 5406 3354 5464 Christus
3382 5407 3488 5464 Do-

1902 5481 2071 5536 minus
2111 5487 2302 5545 noster,
2324 5477 2423 5550 qui
2451 5493 2568 5550 cum
2591 5475 2752 5532 Patre
2776 5486 2826 5532 et
2847 5477 3049 5550 Spiritu
3086 5487 3268 5533 saneto
3297 5479 3416 5532 vivit
3441 5485 3488 5534 et

1901 5558 2084 5624 regnat
2099 5551 2156 5604 in
2177 5548 2368 5604 sarcula
2402 5548 2724 5603 steculorum.

1893 5648 2106 5698 reatum
2135 5655 2289 5696 suum
2319 5638 2621 5708 deﬁeviSsc,
2655 5650 2715 5695 ut
2742 5637 3023 5712 majorem,
3055 5653 3218 5710 quam
3247 5641 3487 5712 perdidev

1895 5721 1984 5768 rat
2011 5713 2258 5782 gratiam,
2286 5712 2572 5782 receperit.
2603 5718 2662 5782 et
2680 5711 2770 5782 qui
2793 5711 2999 5782 primus
3019 5711 3268 5782 negavit,"
3287 5712 3486 5782 primus

1899 5785 1954 5838 et
1979 5779 2257 5838 confessus
2279 5787 2384 5842 est.
2403 5779 2656 5837 Secundo
2686 5779 2866 5836 laudat
2894 5780 2948 5836 in
2967 5779 3216 5838 apostolo
3240 5779 3484 5840 devotio.
