4040 6324
524 300 627 357 559

1572 294 1626 347 8.
1667 289 1911 347 MAXIM!
1948 287 2249 344 EPISCOPI
2292 289 2743 347 TAURINENSIS

3685 291 3791 347 360

540 433 682 487 mam
728 413 879 471 fortis
923 428 1041 469 esse
1082 413 1254 483 possis
1282 420 1469 467 contra
1503 411 1713 465 hostem
1746 419 1912 474 tuum,
1942 407 2100 463 iuter—
2122 412 2175 470 Λ
2207 408 2343 493 licas
2389 407 2651 464 deviceris
2690 415 3007 479 potestates.
3067 407 3183 464 Non
3218 421 3348 478 ergo
3390 416 3444 461 te
3466 407 3793 475 degenerem

527 524 654 578 roga
696 515 893 564 statum
941 514 1086 559 tuum
1112 545 1125 569 ,
1157 502 1303 573 quod
1333 502 1429 558 tibi
1458 502 1720 558 Dominus
1747 499 1814 555 ad
1840 499 2104 554 debellan-

2208 514 2270 554 ac
2299 498 2615 569 despectum
2635 498 2796 555 faciat
2825 500 2931 554 vita
2951 539 2965 564 ,
2997 512 3157 569 quem
3187 500 3272 555 vel
3298 500 3503 555 factura
3530 500 3794 569 probatur

527 601 649 656 dum
671 600 723 653 in
750 597 1000 653 membris
1031 595 1139 651 tuis
1166 594 1684 665 mundirprincipem
1707 634 1721 659 ,
1752 608 1816 647 ac
1836 590 2106 661 spiritales
2210 591 2469 662 illustrem
2513 592 2805 662 protulisse
2827 635 2843 661 ,
2873 593 2959 649 vel
2984 593 3192 662 gratia,
3238 593 3337 649 sed
3363 608 3582 650 cursum
3609 590 3798 648 ﬁdeles

528 690 788 759 nequitias
829 687 1198 758 superandas,
1240 686 1464 742 liberam
1506 685 1732 741 contulit
1766 682 2102 747 facultatem;

529 796 589 836 ac
613 781 691 835 sic
718 779 1046 849 impossibile
1069 794 1179 833 non
1205 786 1363 849 putes
1387 819 1402 845 ,
1454 784 1512 831 ut
1558 775 1836 831 transferri
1864 775 2107 831 obtineas

528 872 582 929 in
604 871 878 942 angelicas
904 870 1287 936 beatitudines,
1333 883 1455 925 cum
1495 868 1548 922 in
1584 867 1691 924 hoc
1718 866 1918 922 saeculo
1946 879 2109 946 ange—

2211 683 2410 739 Cbristi
2447 683 2516 739 ad
2560 698 2791 755 superna
2837 683 3159 742 fiducialiter
3203 685 3497 752 extollant;
3548 701 3674 740 nam
3698 687 3794 756 qui

2218 784 2246 811 σι
2275 790 2334 830 se
2379 775 2588 832 caelesti
2632 776 2809 846 pretio
2853 776 3041 833 vident
3084 777 3392 848 redemptos
3413 816 3428 841 ,
3462 776 3531 832 ad
3554 776 3797 833 αιειεειὶι

2216 881 2325 921 non
2345 865 2593 923 dubitent
2617 875 2971 936 praeparatos.

1882 979 2225 1043 HOMILIA
2266 981 2427 1058 Lvi.

1368 1085 1447 1140 De
1478 1083 1656 1172 aria
1691 1064 2029 1157 Hagdalene,
2051 1084 2185 1141 etde
2209 1086 2587 1140 resurrectione
2607 1085 2821 1142 Domini
2851 1084 2934 1140 11.

1967 1173 2358 1233 ADMONITIO.

600 1272 713 1329 Etsi
742 1272 883 1327 hanc
926 1277 986 1325 ut
1013 1267 1291 1341 ho_miliam
1317 1265 1376 1322 S.
1399 1265 1961 1341 _Maximoprobemus
1977 1304 1996 1341 ,_
2025 1266 2242 1341 nonnisi
2270 1267 2407 1341 duos
2433 1267 2649 1341 codices
2676 1268 2870 1341 afferre
2896 1275 3215 1341 possumus,
3233 1269 3620 1341 Taurinensem
3650 1273 3804 1328 vide-

533 1346 676 1410 licet,
698 1358 817 1399 cum
838 1341 995 1408 titulo
1022 1359 1035 1393 :
1070 1339 1203 1410 Item
1232 1337 1295 1410 de
1313 1337 1518 1410 eodem;
1548 1346 1596 1410 et

1687 1338 1805 1412 aria
1834 1336 2150 1408 Magdalene
2167 1378 2184 1404 ,
2214 1343 2269 1393 et
2296 1337 2509 1412 Sanctae
2534 1338 2723 1412 Crucis
2749 1340 2807 1396 in
2831 1336 3130 1412 Jerusalem
3158 1340 3247 1406 99,
3278 1340 3499 1412 humilia
3528 1341 3617 1405 6i,
3645 1343 3804 1412 cujus

533 1405 810 1484 inscriptio
840 1405 960 1484 est:
1016 1408 1214 1479 Incipit
1244 1407 1307 1461 de
1331 1405 1508 1484 Maria
1539 1406 1891 1478 Magdalene;
1930 1405 2125 1484 :tamen
2152 1422 2262 1484 non
2302 1408 2608 1465 dubitamus
2630 1408 3183 1484 futurum‘neminem,
3212 1411 3305 1484 qui
3334 1426 3435 1484 nos
3460 1424 3583 1484 esse
3610 1405 3802 1484 repre-

448 1512 453 1517 ι
533 1476 793 1542 hensioue
819 1483 1011 1551 dignos
1037 1476 1218 1552 putet,
1241 1478 1556 1552 quod_i_llum
1583 1476 2328 1552 auctoremuejusdemfuisse
2355 1494 2702 1552 censeamus,
2736 1480 2827 1536 ubi
2854 1476 3196 1537 doctissimos

3277 1481 3497 1537 aurinos
3524 1482 3581 1536 in
3606 1481 3805 1538 eadem

533 1555 799 1611 sententia
826 1546 1026 1608 versari
1038 1546 1333 1621 intelligat.
1372 1546 1511 1621 _Hos_
1532 1548 1693 1616 igitur
1730 1549 1787 1621 si
1800 1546 1952 1621 velit,
1970 1548 2226 1621 consulat
2253 1548 2308 1603 in
2320 1548 2617 1621 _appendic.
2646 1565 2953 1607 sermonum
2978 1552 3149 1621 sancti
3179 1549 3459 1621 Augustini
3490 1567 3637 1606 num.
3672 1550 3801 1615 155,

484 1658 489 1662 ι
534 1635 590 1682 et
618 1626 671 1680 iu

736 1623 846 1677 mf.
876 1621 942 1676 ad
969 1635 1247 1691 sermones
1260 1617 1671 1691 _Ambrosianos.
1732 1618 1866 1691 Illud
1895 1617 2579 1691 animadvertendumest,
2608 1621 2662 1675 in
2690 1620 2877 1677 codice
2906 1620 3029 1687 172,
3059 1634 3182 1691 pag.
3214 1617 3285 1686 ϐξ
3298 1621 3426 1691 bibl.
3460 1621 3610 1675 olim.
3652 1622 3799 1677 aadil.

535 1641 590 1682 et
618 1642 671 1680 In
736 1641 846 1677 nul.
876 1641 942 1676 an
969 1641 1671 1691 scrmoncspuwwsnwwa.
1735 1641 1866 1673 muu
1895 1641 2429 1674 ututuauvcneuuum
2456 1641 2569 1685 ess,
2609 1641 2662 1675 In
2690 1641 2877 1677 coulce
2906 1641 2932 1675 ι
2954 1641 3029 1687 lz,
3059 1641 3182 1691 pag.
3214 1641 3266 1686 0,
3298 1641 3426 1675 mm.
3460 1641 3610 1675 oum.
3652 1641 3799 1677 33ml.

535 1696 665 1753 cccl.
698 1641 981 1763 Kletropol.
1009 1689 1361 1763 Florentium,
1382 1687 1937 1763 mutabant-entiam,
1962 1690 2110 1763 h_u_u_c
2136 1703 2256 1745 esse
2284 1689 2518 1763 humilia:
2544 1690 2796 1746 titulum:
2838 1690 3004 1763 rFeria
3044 1692 3200 1763 tertia
3240 1690 3296 1763 in
3332 1689 3592 1763 Paseliate
3630 1708 3805 1747 sema

535 1766 703 1822 sancti
739 1760 1015 1835 Augustini
1047 1760 1307 1883 episcipi;

536 1835 687 1883 uilius
714 1832 1017 1883 [incendens
1045 1838 1128 1883 est
1151 1849 1164 1883 :
1247 1845 1275 1882 ε

536 1835 687 1904 cujus
714 1832 1017 1905 pmcedeiis
1045 1838 1164 1885 est:

1349 1758 1401 1811 in
1449 1758 1632 1813 codice
1672 1757 1932 1829 Vaticano
1956 1757 2265 1829 1270,_pag.
2300 1758 2457 1829 58,},
2481 1769 2653 1829 tergo,
2683 1762 2898 1818 nonnisi
2927 1762 3044 1819 haec
3067 1762 3231 1817 verba
3260 1761 3277 1815 l

1247 1845 1275 1882 e
1307 1826 1703 1901 Resurreclione
1738 1828 1984 1901 Domini,
2014 1826 2361 1901 SrGregorio
2386 1828 2495 1884 PP.
2526 1826 2788 1901 ascripta;
2828 1832 2885 1886 in
2908 1832 3096 1901 codice
3122 1847 3253 1887 vero

3350 1761 3370 1832 i
3393 1780 3406 1814 :
3442 1760 3594 1816 Unde
3619 1778 3803 1832 supra,

3334 1831 3647 1902 rbevetano,
3677 1831 3801 1902 pag.

540 1897 662 1983 αἶ),
693 1897 729 1958 εἰ
755 1911 924 1983 tergo,
956 1902 1072 1956 sine
1102 1899 1355 1983 nomine_:
1389 1897 1891 1983 .De‘resurre‘ctione
1932 1898 2147 1983 Domini
2188 1897 2321 1971 feria
2355 1901 2555 1983 quinta.
2604 1897 2752 1983 cum.
2766 1902 2855 1958 hic
2881 1900 3239 1983 Naximus_de
3268 1897 3807 1983 resurrectioneboo

535 1968 963 2056 ψίιιῖρςωοῖριξε
986 1983 1290 2056 sane”?
1310 1968 1554 2056 Paw!»
1603 1970 1818 2056 ἑὲιυιωρ
1848 1968 2279 2056 ,θοαίωπεοῐξίεεέ
2323 1968 2475 2056 per:

534 2037 775 2123 Domini,
807 2037 876 2123 et"
897 2041 1076 2123 Maria
1104 2038 1439 2123 Magdalene.
1453 2037 1565 2123 “ita
1601 2038 1893 2123 Gymnicus
1924 2053 2044 2123 pag:
2064 2037 2542 2123 Ilﬁg,‘§alesinius
2563 2057 2630 2123 pa

2369 1970 2691 2037 auferimus,
2738 1972 3073 2040 inscriptioni
3100 1971 3367 2027 editorum
3394 1990 3407 2025 :
3438 1970 3517 2026 De
3539 1972 3807 2040 sepultura

2836 2084 2853 2107 ,
2883 2040 3236 2098 Combellsius
3264 2050 3398 2096 tom.
3430 2042 3495 2112 Υ,
3522 2054 3645 2112 pag.
3674 2040 3782 2097 585

538 2040 775 2107 Domini,
807 2040 875 2095 et‘
897 2041 953 2096 Μ
959 2042 1076 2096 aria
1104 2040 1439 2111 Magdalene.
1480 2040 1565 2092 ιω
1601 2040 1893 2112 Gymnicus
1924 2053 2044 2110 pag.
2088 2040 2210 2105 l22,
2240 2040 2542 2122 Galesinius
2563 2040 2853 2166 pagédﬁl,
2883 2040 3236 2098 Combellsius
3264 2050 3398 2096 tom.
3430 2042 3495 2106 V,
3522 2054 3645 2112 pag.
3674 2040 3805 2124 $85.

538 2115 794 2194 Cuindius
824 2120 956 2194 tom.
1089 2125 1213 2194 pag.
1252 2108 1419 2173 1585,
1453 2108 1777 2179 Raynaudus
1818 2124 1939 2181 pag.
1980 2106 2106 2174 '2l4,
2135 2118 2193 2165 et
2218 2109 2551 2179 Margarinus
2571 2127 2625 2167 ιιι
2700 2112 2790 2167 ibl.
2819 2112 2960 2168 Max.
2995 2120 3126 2168 tom.
3158 2112 3246 2177 Vl,
3269 2127 3391 2182 pag.
3424 2111 3517 2176 2|,
3546 2128 3579 2167 a
3607 2114 3805 2182 quibus

543 2186 602 2241 S.
633 2184 862 2239 Maximo
887 2183 1213 2237 attribuitur.

541 2277 927 2332 Aacuunrrruu.
962 2308 1032 2347 —_-
1071 2272 1148 2329 De
1194 2276 1469 2347 objurgala
1510 2268 1685 2347 Maria
1741 2269 2121 2347 Magddlena_a
2150 2272 2197 2335 Β
2223 2276 2311 2326 cat
2344 2289 2355 2323 :
2392 2269 2527 2334 Quia
2555 2270 2716 2326 Pater
2740 2274 2796 2327 in
2821 2288 2920 2337 me,
2954 2282 3004 2328 et
3041 2288 3135 2345 ego
3159 2273 3216 2328 in
3244 2270 3405 2326 Patre
3430 2270 3609 2343 (Joan.
3643 2271 3759 2341 xiv)
3791 2288 3805 2323 :

611 2348 813 2401 Christo
832 2384 847 2409 ,
880 2345 1153 2417 quodcum
1180 2340 1293 2415 post
1326 2340 1749 2417 resurrectionem
1786 2340 2034 2413 quareret
2060 2340 2117 2394 in

610 2418 863 2487 sepulcro,
886 2409 935 2468 et
964 2415 1115 2469 vellet
1155 2409 1387 2485 tangere.
1423 2409 1547 2487 Non
1580 2412 1634 2464 in
1659 2409 1820 2487 terra,
1856 2427 2015 2483 neque
2038 2426 2116 2487 se:

610 2480 853 2541 cundum
876 2501 1085 2540 carnem
1130 2480 1359 2557 quwrere
1406 2481 1645 2535 debemus
1689 2480 2119 2557 Salvatorem,‘si

611 2560 841 2612 volumus
866 2572 982 2610 eum
1015 2549 1241 2610 invenire
1279 2562 1329 2608 et
1357 2559 1593 2624 tangere,
1621 2550 1713 2615 sed
1732 2550 2012 2605 secundum
2040 2549 2121 2603 di-

615 2631 746 2683 vina:
769 2626 1055 2697 majestatis
1085 2626 1328 2698 gloriam.
1425 2664 1432 2673 .

616 2720 795 2775 Haeret
839 2718 1015 2774 adhuc
1056 2718 1303 2774 sensibus
1349 2718 1566 2783 nostris,
1618 2715 1831 2781 fratres,
1881 2714 1986 2771 hoc
2024 2727 2123 2769 nos

543 2819 669 2866 ante
717 2810 832 2865 dies
877 2809 1229 2879 paucissimos
1257 2809 1575 2879 praedicasse
1596 2850 1611 2874 ,
1654 2807 1798 2877 quod
1826 2805 1991 2861 Maria
2020 2804 2126 2860 Ma-

542 2902 768 2973 gdalene
798 2916 903 2956 non
931 2900 1123 2955 leviter
1148 2899 1308 2955 fuerit
1334 2899 1613 2970 objurgata
1632 2942 1646 2965 ,
1678 2915 1774 2955 cur
1797 2907 1919 2969 post
1945 2912 2123 2953 resur-

543 2993 837 3048 rectionem
863 2990 1148 3047 Dominum
1177 2997 1443 3063 quaereret
1491 2990 1545 3044 in
1592 2990 1871 3060 sepulcro,
1920 2996 1977 3043 et
2013 3002 2123 3042 non

545 3085 893 3140 reminiscens
918 3085 1205 3140 verborum
1235 3083 1372 3153 ejus,
1403 3085 1597 3155 quibus
1623 3100 1683 3140 se
1708 3084 1775 3138 ab
1804 3083 1987 3139 inferis
2016 3090 2125 3138 ter-

548 3177 620 3231 tia
647 3176 735 3231 die
773 3190 893 3231 esse
935 3183 1363 3231 resurrecturum
1390 3174 1631 3241 dixerat,
1651 3182 1864 3245 putaret
1884 3188 2008 3229 eum
2036 3172 2123 3228 iu-

548 3266 685 3323 ferni
733 3266 939 3336 legibus
985 3264 1232 3321 detineri.
1285 3265 1542 3334 Arguitur
1586 3266 1730 3319 enim
1778 3281 1884 3319 non
1914 3265 2122 3331 leviter,

429 3392 436 3400 -
548 3377 646 3417 cur
691 3377 797 3416 non
828 3360 853 3399 δ
891 3369 1286 3416 memoraretur
1333 3360 1738 3417 resurrectionis
1782 3360 2121 3430 promissum,

547 3469 609 3508 ac
647 3454 834 3507 mortis
860 3458 1192 3507 scrutaretur
1218 3452 1490 3507 indicium.
1544 3451 1700 3506 Fides
1739 3451 1882 3505 enim
1912 3450 2129 3506 humilis

546 3556 601 3601 ct
649 3546 867 3615 ignara,
926 3546 1118 3615 qurerit
1162 3545 1305 3615 quod
1353 3546 1555 3617 nescit,
1607 3545 1937 3600 obliviscitur
1982 3544 2126 3613 quod

2222 2378 2251 2416 a
2277 2377 2385 2431 quo
2414 2378 2512 2433 per
2552 2364 2891 2419 indiScretam
2931 2364 3224 2419 divinitatis
3264 2364 3617 2419 substantiam
3661 2378 3807 2418 nun-

2221 2469 2381 2525 quam
2409 2463 2491 2510 est
2518 2463 2828 2526 separatus;
2869 2454 2996 2511 dum
3030 2455 3175 2511 enim
3203 2470 3342 2510 unus
3370 2456 3424 2509 in
3454 2472 3561 2511 uno
3601 2464 3805 2520 manet,

2219 2562 2432 2617 semper
2464 2547 2678 2602 Patrem
2707 2547 3006 2618 Filiumque
3044 2548 3203 2603 simul
3230 2563 3352 2603 esse
3378 2546 3686 2617 significat;
3714 2555 3809 2601 aut

2220 2640 2459 2709 nunquid
2487 2638 2611 2695 illuc
2638 2640 2930 2697 ascendere
2959 2655 3019 2696 se
3039 2640 3169 2695 dicit
3195 2638 3380 2705 Filius,
3411 2640 3504 2694 ubi
3542 2647 3670 2694 ante
3704 2634 3804 2693 ha-

2223 2733 2357 2788 bitat
2392 2748 2552 2802 quam
2597 2716 2885 2789 ascendat?
2930 2732 3076 2788 Dixit
3112 2733 3253 2787 enim
3302 2732 3441 2787 idem
3498 2731 3804 2786 Dominus:

2225 2825 2393 2881 Nemo
2434 2826 2668 2880 ascendit
2701 2828 2758 2881 in
2787 2828 2990 2893 caelum,
3027 2827 3129 2880 nisi
3167 2826 3255 2898 qui
3288 2822 3550 2879 descendit
3582 2823 3647 2877 de
3682 2822 3807 2878 talo

2224 2918 2396 2973 Filius
2424 2918 2663 2984 hominis,
2686 2920 2774 2991 qui
2797 2921 2854 2973 in
2874 2919 3000 2973 caelo
3020 2926 3094 2974 est
3117 2918 3297 2988 (Joan.
3321 2919 3424 2987 ιιι).
3448 2916 3506 2973 Si
3526 2929 3658 2986 ergo
3682 2930 3808 2973 cum

2223 3012 2499 3067 descendit
2528 3013 2778 3067 Salvator
2816 3014 2868 3067 in
2912 3013 3049 3068 coelo
3077 3022 3180 3080 est,
3220 3013 3390 3068 multo
3432 3012 3594 3068 etiam
3639 3011 3808 3081 magis

2225 3104 2534 3173 priusquam
2558 3112 2584 3151 ι
2607 3104 2881 3168 ascendat,
2904 3105 2957 3158 in
2986 3104 3126 3159 caelo
3152 3111 3251 3158 est.
3283 3102 3390 3158 Sed
3417 3102 3541 3159 vide
3570 3117 3643 3158 ne
3672 3101 3808 3159 forte

2225 3195 2290 3249 ad
2313 3194 2739 3264 obiurgationem
2762 3193 2940 3249 Mai-ite
2960 3209 3066 3249 vox
3086 3194 3185 3249 ista
3208 3193 3477 3265 pertineat
3499 3193 3625 3249 acui
3647 3194 3810 3265 paulo

2227 3293 2352 3341 ante
2380 3286 2521 3341 inter
2548 3285 2793 3355 sepulcra
2820 3286 3080 3355 qutcrenti
3099 3285 3385 3341 Dominum
3415 3284 3615 3340 dicitur
3639 3302 3653 3338 :
3674 3283 3809 3351 Quid

2226 3377 2412 3449 quaeris
2446 3377 2694 3430 viventem
2725 3392 2839 3429 cum
2877 3376 3137 3430 mortuis?
3173 3374 3325 3431 Nunc
3363 3375 3591 3430 addatur
3634 3393 3647 3429 :
3682 3373 3809 3431 Noli

2227 3483 2307 3522 me
2328 3477 2555 3539 tangere,
2577 3467 2699 3537 quia
2718 3467 2946 3522 nondum
2973 3467 3185 3522 ascendi
3212 3467 3282 3520 ad
3305 3465 3548 3531 Patrem;
3575 3466 3681 3523 hoc
3706 3475 3806 3529 est,

2230 3556 2356 3627 quid
2383 3572 2470 3613 me
2490 3558 2801 3625 contingere
2828 3558 2997 3628 cupis,
3026 3572 3145 3627 qua:
3172 3571 3278 3623 me,
3303 3556 3429 3611 dum
3467 3556 3611 3611 inter
3636 3563 3807 3612 tumu-

546 3638 806 3703 docetur;
851 3637 1041 3693 festina
1086 3638 1302 3708 quidem
1351 3647 1433 3693 est
1472 3638 1543 3693 ad
1575 3638 1921 3707 obsequium,
1974 3637 2127 3709 177

2228 3651 2315 3711 los
2344 3649 2555 3718 qumris,
2589 3649 2764 3704 adhuc
2788 3648 2853 3703 ad
2890 3648 3104 3704 Patrem
3132 3648 3437 3704 ascendisse
3464 3663 3575 3704 non
3603 3646 3805 3714 credis;

546 3727 639 3782 sed
666 3742 773 3781 non
820 3726 1055 3797 perfecta
1083 3736 1165 3782 est
1210 3727 1275 3782 ad
1311 3727 1668 3792 credendum;
1706 3737 1729 3765 ο
1758 3726 1917 3780 anxia
1957 3734 2040 3781 est
2063 3727 2131 3781 de

545 3819 825 3875 dominica:
869 3821 1047 3874 carnis
1096 3819 1326 3888 injuria,
1386 3819 1481 3873 sed
1533 3818 1733 3873 incerta
1780 3818 1848 3873 de
1891 3832 2131 3874 resurre-

547 3909 741 3967 ctionis
785 3908 986 3978 gloria;
1044 3909 1221 3978 plorat
1266 3908 1482 3978 quidem
1524 3924 1707 3964 amore
1749 3908 1982 3975 Christi,
2036 3910 2131 3966 sed

547 4007 740 4055 mearet
784 3999 1162 4069 desperatione
1209 4000 1453 4069 corporis
1494 4015 1602 4054 non
1642 4002 1879 4071 reperti;
1909 4003 2130 4072 periisse

548 4096 702 4161 putat
726 4103 887 4158 quem
910 4088 1021 4159 jam
1048 4102 1275 4157 regnare
1308 4091 1620 4157 constabat;
1660 4090 1687 4130 ἀ
1717 4101 1983 4149 scrutatur
2005 4110 2127 4150 eum

550 4181 604 4235 in
634 4179 859 4245 tumulo,
895 4194 1055 4248 quem
1084 4179 1336 4235 invocare
1355 4164 1534 4251 potius
1556 4182 1777 4239 deberet
1802 4200 1833 4239 a
1853 4186 2009 4242 caelo.
2044 4186 2130 4242 ln-

551 4277 802 4341 crepatnr
832 4270 993 4339 igitur
1024 4270 1082 4325 S.
1116 4269 1280 4325 Maria
1310 4279 1563 4341 tanquam
1590 4274 1790 4345 pigrior
1812 4277 1879 4331 ad
1907 4278 2132 4334 creden-

553 4361 701 4427 dum,
726 4367 782 4417 et
806 4375 928 4416 cum
952 4375 1073 4416 sera
1099 4360 1226 4416 licet
1245 4361 1527 4418 Dominum
1550 4366 1910 4433 cognovisset,
1934 4366 2131 4423 dicitur

553 4453 605 4508 ei
627 4467 659 4506 a
685 4451 962 4508 Salvatore
986 4470 998 4506 :
1025 4451 1153 4507 Noli
1174 4470 1254 4507 me
1275 4463 1500 4525 tangere,
1524 4457 1647 4525 quia
1672 4457 1899 4512 nondum
1921 4460 2130 4513 ascendi

553 4545 624 4601 ad
649 4545 879 4623 Patrem.
910 4545 1031 4601 Noli
1076 4561 1163 4602 me
1191 4555 1438 4616 tangere,
1486 4548 1869 4620 increpationis
1907 4553 2130 4607 verbum

553 4648 666 4706 est;
696 4639 800 4695 hoc
825 4648 910 4695 est
938 4638 1046 4695 noli
1076 4650 1163 4695 me
1190 4647 1413 4709 tangere
1451 4642 1716 4707 manibus,
1748 4644 2001 4713 quoniam
2045 4658 2131 4697 re—

554 4732 939 4788 surrectionem
981 4747 1155 4786 meam
1202 4734 1397 4787 mentis
1448 4734 1718 4790 oblivione
1762 4752 1866 4791 non
1908 4735 2128 4792 retines.

559 4833 583 4862 ο
599 4825 615 4845 ⁶
632 4822 748 4878 Hoc
757 4830 839 4878 est
854 4822 972 4878 Noli
992 4838 1078 4878 me
1093 4830 1312 4891 tangere
1328 4824 1588 4891 manibus,
1607 4827 1859 4895 quoniam
1879 4825 2000 4883 fidei
2017 4844 2133 4898 per-
2151 4814 2161 4822 ’

2230 3755 2352 3810 quae
2376 3740 2502 3796 dum
2531 3755 2618 3795 me
2647 3740 2787 3796 inter
2815 3740 3020 3796 inferna
3049 3741 3305 3797 scrutaris
3348 3723 3414 3796 ad
3454 3740 3694 3797 calcati:
3719 3753 3806 3796 re-

2229 3833 2393 3889 diisse
2432 3831 2665 3899 diffidis;
2713 3834 2840 3888 dum
2888 3834 3029 3890 inter
3069 3842 3327 3890 mortuos'
3349 3834 3580 3904 quaeris,
3631 3834 3808 3890 vivere

2230 3941 2352 3981 cum
2394 3925 2505 3981 Deo
2547 3923 2706 3979 Patre
2753 3940 2875 3980 meo
2923 3941 3031 3981 non
3078 3941 3282 3997 speras.
3316 3925 3581 3993 Nondum,
3620 3924 3803 3997 inquit,

2230 4016 2445 4073 ascendi
2474 4015 2542 4071 ad
2566 4015 2781 4072 Patrem
2815 4035 2827 4071 :
2858 4017 2962 4073 hoc
2991 4027 3091 4085 est,
3116 4019 3211 4073 tibi
3240 4019 3475 4073 nondum
3500 4018 3717 4075 ascendi
3743 4016 3805 4074 ad
3856 4024 3865 4033 ‘

2230 4108 2473 4175 Palrem;
2499 4109 2625 4178 quia
2654 4109 2794 4179 apud
2823 4106 2979 4164 fidem
3007 4118 3152 4165 tuam
3180 4102 3354 4167 adhuc
3381 4110 3634 4167 detineor
3654 4111 3709 4166 in
3726 4124 3807 4167 se-

2229 4201 2434 4272 pulcro.
2468 4199 2736 4267 Quantum
2764 4201 2818 4255 in
2849 4209 2903 4257 te
2925 4210 3008 4257 est
3042 4203 3185 4257 enim
3218 4205 3375 4275 178
3399 4202 3577 4259 adhuc
3603 4202 3807 4259 humili-

2229 4291 2329 4345 bus
2358 4291 2633 4358 immorer,
2666 4292 2841 4348 adhuc
2870 4294 3095 4348 terrenis
3123 4293 3377 4359 inhtereo,
3416 4294 3543 4364 quia
3577 4292 3803 4350 nondum

2231 4397 2318 4436 me
2348 4382 2480 4438 fides
2496 4392 2598 4459 tua
2623 4370 2854 4440 elevavit
2879 4385 2947 4440 ad
2976 4386 3191 4443 ctelum.
3228 4385 3366 4454 Quid
3388 4400 3519 4455 ergo
3545 4402 3637 4443 me
3663 4385 3805 4442 festi-

2231 4489 2329 4527 nas
2356 4475 2667 4544 contingere
2712 4484 2773 4530 ut
2815 4475 2910 4532 Dei
2939 4475 3149 4543 Filium,
3180 4492 3340 4547 quem
3383 4478 3699 4533 redeuntem
3743 4475 3804 4532 ad

2233 4562 2445 4619 Patrem
2473 4566 2666 4620 mentis
2691 4565 2982 4622 devotione
3009 4583 3114 4622 non
3137 4569 3416 4637 sequeris?
3442 4566 3697 4641 Quisquis
3714 4568 3804 4638 igi-

2234 4662 2321 4709 tur
2340 4655 2455 4710 vult
2473 4656 2788 4724 contingerc
2815 4658 3098 4713 Dominum
3119 4657 3470 4724 Salvatorem,
3497 4661 3647 4730 prius
3666 4656 3803 4716 illum

2232 4745 2393 4800 debet
2433 4746 2535 4801 fide
2562 4763 2656 4802 sua
2685 4748 2751 4802 ad
2778 4748 3053 4804 dexteram
3091 4750 3389 4806 Divinitatis
3430 4751 3727 4823 imponere,
3753 4757 3806 4808 et

2233 4836 2549 4915 credulitate
2569 4836 2747 4895 cordis
2762 4840 3030 4895 collocare
3056 4842 3107 4895 iu
3129 4842 3454 4909 caelestibus,
3470 4845 3802 4915 potiusquam

556 4911 786 4968 lectione
813 4928 920 4968 non
949 4913 1141 4981 tangis.
1186 4912 1301 4969 Non
1328 4925 1485 4983 potes
1518 4931 1603 4970 me
1644 4917 1919 4986 corporeis
1946 4925 2132 4973 tenere
2235 4926 2376 4981 inter
2401 4906 2681 4984 défunctos
2709 4930 2997 4999 inquirere.
3027 4931 3107 4987 llli
3136 4941 3315 4988 autem
3359 4906 3604 4990 ascendit
3629 4906 3804 4991 Domi-

556 5004 890 5075 amplexibus
917 5005 968 5070 ‘;
995 5004 1246 5073 quoniam
1277 5006 1589 5074 prohibetur
1618 5015 1783 5071 tactu,
1814 5007 1830 5045 ί
1864 5022 1982 5077 quae
2005 5010 2132 5064 ami-
2160 5008 2211 5068 D
2235 5034 2336 5072 nus
2364 5018 2428 5071 ad
2460 5017 2693 5084 Patrem,
2717 5020 2808 5089 qui
2836 5035 2956 5075 eum
2984 5037 3199 5092 semper
3220 5038 3341 5079 esse
3359 5024 3531 5081 credit
3557 5025 3614 5081 in
3636 5023 3801 5080 Patre.

555 5096 628 5156 sit
654 5096 937 5185 αυάὶιωηξ
964 5093 1092 5150 Νοιί
1126 5111 1226 5160 ’που
1257 5096 1447 5165 inqu“:
1479 5105 1710 5169 εωθθενεν
1742 5100 1863 5168 quia
1901 5101 2130 5154 ηοηάοιηι
2237 5110 2492 5166 Ascendit
2516 5110 2690 5167 beatis
2717 5114 2976 5183 apostolis
3002 5114 3070 5169 ad
3084 5108 3328 5182 Patrem,
3358 5116 3556 5185 quibus
3576 5117 3685 5172 ait:
3709 5114 3805 5181 Qui

558 5186 767 5279 αξοξηάί
796 5184 877 5267 ,σά
903 5183 1115 5279 Ραίζεπι
1160 5185 1343 5279 (λοίπης
1388 5186 1823 5279 ξιξγξάθδῐηῑιδ
1862 5190 2133 5257 Quomodo
2236 5217 2315 5254 me
2335 5201 2492 5264 videt,
2514 5201 2651 5256 videt
2670 5213 2721 5256 et
2744 5202 2961 5279 Patrem
2989 5204 3169 5275 (Joan.
3187 5204 3322 5279 xiv).
3348 5183 3605 5263 Ascendit
3621 5206 3803 5263 Joanni

557 5276 626 5333 ad
646 5274 862 5333 Patrem
888 5275 1121 5341 nondum
1150 5276 1453 5333 ascenderit
1478 5275 1738 5343 Christus,
1770 5293 1891 5334 cum
1913 5280 2026 5350 ipse
2053 5281 2132 5335 di-
2235 5289 2605 5361 Evangelistre,
2628 5293 2719 5362 qui
2741 5271 2883 5363 apud
2902 5271 3116 5351 Patrem
3144 5311 3267 5352 eum
3281 5271 3551 5368 quaesivit,
3580 5307 3637 5355 et
3660 5312 3803 5368 repe-

629 5460 659 5523 _‘
694 5452 827 5519 Cod.
855 5452 1128 5523 Ambros,
1153 5468 1207 5507 se
1236 5468 1269 5523 ᾳ
1292 5453 1482 5507 caelesti
1499 5456 1685 5523 pretio.

627 5521 657 5562 ι’
691 5523 824 5579 Cod.
855 5522 913 5577 S.
943 5522 1129 5579 Crucis
1158 5524 1212 5577 in
1237 5521 1374 5582 Jer..
1406 5521 1858 5582 rememoraretur.

631 5604 655 5633 ο
682 5592 907 5649 Codices
936 5609 973 5647 x
1017 5591 1296 5657 Laurent.,
1332 5589 1472 5646 Plut.
1506 5608 1613 5660 xiv,
1645 5606 1700 5649 et
1740 5597 1797 5651 S.
1844 5596 2034 5655 Crucis
2078 5598 2133 5657 in

560 5657 666 5720 Jer.
697 5662 785 5728 99,
818 5661 980 5718 anxia
1004 5663 1141 5717 enim
1164 5669 1260 5728 est,
1292 5671 1399 5717 etc.

630 5734 654 5770 ά
678 5729 821 5788 idem
843 5732 963 5788 cod.
987 5729 1265 5797 Laurent.,
1284 5740 1339 5787 et
1360 5729 1415 5787 S.
1447 5731 1633 5792 Crucis
1656 5734 1712 5793 in
1739 5734 1845 5795 Jer.
1872 5746 2133 5796 scrutatur

2239 5465 2378 5518 enim
2405 5480 2540 5522 eum.

2313 5544 2335 5572 ο
2356 5534 2437 5590 Ex
2461 5536 2584 5593 cod.
2613 5538 2868 5595 Laurent.
2900 5554 3097 5596 CLXXII.

2239 5602 2802 5732 mlagggiui.‘0rucis
2829 5608 2981 5675 Min.,
3011 5609 3307 5682 prohibetur
3334 5621 3493 5683 tactu,
3519 5629 3665 5687 quem
3685 5610 3802 5670 παι

2311 5753 2335 5792 ⁸
2354 5743 2496 5808 .Cod.
2528 5745 2587 5803 S.
2618 5745 2807 5807 Crucis
2832 5748 2887 5807 in
2905 5747 3037 5810 δεῖ..
3070 5750 3321 5829 ascendit.
