4040 6324
261 264 344 320 36!

1603 261 1882 320 HOMILIA
1918 261 2066 320 LVII.

3407 267 3514 324 562

262 387 360 452 rit;
393 389 552 450 atque
580 377 702 434 ideo
731 377 807 433 ait
837 395 852 432 :
886 376 956 433 Et
997 379 1219 435 Verbum
1250 390 1364 435 erat
1399 381 1538 452 apud
1563 381 1748 448 Deum,
1776 392 1825 438 et
1853 386 1904 447 Α
1929 384 2049 440 Cor.
2079 381 2351 460 v)..lgitur
2378 392 2434 439 et
2460 382 2766 455 Stephanus
2793 384 2983 443 beatus
3023 384 3125 444 fide
3154 403 3248 444 sua
3279 405 3387 446 non
3414 406 3510 447 su-

265 478 395 535 Deus
431 478 543 529 erat
590 471 814 526 Verbum
847 471 1028 544 (Joan.
1062 475 1134 545 ι).
1180 473 1431 530 Ascendit
1471 475 1633 530 etiam
1674 477 1833 544 beato

265 568 442 634 Paulo,
470 565 581 636 qui,
617 580 724 620 non
755 575 780 602 κ
810 574 1098 622 contentus
1137 583 1196 622 se
1223 567 1363 622 scire
1390 567 1534 637 quod
1577 576 1819 635 noverat,

266 675 358 716 nos
398 661 607 728 quoque
651 656 836 712 docuit
885 657 1334 726 quemadmodum
1393 658 1727 715 Salvatorem
1776 661 1826 714 in

267 749 560 806 cmlestibus
595 763 953 817 quaereremus
979 748 1008 788 ι»
1043 767 1056 802 :
1103 746 1231 814 Qua:
1281 767 1483 805 sursum
1528 763 1648 805 sunt
1689 768 1831 824 quie-

267 843 387 906 rite;
411 838 496 893 ubi
521 837 754 892 Christus
782 848 860 894 est
887 840 941 894 in
975 840 1189 894 dextera
1219 839 1318 895 Dei
1347 840 1529 895 sedens
1557 839 1691 911 (Col.
1727 842 1828 910 ιιι).

266 929 405 992 Etut
429 945 525 984 nos
554 929 621 983 ab
655 930 757 984 hac
785 930 970 985 humili
998 931 1082 986 vel
1110 940 1320 988 terrena
1349 933 1692 1002 inquisitione
1720 932 1832 986 Ma-

265 1022 351 1077 ria:
387 1021 596 1091 penitus
622 1020 984 1101 submoveret,
1015 1021 1160 1076 addit
1187 1022 1371 1077 dicens
1405 1041 1417 1075 :
1453 1021 1581 1086 Quae
1627 1039 1831 1078 sursum

263 1125 371 1170 sunt
397 1116 581 1186 sapite,
610 1132 714 1170 non
739 1133 854 1186 qua:
877 1133 1030 1186 super
1053 1127 1260 1172 terram.
1299 1117 1438 1187 Ergo
1468 1134 1574 1173 non
1599 1118 1710 1187 jam
1738 1134 1831 1174 su-

262 1221 353 1280 per
378 1213 596 1273 terram,
629 1221 729 1262 nec
757 1206 810 1261 in
843 1215 1006 1276 terra,
1036 1223 1136 1264 nec
1162 1208 1452 1264 secundum
1482 1224 1699 1264 carnem
1734 1209 1830 1264 de-

261 1298 438 1353 bemus
465 1312 708 1366 qutcrere
736 1297 1091 1369 Salvatorem,
1120 1300 1166 1354 si
1187 1300 1431 1354 volumus
1458 1315 1583 1354 eum
1619 1299 1829 1355 inveni-

260 1403 314 1442 re
344 1397 502 1457 atque
531 1389 872 1457 contingere,
905 1389 998 1444 sed
1037 1390 1328 1445 secundum
1357 1390 1550 1445 divinae
1580 1391 1833 1460 majesta-

259 1479 323 1534 tis
347 1479 608 1546 gloriam;
645 1487 702 1533 ut
726 1479 967 1534 dicamus
1003 1495 1125 1536 cum
1155 1482 1406 1552 apostolo
1434 1480 1600 1536 Paulo
1630 1500 1642 1534 :
1677 1479 1833 1536 Nunc

259 1579 420 1625 autem
457 1571 740 1626 secundum
783 1588 994 1627 carnem
1037 1589 1141 1628 non
1186 1574 1419 1628 nouimus
1447 1572 1706 1627 Christum
1747 1571 1834 1643 (11
1923 1609 1926 1612 «

1937 492 2034 548 per
2062 485 2259 531 terram
2287 477 2530 546 quaesivit
2555 475 2844 545 Christum,
2874 478 2969 533 sed
3011 485 3241 534 stantem
3271 480 3419 536 illum
3447 483 3517 537 ad

1936 567 2030 622 Dei
2053 551 2329 622 dexteram
2353 569 2664 635 recognovit
2697 587 2708 622 :
2742 569 2814 624 ibi
2842 569 2989 624 illum
3012 571 3235 641 reperit,
3254 572 3343 628 ubi
3371 589 3519 630 men-

1937 659 2005 713 tis
2031 658 2318 713 devotione
2346 659 2607 728 qutesivit.
2641 659 2756 715 Non
2787 661 2958 715 solum
2991 670 3170 717 autem
3211 661 3517 734 Stephanus

1937 747 1990 802 in
2022 748 2160 804 caelo
2192 747 2334 802 videt
2360 746 2649 815 Christum,
2681 749 2774 804 sed
2814 757 2868 803 et
2895 752 3151 822 martyrio
3181 767 3280 808 suo
3309 756 3512 823 tangit;

1938 845 2106 912 tangit
2134 845 2275 899 enim
2317 845 2619 912 Dominum,
2650 863 2771 902 cum
2800 864 2899 918 pro
2930 850 3159 905 inimicis
3183 851 3292 906 suis
3330 866 3516 918 orans,

1939 935 2024 989 vel
2054 933 2156 990 fide
2184 951 2279 989 sua
2309 943 2498 991 tenens
2533 937 2702 1005 illum,
2742 937 2869 993 dicit
2901 958 2911 992 :
2938 939 3176 1007 Domine,
3209 957 3275 996 ne
3318 950 3520 995 statuas

1934 1022 2042 1078 illis
2072 1023 2166 1078 hoc
2193 1033 2455 1094 peccatum
2486 1025 2621 1097 (Act.
2655 1027 2772 1097 vn).
2831 1027 3112 1098 lntelligite
3152 1044 3281 1098 ergo
3316 1041 3522 1099 quanta

1937 1113 2241 1169 devotionis
2279 1123 2362 1169 est
2403 1116 2591 1183 gloria.
2624 1116 2788 1172 Maria
2822 1118 2973 1186 juxta
3003 1120 3284 1175 Dominum
3317 1121 3520 1176 consti-

1938 1210 2050 1258 tuta
2081 1219 2202 1259 eum
2231 1213 2453 1274 tangere
2483 1223 2588 1262 non
2628 1216 2865 1263 meretur
2892 1226 2905 1262 :
2947 1209 3248 1280 Stephanus
3277 1211 3330 1265 in
3362 1210 3522 1265 terris

1938 1297 2146 1365 positus
2174 1295 2444 1352 Christum
2490 1299 2660 1367 tangit
2708 1300 2762 1355 in
2790 1302 2949 1366 caelo,
2991 1302 3080 1356 illa
3121 1303 3260 1358 inter
3300 1303 3522 1372 angelos

1941 1398 2257 1458 praesentem
2295 1405 2401 1446 non
2446 1391 2592 1446 videt
2630 1391 2964 1448 Salvatorem
2996 1411 3008 1447 :
3037 1395 3342 1466 Stephanus
3379 1397 3519 1452 intra

1941 1479 2110 1535 emlos
2131 1473 2413 1537 Dominum
2438 1484 2608 1538 cernit
2631 1484 2924 1540 absentem.

1589 1662 1935 1726 HOMILIA
1981 1664 2170 1725 LVII.

1357 1763 1438 1818 De
1476 1763 1655 1818 eadem
1685 1761 1905 1818 Paschte
1937 1761 2261 1818 solemnitate
2291 1761 2408 1818 111.

1689 1849 2083 1907 ADMONITIO.

509 1942 772 2002 miriﬁcus
799 1940 1015 2018 quidem
1052 1959 1130 2018 ac
1141 1959 1279 2018 pene
1306 1945 1592 2018 singularis
1619 1954 1702 2000 est
1728 1945 2141 2018 codicum
2173 1961 2448 2018 numerus,
2475 1948 2566 2018 qui
2593 1949 3044 2018 elegantissimam
3073 1953 3211 2010 hanc
3252 1957 3517 2013 uomiliam

257 2015 312 2074 S.
330 2013 424 2072 Ha
434 2013 584 2073 {imo
608 2013 876 2089 asserunt.
915 2014 1060 2089 Duos
1082 2013 1412 2089 Vaticanus,
1429 2015 1603 2089 49_5_l,‘
1627 2030 1753 2089 pag.
1774 2013 1852 2089 99,

1950 2013 2128 2089 ⁵6451,
2153 2031 2274 2089 pag.
2300 2016 2354 2089 4,
2377 2013 2550 2088 primo
2579 2013 3104 2089 conimendabimus;
3137 2025 3272 2080 duos

3302 2028 3524 2095 perinde

257 2090 308 2165 ξ.
339 2089 531 2165 Crucis
563 2089 631 2165 in
646 2086 961 2165 Jerusalem,
1082 2087 1266 2140 homil.
1295 2085 1468 2165 48,ﬂet
1495 2085 1563 2165 ιιι)
1593 2084 1775 2140 homil.
1804 2084 1852 2137 55

1950 2085 2061 2165 lues
2090 2088 2289 2165 pariter
2317 2084 2650 2165 Casinienses,
2675 2107 2780 2165 cxi,
2808 2107 2928 2162 pag.
2953 2094 3004 2156 '5,
3029 2084 3099 2165 ρι’
3117 2093 3231 2165 125.
3255 2084 3378 2165 pag.
3402 2098 3520 2160 159,

259 2160 386 2214 duos
415 2161 550 2214 item
594 2158 855 2226 Belgicos,
887 2155 1268 2226 Martinensetn
1297 2165 1352 2210 et
1377 2155 1889 2219 Camberonensem,
1919 2153 2330 2210 Cisterbiensem
2370 2158 2564 2214 Montis
2593 2153 2832 2226 Atniatac',
2866 2153 2928 2216 ac
2959 2153 3170 2218 tandem
3213 2153 3521 2220 Laurentia;

257 2247 378 2304 num
410 2247 475 2304 x1
489 2227 639 2304 Plut.
673 2224 779 2287 xiv.
806 2241 926 2304 pag.
955 2224 1082 2304 _293,
1121 2243 1159 2304 a_
1187 2236 1360 2304 tergo.
1395 2225 1704 2304 Memoratis
1733 2225 2005 2304 codicibus
2042 2227 2176 2304 mire
2203 2228 2492 2304 conc_i_nunt
2521 2229 2783 2304 editores1
2805 2224 3096 2304 Gymnicus
3125 2249 3258 2304 pag.
3281 2234 3382 2288 146
3403 2253 3522 2290 cum

258 2299 411 2373 titulo
438 2299 516 2373 De
538 2300 722 2373 eadem
749 2294 1572 2373 solemnitate,Calesiniusitem
1601 2311 1735 2373 pag_._
1756 2294 2154 2373 l35,_Cutndius
2173 2304 2306 2373 tom.
2330 2297 2392 2363 ll,
2418 2313 2541 2369 pag.
2569 2294 3072 2373 i{4{,_Rajnaudus
3095 2294 3222 2373 pag:
3239 2303 3299 2359 Si
3311 2304 3362 2369 8,
3390 2304 3522 2359 Mar-

259 2372 473 2438 garinus
503 2371 564 2424 in
596 2368 730 2422 Bibl.
764 2367 904 2422 Max.
936 2374 1068 2422 tom.
1089 2366 1186 2438 _Vl,
1219 2382 1340 2436 pag.
1370 2365 1460 2438 25.
1493 2365 1670 2438 Quare
1701 2365 2582 2438 Benedictinimonachicongreg.
2612 2368 2670 2424 S.
2694 2365 2862 2424 Mauri
2892 2381 3037 2426 tanta
3066 2365 3195 2427 mss:
3219 2382 3273 2428 et
3301 2365 3521 2430 excuso-

258 2436 371 2496 rum
401 2441 679 2512 librorum,
700 2437 1052 2493 consonantia
1071 2436 1245 2500 ducti,
1270 2453 1375 2491 non
1407 2437 1765 2500 Ambrosium,
1790 2437 1866 2490 uti
1894 2437 2049 2506 pauci
2069 2437 2283 2492 codices
2312 2437 2508 2504 ferunt,
2530 2436 2624 2494 Sed
2654 2439 2940 2495 Maximum
2969 2443 3126 2512 hujus
3154 2444 3412 2498 orationis
3434 2460 3504 2499 au

258 2516 461 2567 ctorem
502 2509 920 2566 constituerunt.

261 2603 662 2683 Ancuunx'ruu.
702 2631 774 2643 ——
806 2595 1079 2683 Prodigia,
1120 2616 1240 2683 quae
1283 2600 1338 2653 in
1365 2597 1572 2683 Christi
1617 2615 1849 2652 resurre-
1881 2603 1929 2664 Β
1953 2595 2100 2652 dum.
2132 2596 2236 2652 Sed
2263 2599 2392 2653 dicit
2421 2599 2612 2668 aliquis
2645 2618 2657 2653 ε
2693 2599 2712 2638 ί
2743 2599 2800 2655 Si
2830 2601 2882 2655 in
2911 2600 2997 2656 die
3017 2603 3391 2671 gratulandum
3422 2612 3524 2670 cst,

327 2674 503 2727 ctione
535 2675 683 2744 facta
713 2679 852 2736 sunt,
894 2669 1304 2742 eloquentissime
1333 2675 1368 2723 a'
1394 2669 1628 2724 Maximo
1667 2685 1847 2724 recen-

328 2753 529 2797 scatur.

326 2875 447 2930 Non
479 2874 774 2940 immerito,
824 2871 1034 2940 fratres,
1073 2873 1332 2929 hodierna
1373 2873 1460 2930 die
1488 2872 1724 2945 psalmus
1765 2871 1851 2926 hic

263 2967 458 3036 legitur
509 2965 690 3038 (Psal.
736 2966 873 3036 xm),
922 2967 976 3020 in
1021 2980 1130 3036 quo
1175 2974 1437 3036 prepneta
1477 2963 1850 3020 exsultandum

259 3059 509 3130 ιιι-πείνη
537 3067 598 3113 et
626 3055 942 3123 lmtandum;
967 3040 1159 3113 omnes
1183 3059 1327 3114 enim
1356 3067 1632 3114 creaturas
1658 3057 1726 3112 ad
1757 3057 1850 3111 hu-

262 3151 346 3221 jus
383 3151 495 3206 diei
545 3149 890 3205 lestivitatem
933 3149 1097 3204 David
1126 3158 1342 3205 sanctus
1371 3150 1592 3215 invitat;
1634 3164 1759 3203 nam
1799 3148 1850 3202 in

260 3241 364 3299 hac
395 3243 489 3298 die
525 3257 628 3313 per
653 3242 1102 3297 resurrectionem
1140 3252 1162 3296 ς
1193 3241 1392 3297 Christi
1423 3243 1662 3312 aperitur
1689 3237 1715 3277 ά
1747 3248 1855 3294 tar»

261 3339 433 3398 tarus,
475 3349 583 3404 per
622 3333 922 3404 neOphytos
948 3330 1204 3388 Ecclesia:
1233 3333 1521 3388 innovatur
1549 3342 1710 3399 terra,
1741 3347 1853 3388 co:-

259 3423 372 3479 lum
415 3439 522 3494 per
563 3422 819 3494 Spiritum
847 3431 1094 3480 sanctum
1123 3432 1423 3489 reseratur;
1473 3431 1687 3494 apertus
1715 3423 1856 3476 enim

205 3511 214 3513 4
259 3520 512 3590 tartarus
542 3515 718 3570 reddit
753 3523 1015 3578 mortuos,
1043 3515 1295 3570 innovata
1319 3524 1460 3570 terra
1487 3514 1750 3584 geminat
1773 3528 1859 3568 re-

257 3615 578 3676 surgentes,
618 3607 814 3662 cmlum
861 3615 1158 3663 reseratum
1211 3607 1436 3676 suscipit
1485 3605 1859 3662 ascendentes.

1952 2688 2016 2742 iis
2062 2689 2244 2758 utique
2292 2690 2664 2758 gratulandum
2712 2699 2796 2744 est
2851 2693 3007 2763 180
3057 2707 3194 2762 quos
3247 2694 3360 2748 dies
3413 2695 3526 2764 ipsa

1950 2780 2322 2850 complectitur
2353 2799 2365 2834 :
2397 2782 2589 2837 malum
2630 2790 2809 2837 autem
2849 2787 2906 2837 et
2934 2791 3166 2840 tartarus
3191 2793 3341 2840 extra
3372 2786 3531 2855 hujus

1950 2872 2134 2926 mundi
2162 2872 2303 2927 diem
2325 2881 2449 2928 sunt
2470 2875 2763 2930 constituta
2789 2894 2801 2928 :
2826 2877 3098 2946 quomodo
3129 2877 3288 2946 igitur
3310 2887 3528 2949 possunt

1951 2982 2014 3020 ca
2044 2966 2306 3021 elementa
2336 2966 2401 3020 ad
2430 2966 2774 3024 festivitatem
2796 2970 2955 3040 hujus
2975 2971 3080 3027 diei
3101 2973 3302 3038 vocari,
3329 2983 3352 3019 κ
3382 2974 3532 3043 cujus

1951 3059 2057 3114 diei
2095 3060 2300 3114 ambitu
2341 3075 2447 3115 non
2476 3064 2766 3116 tenentur?
2811 3061 2917 3136 Sed
2959 3063 3045 3117 hic
3072 3063 3187 3118 dies
3215 3080 3374 3134 quem
3402 3065 3532 3120 fecit

1953 3149 2209 3205 Dominus
2235 3159 2483 3221 penetrat
2503 3152 2700 3216 omnia,
2725 3153 2975 3208 universa
3003 3155 3263 3218 continet,
3297 3152 3322 3191 ιι
3340 3156 3534 3210 coelum

1956 3249 2010 3296 et
2031 3249 2228 3295 terram
2253 3248 2616 3310 tartarumque
2639 3243 3033 3312 complectitur.
3049 3243 3163 3298 Lux
3181 3245 3323 3298 enim
3349 3245 3360 3280 ί
3387 3243 3536 3299 ϐΙιι-ἰ·

1955 3341 2069 3388 stus
2099 3349 2204 3387 non
2234 3333 2528 3403 parietibus
2548 3333 2866 3401 obstruitur,
2898 3350 3007 3389 non
3037 3335 3317 3389 elementis
3344 3335 3536 3391 dividi-

1957 3431 2061 3486 tur,
2108 3438 2214 3477 non
2245 3422 2479 3476 tenebris
2510 3423 2845 3477 obscuratur.
2879 3421 3015 3489 Lux,
3059 3423 3296 3490 inquam,
3341 3422 3538 3481 Christi

1958 3512 2073 3567 dies
2100 3520 2183 3566 est
2210 3511 2325 3565 sine
2354 3520 2534 3579 nocte,
2566 3511 2683 3566 dies
2710 3512 2827 3566 sine
2856 3510 2983 3576 line,
3028 3512 3224 3580 ubique
3273 3512 3537 3582 splendet,

1959 3602 2157 3670 ubique
2185 3601 2378 3670 radiat,
2406 3602 2602 3671 ubique
2645 3617 2753 3657 nou
2795 3601 2992 3656 deﬁcit.
3021 3600 3174 3668 Quod
3214 3611 3394 3658 autem
3439 3604 3540 3659 iste

257 3695 518 3767 Denique
568 3699 809 3754 ascendit
855 3698 996 3754 latro
1048 3699 1101 3752 in
1143 3698 1450 3768 paradisum
1497 3717 1509 3750 :
1553 3704 1860 3752 sanctorum
1961 3692 2075 3748 dies
2103 3691 2347 3748 Christus
2375 3693 2466 3759 sit,
2510 3692 2799 3762 Apostolus
2836 3692 2967 3747 dicit
3011 3710 3023 3746 :
3079 3689 3204 3746 Nox
3256 3695 3539 3764 prwcessit,

253 3803 502 3860 corpora
536 3788 904 3857 ingrediuntur
925 3789 978 3842 in
1000 3795 1244 3843 sanctam
1264 3788 1534 3842 civitatem
1571 3805 1582 3839 :
1617 3786 1684 3840 ad
1713 3787 1862 3840 vivos
1963 3787 2072 3841 dies
2102 3794 2271 3839 autem
2293 3785 2720 3856 appropinquavit
2752 3783 2929 3856 (Rom.
2963 3784 3101 3855 xui).
3133 3783 3432 3853 Prmcessit,
3457 3786 3540 3840 in-

253 3881 472 3936 mortui
507 3888 869 3941 revertuntur,
902 3888 956 3933 et
982 3880 1227 3949 profectu
1255 3878 1486 3948 quodam
1517 3879 1570 3934 in
1616 3893 1859 3934 resurre-
1962 3880 2097 3950 quit,
2125 3895 2250 3942 nox,
2275 3893 2380 3932 non
2413 3877 2653 3948 sequitur
2685 3895 2696 3929 :
2723 3884 2780 3930 ut
2808 3877 3092 3945 intelligas,
3121 3877 3536 3947 superveniente

249 3975 451 4030 ctione
483 3970 687 4026 Christi
717 3972 785 4026 ad
813 3972 1002 4028 altiora
1030 3978 1222 4027 cuncta
1261 3972 1524 4026 elementa
1553 3988 1611 4027 se
1647 3972 1856 4026 tollunt.
1889 3966 1934 4030 C
1963 3968 2158 4024 Christi
2189 3969 2407 4032 lumine,
2449 3977 2503 4022 et
2528 3967 2728 4022 diaboli
2768 3968 3020 4022 tenebras
3050 3966 3292 4036 eﬂugari,
3329 3977 3384 4023 et
3413 3982 3542 4038 pec-

250 4063 543 4118 Tartarus
565 4076 700 4130 quos
736 4062 898 4116 habet
936 4062 1109 4117 reddit
1148 4062 1216 4117 ad
1261 4077 1484 4132 superos
1505 4103 1519 4124 .
1545 4071 1684 4118 terra
1723 4077 1860 4132 quos
1967 4070 2207 4117 calorum
2247 4060 2476 4114 obscura
2500 4064 2606 4114 non
2641 4063 2654 4110 Ι
2687 4060 2857 4128 sequi,
2881 4068 2936 4114 et
2960 4059 3072 4129 jugi
3100 4060 3382 4131 splendore
3405 4075 3543 4130 pnn-

246 4153 468 4226 sepelit
514 4152 681 4206 mittit
715 4151 781 4208 ad
819 4153 1052 4219 cadum;
1104 4153 1297 4208 escium
1339 4169 1474 4222 quos
1509 4155 1732 4225 suscipit
1774 4170 1860 4210 rc-
1967 4153 2153 4207 teritas
2182 4151 2436 4220 caligines
2464 4150 2690 4222 depelli,
2723 4148 2747 4188 ιι
2778 4151 3111 4221 surrepentia
3139 4150 3332 4208 delicta
3362 4152 3545 4221 prohi-

246 4249 573 4317 prmsentat
601 4242 666 4297 ad
688 4242 1004 4310 Dominum;
1029 4253 1084 4299 et
1105 4259 1208 4299 una
1232 4244 1526 4314 eademque
1547 4247 1860 4318 operatione

249 4332 582 4393 Salvatoris
602 4337 780 4404 passio
809 4335 984 4391 elevat
1011 4335 1078 4392 de
1097 4336 1244 4403 imis,
1268 4338 1487 4393 suscitat
1514 4338 1580 4394 de
1609 4341 1858 4405 terrenis,

250 4428 517 4483 collocat
549 4425 600 4480 in
642 4427 888 4482 excelsis.
923 4426 1264 4483 Resurrectio
1293 4429 1435 4482 enim
1469 4415 1674 4484 Christi
1700 4439 1723 4467 ο
1768 4429 1862 4484 de-

251 4518 468 4576 functis
503 4525 592 4572 est
627 4519 753 4584 vita,
787 4519 1157 4588 peccatoribus
1195 4520 1371 4584 venia,
1401 4521 1599 4575 sanctis
1640 4529 1722 4576 est
1748 4520 1863 4589 glo-

181 4605 184 4609 ’
251 4613 358 4669 ria.
395 4611 640 4666 Omnem
669 4625 798 4680 ergo
828 4618 1130 4666 creaturam
1151 4611 1217 4665 ad
1246 4610 1592 4666 festivitatem
1623 4627 1864 4667 resurre-

253 4702 470 4759 ctionis
497 4699 701 4756 Christi
726 4699 892 4754 David
915 4708 1132 4755 sanctus
1161 4700 1349 4754 invitat
1374 4719 1386 4753 :
1412 4700 1486 4754 ait
1513 4701 1656 4754 enim
1684 4701 1864 4755 exsul-

253 4795 497 4851 tandum
531 4794 586 4848 in
632 4795 734 4848 hac
777 4793 864 4860 die
890 4807 1050 4862 quam
1090 4790 1216 4847 fecit
1255 4789 1532 4858 Dominus,
1576 4800 1633 4846 et
1674 4792 1862 4846 laetan-

331 4960 361 4990 ⁸·
393 4945 583 5005 Codd.
611 4945 679 5001 99
690 4943 746 5000 S.
773 4943 1023 5001 Crucisin
1038 4943 1174 5013 Jer.,
1197 4955 1464 5000 contentus
1485 4945 1741 5012 tolumse,
1764 4955 1867 5002 etc.

330 5021 362 5060 ι)
400 5019 567 5110 Idem
605 5016 732 5110 cod.
776 5015 833 5071 S.
876 5014 1063 5074 Crucis
1100 5017 1155 5070 in
1203 5015 1335 5081 Jer.,
1378 5033 1748 5088 quareremus,
1793 5017 1872 5070 di-

256 5097 565 5217 tq‘tﬁ.
583 5157 765 5214 Casin.
797 5157 900 5213 123
919 5201 934 5226 ,
965 5157 1174 5214 Domini
1202 5156 1367 5212 nostri
1395 5155 1521 5211 Iesu
1552 5156 1764 5212 Christi.

331 5231 360 5270 ἀ
391 5230 548 5287 Cod.
597 5246 650 5296 x,
680 5227 818 5283 Plut.
853 5245 960 5295 xiv,
993 5229 1122 5299 legit
1151 5237 1427 5294 tartarum,
1458 5236 1518 5282 ut
1555 5237 1611 5284 et
1650 5227 1703 5282 in
1744 5242 1873 5298 pro-

256 5318 490 5374 gressu.

336 5385 362 5452 ξ
394 5372 549 5452 Cod.
586 5369 705 5452 Vat.
935 5366 1189 5452 cleptnctis
1219 5368 1345 5452 vita,
1375 5377 1483 5452 etc.

341 5443 361 5482 τ
395 5443 564 5498 Idem
592 5440 714 5495 cod.
748 5438 891 5506 Vat.,
928 5441 973 5494 si
1000 5438 1122 5494 inde
1150 5440 1518 5510 gratulandum
1545 5449 1643 5510 est,
1674 5438 1742 5493 iis
1781 5439 1877 5510 utig

255 5531 366 5597 que
394 5510 785 5597 gratulandum
811 5520 918 5576 est,
948 5526 1075 5582 quos
1104 5509 1234 5577 dies,
1265 5517 1369 5565 etc.
1395 5509 1528 5565 Cod.
1552 5509 1787 5574 Martin.,
1830 5509 1876 5562 si

257 5583 316 5642 in
343 5583 452 5640 hac
480 5583 593 5637 die.

341 5665 368 5705 κ
400 5654 555 5710 Cod.
589 5649 827 5720 Martin.,
859 5667 974 5724 qua:
1001 5652 1153 5724 hujus
1190 5651 1294 5707 diei
1327 5650 1520 5708 ambitu
1564 5668 1670 5706 non
1719 5649 1878 5710 conti-

264 5737 494 5784 nentur.

521 5819 798 5881 Ριτιιοι..
847 5814 1032 5878 LVll.

1967 4242 2100 4297 beri.
2132 4241 2262 4296 Nam
2290 4243 2415 4312 quia
2445 4241 2531 4296 hic
2557 4240 2670 4296 dies
2696 4241 2938 4296 Christus
2959 4241 3174 4307 cmlum,
3204 4250 3422 4306 terram,
3442 4250 3544 4296 tar-

1969 4344 2247 4406 tarumque
2288 4335 2568 4390 collustret
2605 4333 2877 4404 Scriptura
2919 4342 3162 4389 testatur.
3214 4333 3365 4399 Quod
3403 4335 3546 4387 enim

1966 4441 2127 4497 super
2154 4435 2350 4482 terram
2389 4425 2619 4494 fulgeat,
2665 4425 2794 4480 dicit
2829 4423 3066 4479 Joannes
3097 4441 3109 4475 :
3151 4421 3282 4476 Erat
3309 4423 3398 4475 lux
3426 4437 3546 4476 vera

1966 4537 2078 4589 quo!
2124 4519 2382 4573 illuminat
2428 4535 2629 4572 onmem
2675 4517 2933 4570 hominem
2979 4517 3261 4569 venientem
3303 4516 3358 4568 in
3409 4515 3546 4568 hunc

1967 4611 2214 4666 mundum
2245 4611 2424 4682 (loan.
2469 4611 2528 4679 l).
2563 4607 2716 4675 Quod
2757 4609 2809 4662 in
2850 4606 3059 4661 inferno
3091 4607 3284 4672 luceat,
3318 4606 3392 4660 ait
3420 4621 3548 4676 pro-

1965 4702 2126 4772 pheta
2175 4721 2186 4754 :
2228 4701 2328 4766 Qui
2365 4700 2610 4754 sedebant
2646 4701 2701 4752 in
2740 4699 2949 4770 regione
2983 4697 3179 4752 umbra:
3219 4685 3549 4764 mortis,'lua:

1967 4802 2084 4848 orta
2121 4801 2198 4847 est
2247 4789 2263 4829 ι
2304 4791 2410 4847 illis
2441 4789 2598 4863 (Isai.
2629 4789 2725 4862 ix).
2758 4799 2797 4827 ω
2825 4789 2979 4856 Quod
3024 4790 3075 4844 in
3123 4789 3272 4844 emlis
3307 4789 3422 4846 dies
3451 4790 3550 4846 iste

2048 4943 2077 4984 ¹ι
2105 4943 2239 5002 Cod.
2271 4945 2485 5002 Martin.
2517 4945 2716 5001 omittit
2755 4945 2951 5000 calum.

2058 5017 2070 5055 ί
2105 5015 2274 5072 Codd.
2325 5016 2580 5073 Laurent.
2622 5024 2677 5072 et
2705 5015 2899 5079 Vatic.,
2940 5016 3388 5085 quemadmodum
3415 5016 3552 5073 San~

1977 5097 2078 5212 clla:
2104 5085 2291 5143 Crucis
2319 5087 2372 5144 in
2400 5087 2510 5144 Jer.
2541 5096 2597 5144 et
2624 5086 2836 5141 Martin.
2861 5084 3060 5143 habent
3079 5084 3270 5143 Christi
3289 5103 3389 5157 pro
3409 5087 3553 5144 Chri~

1976 5176 2001 5213 s
2025 5175 2106 5214 us.

1898 5391 1952 5453 ι)
1979 5368 2192 5453 Martin.
2223 5368 2582 5453 μέλεαι-(ξιιμ,
2603 5364 2971 5453 suhripientia;
3001 5364 3158 5424 codd.
3191 5367 3260 5423 99
3285 5367 3342 5423 S.
3367 5364 3555 5421 Crucis

1981 5440 2034 5494 in
2062 5438 2171 5508 Jer.
2205 5448 2260 5494 et
2286 5439 2376 5507 90,
2407 5438 2755 5508 subrepentia.

2057 5507 2074 5547 ι
2108 5509 2242 5566 Cod.
2267 5509 2487 5578 Belgici,
2517 5507 2632 5578 orta
2659 5517 2736 5563 est
2762 5508 2855 5562 eis.

2053 5589 2092 5616 η’
2121 5580 2254 5635 Cod.
2281 5577 2561 5646 Laurent.,
2594 5577 2743 5642 Quod
2761 5579 2815 5631 in
2843 5578 2983 5630 cmlis
3003 5577 3113 5630 dies
3133 5578 3230 5630 iste
3248 5585 3549 5644 permaneat

1983 5652 2111 5706 item
2139 5649 2294 5706 codd.
2325 5647 2504 5704 Casiu.
2536 5658 2591 5703 et
2625 5649 2769 5714 Vat.,
2802 5647 2950 5710 Quod
2977 5648 3031 5698 in
3061 5646 3199 5698 artis
3226 5656 3552 5715 permaneat;

1982 5722 2076 5780 sed
2097 5721 2220 5778 cod.
2253 5717 2476 5776 Martin.
2498 5720 2626 5789 legit
2653 5720 2762 5774 dies
2788 5728 3085 5790 permaneo:
3116 5718 3231 5769 iste.

3125 5807 3206 5872 12
