  <div class='ocr_page' id='page_1' title='image "/cluster/home/n/w/nwhite01/storage/ocr_20150623/57/hvd.32044015471618/187.png"; bbox 0 0 4040 6324; ppageno 0'>
   <div class='ocr_carea' id='block_1_1' title="bbox 1811 249 2647 308">
    <p class='ocr_par' dir='ltr' id='par_1_1' title="bbox 1811 249 2647 308">
     <span class='ocr_line' id='line_1_1' title="bbox 1811 249 2647 308; baseline -0.001 -1"><span class='ocrx_word' id='word_1_1' title='bbox 1811 251 1868 307; x_wconf 89' lang='lat' dir='ltr'><strong>S.</strong></span> <span class='ocrx_word' id='word_1_2' title='bbox 1909 250 2152 307; x_wconf 77' lang='lat' dir='ltr'><strong>MAXIM]</strong></span> <span class='ocrx_word' id='word_1_3' title='bbox 2193 249 2647 308; x_wconf 75' lang='lat' dir='ltr'><strong>TAURINENSIS</strong></span> 
     </span>
    </p>
   </div>
   <div class='ocr_carea' id='block_1_2' title="bbox 549 368 3840 448">
    <p class='ocr_par' dir='ltr' id='par_1_2' title="bbox 549 368 3840 448">
     <span class='ocr_line' id='line_1_2' title="bbox 549 368 3840 448; baseline 0.001 -19"><span class='ocrx_word' id='word_1_4' title='bbox 549 382 904 448; x_wconf 83' lang='lat' dir='ltr'><strong>.permaneat,</strong></span> <span class='ocrx_word' id='word_1_5' title='bbox 940 371 1103 428; x_wconf 89' lang='lat' dir='ltr'><strong>refert</strong></span> <span class='ocrx_word' id='word_1_6' title='bbox 1130 369 1297 426; x_wconf 81' lang='lat' dir='ltr'><strong>David</strong></span> <span class='ocrx_word' id='word_1_7' title='bbox 1324 369 1510 426; x_wconf 87' lang='lat' dir='ltr'><strong>dicens</strong></span> <span class='ocrx_word' id='word_1_8' title='bbox 1542 388 1555 423; x_wconf 88' lang='lat'>:</span> <span class='ocrx_word' id='word_1_9' title='bbox 1591 369 1793 427; x_wconf 86' lang='lat' dir='ltr'><strong>Ponam</strong></span> <span class='ocrx_word' id='word_1_10' title='bbox 1822 373 1876 425; x_wconf 88' lang='lat' dir='ltr'><strong>in</strong></span> <span class='ocrx_word' id='word_1_11' title='bbox 1907 370 2151 426; x_wconf 65' lang='lat' dir='ltr'><strong>secutum</strong></span> <span class='ocrx_word' id='word_1_12' title='bbox 2180 375 2228 434; x_wconf 81' lang='grc' dir='ltr'>Α</span> <span class='ocrx_word' id='word_1_13' title='bbox 2255 371 2544 442; x_wconf 87' lang='lat' dir='ltr'><strong>ealiginum</strong></span> <span class='ocrx_word' id='word_1_14' title='bbox 2564 385 2625 427; x_wconf 84' lang='lat' dir='ltr'><strong>se</strong></span> <span class='ocrx_word' id='word_1_15' title='bbox 2643 378 2804 428; x_wconf 83' lang='lat' dir='ltr'><strong>nocte</strong></span> <span class='ocrx_word' id='word_1_16' title='bbox 2822 368 3198 436; x_wconf 87' lang='lat' dir='ltr'><strong>circumdedit,</strong></span> <span class='ocrx_word' id='word_1_17' title='bbox 3221 377 3278 428; x_wconf 89' lang='lat' dir='ltr'><strong>et</strong></span> <span class='ocrx_word' id='word_1_18' title='bbox 3293 369 3606 428; x_wconf 67' lang='lat' dir='ltr'><strong>Iudaeorum</strong></span> <span class='ocrx_word' id='word_1_19' title='bbox 3625 369 3840 443; x_wconf 68' lang='lat' dir='ltr'><strong>heluus,</strong></span> 
     </span>
    </p>
   </div>
   <div class='ocr_carea' id='block_1_3' title="bbox 572 462 2150 536">
    <p class='ocr_par' dir='ltr' id='par_1_3' title="bbox 572 462 2150 536">
     <span class='ocr_line' id='line_1_3' title="bbox 572 462 2150 536; baseline -0.003 -13"><span class='ocrx_word' id='word_1_20' title='bbox 572 469 746 523; x_wconf 67' lang='lat' dir='ltr'><strong>siccati</strong></span> <span class='ocrx_word' id='word_1_21' title='bbox 770 476 795 504; x_wconf 75' lang='grc' dir='ltr'>α</span> <span class='ocrx_word' id='word_1_22' title='bbox 823 480 993 520; x_wconf 84' lang='lat' dir='ltr'><strong>semen</strong></span> <span class='ocrx_word' id='word_1_23' title='bbox 1014 465 1145 536; x_wconf 84' lang='lat' dir='ltr'><strong>ejus,</strong></span> <span class='ocrx_word' id='word_1_24' title='bbox 1167 474 1217 519; x_wconf 88' lang='lat' dir='ltr'><strong>et</strong></span> <span class='ocrx_word' id='word_1_25' title='bbox 1236 464 1408 519; x_wconf 83' lang='lat' dir='ltr'><strong>sedem</strong></span> <span class='ocrx_word' id='word_1_26' title='bbox 1427 462 1540 534; x_wconf 85' lang='lat' dir='ltr'><strong>ejus</strong></span> <span class='ocrx_word' id='word_1_27' title='bbox 1559 464 1692 518; x_wconf 86' lang='lat' dir='ltr'><strong>sicut</strong></span> <span class='ocrx_word' id='word_1_28' title='bbox 1711 464 1822 519; x_wconf 80' lang='lat' dir='ltr'><strong>dies</strong></span> <span class='ocrx_word' id='word_1_29' title='bbox 1842 467 1957 518; x_wconf 72' lang='lat' dir='ltr'><strong>creti</strong></span> <span class='ocrx_word' id='word_1_30' title='bbox 1978 462 2150 535; x_wconf 87' lang='lat' dir='ltr'><strong>(Psat.</strong></span> 
     </span>
    </p>
   </div>
   <div class='ocr_carea' id='block_1_4' title="bbox 571 543 2154 630">
    <p class='ocr_par' dir='ltr' id='par_1_4' title="bbox 571 543 2154 630">
     <span class='ocr_line' id='line_1_4' title="bbox 571 543 2154 630; baseline -0.002 -15"><span class='ocrx_word' id='word_1_31' title='bbox 571 560 852 630; x_wconf 69' lang='lat' dir='ltr'><strong>LXXXVIII).</strong></span> <span class='ocrx_word' id='word_1_32' title='bbox 879 556 1010 624; x_wconf 82' lang='lat' dir='ltr'><strong>Quis</strong></span> <span class='ocrx_word' id='word_1_33' title='bbox 1034 565 1213 612; x_wconf 89' lang='lat' dir='ltr'><strong>autem</strong></span> <span class='ocrx_word' id='word_1_34' title='bbox 1235 556 1351 612; x_wconf 89' lang='lat' dir='ltr'><strong>dies</strong></span> <span class='ocrx_word' id='word_1_35' title='bbox 1369 557 1492 613; x_wconf 76' lang='lat' dir='ltr'><strong>emli</strong></span> <span class='ocrx_word' id='word_1_36' title='bbox 1516 557 1616 613; x_wconf 89' lang='lat' dir='ltr'><strong>nisi</strong></span> <span class='ocrx_word' id='word_1_37' title='bbox 1641 556 1924 613; x_wconf 87' lang='lat' dir='ltr'><strong>Christus?</strong></span> <span class='ocrx_word' id='word_1_38' title='bbox 1943 543 2019 613; x_wconf 51' lang='lat' dir='ltr'><strong>&#39;de</strong></span> <span class='ocrx_word' id='word_1_39' title='bbox 2045 571 2154 628; x_wconf 91' lang='lat' dir='ltr'><strong>quo</strong></span> 
     </span>
    </p>
   </div>
   <div class='ocr_carea' id='block_1_5' title="bbox 568 649 2155 722">
    <p class='ocr_par' dir='ltr' id='par_1_5' title="bbox 568 649 2155 722">
     <span class='ocr_line' id='line_1_5' title="bbox 568 649 2155 722; baseline -0.001 -15"><span class='ocrx_word' id='word_1_40' title='bbox 568 653 762 708; x_wconf 86' lang='lat' dir='ltr'><strong>dicitur</strong></span> <span class='ocrx_word' id='word_1_41' title='bbox 807 666 907 722; x_wconf 80' lang='lat' dir='ltr'><strong>per</strong></span> <span class='ocrx_word' id='word_1_42' title='bbox 948 651 1266 722; x_wconf 79' lang='lat' dir='ltr'><strong>prophetam</strong></span> <span class='ocrx_word' id='word_1_43' title='bbox 1311 669 1324 704; x_wconf 96' lang='lat'>:</span> <span class='ocrx_word' id='word_1_44' title='bbox 1376 649 1504 706; x_wconf 84' lang='lat' dir='ltr'><strong>Dies</strong></span> <span class='ocrx_word' id='word_1_45' title='bbox 1544 651 1646 705; x_wconf 84' lang='lat' dir='ltr'><strong>diei</strong></span> <span class='ocrx_word' id='word_1_46' title='bbox 1685 660 1886 706; x_wconf 88' lang='lat' dir='ltr'><strong>eructat</strong></span> <span class='ocrx_word' id='word_1_47' title='bbox 1930 651 2155 706; x_wconf 81' lang='lat' dir='ltr'><strong>Verbum</strong></span> 
     </span>
    </p>
   </div>
   <div class='ocr_carea' id='block_1_6' title="bbox 569 743 2156 816">
    <p class='ocr_par' dir='ltr' id='par_1_6' title="bbox 569 743 2156 816">
     <span class='ocr_line' id='line_1_6' title="bbox 569 743 2156 816; baseline 0.001 -18"><span class='ocrx_word' id='word_1_48' title='bbox 569 743 744 816; x_wconf 86' lang='lat' dir='ltr'><strong>(Psat.</strong></span> <span class='ocrx_word' id='word_1_49' title='bbox 785 743 954 815; x_wconf 85' lang='lat' dir='ltr'><strong>xvm).</strong></span> <span class='ocrx_word' id='word_1_50' title='bbox 1015 743 1136 815; x_wconf 83' lang='lat' dir='ltr'><strong>Ipse</strong></span> <span class='ocrx_word' id='word_1_51' title='bbox 1187 751 1271 800; x_wconf 88' lang='lat' dir='ltr'><strong>est</strong></span> <span class='ocrx_word' id='word_1_52' title='bbox 1306 745 1449 805; x_wconf 79' lang='lat' dir='ltr'><strong>enim</strong></span> <span class='ocrx_word' id='word_1_53' title='bbox 1491 744 1606 800; x_wconf 88' lang='lat' dir='ltr'><strong>dies</strong></span> <span class='ocrx_word' id='word_1_54' title='bbox 1641 743 1825 810; x_wconf 88' lang='lat' dir='ltr'><strong>Filius,</strong></span> <span class='ocrx_word' id='word_1_55' title='bbox 1882 747 1968 801; x_wconf 91' lang='lat' dir='ltr'><strong>cui</strong></span> <span class='ocrx_word' id='word_1_56' title='bbox 1992 743 2156 802; x_wconf 90' lang='lat' dir='ltr'><strong>Pater</strong></span> 
     </span>
    </p>
   </div>
   <div class='ocr_carea' id='block_1_7' title="bbox 565 835 2151 910">
    <p class='ocr_par' dir='ltr' id='par_1_7' title="bbox 565 835 2151 910">
     <span class='ocr_line' id='line_1_7' title="bbox 565 835 2151 910; baseline 0.003 -20"><span class='ocrx_word' id='word_1_57' title='bbox 565 836 682 892; x_wconf 86' lang='lat' dir='ltr'><strong>dies</strong></span> <span class='ocrx_word' id='word_1_58' title='bbox 731 835 1028 892; x_wconf 71' lang='lat' dir='ltr'><strong>divinitatis</strong></span> <span class='ocrx_word' id='word_1_59' title='bbox 1072 852 1183 892; x_wconf 63' lang='lat' dir='ltr'><strong>suae</strong></span> <span class='ocrx_word' id='word_1_60' title='bbox 1225 845 1438 902; x_wconf 84' lang='lat' dir='ltr'><strong>eructat</strong></span> <span class='ocrx_word' id='word_1_61' title='bbox 1471 840 1625 910; x_wconf 75' lang='lat'><strong>181</strong></span> <span class='ocrx_word' id='word_1_62' title='bbox 1681 853 1954 893; x_wconf 89' lang='lat' dir='ltr'><strong>arcanum.</strong></span> <span class='ocrx_word' id='word_1_63' title='bbox 2011 836 2151 910; x_wconf 84' lang='lat' dir='ltr'><strong>Ipse,</strong></span> 
     </span>
    </p>
   </div>
   <div class='ocr_carea' id='block_1_8' title="bbox 565 928 2152 1006">
    <p class='ocr_par' dir='ltr' id='par_1_8' title="bbox 565 928 2152 1006">
     <span class='ocr_line' id='line_1_8' title="bbox 565 928 2152 1006; baseline 0.004 -24"><span class='ocrx_word' id='word_1_64' title='bbox 565 928 818 998; x_wconf 86' lang='lat' dir='ltr'><strong>inquam,</strong></span> <span class='ocrx_word' id='word_1_65' title='bbox 878 937 960 985; x_wconf 87' lang='lat' dir='ltr'><strong>est</strong></span> <span class='ocrx_word' id='word_1_66' title='bbox 1013 928 1127 985; x_wconf 89' lang='lat' dir='ltr'><strong>dies</strong></span> <span class='ocrx_word' id='word_1_67' title='bbox 1182 930 1274 999; x_wconf 85' lang='lat' dir='ltr'><strong>qui</strong></span> <span class='ocrx_word' id='word_1_68' title='bbox 1313 930 1390 984; x_wconf 94' lang='lat' dir='ltr'><strong>ait</strong></span> <span class='ocrx_word' id='word_1_69' title='bbox 1450 946 1547 1001; x_wconf 87' lang='lat' dir='ltr'><strong>per</strong></span> <span class='ocrx_word' id='word_1_70' title='bbox 1597 929 1944 986; x_wconf 86' lang='lat' dir='ltr'><strong>Salomonem</strong></span> <span class='ocrx_word' id='word_1_71' title='bbox 1991 929 2152 1006; x_wconf 85' lang='lat' dir='ltr'><strong>:Ego</strong></span> 
     </span>
    </p>
   </div>
   <div class='ocr_carea' id='block_1_9' title="bbox 566 1019 2150 1095">
    <p class='ocr_par' dir='ltr' id='par_1_9' title="bbox 566 1019 2150 1095">
     <span class='ocr_line' id='line_1_9' title="bbox 566 1019 2150 1095; baseline 0.004 -22"><span class='ocrx_word' id='word_1_72' title='bbox 566 1019 684 1090; x_wconf 75' lang='lat' dir='ltr'><strong>feci,</strong></span> <span class='ocrx_word' id='word_1_73' title='bbox 711 1031 768 1073; x_wconf 87' lang='lat' dir='ltr'><strong>ut</strong></span> <span class='ocrx_word' id='word_1_74' title='bbox 796 1021 990 1076; x_wconf 85' lang='lat' dir='ltr'><strong>orietur</strong></span> <span class='ocrx_word' id='word_1_75' title='bbox 1017 1022 1073 1076; x_wconf 91' lang='lat' dir='ltr'><strong>in</strong></span> <span class='ocrx_word' id='word_1_76' title='bbox 1099 1022 1226 1078; x_wconf 69' lang='lat' dir='ltr'><strong>coelo</strong></span> <span class='ocrx_word' id='word_1_77' title='bbox 1255 1021 1282 1060; x_wconf 74' lang='grc' dir='ltr'><strong>ι’</strong></span> <span class='ocrx_word' id='word_1_78' title='bbox 1310 1023 1419 1077; x_wconf 82' lang='lat' dir='ltr'><strong>dies</strong></span> <span class='ocrx_word' id='word_1_79' title='bbox 1445 1023 1746 1094; x_wconf 79' lang='lat' dir='ltr'><strong>indeﬁciens</strong></span> <span class='ocrx_word' id='word_1_80' title='bbox 1769 1022 1956 1094; x_wconf 85' lang='lat' dir='ltr'><strong>(Eccli.</strong></span> <span class='ocrx_word' id='word_1_81' title='bbox 1981 1024 2150 1095; x_wconf 74' lang='lat' dir='ltr'><strong>xxrv).</strong></span> 
     </span>
    </p>
   </div>
   <div class='ocr_carea' id='block_1_10' title="bbox 565 1110 2150 1185">
    <p class='ocr_par' dir='ltr' id='par_1_10' title="bbox 565 1110 2150 1185">
     <span class='ocr_line' id='line_1_10' title="bbox 565 1110 2150 1185; baseline 0.001 -16"><span class='ocrx_word' id='word_1_82' title='bbox 565 1110 718 1169; x_wconf 73' lang='lat' dir='ltr'><strong>Sicut</strong></span> <span class='ocrx_word' id='word_1_83' title='bbox 771 1127 900 1182; x_wconf 85' lang='lat' dir='ltr'><strong>ergo</strong></span> <span class='ocrx_word' id='word_1_84' title='bbox 941 1112 1081 1170; x_wconf 88' lang='lat' dir='ltr'><strong>diem</strong></span> <span class='ocrx_word' id='word_1_85' title='bbox 1123 1113 1244 1169; x_wconf 72' lang='grc' dir='ltr'><strong>(ιωιί</strong></span> <span class='ocrx_word' id='word_1_86' title='bbox 1289 1129 1402 1169; x_wconf 98' lang='lat' dir='ltr'><strong>nox</strong></span> <span class='ocrx_word' id='word_1_87' title='bbox 1455 1115 1676 1170; x_wconf 89' lang='lat' dir='ltr'><strong>omnino</strong></span> <span class='ocrx_word' id='word_1_88' title='bbox 1707 1129 1815 1170; x_wconf 93' lang='lat' dir='ltr'><strong>non</strong></span> <span class='ocrx_word' id='word_1_89' title='bbox 1869 1117 2150 1185; x_wconf 79' lang='lat' dir='ltr'><strong>sequitur,</strong></span> 
     </span>
    </p>
   </div>
   <div class='ocr_carea' id='block_1_11' title="bbox 563 1203 2153 1276">
    <p class='ocr_par' dir='ltr' id='par_1_11' title="bbox 563 1203 2153 1276">
     <span class='ocr_line' id='line_1_11' title="bbox 563 1203 2153 1276; baseline 0.001 -16"><span class='ocrx_word' id='word_1_90' title='bbox 563 1203 642 1260; x_wconf 85' lang='lat' dir='ltr'><strong>ita</strong></span> <span class='ocrx_word' id='word_1_91' title='bbox 687 1213 745 1260; x_wconf 91' lang='lat' dir='ltr'><strong>et</strong></span> <span class='ocrx_word' id='word_1_92' title='bbox 787 1205 985 1260; x_wconf 88' lang='lat' dir='ltr'><strong>Christi</strong></span> <span class='ocrx_word' id='word_1_93' title='bbox 1033 1205 1297 1274; x_wconf 85' lang='lat' dir='ltr'><strong>justitiam</strong></span> <span class='ocrx_word' id='word_1_94' title='bbox 1350 1214 1692 1276; x_wconf 81' lang='lat' dir='ltr'><strong>peccatorum</strong></span> <span class='ocrx_word' id='word_1_95' title='bbox 1752 1207 1990 1262; x_wconf 65' lang='lat' dir='ltr'><strong>tenebrat</strong></span> <span class='ocrx_word' id='word_1_96' title='bbox 2045 1223 2153 1263; x_wconf 92' lang='lat' dir='ltr'><strong>non</strong></span> 
     </span>
    </p>
   </div>
   <div class='ocr_carea' id='block_1_12' title="bbox 565 1297 2157 1374">
    <p class='ocr_par' dir='ltr' id='par_1_12' title="bbox 565 1297 2157 1374">
     <span class='ocr_line' id='line_1_12' title="bbox 565 1297 2157 1374; baseline 0 -20"><span class='ocrx_word' id='word_1_97' title='bbox 565 1308 894 1368; x_wconf 83' lang='lat' dir='ltr'><strong>sequuntur;</strong></span> <span class='ocrx_word' id='word_1_98' title='bbox 950 1315 1165 1370; x_wconf 87' lang='lat' dir='ltr'><strong>semper</strong></span> <span class='ocrx_word' id='word_1_99' title='bbox 1197 1300 1338 1355; x_wconf 92' lang='lat' dir='ltr'><strong>enim</strong></span> <span class='ocrx_word' id='word_1_100' title='bbox 1385 1299 1500 1355; x_wconf 91' lang='lat' dir='ltr'><strong>dies</strong></span> <span class='ocrx_word' id='word_1_101' title='bbox 1545 1300 1665 1355; x_wconf 73' lang='grc' dir='ltr'><strong>θωΙὶ</strong></span> <span class='ocrx_word' id='word_1_102' title='bbox 1699 1297 1978 1374; x_wconf 82' lang='lat' dir='ltr'><strong>splendet,</strong></span> <span class='ocrx_word' id='word_1_103' title='bbox 2013 1300 2157 1357; x_wconf 90' lang='lat' dir='ltr'><strong>lucet</strong></span> 
     </span>
    </p>
   </div>
   <div class='ocr_carea' id='block_1_13' title="bbox 563 1388 2152 1470">
    <p class='ocr_par' dir='ltr' id='par_1_13' title="bbox 563 1388 2152 1470">
     <span class='ocr_line' id='line_1_13' title="bbox 563 1388 2152 1470; baseline 0.003 -26"><span class='ocrx_word' id='word_1_104' title='bbox 563 1396 622 1444; x_wconf 84' lang='lat' dir='ltr'><strong>et</strong></span> <span class='ocrx_word' id='word_1_105' title='bbox 647 1388 834 1459; x_wconf 77' lang='lat' dir='ltr'><strong>fulget,</strong></span> <span class='ocrx_word' id='word_1_106' title='bbox 871 1407 1049 1462; x_wconf 91' lang='lat' dir='ltr'><strong>neque</strong></span> <span class='ocrx_word' id='word_1_107' title='bbox 1087 1392 1264 1460; x_wconf 90' lang='lat' dir='ltr'><strong>aliqua</strong></span> <span class='ocrx_word' id='word_1_108' title='bbox 1293 1399 1470 1462; x_wconf 87' lang='lat' dir='ltr'><strong>potest</strong></span> <span class='ocrx_word' id='word_1_109' title='bbox 1511 1391 1843 1470; x_wconf 79' lang='lat' dir='ltr'><strong>obscuritate</strong></span> <span class='ocrx_word' id='word_1_110' title='bbox 1870 1391 2152 1460; x_wconf 88' lang='lat' dir='ltr'><strong>concludi;</strong></span> 
     </span>
    </p>
   </div>
   <div class='ocr_carea' id='block_1_14' title="bbox 564 1483 2150 1558">
    <p class='ocr_par' dir='ltr' id='par_1_14' title="bbox 564 1483 2150 1558">
     <span class='ocr_line' id='line_1_14' title="bbox 564 1483 2150 1558; baseline 0.003 -20"><span class='ocrx_word' id='word_1_111' title='bbox 564 1483 640 1538; x_wconf 90' lang='lat' dir='ltr'><strong>ita</strong></span> <span class='ocrx_word' id='word_1_112' title='bbox 694 1493 748 1539; x_wconf 91' lang='lat' dir='ltr'><strong>et</strong></span> <span class='ocrx_word' id='word_1_113' title='bbox 803 1485 986 1542; x_wconf 89' lang='lat' dir='ltr'><strong>lumen</strong></span> <span class='ocrx_word' id='word_1_114' title='bbox 1037 1485 1235 1542; x_wconf 86' lang='lat' dir='ltr'><strong>Christi</strong></span> <span class='ocrx_word' id='word_1_115' title='bbox 1281 1501 1493 1558; x_wconf 88' lang='lat' dir='ltr'><strong>semper</strong></span> <span class='ocrx_word' id='word_1_116' title='bbox 1540 1499 1561 1526; x_wconf 70' lang='grc' dir='ltr'><strong><em>ο</em></strong></span> <span class='ocrx_word' id='word_1_117' title='bbox 1611 1489 1794 1554; x_wconf 85' lang='lat' dir='ltr'><strong>micat,</strong></span> <span class='ocrx_word' id='word_1_118' title='bbox 1854 1487 1881 1526; x_wconf 76' lang='grc' dir='ltr'>ιι</span> <span class='ocrx_word' id='word_1_119' title='bbox 1957 1488 2150 1556; x_wconf 87' lang='lat' dir='ltr'><strong>radiat,</strong></span> 
     </span>
    </p>
   </div>
   <div class='ocr_carea' id='block_1_15' title="bbox 565 1563 2157 1650">
    <p class='ocr_par' dir='ltr' id='par_1_15' title="bbox 565 1563 2157 1650">
     <span class='ocr_line' id='line_1_15' title="bbox 565 1563 2157 1650; baseline 0.004 -20"><span class='ocrx_word' id='word_1_120' title='bbox 565 1584 842 1641; x_wconf 88' lang='lat' dir='ltr'><strong>coruscat,</strong></span> <span class='ocrx_word' id='word_1_121' title='bbox 903 1593 1004 1633; x_wconf 90' lang='lat' dir='ltr'><strong>nec</strong></span> <span class='ocrx_word' id='word_1_122' title='bbox 1061 1578 1240 1647; x_wconf 90' lang='lat' dir='ltr'><strong>aliqua</strong></span> <span class='ocrx_word' id='word_1_123' title='bbox 1301 1586 1482 1648; x_wconf 88' lang='lat' dir='ltr'><strong>potest</strong></span> <span class='ocrx_word' id='word_1_124' title='bbox 1529 1563 1876 1636; x_wconf 66' lang='lat' dir='ltr'><strong>delictorum</strong></span> <span class='ocrx_word' id='word_1_125' title='bbox 1929 1581 2157 1650; x_wconf 79' lang='lat' dir='ltr'><strong>caligine</strong></span> 
     </span>
    </p>
   </div>
   <div class='ocr_carea' id='block_1_16' title="bbox 566 1672 2157 1742">
    <p class='ocr_par' dir='ltr' id='par_1_16' title="bbox 566 1672 2157 1742">
     <span class='ocr_line' id='line_1_16' title="bbox 566 1672 2157 1742; baseline 0.003 -17"><span class='ocrx_word' id='word_1_126' title='bbox 566 1672 982 1741; x_wconf 87' lang='lat' dir='ltr'><strong>comprehendi;</strong></span> <span class='ocrx_word' id='word_1_127' title='bbox 1017 1672 1157 1728; x_wconf 92' lang='lat' dir='ltr'><strong>unde</strong></span> <span class='ocrx_word' id='word_1_128' title='bbox 1197 1673 1274 1728; x_wconf 85' lang='lat' dir='ltr'><strong>ait</strong></span> <span class='ocrx_word' id='word_1_129' title='bbox 1301 1673 1624 1742; x_wconf 84' lang='lat' dir='ltr'><strong>evangelista</strong></span> <span class='ocrx_word' id='word_1_130' title='bbox 1653 1672 1890 1730; x_wconf 81' lang='lat' dir='ltr'><strong>Joannes</strong></span> <span class='ocrx_word' id='word_1_131' title='bbox 1921 1693 1933 1728; x_wconf 93' lang='lat'>:</span> <span class='ocrx_word' id='word_1_132' title='bbox 1965 1673 2036 1728; x_wconf 87' lang='lat' dir='ltr'><strong>Et</strong></span> <span class='ocrx_word' id='word_1_133' title='bbox 2066 1676 2157 1730; x_wconf 77' lang='lat' dir='ltr'><strong>tua:</strong></span> 
     </span>
    </p>
   </div>
   <div class='ocr_carea' id='block_1_17' title="bbox 2259 463 3839 536">
    <p class='ocr_par' dir='ltr' id='par_1_17' title="bbox 2259 463 3839 536">
     <span class='ocr_line' id='line_1_17' title="bbox 2259 463 3839 536; baseline 0.004 -18"><span class='ocrx_word' id='word_1_134' title='bbox 2259 463 2461 520; x_wconf 89' lang='lat' dir='ltr'><strong>mundo</strong></span> <span class='ocrx_word' id='word_1_135' title='bbox 2507 471 2648 520; x_wconf 80' lang='lat' dir='ltr'><strong>teste</strong></span> <span class='ocrx_word' id='word_1_136' title='bbox 2668 503 2684 530; x_wconf 92' lang='lat'><strong>,</strong></span> <span class='ocrx_word' id='word_1_137' title='bbox 2728 463 3074 535; x_wconf 88' lang='lat' dir='ltr'><strong>congemuit:</strong></span> <span class='ocrx_word' id='word_1_138' title='bbox 3101 463 3358 536; x_wconf 79' lang='lat' dir='ltr'><strong>judicium</strong></span> <span class='ocrx_word' id='word_1_139' title='bbox 3401 463 3546 519; x_wconf 87' lang='lat' dir='ltr'><strong>enim</strong></span> <span class='ocrx_word' id='word_1_140' title='bbox 3585 463 3839 536; x_wconf 84' lang='lat' dir='ltr'><strong>quoddam</strong></span> 
     </span>
    </p>
   </div>
   <div class='ocr_carea' id='block_1_18' title="bbox 2257 554 3841 624">
    <p class='ocr_par' dir='ltr' id='par_1_18' title="bbox 2257 554 3841 624">
     <span class='ocr_line' id='line_1_18' title="bbox 2257 554 3841 624; baseline 0.001 -12"><span class='ocrx_word' id='word_1_141' title='bbox 2257 554 2458 612; x_wconf 89' lang='lat' dir='ltr'><strong>doloris</strong></span> <span class='ocrx_word' id='word_1_142' title='bbox 2505 557 2558 612; x_wconf 92' lang='lat' dir='ltr'><strong>in</strong></span> <span class='ocrx_word' id='word_1_143' title='bbox 2604 557 2720 614; x_wconf 90' lang='lat' dir='ltr'><strong>sole</strong></span> <span class='ocrx_word' id='word_1_144' title='bbox 2766 565 2880 624; x_wconf 85' lang='lat' dir='ltr'><strong>est,</strong></span> <span class='ocrx_word' id='word_1_145' title='bbox 2932 564 3084 613; x_wconf 87' lang='lat' dir='ltr'><strong>tanto</strong></span> <span class='ocrx_word' id='word_1_146' title='bbox 3129 557 3321 615; x_wconf 87' lang='lat' dir='ltr'><strong>sceleri</strong></span> <span class='ocrx_word' id='word_1_147' title='bbox 3365 554 3602 613; x_wconf 76' lang='lat' dir='ltr'><strong>cilicium</strong></span> <span class='ocrx_word' id='word_1_148' title='bbox 3641 556 3841 614; x_wconf 87' lang='lat' dir='ltr'><strong>luminis</strong></span> 
     </span>
    </p>
   </div>
   <div class='ocr_carea' id='block_1_19' title="bbox 2265 649 3841 723">
    <p class='ocr_par' dir='ltr' id='par_1_19' title="bbox 2265 649 3841 723">
     <span class='ocr_line' id='line_1_19' title="bbox 2265 649 3841 723; baseline -0.001 -16"><span class='ocrx_word' id='word_1_149' title='bbox 2265 651 2421 723; x_wconf 69' lang='lat'><strong>182</strong></span> <span class='ocrx_word' id='word_1_150' title='bbox 2449 650 2766 720; x_wconf 71' lang='lat' dir='ltr'><strong>denegasse,</strong></span> <span class='ocrx_word' id='word_1_151' title='bbox 2789 659 2844 706; x_wconf 91' lang='lat' dir='ltr'><strong>et</strong></span> <span class='ocrx_word' id='word_1_152' title='bbox 2861 651 3068 708; x_wconf 86' lang='lat' dir='ltr'><strong>ultione</strong></span> <span class='ocrx_word' id='word_1_153' title='bbox 3087 650 3320 722; x_wconf 82' lang='lat' dir='ltr'><strong>quadam</strong></span> <span class='ocrx_word' id='word_1_154' title='bbox 3347 649 3661 706; x_wconf 63' lang='lat' dir='ltr'><strong>Iudaeorum</strong></span> <span class='ocrx_word' id='word_1_155' title='bbox 3688 651 3841 707; x_wconf 85' lang='lat' dir='ltr'><strong>oculis</strong></span> 
     </span>
    </p>
   </div>
   <div class='ocr_carea' id='block_1_20' title="bbox 2258 743 3838 822">
    <p class='ocr_par' dir='ltr' id='par_1_20' title="bbox 2258 743 3838 822">
     <span class='ocr_line' id='line_1_20' title="bbox 2258 743 3838 822; baseline 0 -22"><span class='ocrx_word' id='word_1_156' title='bbox 2258 745 2512 800; x_wconf 84' lang='lat' dir='ltr'><strong>tenebras</strong></span> <span class='ocrx_word' id='word_1_157' title='bbox 2558 743 2846 811; x_wconf 84' lang='lat' dir='ltr'><strong>infudisse;</strong></span> <span class='ocrx_word' id='word_1_158' title='bbox 2895 753 2957 800; x_wconf 91' lang='lat' dir='ltr'><strong>ut</strong></span> <span class='ocrx_word' id='word_1_159' title='bbox 3001 757 3231 816; x_wconf 88' lang='lat' dir='ltr'><strong>quorum</strong></span> <span class='ocrx_word' id='word_1_160' title='bbox 3280 754 3305 791; x_wconf 76' lang='grc' dir='ltr'><strong><em>κ</em></strong></span> <span class='ocrx_word' id='word_1_161' title='bbox 3354 751 3596 822; x_wconf 81' lang='lat' dir='ltr'><strong>mentem</strong></span> <span class='ocrx_word' id='word_1_162' title='bbox 3643 743 3838 800; x_wconf 70' lang='lat' dir='ltr'><strong>accitas</strong></span> 
     </span>
    </p>
   </div>
   <div class='ocr_carea' id='block_1_21' title="bbox 2258 836 3838 906">
    <p class='ocr_par' dir='ltr' id='par_1_21' title="bbox 2258 836 3838 906">
     <span class='ocr_line' id='line_1_21' title="bbox 2258 836 3838 906; baseline 0 -16"><span class='ocrx_word' id='word_1_163' title='bbox 2258 836 2534 892; x_wconf 75' lang='lat' dir='ltr'><strong>invaserat</strong></span> <span class='ocrx_word' id='word_1_164' title='bbox 2555 878 2591 904; x_wconf 93' lang='lat'><strong>,.</strong></span> <span class='ocrx_word' id='word_1_165' title='bbox 2624 851 2812 893; x_wconf 90' lang='lat' dir='ltr'><strong>eorum</strong></span> <span class='ocrx_word' id='word_1_166' title='bbox 2867 836 3055 894; x_wconf 80' lang='lat' dir='ltr'><strong>oculos</strong></span> <span class='ocrx_word' id='word_1_167' title='bbox 3109 836 3326 892; x_wconf 56' lang='lat' dir='ltr'><strong>caecitas</strong></span> <span class='ocrx_word' id='word_1_168' title='bbox 3373 840 3668 906; x_wconf 85' lang='lat' dir='ltr'><strong>occuparet</strong></span> <span class='ocrx_word' id='word_1_169' title='bbox 3689 871 3705 900; x_wconf 92' lang='lat'><strong>,</strong></span> <span class='ocrx_word' id='word_1_170' title='bbox 3751 843 3838 890; x_wconf 81' lang='lat' dir='ltr'><strong>nec</strong></span> 
     </span>
    </p>
   </div>
   <div class='ocr_carea' id='block_1_22' title="bbox 2259 925 3836 1000">
    <p class='ocr_par' dir='ltr' id='par_1_22' title="bbox 2259 925 3836 1000">
     <span class='ocr_line' id='line_1_22' title="bbox 2259 925 3836 1000; baseline -0.002 -16"><span class='ocrx_word' id='word_1_171' title='bbox 2259 929 2468 986; x_wconf 91' lang='lat' dir='ltr'><strong>luceret</strong></span> <span class='ocrx_word' id='word_1_172' title='bbox 2519 930 2598 985; x_wconf 89' lang='lat' dir='ltr'><strong>eis</strong></span> <span class='ocrx_word' id='word_1_173' title='bbox 2644 929 2829 990; x_wconf 88' lang='lat' dir='ltr'><strong>mundi</strong></span> <span class='ocrx_word' id='word_1_174' title='bbox 2876 931 3092 998; x_wconf 91' lang='lat' dir='ltr'><strong>lumen,</strong></span> <span class='ocrx_word' id='word_1_175' title='bbox 3136 945 3168 984; x_wconf 90' lang='lat' dir='ltr'><strong>a</strong></span> <span class='ocrx_word' id='word_1_176' title='bbox 3211 929 3405 1000; x_wconf 87' lang='lat' dir='ltr'><strong>quibus</strong></span> <span class='ocrx_word' id='word_1_177' title='bbox 3451 927 3633 984; x_wconf 78' lang='lat' dir='ltr'><strong>fuerat</strong></span> <span class='ocrx_word' id='word_1_178' title='bbox 3673 925 3836 983; x_wconf 85' lang='lat' dir='ltr'><strong>lumen</strong></span> 
     </span>
    </p>
   </div>
   <div class='ocr_carea' id='block_1_23' title="bbox 2257 1018 3835 1090">
    <p class='ocr_par' dir='ltr' id='par_1_23' title="bbox 2257 1018 3835 1090">
     <span class='ocr_line' id='line_1_23' title="bbox 2257 1018 3835 1090; baseline -0.003 -15"><span class='ocrx_word' id='word_1_179' title='bbox 2257 1021 2446 1077; x_wconf 84' lang='lat' dir='ltr'><strong>salutis</strong></span> <span class='ocrx_word' id='word_1_180' title='bbox 2475 1021 2822 1077; x_wconf 82' lang='lat' dir='ltr'><strong>exstinctum.</strong></span> <span class='ocrx_word' id='word_1_181' title='bbox 2875 1020 3160 1076; x_wconf 89' lang='lat' dir='ltr'><strong>Damnatio</strong></span> <span class='ocrx_word' id='word_1_182' title='bbox 3188 1020 3350 1090; x_wconf 88' lang='lat' dir='ltr'><strong>igitur</strong></span> <span class='ocrx_word' id='word_1_183' title='bbox 3374 1019 3626 1089; x_wconf 73' lang='lat' dir='ltr'><strong>quzedam</strong></span> <span class='ocrx_word' id='word_1_184' title='bbox 3655 1018 3835 1087; x_wconf 60' lang='lat' dir='ltr'><strong>ingeri.</strong></span> 
     </span>
    </p>
   </div>
   <div class='ocr_carea' id='block_1_24' title="bbox 2260 1108 3837 1181">
    <p class='ocr_par' dir='ltr' id='par_1_24' title="bbox 2260 1108 3837 1181">
     <span class='ocr_line' id='line_1_24' title="bbox 2260 1108 3837 1181; baseline -0.002 -15"><span class='ocrx_word' id='word_1_185' title='bbox 2260 1119 2348 1166; x_wconf 90' lang='lat' dir='ltr'><strong>tur</strong></span> <span class='ocrx_word' id='word_1_186' title='bbox 2377 1110 2680 1175; x_wconf 73' lang='lat' dir='ltr'><strong>Pharismis,</strong></span> <span class='ocrx_word' id='word_1_187' title='bbox 2710 1119 2767 1166; x_wconf 92' lang='lat' dir='ltr'><strong>ut</strong></span> <span class='ocrx_word' id='word_1_188' title='bbox 2795 1113 3045 1168; x_wconf 90' lang='lat' dir='ltr'><strong>tenebras</strong></span> <span class='ocrx_word' id='word_1_189' title='bbox 3073 1113 3126 1167; x_wconf 90' lang='lat' dir='ltr'><strong>in</strong></span> <span class='ocrx_word' id='word_1_190' title='bbox 3155 1111 3242 1167; x_wconf 90' lang='lat' dir='ltr'><strong>die</strong></span> <span class='ocrx_word' id='word_1_191' title='bbox 3261 1111 3447 1181; x_wconf 88' lang='lat' dir='ltr'><strong>judicii</strong></span> <span class='ocrx_word' id='word_1_192' title='bbox 3475 1108 3837 1181; x_wconf 84' lang='lat' dir='ltr'><strong>peccatoribus</strong></span> 
     </span>
    </p>
   </div>
   <div class='ocr_carea' id='block_1_25' title="bbox 2260 1201 3834 1276">
    <p class='ocr_par' dir='ltr' id='par_1_25' title="bbox 2260 1201 3834 1276">
     <span class='ocr_line' id='line_1_25' title="bbox 2260 1201 3834 1276; baseline -0.002 -18"><span class='ocrx_word' id='word_1_193' title='bbox 2260 1205 2612 1274; x_wconf 89' lang='lat' dir='ltr'><strong>repromissas</strong></span> <span class='ocrx_word' id='word_1_194' title='bbox 2654 1203 2765 1274; x_wconf 90' lang='lat' dir='ltr'><strong>jam</strong></span> <span class='ocrx_word' id='word_1_195' title='bbox 2812 1205 2952 1276; x_wconf 89' lang='lat' dir='ltr'><strong>apud</strong></span> <span class='ocrx_word' id='word_1_196' title='bbox 3000 1219 3226 1276; x_wconf 88' lang='lat' dir='ltr'><strong>superos</strong></span> <span class='ocrx_word' id='word_1_197' title='bbox 3255 1201 3285 1242; x_wconf 72' lang='grc' dir='ltr'>ιι</span> <span class='ocrx_word' id='word_1_198' title='bbox 3331 1204 3627 1275; x_wconf 87' lang='lat' dir='ltr'><strong>patiantur.</strong></span> <span class='ocrx_word' id='word_1_199' title='bbox 3701 1201 3834 1272; x_wconf 82' lang='lat' dir='ltr'><strong>Apud</strong></span> 
     </span>
    </p>
   </div>
   <div class='ocr_carea' id='block_1_26' title="bbox 2258 1291 3833 1364">
    <p class='ocr_par' dir='ltr' id='par_1_26' title="bbox 2258 1291 3833 1364">
     <span class='ocr_line' id='line_1_26' title="bbox 2258 1291 3833 1364; baseline -0.001 -16"><span class='ocrx_word' id='word_1_200' title='bbox 2258 1308 2483 1364; x_wconf 90' lang='lat' dir='ltr'><strong>superos</strong></span> <span class='ocrx_word' id='word_1_201' title='bbox 2511 1307 2660 1364; x_wconf 89' lang='lat' dir='ltr'><strong>ergo,</strong></span> <span class='ocrx_word' id='word_1_202' title='bbox 2693 1294 2950 1350; x_wconf 75' lang='lat' dir='ltr'><strong>crucifixo</strong></span> <span class='ocrx_word' id='word_1_203' title='bbox 2987 1293 3002 1332; x_wconf 73' lang='grc' dir='ltr'>ί</span> <span class='ocrx_word' id='word_1_204' title='bbox 3039 1296 3394 1351; x_wconf 89' lang='lat' dir='ltr'><strong>immorantur</strong></span> <span class='ocrx_word' id='word_1_205' title='bbox 3423 1294 3665 1350; x_wconf 74' lang='lat' dir='ltr'><strong>lenebra:</strong></span> <span class='ocrx_word' id='word_1_206' title='bbox 3692 1291 3833 1364; x_wconf 87' lang='lat' dir='ltr'><strong>:quid</strong></span> 
     </span>
    </p>
   </div>
   <div class='ocr_carea' id='block_1_27' title="bbox 2259 1387 3835 1459">
    <p class='ocr_par' dir='ltr' id='par_1_27' title="bbox 2259 1387 3835 1459">
     <span class='ocr_line' id='line_1_27' title="bbox 2259 1387 3835 1459; baseline 0.001 -19"><span class='ocrx_word' id='word_1_207' title='bbox 2259 1387 2457 1442; x_wconf 88' lang='lat' dir='ltr'><strong>mirum</strong></span> <span class='ocrx_word' id='word_1_208' title='bbox 2475 1428 2490 1454; x_wconf 93' lang='lat'><strong>,</strong></span> <span class='ocrx_word' id='word_1_209' title='bbox 2523 1389 2565 1443; x_wconf 87' lang='lat' dir='ltr'><strong>si</strong></span> <span class='ocrx_word' id='word_1_210' title='bbox 2609 1388 2748 1459; x_wconf 90' lang='lat' dir='ltr'><strong>apud</strong></span> <span class='ocrx_word' id='word_1_211' title='bbox 2777 1403 3004 1459; x_wconf 90' lang='lat' dir='ltr'><strong>superos</strong></span> <span class='ocrx_word' id='word_1_212' title='bbox 3033 1397 3159 1444; x_wconf 87' lang='lat' dir='ltr'><strong>sunt</strong></span> <span class='ocrx_word' id='word_1_213' title='bbox 3189 1389 3457 1455; x_wconf 66' lang='lat' dir='ltr'><strong>tenebrat,</strong></span> <span class='ocrx_word' id='word_1_214' title='bbox 3489 1403 3613 1444; x_wconf 88' lang='lat' dir='ltr'><strong>cum</strong></span> <span class='ocrx_word' id='word_1_215' title='bbox 3643 1388 3732 1443; x_wconf 85' lang='lat' dir='ltr'><strong>lux</strong></span> <span class='ocrx_word' id='word_1_216' title='bbox 3757 1387 3835 1442; x_wconf 88' lang='lat' dir='ltr'><strong>de-</strong></span> 
     </span>
    </p>
   </div>
   <div class='ocr_carea' id='block_1_28' title="bbox 2259 1481 3834 1553">
    <p class='ocr_par' dir='ltr' id='par_1_28' title="bbox 2259 1481 3834 1553">
     <span class='ocr_line' id='line_1_28' title="bbox 2259 1481 3834 1553; baseline -0.001 -14"><span class='ocrx_word' id='word_1_217' title='bbox 2259 1483 2470 1539; x_wconf 83' lang='lat' dir='ltr'><strong>scendit</strong></span> <span class='ocrx_word' id='word_1_218' title='bbox 2496 1482 2564 1537; x_wconf 89' lang='lat' dir='ltr'><strong>ad</strong></span> <span class='ocrx_word' id='word_1_219' title='bbox 2593 1483 2829 1540; x_wconf 81' lang='lat' dir='ltr'><strong>inferos?</strong></span> <span class='ocrx_word' id='word_1_220' title='bbox 2855 1484 3038 1553; x_wconf 87' lang='lat' dir='ltr'><strong>Igitur,</strong></span> <span class='ocrx_word' id='word_1_221' title='bbox 3071 1485 3282 1551; x_wconf 77' lang='lat' dir='ltr'><strong>fratres,</strong></span> <span class='ocrx_word' id='word_1_222' title='bbox 3314 1501 3503 1540; x_wconf 91' lang='lat' dir='ltr'><strong>omnes</strong></span> <span class='ocrx_word' id='word_1_223' title='bbox 3544 1484 3598 1540; x_wconf 91' lang='lat' dir='ltr'><strong>in</strong></span> <span class='ocrx_word' id='word_1_224' title='bbox 3631 1483 3730 1538; x_wconf 91' lang='lat' dir='ltr'><strong>hac</strong></span> <span class='ocrx_word' id='word_1_225' title='bbox 3762 1481 3834 1538; x_wconf 87' lang='lat' dir='ltr'><strong>die</strong></span> 
     </span>
    </p>
   </div>
   <div class='ocr_carea' id='block_1_29' title="bbox 2260 1573 3832 1634">
    <p class='ocr_par' dir='ltr' id='par_1_29' title="bbox 2260 1573 3832 1634">
     <span class='ocr_line' id='line_1_29' title="bbox 2260 1573 3832 1634; baseline -0.001 -3"><span class='ocrx_word' id='word_1_226' title='bbox 2260 1583 2445 1632; x_wconf 86' lang='lat' dir='ltr'><strong>sancta</strong></span> <span class='ocrx_word' id='word_1_227' title='bbox 2477 1577 2750 1632; x_wconf 83' lang='lat' dir='ltr'><strong>exsultare</strong></span> <span class='ocrx_word' id='word_1_228' title='bbox 2776 1575 3035 1634; x_wconf 84' lang='lat' dir='ltr'><strong>debemus</strong></span> <span class='ocrx_word' id='word_1_229' title='bbox 3061 1596 3073 1630; x_wconf 93' lang='lat'>:</span> <span class='ocrx_word' id='word_1_230' title='bbox 3105 1577 3284 1634; x_wconf 90' lang='lat' dir='ltr'><strong>nullus</strong></span> <span class='ocrx_word' id='word_1_231' title='bbox 3309 1591 3369 1633; x_wconf 87' lang='lat' dir='ltr'><strong>se</strong></span> <span class='ocrx_word' id='word_1_232' title='bbox 3397 1591 3428 1632; x_wconf 89' lang='lat' dir='ltr'><strong>a</strong></span> <span class='ocrx_word' id='word_1_233' title='bbox 3453 1575 3725 1632; x_wconf 89' lang='lat' dir='ltr'><strong>communi</strong></span> <span class='ocrx_word' id='word_1_234' title='bbox 3755 1573 3832 1630; x_wconf 68' lang='lat' dir='ltr'><strong>itc-</strong></span> 
     </span>
    </p>
   </div>
   <div class='ocr_carea' id='block_1_30' title="bbox 2261 1668 3832 1738">
    <p class='ocr_par' dir='ltr' id='par_1_30' title="bbox 2261 1668 3832 1738">
     <span class='ocr_line' id='line_1_30' title="bbox 2261 1668 3832 1738; baseline -0.001 -16"><span class='ocrx_word' id='word_1_235' title='bbox 2261 1668 2376 1723; x_wconf 89' lang='lat' dir='ltr'><strong>titia</strong></span> <span class='ocrx_word' id='word_1_236' title='bbox 2405 1677 2753 1738; x_wconf 88' lang='lat' dir='ltr'><strong>peccatorum</strong></span> <span class='ocrx_word' id='word_1_237' title='bbox 2783 1669 3118 1725; x_wconf 89' lang='lat' dir='ltr'><strong>conscientia</strong></span> <span class='ocrx_word' id='word_1_238' title='bbox 3160 1669 3470 1734; x_wconf 87' lang='lat' dir='ltr'><strong>subtrahat;</strong></span> <span class='ocrx_word' id='word_1_239' title='bbox 3503 1668 3648 1724; x_wconf 88' lang='lat' dir='ltr'><strong>nulla</strong></span> <span class='ocrx_word' id='word_1_240' title='bbox 3677 1684 3710 1722; x_wconf 88' lang='lat' dir='ltr'><strong>a</strong></span> <span class='ocrx_word' id='word_1_241' title='bbox 3747 1683 3832 1738; x_wconf 88' lang='lat' dir='ltr'><strong>pu-</strong></span> 
     </span>
    </p>
   </div>
   <div class='ocr_carea' id='block_1_31' title="bbox 565 1753 3832 1838">
    <p class='ocr_par' dir='ltr' id='par_1_31' title="bbox 565 1753 3832 1838">
     <span class='ocr_line' id='line_1_31' title="bbox 565 1753 3832 1838; baseline -0 -22"><span class='ocrx_word' id='word_1_242' title='bbox 565 1764 621 1818; x_wconf 88' lang='lat' dir='ltr'><strong>in</strong></span> <span class='ocrx_word' id='word_1_243' title='bbox 643 1764 861 1818; x_wconf 80' lang='lat' dir='ltr'><strong>tenebris</strong></span> <span class='ocrx_word' id='word_1_244' title='bbox 890 1763 1040 1831; x_wconf 85' lang='lat' dir='ltr'><strong>lucet,</strong></span> <span class='ocrx_word' id='word_1_245' title='bbox 1065 1773 1114 1818; x_wconf 90' lang='lat' dir='ltr'><strong>et</strong></span> <span class='ocrx_word' id='word_1_246' title='bbox 1141 1764 1362 1821; x_wconf 71' lang='lat' dir='ltr'><strong>tenebrae</strong></span> <span class='ocrx_word' id='word_1_247' title='bbox 1389 1783 1505 1820; x_wconf 85' lang='lat' dir='ltr'><strong>eam</strong></span> <span class='ocrx_word' id='word_1_248' title='bbox 1525 1783 1630 1822; x_wconf 82' lang='lat' dir='ltr'><strong>non</strong></span> <span class='ocrx_word' id='word_1_249' title='bbox 1657 1768 2156 1838; x_wconf 75' lang='lat' dir='ltr'><strong>comprehenderunt</strong></span> <span class='ocrx_word' id='word_1_250' title='bbox 2187 1769 2234 1828; x_wconf 76' lang='grc' dir='ltr'><strong>Β</strong></span> <span class='ocrx_word' id='word_1_251' title='bbox 2258 1761 2411 1818; x_wconf 89' lang='lat' dir='ltr'><strong>blicis</strong></span> <span class='ocrx_word' id='word_1_252' title='bbox 2439 1763 2580 1817; x_wconf 84' lang='lat' dir='ltr'><strong>votis</strong></span> <span class='ocrx_word' id='word_1_253' title='bbox 2603 1753 2924 1818; x_wconf 83' lang='lat' dir='ltr'><strong>delictorum</strong></span> <span class='ocrx_word' id='word_1_254' title='bbox 2953 1763 3164 1818; x_wconf 87' lang='lat' dir='ltr'><strong>sarcina</strong></span> <span class='ocrx_word' id='word_1_255' title='bbox 3200 1771 3506 1825; x_wconf 86' lang='lat' dir='ltr'><strong>revocetur.</strong></span> <span class='ocrx_word' id='word_1_256' title='bbox 3545 1775 3557 1812; x_wconf 70' lang='grc' dir='ltr'><strong><em>ι</em></strong></span> <span class='ocrx_word' id='word_1_257' title='bbox 3598 1760 3832 1829; x_wconf 79' lang='lat' dir='ltr'><strong>Quamvis</strong></span> 
     </span>
    </p>
   </div>
   <div class='ocr_carea' id='block_1_32' title="bbox 566 1855 2160 1928">
    <p class='ocr_par' dir='ltr' id='par_1_32' title="bbox 566 1855 2160 1928">
     <span class='ocr_line' id='line_1_32' title="bbox 566 1855 2160 1928; baseline 0.001 -18"><span class='ocrx_word' id='word_1_258' title='bbox 566 1855 748 1928; x_wconf 79' lang='lat' dir='ltr'><strong>(Joan.</strong></span> <span class='ocrx_word' id='word_1_259' title='bbox 781 1857 840 1928; x_wconf 86' lang='grc' dir='ltr'><strong>ι).</strong></span> <span class='ocrx_word' id='word_1_260' title='bbox 888 1855 946 1912; x_wconf 90' lang='lat' dir='ltr'><strong>ln</strong></span> <span class='ocrx_word' id='word_1_261' title='bbox 994 1859 1388 1913; x_wconf 86' lang='lat' dir='ltr'><strong>resurrectione</strong></span> <span class='ocrx_word' id='word_1_262' title='bbox 1418 1868 1562 1927; x_wconf 88' lang='lat' dir='ltr'><strong>‘ergo</strong></span> <span class='ocrx_word' id='word_1_263' title='bbox 1596 1870 1619 1896; x_wconf 74' lang='grc' dir='ltr'><strong>υ</strong></span> <span class='ocrx_word' id='word_1_264' title='bbox 1649 1858 1848 1915; x_wconf 86' lang='lat' dir='ltr'><strong>Christi</strong></span> <span class='ocrx_word' id='word_1_265' title='bbox 1889 1859 2160 1914; x_wconf 89' lang='lat' dir='ltr'><strong>elementa</strong></span> 
     </span>
    </p>
   </div>
   <div class='ocr_carea' id='block_1_33' title="bbox 565 1949 2160 2021">
    <p class='ocr_par' dir='ltr' id='par_1_33' title="bbox 565 1949 2160 2021">
     <span class='ocr_line' id='line_1_33' title="bbox 565 1949 2160 2021; baseline 0.001 -16"><span class='ocrx_word' id='word_1_266' title='bbox 565 1951 746 2006; x_wconf 88' lang='lat' dir='ltr'><strong>omnia</strong></span> <span class='ocrx_word' id='word_1_267' title='bbox 775 1949 1100 2019; x_wconf 90' lang='lat' dir='ltr'><strong>gloriantur;</strong></span> <span class='ocrx_word' id='word_1_268' title='bbox 1135 1965 1259 2004; x_wconf 90' lang='lat' dir='ltr'><strong>nam</strong></span> <span class='ocrx_word' id='word_1_269' title='bbox 1286 1959 1341 2004; x_wconf 91' lang='lat' dir='ltr'><strong>et</strong></span> <span class='ocrx_word' id='word_1_270' title='bbox 1367 1950 1536 2005; x_wconf 89' lang='lat' dir='ltr'><strong>solem</strong></span> <span class='ocrx_word' id='word_1_271' title='bbox 1567 1951 1744 2021; x_wconf 88' lang='lat' dir='ltr'><strong>ipsum</strong></span> <span class='ocrx_word' id='word_1_272' title='bbox 1779 1951 2013 2006; x_wconf 90' lang='lat' dir='ltr'><strong>arbitror</strong></span> <span class='ocrx_word' id='word_1_273' title='bbox 2039 1964 2160 2006; x_wconf 87' lang='lat' dir='ltr'><strong>esse</strong></span> 
     </span>
    </p>
   </div>
   <div class='ocr_carea' id='block_1_34' title="bbox 562 2040 2160 2107">
    <p class='ocr_par' dir='ltr' id='par_1_34' title="bbox 562 2040 2160 2107">
     <span class='ocr_line' id='line_1_34' title="bbox 562 2040 2160 2107; baseline 0 -11"><span class='ocrx_word' id='word_1_274' title='bbox 562 2041 621 2096; x_wconf 88' lang='lat' dir='ltr'><strong>in</strong></span> <span class='ocrx_word' id='word_1_275' title='bbox 649 2042 748 2097; x_wconf 89' lang='lat' dir='ltr'><strong>hac</strong></span> <span class='ocrx_word' id='word_1_276' title='bbox 773 2042 859 2096; x_wconf 90' lang='lat' dir='ltr'><strong>die</strong></span> <span class='ocrx_word' id='word_1_277' title='bbox 897 2040 1058 2098; x_wconf 91' lang='lat' dir='ltr'><strong>solito</strong></span> <span class='ocrx_word' id='word_1_278' title='bbox 1095 2041 1406 2107; x_wconf 88' lang='lat' dir='ltr'><strong>clariorem;</strong></span> <span class='ocrx_word' id='word_1_279' title='bbox 1449 2057 1673 2096; x_wconf 87' lang='lat' dir='ltr'><strong>necesse</strong></span> <span class='ocrx_word' id='word_1_280' title='bbox 1701 2043 1846 2097; x_wconf 91' lang='lat' dir='ltr'><strong>enim</strong></span> <span class='ocrx_word' id='word_1_281' title='bbox 1877 2049 1960 2098; x_wconf 89' lang='lat' dir='ltr'><strong>est</strong></span> <span class='ocrx_word' id='word_1_282' title='bbox 1989 2050 2050 2098; x_wconf 89' lang='lat' dir='ltr'><strong>ut</strong></span> <span class='ocrx_word' id='word_1_283' title='bbox 2077 2040 2160 2098; x_wconf 74' lang='lat' dir='ltr'><strong>Sol</strong></span> 
     </span>
    </p>
   </div>
   <div class='ocr_carea' id='block_1_35' title="bbox 562 2133 2160 2206">
    <p class='ocr_par' dir='ltr' id='par_1_35' title="bbox 562 2133 2160 2206">
     <span class='ocr_line' id='line_1_35' title="bbox 562 2133 2160 2206; baseline 0.001 -18"><span class='ocrx_word' id='word_1_284' title='bbox 562 2133 618 2190; x_wconf 91' lang='lat' dir='ltr'><strong>in</strong></span> <span class='ocrx_word' id='word_1_285' title='bbox 643 2135 760 2204; x_wconf 88' lang='lat' dir='ltr'><strong>ejus</strong></span> <span class='ocrx_word' id='word_1_286' title='bbox 785 2137 1176 2190; x_wconf 88' lang='lat' dir='ltr'><strong>resurrectione</strong></span> <span class='ocrx_word' id='word_1_287' title='bbox 1199 2133 1461 2204; x_wconf 89' lang='lat' dir='ltr'><strong>gaudeat,</strong></span> <span class='ocrx_word' id='word_1_288' title='bbox 1493 2135 1547 2189; x_wconf 92' lang='lat' dir='ltr'><strong>in</strong></span> <span class='ocrx_word' id='word_1_289' title='bbox 1573 2134 1726 2205; x_wconf 84' lang='lat' dir='ltr'><strong>cujus</strong></span> <span class='ocrx_word' id='word_1_290' title='bbox 1750 2136 2001 2206; x_wconf 87' lang='lat' dir='ltr'><strong>passione</strong></span> <span class='ocrx_word' id='word_1_291' title='bbox 2028 2149 2160 2191; x_wconf 92' lang='lat' dir='ltr'><strong>eon-</strong></span> 
     </span>
    </p>
   </div>
   <div class='ocr_carea' id='block_1_36' title="bbox 561 2223 2152 2296">
    <p class='ocr_par' dir='ltr' id='par_1_36' title="bbox 561 2223 2152 2296">
     <span class='ocr_line' id='line_1_36' title="bbox 561 2223 2152 2296; baseline 0.001 -16"><span class='ocrx_word' id='word_1_292' title='bbox 561 2225 764 2292; x_wconf 89' lang='lat' dir='ltr'><strong>doluit;</strong></span> <span class='ocrx_word' id='word_1_293' title='bbox 817 2223 836 2262; x_wconf 65' lang='grc'><strong><em>(</em></strong></span> <span class='ocrx_word' id='word_1_294' title='bbox 869 2233 924 2279; x_wconf 89' lang='lat' dir='ltr'><strong>et</strong></span> <span class='ocrx_word' id='word_1_295' title='bbox 951 2225 1102 2294; x_wconf 87' lang='lat' dir='ltr'><strong>cujus</strong></span> <span class='ocrx_word' id='word_1_296' title='bbox 1149 2235 1379 2281; x_wconf 89' lang='lat' dir='ltr'><strong>mortem</strong></span> <span class='ocrx_word' id='word_1_297' title='bbox 1423 2226 1635 2295; x_wconf 88' lang='lat' dir='ltr'><strong>lugubri</strong></span> <span class='ocrx_word' id='word_1_298' title='bbox 1661 2226 1895 2296; x_wconf 89' lang='lat' dir='ltr'><strong>quadam</strong></span> <span class='ocrx_word' id='word_1_299' title='bbox 1923 2225 2152 2295; x_wconf 90' lang='lat' dir='ltr'><strong>caligine</strong></span> 
     </span>
    </p>
   </div>
   <div class='ocr_carea' id='block_1_37' title="bbox 559 2315 2152 2389">
    <p class='ocr_par' dir='ltr' id='par_1_37' title="bbox 559 2315 2152 2389">
     <span class='ocr_line' id='line_1_37' title="bbox 559 2315 2152 2389; baseline 0.001 -19"><span class='ocrx_word' id='word_1_300' title='bbox 559 2321 878 2386; x_wconf 87' lang='lat' dir='ltr'><strong>prosecutus</strong></span> <span class='ocrx_word' id='word_1_301' title='bbox 907 2323 988 2371; x_wconf 92' lang='lat' dir='ltr'><strong>est</strong></span> <span class='ocrx_word' id='word_1_302' title='bbox 1005 2355 1019 2380; x_wconf 87' lang='lat'><strong>,</strong></span> <span class='ocrx_word' id='word_1_303' title='bbox 1060 2315 1301 2386; x_wconf 80' lang='lat' dir='ltr'><strong>ejusdem</strong></span> <span class='ocrx_word' id='word_1_304' title='bbox 1329 2317 1496 2372; x_wconf 84' lang='lat' dir='ltr'><strong>vitam</strong></span> <span class='ocrx_word' id='word_1_305' title='bbox 1521 2317 1786 2374; x_wconf 89' lang='lat' dir='ltr'><strong>nitidioris</strong></span> <span class='ocrx_word' id='word_1_306' title='bbox 1809 2318 1945 2374; x_wconf 91' lang='lat' dir='ltr'><strong>lucis</strong></span> <span class='ocrx_word' id='word_1_307' title='bbox 1972 2317 2152 2389; x_wconf 90' lang='lat' dir='ltr'><strong>splen-</strong></span> 
     </span>
    </p>
   </div>
   <div class='ocr_carea' id='block_1_38' title="bbox 560 2407 2154 2478">
    <p class='ocr_par' dir='ltr' id='par_1_38' title="bbox 560 2407 2154 2478">
     <span class='ocr_line' id='line_1_38' title="bbox 560 2407 2154 2478; baseline 0.002 -15"><span class='ocrx_word' id='word_1_308' title='bbox 560 2407 693 2463; x_wconf 87' lang='lat' dir='ltr'><strong>dore</strong></span> <span class='ocrx_word' id='word_1_309' title='bbox 715 2407 1000 2478; x_wconf 89' lang='lat' dir='ltr'><strong>suscipiat;</strong></span> <span class='ocrx_word' id='word_1_310' title='bbox 1031 2415 1087 2464; x_wconf 91' lang='lat' dir='ltr'><strong>et</strong></span> <span class='ocrx_word' id='word_1_311' title='bbox 1108 2413 1362 2478; x_wconf 87' lang='lat' dir='ltr'><strong>tanquam</strong></span> <span class='ocrx_word' id='word_1_312' title='bbox 1384 2409 1557 2464; x_wconf 88' lang='lat' dir='ltr'><strong>bonus</strong></span> <span class='ocrx_word' id='word_1_313' title='bbox 1579 2410 1842 2476; x_wconf 87' lang='lat' dir='ltr'><strong>minister,</strong></span> <span class='ocrx_word' id='word_1_314' title='bbox 1866 2410 2005 2466; x_wconf 91' lang='lat' dir='ltr'><strong>sicut</strong></span> <span class='ocrx_word' id='word_1_315' title='bbox 2023 2417 2154 2466; x_wconf 90' lang='lat' dir='ltr'><strong>tunc</strong></span> 
     </span>
    </p>
   </div>
   <div class='ocr_carea' id='block_1_39' title="bbox 561 2501 2153 2574">
    <p class='ocr_par' dir='ltr' id='par_1_39' title="bbox 561 2501 2153 2574">
     <span class='ocr_line' id='line_1_39' title="bbox 561 2501 2153 2574; baseline 0.001 -18"><span class='ocrx_word' id='word_1_316' title='bbox 561 2501 882 2556; x_wconf 90' lang='lat' dir='ltr'><strong>obscuratus</strong></span> <span class='ocrx_word' id='word_1_317' title='bbox 903 2509 985 2556; x_wconf 91' lang='lat' dir='ltr'><strong>est</strong></span> <span class='ocrx_word' id='word_1_318' title='bbox 1006 2502 1072 2556; x_wconf 89' lang='lat' dir='ltr'><strong>ad</strong></span> <span class='ocrx_word' id='word_1_319' title='bbox 1093 2502 1376 2572; x_wconf 74' lang='lat' dir='ltr'><strong>exsequias</strong></span> <span class='ocrx_word' id='word_1_320' title='bbox 1395 2503 1702 2574; x_wconf 63' lang='lat' dir='ltr'><strong>sepulturae,</strong></span> <span class='ocrx_word' id='word_1_321' title='bbox 1727 2502 1888 2558; x_wconf 92' lang='lat' dir='ltr'><strong>modo</strong></span> <span class='ocrx_word' id='word_1_322' title='bbox 1908 2512 2153 2560; x_wconf 89' lang='lat' dir='ltr'><strong>coruscet</strong></span> 
     </span>
    </p>
   </div>
   <div class='ocr_carea' id='block_1_40' title="bbox 560 2585 2154 2666">
    <p class='ocr_par' dir='ltr' id='par_1_40' title="bbox 560 2585 2154 2666">
     <span class='ocr_line' id='line_1_40' title="bbox 560 2585 2154 2666; baseline 0.002 -18"><span class='ocrx_word' id='word_1_323' title='bbox 560 2590 618 2648; x_wconf 83' lang='lat' dir='ltr'><strong>in</strong></span> <span class='ocrx_word' id='word_1_324' title='bbox 637 2593 1046 2650; x_wconf 87' lang='lat' dir='ltr'><strong>resurrectionis</strong></span> <span class='ocrx_word' id='word_1_325' title='bbox 1065 2594 1416 2666; x_wconf 87' lang='lat' dir='ltr'><strong>obsequium;</strong></span> <span class='ocrx_word' id='word_1_326' title='bbox 1438 2595 1492 2650; x_wconf 90' lang='lat' dir='ltr'><strong>in</strong></span> <span class='ocrx_word' id='word_1_327' title='bbox 1512 2596 1765 2666; x_wconf 88' lang='lat' dir='ltr'><strong>passione</strong></span> <span class='ocrx_word' id='word_1_328' title='bbox 1787 2597 1931 2652; x_wconf 90' lang='lat' dir='ltr'><strong>enim</strong></span> <span class='ocrx_word' id='word_1_329' title='bbox 1951 2585 2154 2653; x_wconf 75' lang='lat' dir='ltr'><strong>Christi</strong></span> 
     </span>
    </p>
   </div>
   <div class='ocr_carea' id='block_1_41' title="bbox 2264 1839 3832 1925">
    <p class='ocr_par' dir='ltr' id='par_1_41' title="bbox 2264 1839 3832 1925">
     <span class='ocr_line' id='line_1_41' title="bbox 2264 1839 3832 1925; baseline -0.001 -16"><span class='ocrx_word' id='word_1_330' title='bbox 2264 1854 2406 1909; x_wconf 92' lang='lat' dir='ltr'><strong>enim</strong></span> <span class='ocrx_word' id='word_1_331' title='bbox 2435 1863 2709 1925; x_wconf 88' lang='lat' dir='ltr'><strong>peccator,</strong></span> <span class='ocrx_word' id='word_1_332' title='bbox 2743 1855 2798 1910; x_wconf 93' lang='lat' dir='ltr'><strong>in</strong></span> <span class='ocrx_word' id='word_1_333' title='bbox 2827 1855 2929 1911; x_wconf 92' lang='lat' dir='ltr'><strong>hac</strong></span> <span class='ocrx_word' id='word_1_334' title='bbox 2956 1855 3044 1911; x_wconf 91' lang='lat' dir='ltr'><strong>die</strong></span> <span class='ocrx_word' id='word_1_335' title='bbox 3071 1855 3154 1911; x_wconf 79' lang='lat' dir='ltr'><strong>de&#39;</strong></span> <span class='ocrx_word' id='word_1_336' title='bbox 3181 1855 3510 1925; x_wconf 85' lang='lat' dir='ltr'><strong>indulgentia</strong></span> <span class='ocrx_word' id='word_1_337' title='bbox 3544 1839 3667 1910; x_wconf 54' lang='lat' dir='ltr'><strong>non.</strong></span> <span class='ocrx_word' id='word_1_338' title='bbox 3693 1853 3832 1910; x_wconf 85' lang='lat' dir='ltr'><strong>debet</strong></span> 
     </span>
    </p>
   </div>
   <div class='ocr_carea' id='block_1_42' title="bbox 2260 1945 3830 2020">
    <p class='ocr_par' dir='ltr' id='par_1_42' title="bbox 2260 1945 3830 2020">
     <span class='ocr_line' id='line_1_42' title="bbox 2260 1945 3830 2020; baseline 0.001 -17"><span class='ocrx_word' id='word_1_339' title='bbox 2260 1947 2573 2018; x_wconf 88' lang='lat' dir='ltr'><strong>desperare;</strong></span> <span class='ocrx_word' id='word_1_340' title='bbox 2607 1954 2688 2004; x_wconf 89' lang='lat' dir='ltr'><strong>est</strong></span> <span class='ocrx_word' id='word_1_341' title='bbox 2717 1949 2859 2004; x_wconf 90' lang='lat' dir='ltr'><strong>enim</strong></span> <span class='ocrx_word' id='word_1_342' title='bbox 2891 1949 3244 2020; x_wconf 65' lang='lat' dir='ltr'><strong>praerogativa</strong></span> <span class='ocrx_word' id='word_1_343' title='bbox 3273 1963 3382 2004; x_wconf 93' lang='lat' dir='ltr'><strong>non</strong></span> <span class='ocrx_word' id='word_1_344' title='bbox 3411 1963 3608 2018; x_wconf 89' lang='lat' dir='ltr'><strong>parva;</strong></span> <span class='ocrx_word' id='word_1_345' title='bbox 3641 1945 3684 2003; x_wconf 90' lang='lat' dir='ltr'><strong>si</strong></span> <span class='ocrx_word' id='word_1_346' title='bbox 3709 1947 3830 2004; x_wconf 86' lang='lat' dir='ltr'><strong>enim</strong></span> 
     </span>
    </p>
   </div>
   <div class='ocr_carea' id='block_1_43' title="bbox 2261 2038 3830 2111">
    <p class='ocr_par' dir='ltr' id='par_1_43' title="bbox 2261 2038 3830 2111">
     <span class='ocr_line' id='line_1_43' title="bbox 2261 2038 3830 2111; baseline 0 -18"><span class='ocrx_word' id='word_1_347' title='bbox 2261 2038 2400 2094; x_wconf 88' lang='lat' dir='ltr'><strong>latro</strong></span> <span class='ocrx_word' id='word_1_348' title='bbox 2429 2039 2732 2109; x_wconf 90' lang='lat' dir='ltr'><strong>paradisum</strong></span> <span class='ocrx_word' id='word_1_349' title='bbox 2762 2041 2990 2111; x_wconf 91' lang='lat' dir='ltr'><strong>meruit,</strong></span> <span class='ocrx_word' id='word_1_350' title='bbox 3037 2057 3134 2098; x_wconf 92' lang='lat' dir='ltr'><strong>cur</strong></span> <span class='ocrx_word' id='word_1_351' title='bbox 3182 2056 3288 2109; x_wconf 74' lang='lat' dir='ltr'><strong>non</strong></span> <span class='ocrx_word' id='word_1_352' title='bbox 3339 2049 3614 2096; x_wconf 89' lang='lat' dir='ltr'><strong>mereatur</strong></span> <span class='ocrx_word' id='word_1_353' title='bbox 3641 2039 3830 2095; x_wconf 84' lang='lat' dir='ltr'><strong>veniam</strong></span> 
     </span>
    </p>
   </div>
   <div class='ocr_carea' id='block_1_44' title="bbox 2261 2131 3828 2201">
    <p class='ocr_par' dir='ltr' id='par_1_44' title="bbox 2261 2131 3828 2201">
     <span class='ocr_line' id='line_1_44' title="bbox 2261 2131 3828 2201; baseline -0.003 -11"><span class='ocrx_word' id='word_1_354' title='bbox 2261 2133 2625 2197; x_wconf 88' lang='lat' dir='ltr'><strong>Christianus,</strong></span> <span class='ocrx_word' id='word_1_355' title='bbox 2658 2142 2712 2190; x_wconf 86' lang='lat' dir='ltr'><strong>et</strong></span> <span class='ocrx_word' id='word_1_356' title='bbox 2738 2135 2783 2190; x_wconf 90' lang='lat' dir='ltr'><strong>si</strong></span> <span class='ocrx_word' id='word_1_357' title='bbox 2816 2134 2838 2172; x_wconf 73' lang='grc' dir='ltr'>¹ί</span> <span class='ocrx_word' id='word_1_358' title='bbox 2870 2135 2944 2190; x_wconf 90' lang='lat' dir='ltr'><strong>illi</strong></span> <span class='ocrx_word' id='word_1_359' title='bbox 2993 2135 3284 2200; x_wconf 90' lang='lat' dir='ltr'><strong>Dominus,</strong></span> <span class='ocrx_word' id='word_1_360' title='bbox 3330 2149 3452 2190; x_wconf 90' lang='lat' dir='ltr'><strong>cum</strong></span> <span class='ocrx_word' id='word_1_361' title='bbox 3500 2131 3828 2201; x_wconf 79' lang='lat' dir='ltr'><strong>crucifigitur,</strong></span> 
     </span>
    </p>
   </div>
   <div class='ocr_carea' id='block_1_45' title="bbox 2261 2221 3826 2296">
    <p class='ocr_par' dir='ltr' id='par_1_45' title="bbox 2261 2221 3826 2296">
     <span class='ocr_line' id='line_1_45' title="bbox 2261 2221 3826 2296; baseline -0.003 -14"><span class='ocrx_word' id='word_1_362' title='bbox 2261 2227 2566 2292; x_wconf 90' lang='lat' dir='ltr'><strong>miseretur,</strong></span> <span class='ocrx_word' id='word_1_363' title='bbox 2615 2227 2786 2282; x_wconf 85' lang='lat' dir='ltr'><strong>multo</strong></span> <span class='ocrx_word' id='word_1_364' title='bbox 2812 2228 2982 2296; x_wconf 79' lang='lat' dir='ltr'><strong>magis</strong></span> <span class='ocrx_word' id='word_1_365' title='bbox 3005 2227 3130 2283; x_wconf 90' lang='lat' dir='ltr'><strong>huic</strong></span> <span class='ocrx_word' id='word_1_366' title='bbox 3154 2227 3517 2291; x_wconf 89' lang='lat' dir='ltr'><strong>miserebitur,</strong></span> <span class='ocrx_word' id='word_1_367' title='bbox 3561 2241 3682 2282; x_wconf 89' lang='lat' dir='ltr'><strong>cum</strong></span> <span class='ocrx_word' id='word_1_368' title='bbox 3712 2221 3730 2262; x_wconf 82' lang='grc' dir='ltr'>ι</span> <span class='ocrx_word' id='word_1_369' title='bbox 3758 2237 3826 2278; x_wconf 86' lang='lat' dir='ltr'><strong>re-</strong></span> 
     </span>
    </p>
   </div>
   <div class='ocr_carea' id='block_1_46' title="bbox 2261 2315 3809 2392">
    <p class='ocr_par' dir='ltr' id='par_1_46' title="bbox 2261 2315 3809 2392">
     <span class='ocr_line' id='line_1_46' title="bbox 2261 2315 3809 2392; baseline -0.003 -15"><span class='ocrx_word' id='word_1_370' title='bbox 2261 2315 2459 2391; x_wconf 75' lang='lat' dir='ltr'><strong>surg&#39;it;</strong></span> <span class='ocrx_word' id='word_1_371' title='bbox 2490 2330 2545 2376; x_wconf 91' lang='lat' dir='ltr'><strong>et</strong></span> <span class='ocrx_word' id='word_1_372' title='bbox 2564 2323 2609 2376; x_wconf 91' lang='lat' dir='ltr'><strong>si</strong></span> <span class='ocrx_word' id='word_1_373' title='bbox 2629 2321 2892 2392; x_wconf 87' lang='lat' dir='ltr'><strong>passionis</strong></span> <span class='ocrx_word' id='word_1_374' title='bbox 2925 2320 3198 2376; x_wconf 83' lang='lat' dir='ltr'><strong>humilitas</strong></span> <span class='ocrx_word' id='word_1_375' title='bbox 3218 2328 3426 2375; x_wconf 87' lang='lat' dir='ltr'><strong>tantum</strong></span> <span class='ocrx_word' id='word_1_376' title='bbox 3447 2319 3696 2390; x_wconf 67' lang='lat' dir='ltr'><strong>praestitit</strong></span> <span class='ocrx_word' id='word_1_377' title='bbox 3720 2333 3809 2373; x_wconf 91' lang='lat' dir='ltr'><strong>con</strong></span> 
     </span>
    </p>
   </div>
   <div class='ocr_carea' id='block_1_47' title="bbox 2263 2409 3816 2484">
    <p class='ocr_par' dir='ltr' id='par_1_47' title="bbox 2263 2409 3816 2484">
     <span class='ocr_line' id='line_1_47' title="bbox 2263 2409 3816 2484; baseline -0.002 -16"><span class='ocrx_word' id='word_1_378' title='bbox 2263 2413 2456 2480; x_wconf 87' lang='lat' dir='ltr'><strong>ﬁtenti,</strong></span> <span class='ocrx_word' id='word_1_379' title='bbox 2479 2413 2886 2470; x_wconf 83' lang='lat' dir='ltr'><strong>resurrectionis</strong></span> <span class='ocrx_word' id='word_1_380' title='bbox 2915 2413 3085 2484; x_wconf 86' lang='lat' dir='ltr'><strong>gloria</strong></span> <span class='ocrx_word' id='word_1_381' title='bbox 3104 2420 3365 2484; x_wconf 90' lang='lat' dir='ltr'><strong>quantum</strong></span> <span class='ocrx_word' id='word_1_382' title='bbox 3384 2422 3425 2451; x_wconf 74' lang='grc' dir='ltr'>ω</span> <span class='ocrx_word' id='word_1_383' title='bbox 3453 2412 3640 2467; x_wconf 88' lang='lat' dir='ltr'><strong>tribuit</strong></span> <span class='ocrx_word' id='word_1_384' title='bbox 3661 2409 3816 2481; x_wconf 81' lang='lat' dir='ltr'><strong>depre</strong></span> 
     </span>
    </p>
   </div>
   <div class='ocr_carea' id='block_1_48' title="bbox 2262 2503 3826 2577">
    <p class='ocr_par' dir='ltr' id='par_1_48' title="bbox 2262 2503 3826 2577">
     <span class='ocr_line' id='line_1_48' title="bbox 2262 2503 3826 2577; baseline -0.003 -15"><span class='ocrx_word' id='word_1_385' title='bbox 2262 2506 2443 2562; x_wconf 82' lang='lat' dir='ltr'><strong>cauti?</strong></span> <span class='ocrx_word' id='word_1_386' title='bbox 2471 2505 2696 2576; x_wconf 83' lang='lat' dir='ltr'><strong>Largior</strong></span> <span class='ocrx_word' id='word_1_387' title='bbox 2719 2507 2864 2560; x_wconf 89' lang='lat' dir='ltr'><strong>enim</strong></span> <span class='ocrx_word' id='word_1_388' title='bbox 2893 2505 2959 2561; x_wconf 90' lang='lat' dir='ltr'><strong>ad</strong></span> <span class='ocrx_word' id='word_1_389' title='bbox 2988 2505 3348 2577; x_wconf 67' lang='lat' dir='ltr'><strong>praestandum</strong></span> <span class='ocrx_word' id='word_1_390' title='bbox 3375 2506 3516 2561; x_wconf 89' lang='lat' dir='ltr'><strong>solet</strong></span> <span class='ocrx_word' id='word_1_391' title='bbox 3543 2519 3684 2574; x_wconf 90' lang='lat' dir='ltr'><strong>esse,</strong></span> <span class='ocrx_word' id='word_1_392' title='bbox 3711 2503 3826 2558; x_wconf 80' lang='lat' dir='ltr'><strong>siem</strong></span> 
     </span>
    </p>
   </div>
   <div class='ocr_carea' id='block_1_49' title="bbox 2264 2597 3744 2670">
    <p class='ocr_par' dir='ltr' id='par_1_49' title="bbox 2264 2597 3744 2670">
     <span class='ocr_line' id='line_1_49' title="bbox 2264 2597 3744 2670; baseline -0.001 -17"><span class='ocrx_word' id='word_1_393' title='bbox 2264 2598 2366 2669; x_wconf 89' lang='lat' dir='ltr'><strong>ipsi</strong></span> <span class='ocrx_word' id='word_1_394' title='bbox 2392 2599 2562 2667; x_wconf 86' lang='lat' dir='ltr'><strong>scitis,</strong></span> <span class='ocrx_word' id='word_1_395' title='bbox 2595 2598 2713 2654; x_wconf 68' lang='lat' dir='ltr'><strong>laeta</strong></span> <span class='ocrx_word' id='word_1_396' title='bbox 2743 2598 2987 2664; x_wconf 80' lang='lat' dir='ltr'><strong>victoria,</strong></span> <span class='ocrx_word' id='word_1_397' title='bbox 3018 2612 3182 2668; x_wconf 87' lang='lat' dir='ltr'><strong>quam</strong></span> <span class='ocrx_word' id='word_1_398' title='bbox 3207 2597 3418 2654; x_wconf 86' lang='lat' dir='ltr'><strong>addicta</strong></span> <span class='ocrx_word' id='word_1_399' title='bbox 3444 2598 3744 2670; x_wconf 80' lang='lat' dir='ltr'><strong>captivitas.</strong></span> 
     </span>
    </p>
   </div>
   <div class='ocr_carea' id='block_1_50' title="bbox 1900 2709 2508 2774">
    <p class='ocr_par' dir='ltr' id='par_1_50' title="bbox 1900 2709 2508 2774">
     <span class='ocr_line' id='line_1_50' title="bbox 1900 2709 2508 2774; baseline -0.002 -3"><span class='ocrx_word' id='word_1_400' title='bbox 1900 2709 2245 2774; x_wconf 82' lang='lat' dir='ltr'><strong>HOMILIA</strong></span> <span class='ocrx_word' id='word_1_401' title='bbox 2287 2711 2508 2772; x_wconf 76' lang='lat' dir='ltr'><strong>LVIII.</strong></span> 
     </span>
    </p>
   </div>
   <div class='ocr_carea' id='block_1_51' title="bbox 1667 2808 2743 2866">
    <p class='ocr_par' dir='ltr' id='par_1_51' title="bbox 1667 2808 2743 2866">
     <span class='ocr_line' id='line_1_51' title="bbox 1667 2808 2743 2866; baseline 0.001 -3"><span class='ocrx_word' id='word_1_402' title='bbox 1667 2809 1746 2864; x_wconf 88' lang='lat' dir='ltr'><strong>De</strong></span> <span class='ocrx_word' id='word_1_403' title='bbox 1781 2810 1964 2864; x_wconf 87' lang='lat' dir='ltr'><strong>eadem</strong></span> <span class='ocrx_word' id='word_1_404' title='bbox 2004 2808 2230 2865; x_wconf 74' lang='lat' dir='ltr'><strong>Pascha:</strong></span> <span class='ocrx_word' id='word_1_405' title='bbox 2264 2809 2594 2866; x_wconf 82' lang='lat' dir='ltr'><strong>solemnitate</strong></span> <span class='ocrx_word' id='word_1_406' title='bbox 2638 2809 2743 2865; x_wconf 82' lang='lat' dir='ltr'><strong>IV.</strong></span> 
     </span>
    </p>
   </div>
   <div class='ocr_carea' id='block_1_52' title="bbox 2016 2896 2410 2956">
    <p class='ocr_par' dir='ltr' id='par_1_52' title="bbox 2016 2896 2410 2956">
     <span class='ocr_line' id='line_1_52' title="bbox 2016 2896 2410 2956; baseline 0.008 -5"><span class='ocrx_word' id='word_1_407' title='bbox 2016 2896 2410 2956; x_wconf 80' lang='lat' dir='ltr'><strong>ADMONITIO.</strong></span> 
     </span>
    </p>
   </div>
   <div class='ocr_carea' id='block_1_53' title="bbox 629 2988 2190 3046">
    <p class='ocr_par' dir='ltr' id='par_1_53' title="bbox 629 2988 2190 3046">
     <span class='ocr_line' id='line_1_53' title="bbox 629 2988 2190 3046; baseline 0.001 -3"><span class='ocrx_word' id='word_1_408' title='bbox 629 2988 784 3045; x_wconf 78' lang='lat' dir='ltr'><strong>Haud</strong></span> <span class='ocrx_word' id='word_1_409' title='bbox 812 2991 990 3046; x_wconf 92' lang='lat' dir='ltr'><strong>minor</strong></span> <span class='ocrx_word' id='word_1_410' title='bbox 1026 2998 1110 3046; x_wconf 87' lang='lat' dir='ltr'><strong>est</strong></span> <span class='ocrx_word' id='word_1_411' title='bbox 1149 2989 1399 3046; x_wconf 90' lang='lat' dir='ltr'><strong>codicum</strong></span> <span class='ocrx_word' id='word_1_412' title='bbox 1426 3005 1554 3044; x_wconf 90' lang='lat' dir='ltr'><strong>mss.</strong></span> <span class='ocrx_word' id='word_1_413' title='bbox 1579 3003 1834 3045; x_wconf 88' lang='lat' dir='ltr'><strong>nmnerus</strong></span> <span class='ocrx_word' id='word_1_414' title='bbox 1861 3005 1990 3045; x_wconf 83' lang='lat' dir='ltr'><strong>mox</strong></span> <span class='ocrx_word' id='word_1_415' title='bbox 2017 2990 2190 3046; x_wconf 79' lang='lat' dir='ltr'><strong>deseri</strong></span> 
     </span>
    </p>
   </div>
   <div class='ocr_carea' id='block_1_54' title="bbox 549 3059 2194 3144">
    <p class='ocr_par' dir='ltr' id='par_1_54' title="bbox 549 3059 2194 3144">
     <span class='ocr_line' id='line_1_54' title="bbox 549 3059 2194 3144; baseline 0.001 -30"><span class='ocrx_word' id='word_1_416' title='bbox 549 3060 891 3144; x_wconf 66' lang='lat' dir='ltr'><strong>enuntiatur.</strong></span> <span class='ocrx_word' id='word_1_417' title='bbox 924 3060 1156 3144; x_wconf 55' lang='lat' dir='ltr'><strong>Honoris</strong></span> <span class='ocrx_word' id='word_1_418' title='bbox 1181 3060 1371 3144; x_wconf 52' lang='lat' dir='ltr'><strong>gratia&#39;</strong></span> <span class='ocrx_word' id='word_1_419' title='bbox 1383 3059 1518 3116; x_wconf 88' lang='lat' dir='ltr'><strong>duos</strong></span> <span class='ocrx_word' id='word_1_420' title='bbox 1535 3060 1773 3144; x_wconf 46' lang='lat' dir='ltr'><strong>codices“</strong></span> <span class='ocrx_word' id='word_1_421' title='bbox 1787 3059 2113 3144; x_wconf 44' lang='lat' dir='ltr'><strong>vaticanos’,‘</strong></span> <span class='ocrx_word' id='word_1_422' title='bbox 2126 3059 2194 3116; x_wconf 74' lang='grc'><strong>49</strong></span> 
     </span>
    </p>
   </div>
   <div class='ocr_carea' id='block_1_55' title="bbox 2195 2987 3820 3115">
    <p class='ocr_par' dir='ltr' id='par_1_55' title="bbox 2195 2987 3820 3115">
     <span class='ocr_line' id='line_1_55' title="bbox 2195 2987 3820 3115; baseline 0 -71"><span class='ocrx_word' id='word_1_423' title='bbox 2195 2997 2310 3115; x_wconf 57' lang='lat' dir='ltr'><strong>gto,</strong></span> <span class='ocrx_word' id='word_1_424' title='bbox 2344 2989 2396 3045; x_wconf 92' lang='lat' dir='ltr'><strong>in</strong></span> <span class='ocrx_word' id='word_1_425' title='bbox 2425 2989 2622 3061; x_wconf 87' lang='lat' dir='ltr'><strong>quibus</strong></span> <span class='ocrx_word' id='word_1_426' title='bbox 2664 2997 2882 3045; x_wconf 87' lang='lat' dir='ltr'><strong>sanctus</strong></span> <span class='ocrx_word' id='word_1_427' title='bbox 2910 2987 3176 3046; x_wconf 81' lang='lat' dir='ltr'><strong>Maximus</strong></span> <span class='ocrx_word' id='word_1_428' title='bbox 3202 2987 3360 3060; x_wconf 87' lang='lat' dir='ltr'><strong>hujus</strong></span> <span class='ocrx_word' id='word_1_429' title='bbox 3387 2988 3623 3045; x_wconf 76' lang='lat' dir='ltr'><strong>homilia:</strong></span> <span class='ocrx_word' id='word_1_430' title='bbox 3651 3003 3820 3071; x_wconf 75' lang='lat' dir='ltr'><strong>parens</strong></span> 
     </span>
     <span class='ocr_line' id='line_1_56' title="bbox 2237 3058 3820 3115; baseline -0.001 -1"><span class='ocrx_word' id='word_1_431' title='bbox 2237 3061 2285 3115; x_wconf 84' lang='lat' dir='ltr'><strong>l.</strong></span> <span class='ocrx_word' id='word_1_432' title='bbox 2317 3075 2439 3115; x_wconf 78' lang='lat' dir='ltr'><strong>naa.</strong></span> <span class='ocrx_word' id='word_1_433' title='bbox 2475 3060 2599 3115; x_wconf 71' lang='lat'><strong>100.</strong></span> <span class='ocrx_word' id='word_1_434' title='bbox 2631 3067 2688 3115; x_wconf 90' lang='lat' dir='ltr'><strong>et</strong></span> <span class='ocrx_word' id='word_1_435' title='bbox 2723 3059 2885 3115; x_wconf 64' lang='lat'><strong>6451.</strong></span> <span class='ocrx_word' id='word_1_436' title='bbox 2917 3073 3038 3115; x_wconf 67' lang='lat' dir='ltr'><strong>nae.</strong></span> <span class='ocrx_word' id='word_1_437' title='bbox 3073 3060 3160 3115; x_wconf 81' lang='lat' dir='ltr'><strong>l7.</strong></span> <span class='ocrx_word' id='word_1_438' title='bbox 3193 3061 3620 3115; x_wconf 75' lang='lat' dir='ltr'><strong>nrtelaudamus.</strong></span> <span class='ocrx_word' id='word_1_439' title='bbox 3652 3058 3820 3114; x_wconf 78' lang='lat' dir='ltr'><strong>deinde</strong></span> 
     </span>
    </p>
   </div>
   <div class='ocr_carea' id='block_1_56' title="bbox 2317 3058 3821 3132">
    <p class='ocr_par' dir='ltr' id='par_1_56' title="bbox 2317 3058 3821 3132">
     <span class='ocr_line' id='line_1_57' title="bbox 2317 3058 3821 3132; baseline -0.001 -18"><span class='ocrx_word' id='word_1_440' title='bbox 2317 3058 2688 3132; x_wconf 44' lang='lat' dir='ltr'><strong>pagftOOLet</strong></span> <span class='ocrx_word' id='word_1_441' title='bbox 2723 3059 3038 3132; x_wconf 72' lang='lat' dir='ltr'><strong>645i,pag.</strong></span> <span class='ocrx_word' id='word_1_442' title='bbox 3073 3060 3160 3132; x_wconf 62' lang='lat' dir='ltr'><strong>l7,</strong></span> <span class='ocrx_word' id='word_1_443' title='bbox 3193 3058 3620 3132; x_wconf 68' lang='lat' dir='ltr'><strong>prmlandamus,</strong></span> <span class='ocrx_word' id='word_1_444' title='bbox 3652 3058 3821 3114; x_wconf 87' lang='lat' dir='ltr'><strong>deinde</strong></span> 
     </span>
    </p>
   </div>
   <div class='ocr_carea' id='block_1_57' title="bbox 560 3127 3820 3202">
    <p class='ocr_par' dir='ltr' id='par_1_57' title="bbox 560 3127 3820 3202">
     <span class='ocr_line' id='line_1_58' title="bbox 560 3127 3820 3202; baseline -0.001 -15"><span class='ocrx_word' id='word_1_445' title='bbox 560 3133 696 3202; x_wconf 63' lang='lat' dir='ltr'><strong>duos</strong></span> <span class='ocrx_word' id='word_1_446' title='bbox 714 3132 935 3202; x_wconf 79' lang='lat' dir='ltr'><strong>codices</strong></span> <span class='ocrx_word' id='word_1_447' title='bbox 961 3131 1019 3202; x_wconf 87' lang='lat' dir='ltr'><strong>S.</strong></span> <span class='ocrx_word' id='word_1_448' title='bbox 1049 3127 1236 3188; x_wconf 85' lang='lat' dir='ltr'><strong>Crueis</strong></span> <span class='ocrx_word' id='word_1_449' title='bbox 1264 3131 1320 3202; x_wconf 85' lang='lat' dir='ltr'><strong>in</strong></span> <span class='ocrx_word' id='word_1_450' title='bbox 1342 3127 1640 3202; x_wconf 71' lang='lat' dir='ltr'><strong>Jerusalem</strong></span> <span class='ocrx_word' id='word_1_451' title='bbox 1658 3171 1673 3196; x_wconf 96' lang='lat'><strong>,</strong></span> <span class='ocrx_word' id='word_1_452' title='bbox 1707 3129 1798 3196; x_wconf 89' lang='lat'><strong>90,</strong></span> <span class='ocrx_word' id='word_1_453' title='bbox 1825 3132 2010 3186; x_wconf 84' lang='lat' dir='ltr'><strong>homil.</strong></span> <span class='ocrx_word' id='word_1_454' title='bbox 2043 3131 2133 3197; x_wconf 78' lang='lat'><strong>52,</strong></span> <span class='ocrx_word' id='word_1_455' title='bbox 2163 3141 2218 3187; x_wconf 89' lang='lat' dir='ltr'><strong>et</strong></span> <span class='ocrx_word' id='word_1_456' title='bbox 2245 3127 2350 3200; x_wconf 57' lang='lat'><strong>99&#39;,</strong></span> <span class='ocrx_word' id='word_1_457' title='bbox 2383 3127 2570 3202; x_wconf 81' lang='lat' dir='ltr'><strong>homil.</strong></span> <span class='ocrx_word' id='word_1_458' title='bbox 2601 3130 2694 3198; x_wconf 83' lang='lat'><strong>56,</strong></span> <span class='ocrx_word' id='word_1_459' title='bbox 2723 3147 2846 3202; x_wconf 84' lang='lat' dir='ltr'><strong>eum</strong></span> <span class='ocrx_word' id='word_1_460' title='bbox 2876 3127 3033 3202; x_wconf 77' lang='lat' dir='ltr'><strong>titulo</strong></span> <span class='ocrx_word' id='word_1_461' title='bbox 3072 3150 3084 3185; x_wconf 91' lang='lat'><strong>:</strong></span> <span class='ocrx_word' id='word_1_462' title='bbox 3119 3127 3549 3202; x_wconf 27' lang='lat' dir='ltr'><strong>Ite-misequentia</strong></span> <span class='ocrx_word' id='word_1_463' title='bbox 3577 3130 3640 3184; x_wconf 80' lang='lat' dir='ltr'><strong>de</strong></span> <span class='ocrx_word' id='word_1_464' title='bbox 3663 3138 3820 3202; x_wconf 74' lang='lat' dir='ltr'><strong>saneto</strong></span> 
     </span>
    </p>
   </div>
   <div class='ocr_carea' id='block_1_58' title="bbox 559 3199 3816 3280">
    <p class='ocr_par' dir='ltr' id='par_1_58' title="bbox 559 3199 3816 3280">
     <span class='ocr_line' id='line_1_59' title="bbox 559 3199 3816 3280; baseline -0.001 -24"><span class='ocrx_word' id='word_1_465' title='bbox 559 3199 788 3280; x_wconf 59' lang='lat' dir='ltr'><strong>Eascha,</strong></span> <span class='ocrx_word' id='word_1_466' title='bbox 821 3201 1238 3280; x_wconf 58' lang='lat' dir='ltr'><strong>Tauriuensem,</strong></span> <span class='ocrx_word' id='word_1_467' title='bbox 1264 3201 1354 3255; x_wconf 88' lang='lat' dir='ltr'><strong>ubi</strong></span> <span class='ocrx_word' id='word_1_468' title='bbox 1381 3217 1560 3257; x_wconf 87' lang='lat' dir='ltr'><strong>sermo</strong></span> <span class='ocrx_word' id='word_1_469' title='bbox 1683 3203 1970 3280; x_wconf 76' lang='lat' dir='ltr'><strong>inscriptus</strong></span> <span class='ocrx_word' id='word_1_470' title='bbox 1995 3212 2112 3280; x_wconf 64' lang='lat' dir='ltr'><strong>est;</strong></span> <span class='ocrx_word' id='word_1_471' title='bbox 2141 3203 2274 3280; x_wconf 73' lang='lat' dir='ltr'><strong>Item</strong></span> <span class='ocrx_word' id='word_1_472' title='bbox 2301 3212 2350 3257; x_wconf 88' lang='lat' dir='ltr'><strong>et</strong></span> <span class='ocrx_word' id='word_1_473' title='bbox 2375 3203 2440 3258; x_wconf 82' lang='lat' dir='ltr'><strong>de</strong></span> <span class='ocrx_word' id='word_1_474' title='bbox 2461 3201 2694 3280; x_wconf 51' lang='lat' dir='ltr'><strong>Pascha,</strong></span> <span class='ocrx_word' id='word_1_475' title='bbox 2721 3199 3146 3280; x_wconf 49' lang='lat' dir='ltr'><strong>Lauren&#39;tianum</strong></span> <span class='ocrx_word' id='word_1_476' title='bbox 3179 3219 3230 3270; x_wconf 85' lang='lat' dir='ltr'><strong>x,</strong></span> <span class='ocrx_word' id='word_1_477' title='bbox 3261 3199 3692 3280; x_wconf 48' lang='lat' dir='ltr'><strong>Plut._x1v,__pa_g;</strong></span> <span class='ocrx_word' id='word_1_478' title='bbox 3712 3199 3816 3280; x_wconf 69' lang='lat'><strong>195,</strong></span> 
     </span>
    </p>
   </div>
   <div class='ocr_carea' id='block_1_59' title="bbox 558 3267 3818 3340">
    <p class='ocr_par' dir='ltr' id='par_1_59' title="bbox 558 3267 3818 3340">
     <span class='ocr_line' id='line_1_60' title="bbox 558 3267 3818 3340; baseline -0.001 -12"><span class='ocrx_word' id='word_1_479' title='bbox 558 3267 953 3330; x_wconf 82' lang='lat' dir='ltr'><strong>Vercellensem</strong></span> <span class='ocrx_word' id='word_1_480' title='bbox 983 3272 1074 3334; x_wconf 83' lang='grc'>85,</span> <span class='ocrx_word' id='word_1_481' title='bbox 1107 3271 1430 3340; x_wconf 87' lang='lat' dir='ltr'><strong>Augiensem</strong></span> <span class='ocrx_word' id='word_1_482' title='bbox 1459 3289 1548 3337; x_wconf 87' lang='lat' dir='ltr'><strong>xv,</strong></span> <span class='ocrx_word' id='word_1_483' title='bbox 1580 3267 2012 3337; x_wconf 76' lang='lat' dir='ltr'><strong>Ambrosianum,</strong></span> <span class='ocrx_word' id='word_1_484' title='bbox 2046 3273 2457 3330; x_wconf 88' lang='lat' dir='ltr'><strong>Cisterciensem</strong></span> <span class='ocrx_word' id='word_1_485' title='bbox 2483 3267 2685 3328; x_wconf 86' lang='lat' dir='ltr'><strong>Montis</strong></span> <span class='ocrx_word' id='word_1_486' title='bbox 2705 3271 2959 3335; x_wconf 75' lang='lat' dir='ltr'><strong>Amiaun,</strong></span> <span class='ocrx_word' id='word_1_487' title='bbox 2991 3267 3372 3328; x_wconf 84' lang='lat' dir='ltr'><strong>Martinensem</strong></span> <span class='ocrx_word' id='word_1_488' title='bbox 3414 3267 3599 3328; x_wconf 48' lang='lat' dir='ltr'><strong>homil&#39;.</strong></span> <span class='ocrx_word' id='word_1_489' title='bbox 3632 3267 3713 3336; x_wconf 79' lang='lat'><strong>59,</strong></span> <span class='ocrx_word' id='word_1_490' title='bbox 3741 3271 3818 3340; x_wconf 88' lang='lat' dir='ltr'><strong>qui</strong></span> 
     </span>
    </p>
   </div>
   <div class='ocr_carea' id='block_1_60' title="bbox 556 3341 3817 3414">
    <p class='ocr_par' dir='ltr' id='par_1_60' title="bbox 556 3341 3817 3414">
     <span class='ocr_line' id='line_1_61' title="bbox 556 3341 3817 3414; baseline -0.001 -16"><span class='ocrx_word' id='word_1_491' title='bbox 556 3356 746 3398; x_wconf 90' lang='lat' dir='ltr'><strong>omnes</strong></span> <span class='ocrx_word' id='word_1_492' title='bbox 772 3343 826 3414; x_wconf 84' lang='lat' dir='ltr'><strong>in</strong></span> <span class='ocrx_word' id='word_1_493' title='bbox 862 3342 1086 3414; x_wconf 74' lang='lat' dir='ltr'><strong>Pascha,</strong></span> <span class='ocrx_word' id='word_1_494' title='bbox 1117 3343 1229 3414; x_wconf 77' lang='lat' dir='ltr'><strong>sive</strong></span> <span class='ocrx_word' id='word_1_495' title='bbox 1244 3344 1299 3396; x_wconf 90' lang='lat' dir='ltr'><strong>in</strong></span> <span class='ocrx_word' id='word_1_496' title='bbox 1334 3341 1602 3414; x_wconf 15' lang='lat' dir='ltr'><strong>iPaschate</strong></span> <span class='ocrx_word' id='word_1_497' title='bbox 1630 3343 1902 3398; x_wconf 90' lang='lat' dir='ltr'><strong>homiliam</strong></span> <span class='ocrx_word' id='word_1_498' title='bbox 1933 3353 2262 3414; x_wconf 90' lang='lat' dir='ltr'><strong>nuncupant.</strong></span> <span class='ocrx_word' id='word_1_499' title='bbox 2298 3343 2838 3414; x_wconf 17' lang='lat' dir='ltr'><strong>Acceduntieditores</strong></span> <span class='ocrx_word' id='word_1_500' title='bbox 2857 3385 2871 3410; x_wconf 95' lang='lat'><strong>,</strong></span> <span class='ocrx_word' id='word_1_501' title='bbox 2904 3359 3025 3398; x_wconf 88' lang='lat' dir='ltr'><strong>cum</strong></span> <span class='ocrx_word' id='word_1_502' title='bbox 3055 3344 3210 3399; x_wconf 92' lang='lat' dir='ltr'><strong>titulo</strong></span> <span class='ocrx_word' id='word_1_503' title='bbox 3241 3362 3252 3396; x_wconf 94' lang='lat'>:</span> <span class='ocrx_word' id='word_1_504' title='bbox 3287 3341 3356 3414; x_wconf 75' lang='lat' dir='ltr'><strong>In</strong></span> <span class='ocrx_word' id='word_1_505' title='bbox 3382 3345 3566 3414; x_wconf 79' lang='lat' dir='ltr'><strong>eadem</strong></span> <span class='ocrx_word' id='word_1_506' title='bbox 3603 3342 3817 3414; x_wconf 73' lang='lat' dir='ltr'><strong>solemni-</strong></span> 
     </span>
    </p>
   </div>
   <div class='ocr_carea' id='block_1_61' title="bbox 555 3411 3815 3539">
    <p class='ocr_par' dir='ltr' id='par_1_61' title="bbox 555 3411 3815 3539">
     <span class='ocr_line' id='line_1_62' title="bbox 555 3411 3815 3486; baseline 0 -18"><span class='ocrx_word' id='word_1_507' title='bbox 555 3421 682 3476; x_wconf 86' lang='lat' dir='ltr'><strong>tate,</strong></span> <span class='ocrx_word' id='word_1_508' title='bbox 713 3413 919 3468; x_wconf 88' lang='lat' dir='ltr'><strong>scilicet</strong></span> <span class='ocrx_word' id='word_1_509' title='bbox 947 3413 1182 3468; x_wconf 72' lang='lat' dir='ltr'><strong>Paschm.</strong></span> <span class='ocrx_word' id='word_1_510' title='bbox 1212 3411 1288 3467; x_wconf 90' lang='lat' dir='ltr'><strong>Ita</strong></span> <span class='ocrx_word' id='word_1_511' title='bbox 1317 3413 1606 3484; x_wconf 83' lang='lat' dir='ltr'><strong>Gymnicus</strong></span> <span class='ocrx_word' id='word_1_512' title='bbox 1672 3428 1754 3482; x_wconf 81' lang='lat' dir='ltr'><strong>ag.</strong></span> <span class='ocrx_word' id='word_1_513' title='bbox 1785 3413 1908 3480; x_wconf 79' lang='grc'>157,</span> <span class='ocrx_word' id='word_1_514' title='bbox 1938 3411 2238 3472; x_wconf 82' lang='lat' dir='ltr'><strong>Galesinius</strong></span> <span class='ocrx_word' id='word_1_515' title='bbox 2259 3429 2376 3486; x_wconf 89' lang='lat' dir='ltr'><strong>pag.</strong></span> <span class='ocrx_word' id='word_1_516' title='bbox 2415 3414 2539 3478; x_wconf 79' lang='lat' dir='ltr'><strong>l55,</strong></span> <span class='ocrx_word' id='word_1_517' title='bbox 2563 3413 2820 3469; x_wconf 87' lang='lat' dir='ltr'><strong>Cumdius</strong></span> <span class='ocrx_word' id='word_1_518' title='bbox 2850 3423 2979 3470; x_wconf 88' lang='lat' dir='ltr'><strong>tom.</strong></span> <span class='ocrx_word' id='word_1_519' title='bbox 3012 3414 3077 3469; x_wconf 86' lang='lat' dir='ltr'><strong>Ill</strong></span> <span class='ocrx_word' id='word_1_520' title='bbox 3097 3455 3112 3480; x_wconf 96' lang='lat'><strong>,</strong></span> <span class='ocrx_word' id='word_1_521' title='bbox 3141 3428 3264 3485; x_wconf 84' lang='lat' dir='ltr'><strong>pag.</strong></span> <span class='ocrx_word' id='word_1_522' title='bbox 3297 3413 3455 3480; x_wconf 72' lang='grc'><strong>1447,</strong></span> <span class='ocrx_word' id='word_1_523' title='bbox 3485 3413 3815 3470; x_wconf 83' lang='lat' dir='ltr'><strong>Combeiisius</strong></span> 
     </span>
     <span class='ocr_line' id='line_1_63' title="bbox 555 3431 3813 3539; baseline -0.001 0"><span class='ocrx_word' id='word_1_524' title='bbox 555 3491 688 3539; x_wconf 85' lang='lat' dir='ltr'><strong>tom.</strong></span> <span class='ocrx_word' id='word_1_525' title='bbox 720 3481 806 3539; x_wconf 85' lang='lat' dir='ltr'><strong>Ill.</strong></span> <span class='ocrx_word' id='word_1_526' title='bbox 841 3497 962 3539; x_wconf 73' lang='lat' dir='ltr'><strong>pag.</strong></span> <span class='ocrx_word' id='word_1_527' title='bbox 994 3482 1082 3539; x_wconf 83' lang='lat'><strong>85.</strong></span> <span class='ocrx_word' id='word_1_528' title='bbox 1115 3482 1440 3539; x_wconf 80' lang='lat' dir='ltr'><strong>Ravnaudus</strong></span> <span class='ocrx_word' id='word_1_529' title='bbox 1468 3500 1588 3539; x_wconf 74' lang='lat' dir='ltr'><strong>pag.</strong></span> <span class='ocrx_word' id='word_1_530' title='bbox 1619 3431 1744 3539; x_wconf 52' lang='lat'><strong>£20.</strong></span> <span class='ocrx_word' id='word_1_531' title='bbox 1775 3485 2108 3539; x_wconf 73' lang='lat' dir='ltr'><strong>Margarinus</strong></span> <span class='ocrx_word' id='word_1_532' title='bbox 2137 3488 2190 3539; x_wconf 91' lang='lat' dir='ltr'><strong>in</strong></span> <span class='ocrx_word' id='word_1_533' title='bbox 2219 3485 2355 3539; x_wconf 89' lang='lat' dir='ltr'><strong>Bibl.</strong></span> <span class='ocrx_word' id='word_1_534' title='bbox 2386 3485 2528 3539; x_wconf 79' lang='lat' dir='ltr'><strong>Max.</strong></span> <span class='ocrx_word' id='word_1_535' title='bbox 2557 3494 2686 3539; x_wconf 88' lang='lat' dir='ltr'><strong>tom.</strong></span> <span class='ocrx_word' id='word_1_536' title='bbox 2713 3484 2804 3539; x_wconf 86' lang='lat' dir='ltr'><strong>Vl.</strong></span> <span class='ocrx_word' id='word_1_537' title='bbox 2835 3500 2956 3539; x_wconf 78' lang='lat' dir='ltr'><strong>nau.</strong></span> <span class='ocrx_word' id='word_1_538' title='bbox 2984 3485 3072 3539; x_wconf 75' lang='lat'><strong>27.</strong></span> <span class='ocrx_word' id='word_1_539' title='bbox 3101 3485 3210 3539; x_wconf 84' lang='lat' dir='ltr'><strong>Nos</strong></span> <span class='ocrx_word' id='word_1_540' title='bbox 3238 3486 3452 3539; x_wconf 78' lang='lat' dir='ltr'><strong>tertiam</strong></span> <span class='ocrx_word' id='word_1_541' title='bbox 3479 3485 3744 3539; x_wconf 84' lang='lat' dir='ltr'><strong>homiliam</strong></span> <span class='ocrx_word' id='word_1_542' title='bbox 3767 3481 3813 3536; x_wconf 88' lang='lat' dir='ltr'><strong>in</strong></span> 
     </span>
    </p>
   </div>
   <div class='ocr_carea' id='block_1_62' title="bbox 553 3481 1588 3558">
    <p class='ocr_par' dir='ltr' id='par_1_62' title="bbox 553 3481 1588 3558">
     <span class='ocr_line' id='line_1_64' title="bbox 553 3481 1588 3558; baseline 0 0"><span class='ocrx_word' id='word_1_543' title='bbox 553 3491 688 3558; x_wconf 55' lang='lat' dir='ltr'><strong>tum:</strong></span> <span class='ocrx_word' id='word_1_544' title='bbox 720 3481 963 3558; x_wconf 62' lang='lat'><strong>“12-938:</strong></span> <span class='ocrx_word' id='word_1_545' title='bbox 991 3482 1082 3558; x_wconf 54' lang='lat'><strong>85.</strong></span> <span class='ocrx_word' id='word_1_546' title='bbox 1115 3481 1440 3558; x_wconf 51' lang='lat' dir='ltr'><strong>Rumina</strong></span> <span class='ocrx_word' id='word_1_547' title='bbox 1468 3500 1588 3558; x_wconf 74' lang='lat' dir='ltr'><strong>pas-</strong></span> 
     </span>
    </p>
   </div>
   <div class='ocr_carea' id='block_1_63' title="bbox 1657 3481 3813 3557">
    <p class='ocr_par' dir='ltr' id='par_1_63' title="bbox 1657 3481 3813 3557">
     <span class='ocr_line' id='line_1_65' title="bbox 1657 3481 3813 3557; baseline 0.001 -20"><span class='ocrx_word' id='word_1_548' title='bbox 1657 3481 1744 3550; x_wconf 72' lang='grc'><strong>20,</strong></span> <span class='ocrx_word' id='word_1_549' title='bbox 1775 3485 2108 3554; x_wconf 85' lang='lat' dir='ltr'><strong>Margarinus</strong></span> <span class='ocrx_word' id='word_1_550' title='bbox 2137 3488 2190 3541; x_wconf 92' lang='lat' dir='ltr'><strong>in</strong></span> <span class='ocrx_word' id='word_1_551' title='bbox 2219 3481 2355 3540; x_wconf 56' lang='lat' dir='ltr'><strong>Bibl:</strong></span> <span class='ocrx_word' id='word_1_552' title='bbox 2386 3485 2528 3557; x_wconf 78' lang='lat' dir='ltr'><strong>Max.</strong></span> <span class='ocrx_word' id='word_1_553' title='bbox 2557 3494 2686 3557; x_wconf 66' lang='lat' dir='ltr'><strong>tom.</strong></span> <span class='ocrx_word' id='word_1_554' title='bbox 2713 3484 2804 3557; x_wconf 72' lang='lat' dir='ltr'><strong>Vl,</strong></span> <span class='ocrx_word' id='word_1_555' title='bbox 2835 3485 3072 3557; x_wconf 19' lang='lat' dir='ltr'><strong>pagum,</strong></span> <span class='ocrx_word' id='word_1_556' title='bbox 3101 3481 3452 3557; x_wconf 41' lang='lat' dir='ltr'><strong>Nos&#39;tertiam</strong></span> <span class='ocrx_word' id='word_1_557' title='bbox 3479 3485 3744 3540; x_wconf 82' lang='lat' dir='ltr'><strong>homiliam</strong></span> <span class='ocrx_word' id='word_1_558' title='bbox 3767 3481 3813 3557; x_wconf 87' lang='lat' dir='ltr'><strong>i_n</strong></span> 
     </span>
    </p>
   </div>
   <div class='ocr_carea' id='block_1_64' title="bbox 553 3551 3812 3626">
    <p class='ocr_par' dir='ltr' id='par_1_64' title="bbox 553 3551 3812 3626">
     <span class='ocr_line' id='line_1_66' title="bbox 553 3551 3812 3626; baseline -0 -19"><span class='ocrx_word' id='word_1_559' title='bbox 553 3551 705 3608; x_wconf 85' lang='lat' dir='ltr'><strong>libris</strong></span> <span class='ocrx_word' id='word_1_560' title='bbox 749 3551 906 3626; x_wconf 79' lang='lat' dir='ltr'><strong>editis</strong></span> <span class='ocrx_word' id='word_1_561' title='bbox 953 3554 1038 3626; x_wconf 89' lang='lat' dir='ltr'><strong>hic</strong></span> <span class='ocrx_word' id='word_1_562' title='bbox 1083 3551 1400 3620; x_wconf 78' lang='lat' dir='ltr'><strong>omittimus,</strong></span> <span class='ocrx_word' id='word_1_563' title='bbox 1434 3551 1660 3626; x_wconf 60' lang='lat' dir='ltr'><strong>eantque</strong></span> <span class='ocrx_word' id='word_1_564' title='bbox 1691 3551 1920 3626; x_wconf 81' lang='lat' dir='ltr'><strong>primum</strong></span> <span class='ocrx_word' id='word_1_565' title='bbox 1968 3557 2107 3612; x_wconf 81' lang='lat' dir='ltr'><strong>inter</strong></span> <span class='ocrx_word' id='word_1_566' title='bbox 2153 3572 2432 3612; x_wconf 88' lang='lat' dir='ltr'><strong>sermones</strong></span> <span class='ocrx_word' id='word_1_567' title='bbox 2471 3556 2538 3611; x_wconf 92' lang='lat' dir='ltr'><strong>de</strong></span> <span class='ocrx_word' id='word_1_568' title='bbox 2587 3551 2852 3626; x_wconf 74' lang='lat' dir='ltr'><strong>Paschate</strong></span> <span class='ocrx_word' id='word_1_569' title='bbox 2895 3551 3301 3626; x_wconf 76' lang='lat' dir='ltr'><strong>collocabimus.</strong></span> <span class='ocrx_word' id='word_1_570' title='bbox 3333 3554 3469 3611; x_wconf 90' lang='lat' dir='ltr'><strong>Cum</strong></span> <span class='ocrx_word' id='word_1_571' title='bbox 3506 3561 3652 3626; x_wconf 84' lang='lat' dir='ltr'><strong>ergo&#39;</strong></span> <span class='ocrx_word' id='word_1_572' title='bbox 3672 3553 3812 3626; x_wconf 84' lang='lat' dir='ltr'><strong>tantis</strong></span> 
     </span>
    </p>
   </div>
   <div class='ocr_carea' id='block_1_65' title="bbox 552 3624 3810 3692">
    <p class='ocr_par' dir='ltr' id='par_1_65' title="bbox 552 3624 3810 3692">
     <span class='ocr_line' id='line_1_67' title="bbox 552 3624 3810 3692; baseline 0.002 -16"><span class='ocrx_word' id='word_1_573' title='bbox 552 3627 772 3692; x_wconf 88' lang='lat' dir='ltr'><strong>tamque</strong></span> <span class='ocrx_word' id='word_1_574' title='bbox 793 3624 1110 3680; x_wconf 87' lang='lat' dir='ltr'><strong>authenticis</strong></span> <span class='ocrx_word' id='word_1_575' title='bbox 1134 3627 1454 3682; x_wconf 89' lang='lat' dir='ltr'><strong>testimoniis</strong></span> <span class='ocrx_word' id='word_1_576' title='bbox 1475 3624 1734 3681; x_wconf 83' lang='lat' dir='ltr'><strong>munitam</strong></span> <span class='ocrx_word' id='word_1_577' title='bbox 1757 3628 1894 3682; x_wconf 87' lang='lat' dir='ltr'><strong>hanc</strong></span> <span class='ocrx_word' id='word_1_578' title='bbox 1915 3627 2188 3682; x_wconf 88' lang='lat' dir='ltr'><strong>homiliam</strong></span> <span class='ocrx_word' id='word_1_579' title='bbox 2217 3627 2530 3686; x_wconf 87' lang='lat' dir='ltr'><strong>habeamus.</strong></span> <span class='ocrx_word' id='word_1_580' title='bbox 2555 3624 2775 3682; x_wconf 88' lang='lat' dir='ltr'><strong>editioni</strong></span> <span class='ocrx_word' id='word_1_581' title='bbox 2795 3625 3016 3683; x_wconf 75' lang='lat' dir='ltr'><strong>Sixtina:</strong></span> <span class='ocrx_word' id='word_1_582' title='bbox 3036 3625 3093 3684; x_wconf 90' lang='lat' dir='ltr'><strong>S.</strong></span> <span class='ocrx_word' id='word_1_583' title='bbox 3118 3626 3384 3683; x_wconf 79' lang='lat' dir='ltr'><strong>Ambrosii</strong></span> <span class='ocrx_word' id='word_1_584' title='bbox 3404 3624 3810 3688; x_wconf 80' lang='lat' dir='ltr'><strong>contradieimus,</strong></span> 
     </span>
    </p>
   </div>
   <div class='ocr_carea' id='block_1_66' title="bbox 553 3693 2578 3766">
    <p class='ocr_par' dir='ltr' id='par_1_66' title="bbox 553 3693 2578 3766">
     <span class='ocr_line' id='line_1_68' title="bbox 553 3693 2578 3766; baseline 0.002 -19"><span class='ocrx_word' id='word_1_585' title='bbox 553 3707 676 3762; x_wconf 63' lang='lat' dir='ltr'><strong>quae</strong></span> <span class='ocrx_word' id='word_1_586' title='bbox 706 3709 852 3748; x_wconf 91' lang='lat' dir='ltr'><strong>num.</strong></span> <span class='ocrx_word' id='word_1_587' title='bbox 884 3693 954 3748; x_wconf 83' lang='lat'><strong>55</strong></span> <span class='ocrx_word' id='word_1_588' title='bbox 982 3695 1126 3751; x_wconf 91' lang='lat' dir='ltr'><strong>illam</strong></span> <span class='ocrx_word' id='word_1_589' title='bbox 1155 3697 1296 3752; x_wconf 88' lang='lat' dir='ltr'><strong>inter</strong></span> <span class='ocrx_word' id='word_1_590' title='bbox 1323 3713 1602 3753; x_wconf 84' lang='lat' dir='ltr'><strong>sermones</strong></span> <span class='ocrx_word' id='word_1_591' title='bbox 1631 3697 1788 3766; x_wconf 87' lang='lat' dir='ltr'><strong>hujus</strong></span> <span class='ocrx_word' id='word_1_592' title='bbox 1815 3700 1984 3753; x_wconf 83' lang='lat' dir='ltr'><strong>sancti</strong></span> <span class='ocrx_word' id='word_1_593' title='bbox 2017 3699 2252 3754; x_wconf 88' lang='lat' dir='ltr'><strong>doctoris</strong></span> <span class='ocrx_word' id='word_1_594' title='bbox 2274 3698 2578 3754; x_wconf 78' lang='lat' dir='ltr'><strong>collocavit.</strong></span> 
     </span>
    </p>
   </div>
   <div class='ocr_carea' id='block_1_67' title="bbox 555 3801 3801 3881">
    <p class='ocr_par' dir='ltr' id='par_1_67' title="bbox 555 3801 3801 3881">
     <span class='ocr_line' id='line_1_69' title="bbox 555 3801 3801 3881; baseline 0 -21"><span class='ocrx_word' id='word_1_595' title='bbox 555 3801 952 3881; x_wconf 47' lang='lat' dir='ltr'><strong>“curramus.</strong></span> <span class='ocrx_word' id='word_1_596' title='bbox 971 3803 1211 3881; x_wconf 34' lang='grc' dir='ltr'><strong>-Αγετᾳ</strong></span> <span class='ocrx_word' id='word_1_597' title='bbox 1255 3805 1667 3881; x_wconf 75' lang='lat' dir='ltr'><strong>Christianorum</strong></span> <span class='ocrx_word' id='word_1_598' title='bbox 1717 3809 2017 3862; x_wconf 77' lang='lat' dir='ltr'><strong>resurrectio</strong></span> <span class='ocrx_word' id='word_1_599' title='bbox 2065 3816 2141 3862; x_wconf 82' lang='lat' dir='ltr'><strong>est</strong></span> <span class='ocrx_word' id='word_1_600' title='bbox 2168 3811 2216 3875; x_wconf 70' lang='grc' dir='ltr'>ο</span> <span class='ocrx_word' id='word_1_601' title='bbox 2243 3807 2532 3864; x_wconf 90' lang='lat' dir='ltr'><strong>Christiani</strong></span> <span class='ocrx_word' id='word_1_602' title='bbox 2581 3822 2774 3878; x_wconf 90' lang='lat' dir='ltr'><strong>corpus</strong></span> <span class='ocrx_word' id='word_1_603' title='bbox 2821 3806 3022 3864; x_wconf 89' lang='lat' dir='ltr'><strong>Christi</strong></span> <span class='ocrx_word' id='word_1_604' title='bbox 3070 3815 3126 3864; x_wconf 92' lang='lat' dir='ltr'><strong>et</strong></span> <span class='ocrx_word' id='word_1_605' title='bbox 3172 3807 3414 3864; x_wconf 89' lang='lat' dir='ltr'><strong>membra</strong></span> <span class='ocrx_word' id='word_1_606' title='bbox 3457 3807 3522 3881; x_wconf 84' lang='grc' dir='ltr'><strong>(Ι</strong></span> <span class='ocrx_word' id='word_1_607' title='bbox 3549 3803 3801 3880; x_wconf 70' lang='lat' dir='ltr'><strong>Cor-.111),</strong></span> 
     </span>
    </p>
   </div>
   <div class='ocr_carea' id='block_1_68' title="bbox 622 3874 2142 3948">
    <p class='ocr_par' dir='ltr' id='par_1_68' title="bbox 622 3874 2142 3948">
     <span class='ocr_line' id='line_1_70' title="bbox 622 3874 2142 3948; baseline 0.003 -20"><span class='ocrx_word' id='word_1_608' title='bbox 622 3874 741 3948; x_wconf 63' lang='lat' dir='ltr'><strong>uitta</strong></span> <span class='ocrx_word' id='word_1_609' title='bbox 767 3876 1004 3948; x_wconf 78' lang='lat' dir='ltr'><strong>mutatio.</strong></span> <span class='ocrx_word' id='word_1_610' title='bbox 1034 3875 1242 3931; x_wconf 78' lang='lat' dir='ltr'><strong>Pascha</strong></span> <span class='ocrx_word' id='word_1_611' title='bbox 1277 3877 1464 3930; x_wconf 86' lang='lat' dir='ltr'><strong>dicitur</strong></span> <span class='ocrx_word' id='word_1_612' title='bbox 1494 3877 1782 3948; x_wconf 77' lang='lat' dir='ltr'><strong>transitus:</strong></span> <span class='ocrx_word' id='word_1_613' title='bbox 1815 3895 1935 3947; x_wconf 84' lang='lat' dir='ltr'><strong>ergo</strong></span> <span class='ocrx_word' id='word_1_614' title='bbox 1968 3897 1998 3932; x_wconf 91' lang='lat' dir='ltr'><strong>a</strong></span> <span class='ocrx_word' id='word_1_615' title='bbox 2023 3895 2142 3948; x_wconf 82' lang='lat' dir='ltr'><strong>pec-</strong></span> 
     </span>
    </p>
   </div>
   <div class='ocr_carea' id='block_1_69' title="bbox 622 3945 2140 4016">
    <p class='ocr_par' dir='ltr' id='par_1_69' title="bbox 622 3945 2140 4016">
     <span class='ocr_line' id='line_1_71' title="bbox 622 3945 2140 4016; baseline 0.003 -18"><span class='ocrx_word' id='word_1_616' title='bbox 622 3945 754 3999; x_wconf 88' lang='lat' dir='ltr'><strong>catis</strong></span> <span class='ocrx_word' id='word_1_617' title='bbox 785 3947 854 3999; x_wconf 86' lang='lat' dir='ltr'><strong>ad</strong></span> <span class='ocrx_word' id='word_1_618' title='bbox 881 3948 1250 4016; x_wconf 62' lang='lat' dir='ltr'><strong>prominentiam,</strong></span> <span class='ocrx_word' id='word_1_619' title='bbox 1280 3964 1313 4000; x_wconf 92' lang='lat' dir='ltr'><strong>a</strong></span> <span class='ocrx_word' id='word_1_620' title='bbox 1343 3948 1480 4001; x_wconf 80' lang='lat' dir='ltr'><strong>vitiis</strong></span> <span class='ocrx_word' id='word_1_621' title='bbox 1509 3949 1578 4001; x_wconf 87' lang='lat' dir='ltr'><strong>ad</strong></span> <span class='ocrx_word' id='word_1_622' title='bbox 1625 3945 1891 4012; x_wconf 70' lang='lat' dir='ltr'><strong>virtutem,</strong></span> <span class='ocrx_word' id='word_1_623' title='bbox 1945 3967 1978 4001; x_wconf 90' lang='lat' dir='ltr'><strong>a</strong></span> <span class='ocrx_word' id='word_1_624' title='bbox 2020 3945 2140 4002; x_wconf 82' lang='lat' dir='ltr'><strong>tan-</strong></span> 
     </span>
    </p>
   </div>
   <div class='ocr_carea' id='block_1_70' title="bbox 622 4017 2141 4138">
    <p class='ocr_par' dir='ltr' id='par_1_70' title="bbox 622 4017 2141 4138">
     <span class='ocr_line' id='line_1_72' title="bbox 622 4017 2141 4138; baseline 0.003 -69"><span class='ocrx_word' id='word_1_625' title='bbox 622 4031 781 4138; x_wconf 57' lang='lat' dir='ltr'><strong>iuore</strong></span> <span class='ocrx_word' id='word_1_626' title='bbox 829 4017 1034 4087; x_wconf 83' lang='lat' dir='ltr'><strong>pietatis</strong></span> <span class='ocrx_word' id='word_1_627' title='bbox 1077 4017 1146 4070; x_wconf 85' lang='lat' dir='ltr'><strong>ad</strong></span> <span class='ocrx_word' id='word_1_628' title='bbox 1193 4017 1460 4088; x_wconf 76' lang='lat' dir='ltr'><strong>religionis</strong></span> <span class='ocrx_word' id='word_1_629' title='bbox 1491 4019 1728 4073; x_wconf 83' lang='lat' dir='ltr'><strong>studium</strong></span> <span class='ocrx_word' id='word_1_630' title='bbox 1773 4035 1826 4072; x_wconf 84' lang='lat' dir='ltr'><strong>se</strong></span> <span class='ocrx_word' id='word_1_631' title='bbox 1867 4023 2141 4092; x_wconf 69' lang='lat' dir='ltr'><strong>conferant</strong></span> 
     </span>
     <span class='ocr_line' id='line_1_73' title="bbox 654 4085 2137 4138; baseline 0 0"><span class='ocrx_word' id='word_1_632' title='bbox 654 4085 926 4138; x_wconf 83' lang='lat' dir='ltr'><strong>&#39;hristiani.</strong></span> <span class='ocrx_word' id='word_1_633' title='bbox 951 4096 1006 4138; x_wconf 82' lang='lat' dir='ltr'><strong>ut</strong></span> <span class='ocrx_word' id='word_1_634' title='bbox 1035 4087 1103 4138; x_wconf 83' lang='lat' dir='ltr'><strong>ad</strong></span> <span class='ocrx_word' id='word_1_635' title='bbox 1122 4088 1564 4138; x_wconf 76' lang='lat' dir='ltr'><strong>immortalitatem</strong></span> <span class='ocrx_word' id='word_1_636' title='bbox 1594 4105 1708 4138; x_wconf 85' lang='lat' dir='ltr'><strong>cum</strong></span> <span class='ocrx_word' id='word_1_637' title='bbox 1734 4087 1939 4138; x_wconf 73' lang='lat' dir='ltr'><strong>Cltrisjo</strong></span> <span class='ocrx_word' id='word_1_638' title='bbox 1967 4107 2137 4138; x_wconf 80' lang='lat' dir='ltr'><strong>resur-</strong></span> 
     </span>
    </p>
   </div>
   <div class='ocr_carea' id='block_1_71' title="bbox 654 4085 2137 4164">
    <p class='ocr_par' dir='ltr' id='par_1_71' title="bbox 654 4085 2137 4164">
     <span class='ocr_line' id='line_1_74' title="bbox 654 4085 2137 4164; baseline 0.004 -26"><span class='ocrx_word' id='word_1_639' title='bbox 654 4085 935 4164; x_wconf 46' lang='lat' dir='ltr'><strong>lhristiani,</strong></span> <span class='ocrx_word' id='word_1_640' title='bbox 951 4096 1006 4141; x_wconf 88' lang='lat' dir='ltr'><strong>ut</strong></span> <span class='ocrx_word' id='word_1_641' title='bbox 1035 4087 1103 4140; x_wconf 84' lang='lat' dir='ltr'><strong>ad</strong></span> <span class='ocrx_word' id='word_1_642' title='bbox 1122 4085 1564 4143; x_wconf 81' lang='lat' dir='ltr'><strong>immortalitatem</strong></span> <span class='ocrx_word' id='word_1_643' title='bbox 1594 4105 1708 4143; x_wconf 85' lang='lat' dir='ltr'><strong>cum</strong></span> <span class='ocrx_word' id='word_1_644' title='bbox 1734 4087 1939 4143; x_wconf 68' lang='lat' dir='ltr'><strong>Chrisio</strong></span> <span class='ocrx_word' id='word_1_645' title='bbox 1966 4085 2137 4144; x_wconf 71' lang='lat' dir='ltr'><strong>resur-</strong></span> 
     </span>
    </p>
   </div>
   <div class='ocr_carea' id='block_1_72' title="bbox 624 4165 774 4228">
    <p class='ocr_par' dir='ltr' id='par_1_72' title="bbox 624 4165 774 4228">
     <span class='ocr_line' id='line_1_75' title="bbox 624 4165 774 4228; baseline 0.02 -19"><span class='ocrx_word' id='word_1_646' title='bbox 624 4165 774 4228; x_wconf 82' lang='lat' dir='ltr'><strong>gant.</strong></span> 
     </span>
    </p>
   </div>
   <div class='ocr_carea' id='block_1_73' title="bbox 623 4247 2142 4318">
    <p class='ocr_par' dir='ltr' id='par_1_73' title="bbox 623 4247 2142 4318">
     <span class='ocr_line' id='line_1_76' title="bbox 623 4247 2142 4318; baseline 0.003 -13"><span class='ocrx_word' id='word_1_647' title='bbox 623 4247 895 4318; x_wconf 80' lang='lat' dir='ltr'><strong>Magnum,</strong></span> <span class='ocrx_word' id='word_1_648' title='bbox 945 4250 1168 4318; x_wconf 84' lang='lat' dir='ltr'><strong>fratres,</strong></span> <span class='ocrx_word' id='word_1_649' title='bbox 1216 4261 1272 4308; x_wconf 90' lang='lat' dir='ltr'><strong>et</strong></span> <span class='ocrx_word' id='word_1_650' title='bbox 1298 4261 1326 4288; x_wconf 80' lang='grc' dir='ltr'>ιι</span> <span class='ocrx_word' id='word_1_651' title='bbox 1354 4253 1598 4310; x_wconf 84' lang='lat' dir='ltr'><strong>mirabile</strong></span> <span class='ocrx_word' id='word_1_652' title='bbox 1644 4255 1844 4310; x_wconf 87' lang='lat' dir='ltr'><strong>donum</strong></span> <span class='ocrx_word' id='word_1_653' title='bbox 1870 4256 2142 4312; x_wconf 81' lang='lat' dir='ltr'><strong>concessit</strong></span> 
     </span>
    </p>
   </div>
   <div class='ocr_carea' id='block_1_74' title="bbox 557 4343 2138 4423">
    <p class='ocr_par' dir='ltr' id='par_1_74' title="bbox 557 4343 2138 4423">
     <span class='ocr_line' id='line_1_77' title="bbox 557 4343 2138 4423; baseline 0.003 -24"><span class='ocrx_word' id='word_1_654' title='bbox 557 4343 713 4399; x_wconf 86' lang='lat' dir='ltr'><strong>nobis</strong></span> <span class='ocrx_word' id='word_1_655' title='bbox 742 4343 902 4410; x_wconf 88' lang='lat' dir='ltr'><strong>Deus,</strong></span> <span class='ocrx_word' id='word_1_656' title='bbox 951 4345 1096 4423; x_wconf 79' lang='lat' dir='ltr'><strong>hunc</strong></span> <span class='ocrx_word' id='word_1_657' title='bbox 1144 4343 1360 4400; x_wconf 65' lang='lat' dir='ltr'><strong>Pascha:</strong></span> <span class='ocrx_word' id='word_1_658' title='bbox 1401 4346 1691 4402; x_wconf 87' lang='lat' dir='ltr'><strong>salutarem</strong></span> <span class='ocrx_word' id='word_1_659' title='bbox 1738 4349 1898 4415; x_wconf 89' lang='lat' dir='ltr'><strong>diem,</strong></span> <span class='ocrx_word' id='word_1_660' title='bbox 1947 4348 2001 4402; x_wconf 93' lang='lat' dir='ltr'><strong>in</strong></span> <span class='ocrx_word' id='word_1_661' title='bbox 2029 4363 2138 4418; x_wconf 91' lang='lat' dir='ltr'><strong>quo</strong></span> 
     </span>
    </p>
   </div>
   <div class='ocr_carea' id='block_1_75' title="bbox 551 4437 2137 4513">
    <p class='ocr_par' dir='ltr' id='par_1_75' title="bbox 551 4437 2137 4513">
     <span class='ocr_line' id='line_1_78' title="bbox 551 4437 2137 4513; baseline 0.006 -24"><span class='ocrx_word' id='word_1_662' title='bbox 551 4447 837 4504; x_wconf 86' lang='lat' dir='ltr'><strong>resurgens</strong></span> <span class='ocrx_word' id='word_1_663' title='bbox 869 4446 892 4472; x_wconf 88' lang='grc' dir='ltr'><strong>ο</strong></span> <span class='ocrx_word' id='word_1_664' title='bbox 924 4437 1186 4493; x_wconf 90' lang='lat' dir='ltr'><strong>Dominus</strong></span> <span class='ocrx_word' id='word_1_665' title='bbox 1224 4440 1674 4496; x_wconf 87' lang='lat' dir='ltr'><strong>resurrectionem</strong></span> <span class='ocrx_word' id='word_1_666' title='bbox 1722 4443 1970 4513; x_wconf 69' lang='lat' dir='ltr'><strong>prmstitit</strong></span> <span class='ocrx_word' id='word_1_667' title='bbox 2018 4443 2137 4498; x_wconf 89' lang='lat' dir='ltr'><strong>uni-</strong></span> 
     </span>
    </p>
   </div>
   <div class='ocr_carea' id='block_1_76' title="bbox 549 4528 2137 4604">
    <p class='ocr_par' dir='ltr' id='par_1_76' title="bbox 549 4528 2137 4604">
     <span class='ocr_line' id='line_1_79' title="bbox 549 4528 2137 4604; baseline 0.004 -21"><span class='ocrx_word' id='word_1_668' title='bbox 549 4528 749 4593; x_wconf 82' lang='lat' dir='ltr'><strong>versis;</strong></span> <span class='ocrx_word' id='word_1_669' title='bbox 793 4537 849 4583; x_wconf 88' lang='lat' dir='ltr'><strong>et</strong></span> <span class='ocrx_word' id='word_1_670' title='bbox 876 4528 942 4584; x_wconf 89' lang='lat' dir='ltr'><strong>de</strong></span> <span class='ocrx_word' id='word_1_671' title='bbox 971 4529 1092 4584; x_wconf 86' lang='lat' dir='ltr'><strong>imis</strong></span> <span class='ocrx_word' id='word_1_672' title='bbox 1128 4529 1195 4584; x_wconf 87' lang='lat' dir='ltr'><strong>ad</strong></span> <span class='ocrx_word' id='word_1_673' title='bbox 1237 4529 1429 4585; x_wconf 87' lang='lat' dir='ltr'><strong>altiora</strong></span> <span class='ocrx_word' id='word_1_674' title='bbox 1458 4534 1844 4601; x_wconf 88' lang='lat' dir='ltr'><strong>conscendens,</strong></span> <span class='ocrx_word' id='word_1_675' title='bbox 1877 4550 1975 4590; x_wconf 91' lang='lat' dir='ltr'><strong>nos</strong></span> <span class='ocrx_word' id='word_1_676' title='bbox 2002 4550 2137 4604; x_wconf 92' lang='lat' dir='ltr'><strong>quo-</strong></span> 
     </span>
    </p>
   </div>
   <div class='ocr_carea' id='block_1_77' title="bbox 545 4608 2135 4696">
    <p class='ocr_par' dir='ltr' id='par_1_77' title="bbox 545 4608 2135 4696">
     <span class='ocr_line' id='line_1_80' title="bbox 545 4608 2135 4696; baseline 0.006 -23"><span class='ocrx_word' id='word_1_677' title='bbox 545 4628 656 4688; x_wconf 83' lang='lat' dir='ltr'><strong>que</strong></span> <span class='ocrx_word' id='word_1_678' title='bbox 683 4618 752 4674; x_wconf 89' lang='lat' dir='ltr'><strong>ad</strong></span> <span class='ocrx_word' id='word_1_679' title='bbox 779 4621 1059 4690; x_wconf 90' lang='lat' dir='ltr'><strong>superiora</strong></span> <span class='ocrx_word' id='word_1_680' title='bbox 1085 4621 1154 4677; x_wconf 90' lang='lat' dir='ltr'><strong>de</strong></span> <span class='ocrx_word' id='word_1_681' title='bbox 1188 4608 1529 4678; x_wconf 76' lang='lat' dir='ltr'><strong>inferioribus</strong></span> <span class='ocrx_word' id='word_1_682' title='bbox 1555 4623 1607 4678; x_wconf 89' lang='lat' dir='ltr'><strong>in</strong></span> <span class='ocrx_word' id='word_1_683' title='bbox 1635 4640 1733 4680; x_wconf 91' lang='lat' dir='ltr'><strong>suo</strong></span> <span class='ocrx_word' id='word_1_684' title='bbox 1761 4641 1988 4696; x_wconf 90' lang='lat' dir='ltr'><strong>corpore</strong></span> <span class='ocrx_word' id='word_1_685' title='bbox 2009 4627 2135 4683; x_wconf 88' lang='lat' dir='ltr'><strong>sub-</strong></span> 
     </span>
    </p>
   </div>
   <div class='ocr_carea' id='block_1_78' title="bbox 545 4707 2135 4788">
    <p class='ocr_par' dir='ltr' id='par_1_78' title="bbox 545 4707 2135 4788">
     <span class='ocr_line' id='line_1_81' title="bbox 545 4707 2135 4788; baseline 0.009 -23"><span class='ocrx_word' id='word_1_686' title='bbox 545 4707 768 4767; x_wconf 85' lang='lat' dir='ltr'><strong>levavit.</strong></span> <span class='ocrx_word' id='word_1_687' title='bbox 808 4711 1005 4769; x_wconf 89' lang='lat' dir='ltr'><strong>Sumus</strong></span> <span class='ocrx_word' id='word_1_688' title='bbox 1052 4716 1195 4770; x_wconf 90' lang='lat' dir='ltr'><strong>enim</strong></span> <span class='ocrx_word' id='word_1_689' title='bbox 1241 4715 1533 4770; x_wconf 89' lang='lat' dir='ltr'><strong>secundum</strong></span> <span class='ocrx_word' id='word_1_690' title='bbox 1579 4718 1894 4788; x_wconf 81' lang='lat' dir='ltr'><strong>Apostolum</strong></span> <span class='ocrx_word' id='word_1_691' title='bbox 1944 4737 2135 4780; x_wconf 91' lang='lat' dir='ltr'><strong>omnes</strong></span> 
     </span>
    </p>
   </div>
   <div class='ocr_carea' id='block_1_79' title="bbox 581 4931 2130 5030">
    <p class='ocr_par' dir='ltr' id='par_1_79' title="bbox 581 4931 2130 5030">
     <span class='ocr_line' id='line_1_82' title="bbox 581 4931 2130 5030; baseline -0.001 0"><span class='ocrx_word' id='word_1_692' title='bbox 672 4931 816 5030; x_wconf 64' lang='lat'><strong>€92:</strong></span> <span class='ocrx_word' id='word_1_693' title='bbox 839 4934 1476 5030; x_wconf 43' lang='grc' dir='ltr'><strong>ἓὲμεεξξῑιιςςίὲἐημὲρτοί</strong></span> <span class='ocrx_word' id='word_1_694' title='bbox 1508 4946 1682 5030; x_wconf 52' lang='lat' dir='ltr'><strong>cdt!&quot;</strong></span> <span class='ocrx_word' id='word_1_695' title='bbox 1708 4945 1842 5030; x_wconf 64' lang='grc' dir='ltr'><em>εἰπερ</em></span> <span class='ocrx_word' id='word_1_696' title='bbox 1873 4954 1924 5030; x_wconf 71' lang='grc' dir='ltr'><strong>σε</strong></span> <span class='ocrx_word' id='word_1_697' title='bbox 1953 4961 2130 5030; x_wconf 55' lang='lat' dir='ltr'><strong>serva</strong></span> 
     </span>
    </p>
   </div>
   <div class='ocr_carea' id='block_1_80' title="bbox 535 5006 2136 5202">
    <p class='ocr_par' dir='ltr' id='par_1_80' title="bbox 535 5006 2136 5202">
     <span class='ocr_line' id='line_1_83' title="bbox 541 5006 2135 5094; baseline 0.009 -36"><span class='ocrx_word' id='word_1_698' title='bbox 541 5006 657 5076; x_wconf 81' lang='lat' dir='ltr'><strong>ejus</strong></span> <span class='ocrx_word' id='word_1_699' title='bbox 683 5006 816 5062; x_wconf 84' lang='lat' dir='ltr'><strong>sicut</strong></span> <span class='ocrx_word' id='word_1_700' title='bbox 835 5006 950 5089; x_wconf 79' lang='lat' dir='ltr'><strong>_dies</strong></span> <span class='ocrx_word' id='word_1_701' title='bbox 1134 5006 1265 5073; x_wconf 80' lang='lat' dir='ltr'><strong>Quis</strong></span> <span class='ocrx_word' id='word_1_702' title='bbox 1284 5006 1459 5067; x_wconf 79' lang='lat' dir='ltr'><strong>autem</strong></span> <span class='ocrx_word' id='word_1_703' title='bbox 1485 5025 1559 5069; x_wconf 89' lang='lat' dir='ltr'><strong>est</strong></span> <span class='ocrx_word' id='word_1_704' title='bbox 1585 5015 1695 5069; x_wconf 83' lang='lat' dir='ltr'><strong>dies</strong></span> <span class='ocrx_word' id='word_1_705' title='bbox 1723 5006 1838 5069; x_wconf 70' lang='lat' dir='ltr'><strong>coeti</strong></span> <span class='ocrx_word' id='word_1_706' title='bbox 1863 5016 1966 5070; x_wconf 86' lang='lat' dir='ltr'><strong>nisi</strong></span> <span class='ocrx_word' id='word_1_707' title='bbox 1986 5015 2135 5072; x_wconf 83' lang='lat' dir='ltr'><strong>Chri-</strong></span> 
     </span>
     <span class='ocr_line' id='line_1_84' title="bbox 535 5075 2136 5202; baseline 0.004 -65"><span class='ocrx_word' id='word_1_708' title='bbox 535 5075 982 5202; x_wconf 42' lang='lat' dir='ltr'><strong>zﬂagauum;</strong></span> <span class='ocrx_word' id='word_1_709' title='bbox 1028 5093 1087 5138; x_wconf 83' lang='lat' dir='ltr'><strong>tu</strong></span> <span class='ocrx_word' id='word_1_710' title='bbox 1130 5089 1291 5150; x_wconf 87' lang='lat' dir='ltr'><strong>quem</strong></span> <span class='ocrx_word' id='word_1_711' title='bbox 1318 5089 1646 5141; x_wconf 83' lang='lat' dir='ltr'><strong>conveniunt</strong></span> <span class='ocrx_word' id='word_1_712' title='bbox 1673 5085 1830 5141; x_wconf 92' lang='lat' dir='ltr'><strong>codd.</strong></span> <span class='ocrx_word' id='word_1_713' title='bbox 1861 5084 2136 5157; x_wconf 89' lang='lat' dir='ltr'><strong>S._Crucis</strong></span> 
     </span>
    </p>
   </div>
   <div class='ocr_carea' id='block_1_81' title="bbox 703 5163 807 5203">
    <p class='ocr_par' dir='ltr' id='par_1_81' title="bbox 703 5163 807 5203">
     <span class='ocr_line' id='line_1_85' title="bbox 703 5163 807 5203; baseline -0.01 0"><span class='ocrx_word' id='word_1_714' title='bbox 703 5163 807 5203; x_wconf 86' lang='lat' dir='ltr'><strong>sm.</strong></span> 
     </span>
    </p>
   </div>
   <div class='ocr_carea' id='block_1_82' title="bbox 583 5214 2131 5304">
    <p class='ocr_par' dir='ltr' id='par_1_82' title="bbox 583 5214 2131 5304">
     <span class='ocr_line' id='line_1_86' title="bbox 583 5214 2131 5304; baseline 0.01 -34"><span class='ocrx_word' id='word_1_715' title='bbox 583 5214 643 5304; x_wconf 36' lang='grc' dir='ltr'><strong>’δ</strong></span> <span class='ocrx_word' id='word_1_716' title='bbox 674 5214 914 5304; x_wconf 61' lang='lat' dir='ltr'><strong>pter-que</strong></span> <span class='ocrx_word' id='word_1_717' title='bbox 938 5221 1062 5278; x_wconf 91' lang='lat' dir='ltr'><strong>cod.</strong></span> <span class='ocrx_word' id='word_1_718' title='bbox 1091 5222 1150 5280; x_wconf 88' lang='lat' dir='ltr'><strong>S.</strong></span> <span class='ocrx_word' id='word_1_719' title='bbox 1181 5223 1369 5304; x_wconf 76' lang='lat' dir='ltr'><strong>crucis</strong></span> <span class='ocrx_word' id='word_1_720' title='bbox 1409 5228 1465 5282; x_wconf 91' lang='lat' dir='ltr'><strong>in</strong></span> <span class='ocrx_word' id='word_1_721' title='bbox 1503 5225 1636 5294; x_wconf 83' lang='lat' dir='ltr'><strong>Jer.,</strong></span> <span class='ocrx_word' id='word_1_722' title='bbox 1668 5234 1724 5281; x_wconf 90' lang='lat' dir='ltr'><strong>et</strong></span> <span class='ocrx_word' id='word_1_723' title='bbox 1745 5225 1994 5283; x_wconf 90' lang='lat' dir='ltr'><strong>Casinen.</strong></span> <span class='ocrx_word' id='word_1_724' title='bbox 2031 5243 2131 5299; x_wconf 91' lang='lat' dir='ltr'><strong>pro</strong></span> 
     </span>
    </p>
   </div>
   <div class='ocr_carea' id='block_1_83' title="bbox 539 5286 1024 5359">
    <p class='ocr_par' dir='ltr' id='par_1_83' title="bbox 539 5286 1024 5359">
     <span class='ocr_line' id='line_1_87' title="bbox 539 5286 1024 5359; baseline 0.021 -20"><span class='ocrx_word' id='word_1_725' title='bbox 539 5286 651 5344; x_wconf 79' lang='lat' dir='ltr'><strong>dies</strong></span> <span class='ocrx_word' id='word_1_726' title='bbox 681 5288 811 5359; x_wconf 83' lang='lat' dir='ltr'><strong>legit</strong></span> <span class='ocrx_word' id='word_1_727' title='bbox 823 5286 1024 5348; x_wconf 67' lang='lat' dir='ltr'><strong>lumen.</strong></span> 
     </span>
    </p>
   </div>
   <div class='ocr_carea' id='block_1_84' title="bbox 617 5358 1216 5429">
    <p class='ocr_par' dir='ltr' id='par_1_84' title="bbox 617 5358 1216 5429">
     <span class='ocr_line' id='line_1_88' title="bbox 617 5358 1216 5429; baseline 0.008 -14"><span class='ocrx_word' id='word_1_728' title='bbox 617 5368 639 5429; x_wconf 66' lang='grc' dir='ltr'>ς</span> <span class='ocrx_word' id='word_1_729' title='bbox 835 5361 984 5429; x_wconf 77' lang='lat' dir='ltr'><strong>Vat.,</strong></span> <span class='ocrx_word' id='word_1_730' title='bbox 1007 5367 1216 5420; x_wconf 77' lang='lat' dir='ltr'><strong>emicat.</strong></span> 
     </span>
    </p>
   </div>
   <div class='ocr_carea' id='block_1_85' title="bbox 609 5425 1659 5500">
    <p class='ocr_par' dir='ltr' id='par_1_85' title="bbox 609 5425 1659 5500">
     <span class='ocr_line' id='line_1_89' title="bbox 609 5425 1659 5500; baseline 0.005 -15"><span class='ocrx_word' id='word_1_731' title='bbox 609 5425 639 5467; x_wconf 70' lang='grc' dir='ltr'><strong><em>ἀ</em></strong></span> <span class='ocrx_word' id='word_1_732' title='bbox 667 5428 800 5500; x_wconf 87' lang='lat' dir='ltr'><strong>Cod.</strong></span> <span class='ocrx_word' id='word_1_733' title='bbox 831 5425 1112 5500; x_wconf 84' lang='lat' dir='ltr'><strong>Laurent.,</strong></span> <span class='ocrx_word' id='word_1_734' title='bbox 1139 5437 1311 5490; x_wconf 85' lang='lat' dir='ltr'><strong>radiat</strong></span> <span class='ocrx_word' id='word_1_735' title='bbox 1337 5447 1388 5490; x_wconf 88' lang='lat' dir='ltr'><strong>et</strong></span> <span class='ocrx_word' id='word_1_736' title='bbox 1406 5448 1659 5492; x_wconf 85' lang='lat' dir='ltr'><strong>coruscat.</strong></span> 
     </span>
    </p>
   </div>
   <div class='ocr_carea' id='block_1_86' title="bbox 613 5499 2065 5579">
    <p class='ocr_par' dir='ltr' id='par_1_86' title="bbox 613 5499 2065 5579">
     <span class='ocr_line' id='line_1_90' title="bbox 613 5499 2065 5579; baseline 0.007 -24"><span class='ocrx_word' id='word_1_737' title='bbox 613 5510 638 5579; x_wconf 67' lang='grc' dir='ltr'><strong>ξ</strong></span> <span class='ocrx_word' id='word_1_738' title='bbox 667 5499 802 5579; x_wconf 67' lang='lat' dir='ltr'><strong>Cod.</strong></span> <span class='ocrx_word' id='word_1_739' title='bbox 831 5502 1069 5579; x_wconf 33' lang='lat' dir='ltr'><strong>{lautitia</strong></span> <span class='ocrx_word' id='word_1_740' title='bbox 1085 5499 1165 5579; x_wconf 81' lang='lat' dir='ltr'><strong>_I_n</strong></span> <span class='ocrx_word' id='word_1_741' title='bbox 1195 5509 1564 5579; x_wconf 84' lang='lat' dir='ltr'><strong>resurrectione</strong></span> <span class='ocrx_word' id='word_1_742' title='bbox 1588 5523 1709 5579; x_wconf 77' lang='lat' dir='ltr'><strong>ergo</strong></span> <span class='ocrx_word' id='word_1_743' title='bbox 1734 5523 1830 5566; x_wconf 77' lang='lat' dir='ltr'><strong>sua</strong></span> <span class='ocrx_word' id='word_1_744' title='bbox 1858 5511 2065 5568; x_wconf 76' lang='lat' dir='ltr'><strong>Christi.</strong></span> 
     </span>
    </p>
   </div>
   <div class='ocr_carea' id='block_1_87' title="bbox 607 5567 1692 5648">
    <p class='ocr_par' dir='ltr' id='par_1_87' title="bbox 607 5567 1692 5648">
     <span class='ocr_line' id='line_1_91' title="bbox 607 5567 1692 5648; baseline 0.008 -22"><span class='ocrx_word' id='word_1_745' title='bbox 607 5567 635 5620; x_wconf 73' lang='grc'><strong><em>1</em></strong></span> <span class='ocrx_word' id='word_1_746' title='bbox 832 5572 1027 5648; x_wconf 85' lang='lat' dir='ltr'><strong>Casin._</strong></span> <span class='ocrx_word' id='word_1_747' title='bbox 1047 5567 1170 5639; x_wconf 68' lang='grc'><strong>125,</strong></span> <span class='ocrx_word' id='word_1_748' title='bbox 1200 5584 1258 5628; x_wconf 91' lang='lat' dir='ltr'><strong>ut</strong></span> <span class='ocrx_word' id='word_1_749' title='bbox 1283 5578 1433 5648; x_wconf 81' lang='lat' dir='ltr'><strong>cujus</strong></span> <span class='ocrx_word' id='word_1_750' title='bbox 1459 5567 1692 5635; x_wconf 63' lang='lat' dir='ltr'><strong>mortem.</strong></span> 
     </span>
    </p>
   </div>
   <div class='ocr_carea' id='block_1_88' title="bbox 537 5641 1316 5714">
    <p class='ocr_par' dir='ltr' id='par_1_88' title="bbox 537 5641 1316 5714">
     <span class='ocr_line' id='line_1_92' title="bbox 537 5641 1316 5714; baseline 0 -12"><span class='ocrx_word' id='word_1_751' title='bbox 537 5674 540 5678; x_wconf 89' lang='lat'><strong><em>-</em></strong></span> <span class='ocrx_word' id='word_1_752' title='bbox 601 5662 628 5702; x_wconf 88' lang='lat' dir='ltr'><strong>s</strong></span> <span class='ocrx_word' id='word_1_753' title='bbox 669 5641 908 5714; x_wconf 83' lang='lat' dir='ltr'><strong>Uterque</strong></span> <span class='ocrx_word' id='word_1_754' title='bbox 929 5645 1074 5711; x_wconf 91' lang='lat' dir='ltr'><strong>cod.,</strong></span> <span class='ocrx_word' id='word_1_755' title='bbox 1103 5655 1316 5702; x_wconf 86' lang='lat' dir='ltr'><strong>mentes.</strong></span> 
     </span>
    </p>
   </div>
   <div class='ocr_carea' id='block_1_89' title="bbox 599 5713 1556 5788">
    <p class='ocr_par' dir='ltr' id='par_1_89' title="bbox 599 5713 1556 5788">
     <span class='ocr_line' id='line_1_93' title="bbox 599 5713 1556 5788; baseline 0.016 -26"><span class='ocrx_word' id='word_1_756' title='bbox 599 5729 630 5762; x_wconf 82' lang='grc' dir='ltr'><strong>ιι</strong></span> <span class='ocrx_word' id='word_1_757' title='bbox 659 5713 802 5780; x_wconf 68' lang='lat' dir='ltr'><strong>cod.</strong></span> <span class='ocrx_word' id='word_1_758' title='bbox 833 5713 1014 5773; x_wconf 78' lang='lat' dir='ltr'><strong>Casio.</strong></span> <span class='ocrx_word' id='word_1_759' title='bbox 1044 5717 1161 5785; x_wconf 89' lang='lat' dir='ltr'><strong>cit.,</strong></span> <span class='ocrx_word' id='word_1_760' title='bbox 1193 5715 1556 5788; x_wconf 57' lang='lat' dir='ltr'><strong>reprcunt”.</strong></span> 
     </span>
    </p>
   </div>
   <div class='ocr_carea' id='block_1_90' title="bbox 2155 5405 2210 5468">
    <p class='ocr_par' dir='ltr' id='par_1_90' title="bbox 2155 5405 2210 5468">
     <span class='ocr_line' id='line_1_94' title="bbox 2155 5405 2210 5468; baseline 0 0"><span class='ocrx_word' id='word_1_761' title='bbox 2155 5405 2210 5468; x_wconf 88' lang='lat' dir='ltr'><strong>D</strong></span> 
     </span>
    </p>
   </div>
   <div class='ocr_carea' id='block_1_91' title="bbox 2246 3899 3805 3970">
    <p class='ocr_par' dir='ltr' id='par_1_91' title="bbox 2246 3899 3805 3970">
     <span class='ocr_line' id='line_1_95' title="bbox 2246 3899 3805 3970; baseline -0.001 -17"><span class='ocrx_word' id='word_1_762' title='bbox 2246 3908 2560 3970; x_wconf 87' lang='lat' dir='ltr'><strong>resurgente</strong></span> <span class='ocrx_word' id='word_1_763' title='bbox 2607 3900 2768 3970; x_wconf 91' lang='lat' dir='ltr'><strong>igitur</strong></span> <span class='ocrx_word' id='word_1_764' title='bbox 2810 3899 3024 3955; x_wconf 90' lang='lat' dir='ltr'><strong>Christo</strong></span> <span class='ocrx_word' id='word_1_765' title='bbox 3053 3901 3236 3959; x_wconf 90' lang='lat' dir='ltr'><strong>omnia</strong></span> <span class='ocrx_word' id='word_1_766' title='bbox 3283 3901 3590 3957; x_wconf 88' lang='lat' dir='ltr'><strong>necessario</strong></span> <span class='ocrx_word' id='word_1_767' title='bbox 3617 3915 3726 3956; x_wconf 88' lang='lat' dir='ltr'><strong>cum</strong></span> <span class='ocrx_word' id='word_1_768' title='bbox 3750 3912 3805 3953; x_wconf 85' lang='lat' dir='ltr'><strong>eo</strong></span> 
     </span>
    </p>
   </div>
   <div class='ocr_carea' id='block_1_92' title="bbox 2244 3988 3803 4048">
    <p class='ocr_par' dir='ltr' id='par_1_92' title="bbox 2244 3988 3803 4048">
     <span class='ocr_line' id='line_1_96' title="bbox 2244 3988 3803 4048; baseline -0.003 -2"><span class='ocrx_word' id='word_1_769' title='bbox 2244 4005 2340 4046; x_wconf 87' lang='lat' dir='ltr'><strong>sua</strong></span> <span class='ocrx_word' id='word_1_770' title='bbox 2369 3992 2577 4047; x_wconf 88' lang='lat' dir='ltr'><strong>viscera</strong></span> <span class='ocrx_word' id='word_1_771' title='bbox 2605 3999 2974 4048; x_wconf 82' lang='lat' dir='ltr'><strong>surrexerunt.</strong></span> <span class='ocrx_word' id='word_1_772' title='bbox 3027 3990 3161 4046; x_wconf 90' lang='lat' dir='ltr'><strong>Dum</strong></span> <span class='ocrx_word' id='word_1_773' title='bbox 3209 3992 3354 4048; x_wconf 90' lang='lat' dir='ltr'><strong>enim</strong></span> <span class='ocrx_word' id='word_1_774' title='bbox 3399 3991 3491 4047; x_wconf 91' lang='lat' dir='ltr'><strong>ille</strong></span> <span class='ocrx_word' id='word_1_775' title='bbox 3538 3992 3605 4047; x_wconf 91' lang='lat' dir='ltr'><strong>ab</strong></span> <span class='ocrx_word' id='word_1_776' title='bbox 3648 3988 3803 4046; x_wconf 83' lang='lat' dir='ltr'><strong>inferis</strong></span> 
     </span>
    </p>
   </div>
   <div class='ocr_carea' id='block_1_93' title="bbox 2245 4079 3801 4155">
    <p class='ocr_par' dir='ltr' id='par_1_93' title="bbox 2245 4079 3801 4155">
     <span class='ocr_line' id='line_1_97' title="bbox 2245 4079 3801 4155; baseline -0.002 -19"><span class='ocrx_word' id='word_1_777' title='bbox 2245 4083 2438 4137; x_wconf 87' lang='lat' dir='ltr'><strong>transit</strong></span> <span class='ocrx_word' id='word_1_778' title='bbox 2463 4083 2530 4137; x_wconf 91' lang='lat' dir='ltr'><strong>ad</strong></span> <span class='ocrx_word' id='word_1_779' title='bbox 2555 4099 2814 4155; x_wconf 88' lang='lat' dir='ltr'><strong>superos,</strong></span> <span class='ocrx_word' id='word_1_780' title='bbox 2857 4099 2958 4140; x_wconf 92' lang='lat' dir='ltr'><strong>nos</strong></span> <span class='ocrx_word' id='word_1_781' title='bbox 3009 4083 3077 4139; x_wconf 90' lang='lat' dir='ltr'><strong>dc</strong></span> <span class='ocrx_word' id='word_1_782' title='bbox 3131 4091 3308 4140; x_wconf 90' lang='lat' dir='ltr'><strong>morte</strong></span> <span class='ocrx_word' id='word_1_783' title='bbox 3353 4084 3584 4138; x_wconf 89' lang='lat' dir='ltr'><strong>transire</strong></span> <span class='ocrx_word' id='word_1_784' title='bbox 3612 4082 3726 4138; x_wconf 89' lang='lat' dir='ltr'><strong>fecit</strong></span> <span class='ocrx_word' id='word_1_785' title='bbox 3749 4079 3801 4134; x_wconf 89' lang='lat' dir='ltr'><strong>ad</strong></span> 
     </span>
    </p>
   </div>
   <div class='ocr_carea' id='block_1_94' title="bbox 2241 4171 3799 4248">
    <p class='ocr_par' dir='ltr' id='par_1_94' title="bbox 2241 4171 3799 4248">
     <span class='ocr_line' id='line_1_98' title="bbox 2241 4171 3799 4248; baseline -0.002 -21"><span class='ocrx_word' id='word_1_786' title='bbox 2241 4173 2428 4230; x_wconf 90' lang='lat' dir='ltr'><strong>vitam.</strong></span> <span class='ocrx_word' id='word_1_787' title='bbox 2457 4172 2661 4231; x_wconf 88' lang='lat' dir='ltr'><strong>Pascha</strong></span> <span class='ocrx_word' id='word_1_788' title='bbox 2688 4175 2843 4248; x_wconf 78' lang='lat'><strong>183</strong></span> <span class='ocrx_word' id='word_1_789' title='bbox 2865 4175 3007 4231; x_wconf 90' lang='lat' dir='ltr'><strong>enim</strong></span> <span class='ocrx_word' id='word_1_790' title='bbox 3036 4171 3304 4231; x_wconf 85' lang='lat' dir='ltr'><strong>Hebraiee</strong></span> <span class='ocrx_word' id='word_1_791' title='bbox 3329 4174 3589 4237; x_wconf 83' lang='lat' dir='ltr'><strong>transitus</strong></span> <span class='ocrx_word' id='word_1_792' title='bbox 3617 4173 3799 4236; x_wconf 86' lang='lat' dir='ltr'><strong>dicitur,</strong></span> 
     </span>
    </p>
   </div>
   <div class='ocr_carea' id='block_1_95' title="bbox 2223 4259 3802 4339">
    <p class='ocr_par' dir='ltr' id='par_1_95' title="bbox 2223 4259 3802 4339">
     <span class='ocr_line' id='line_1_99' title="bbox 2223 4259 3802 4339; baseline -0.001 -17"><span class='ocrx_word' id='word_1_793' title='bbox 2223 4261 2330 4323; x_wconf 58' lang='lat' dir='ltr'><strong>&#39;vel</strong></span> <span class='ocrx_word' id='word_1_794' title='bbox 2360 4267 2650 4338; x_wconf 87' lang='lat' dir='ltr'><strong>profectus,</strong></span> <span class='ocrx_word' id='word_1_795' title='bbox 2682 4269 2887 4325; x_wconf 88' lang='lat' dir='ltr'><strong>scilicet</strong></span> <span class='ocrx_word' id='word_1_796' title='bbox 2914 4270 3039 4339; x_wconf 89' lang='lat' dir='ltr'><strong>quia</strong></span> <span class='ocrx_word' id='word_1_797' title='bbox 3070 4283 3165 4339; x_wconf 91' lang='lat' dir='ltr'><strong>per</strong></span> <span class='ocrx_word' id='word_1_798' title='bbox 3205 4267 3311 4324; x_wconf 89' lang='lat' dir='ltr'><strong>hoc</strong></span> <span class='ocrx_word' id='word_1_799' title='bbox 3351 4269 3663 4338; x_wconf 84' lang='lat' dir='ltr'><strong>mysterium</strong></span> <span class='ocrx_word' id='word_1_800' title='bbox 3689 4275 3712 4315; x_wconf 79' lang='grc' dir='ltr'><strong>ιι</strong></span> <span class='ocrx_word' id='word_1_801' title='bbox 3748 4259 3802 4316; x_wconf 85' lang='lat' dir='ltr'><strong>de</strong></span> 
     </span>
    </p>
   </div>
   <div class='ocr_carea' id='block_1_96' title="bbox 2246 4354 3804 4431">
    <p class='ocr_par' dir='ltr' id='par_1_96' title="bbox 2246 4354 3804 4431">
     <span class='ocr_line' id='line_1_100' title="bbox 2246 4354 3804 4431; baseline -0.002 -17"><span class='ocrx_word' id='word_1_802' title='bbox 2246 4359 2516 4431; x_wconf 89' lang='lat' dir='ltr'><strong>pejoribus</strong></span> <span class='ocrx_word' id='word_1_803' title='bbox 2551 4360 2618 4416; x_wconf 90' lang='lat' dir='ltr'><strong>ad</strong></span> <span class='ocrx_word' id='word_1_804' title='bbox 2645 4361 2868 4416; x_wconf 89' lang='lat' dir='ltr'><strong>meliora</strong></span> <span class='ocrx_word' id='word_1_805' title='bbox 2899 4361 3176 4415; x_wconf 87' lang='lat' dir='ltr'><strong>transitur.</strong></span> <span class='ocrx_word' id='word_1_806' title='bbox 3216 4357 3397 4415; x_wconf 90' lang='lat' dir='ltr'><strong>Bonus</strong></span> <span class='ocrx_word' id='word_1_807' title='bbox 3418 4367 3446 4410; x_wconf 73' lang='grc' dir='ltr'><strong>ιι</strong></span> <span class='ocrx_word' id='word_1_808' title='bbox 3467 4354 3804 4415; x_wconf 75' lang='lat' dir='ltr'><strong>transitus‘est</strong></span> 
     </span>
    </p>
   </div>
   <div class='ocr_carea' id='block_1_97' title="bbox 2243 4449 3799 4523">
    <p class='ocr_par' dir='ltr' id='par_1_97' title="bbox 2243 4449 3799 4523">
     <span class='ocr_line' id='line_1_101' title="bbox 2243 4449 3799 4523; baseline 0.003 -18"><span class='ocrx_word' id='word_1_809' title='bbox 2243 4451 2473 4506; x_wconf 89' lang='lat' dir='ltr'><strong>transire</strong></span> <span class='ocrx_word' id='word_1_810' title='bbox 2495 4452 2561 4507; x_wconf 90' lang='lat' dir='ltr'><strong>de</strong></span> <span class='ocrx_word' id='word_1_811' title='bbox 2582 4453 2817 4523; x_wconf 89' lang='lat' dir='ltr'><strong>peccatis</strong></span> <span class='ocrx_word' id='word_1_812' title='bbox 2840 4453 2906 4507; x_wconf 91' lang='lat' dir='ltr'><strong>ad</strong></span> <span class='ocrx_word' id='word_1_813' title='bbox 2930 4449 3214 4523; x_wconf 90' lang='lat' dir='ltr'><strong>justitiam,</strong></span> <span class='ocrx_word' id='word_1_814' title='bbox 3237 4451 3304 4506; x_wconf 92' lang='lat' dir='ltr'><strong>de</strong></span> <span class='ocrx_word' id='word_1_815' title='bbox 3327 4451 3468 4506; x_wconf 91' lang='lat' dir='ltr'><strong>vitiis</strong></span> <span class='ocrx_word' id='word_1_816' title='bbox 3494 4451 3562 4506; x_wconf 91' lang='lat' dir='ltr'><strong>ad</strong></span> <span class='ocrx_word' id='word_1_817' title='bbox 3583 4452 3799 4510; x_wconf 65' lang='lat' dir='ltr'><strong>virtutes.</strong></span> 
     </span>
    </p>
   </div>
   <div class='ocr_carea' id='block_1_98' title="bbox 2243 4539 3799 4609">
    <p class='ocr_par' dir='ltr' id='par_1_98' title="bbox 2243 4539 3799 4609">
     <span class='ocr_line' id='line_1_102' title="bbox 2243 4539 3799 4609; baseline 0.002 -14"><span class='ocrx_word' id='word_1_818' title='bbox 2243 4540 2307 4596; x_wconf 89' lang='lat' dir='ltr'><strong>ad</strong></span> <span class='ocrx_word' id='word_1_819' title='bbox 2339 4541 2616 4597; x_wconf 80' lang='lat' dir='ltr'><strong>infantiam</strong></span> <span class='ocrx_word' id='word_1_820' title='bbox 2638 4542 2705 4598; x_wconf 91' lang='lat' dir='ltr'><strong>de</strong></span> <span class='ocrx_word' id='word_1_821' title='bbox 2731 4551 3035 4609; x_wconf 84' lang='lat' dir='ltr'><strong>senectute;</strong></span> <span class='ocrx_word' id='word_1_822' title='bbox 3073 4541 3351 4598; x_wconf 87' lang='lat' dir='ltr'><strong>infantiam</strong></span> <span class='ocrx_word' id='word_1_823' title='bbox 3371 4551 3553 4598; x_wconf 91' lang='lat' dir='ltr'><strong>autem</strong></span> <span class='ocrx_word' id='word_1_824' title='bbox 3579 4539 3799 4606; x_wconf 82' lang='lat' dir='ltr'><strong>dixerim,</strong></span> 
     </span>
    </p>
   </div>
   <div class='ocr_carea' id='block_1_99' title="bbox 2241 4633 3800 4716">
    <p class='ocr_par' dir='ltr' id='par_1_99' title="bbox 2241 4633 3800 4716">
     <span class='ocr_line' id='line_1_103' title="bbox 2241 4633 3800 4716; baseline 0.001 -28"><span class='ocrx_word' id='word_1_825' title='bbox 2241 4648 2351 4689; x_wconf 90' lang='lat' dir='ltr'><strong>non</strong></span> <span class='ocrx_word' id='word_1_826' title='bbox 2378 4635 2551 4689; x_wconf 67' lang='lat' dir='ltr'><strong>anatis</strong></span> <span class='ocrx_word' id='word_1_827' title='bbox 2567 4675 2580 4701; x_wconf 94' lang='lat'><strong>,</strong></span> <span class='ocrx_word' id='word_1_828' title='bbox 2624 4635 2718 4690; x_wconf 91' lang='lat' dir='ltr'><strong>sed</strong></span> <span class='ocrx_word' id='word_1_829' title='bbox 2745 4634 3129 4706; x_wconf 89' lang='lat' dir='ltr'><strong>simplicitatis;</strong></span> <span class='ocrx_word' id='word_1_830' title='bbox 3163 4635 3364 4691; x_wconf 87' lang='lat' dir='ltr'><strong>habent</strong></span> <span class='ocrx_word' id='word_1_831' title='bbox 3391 4635 3534 4691; x_wconf 88' lang='lat' dir='ltr'><strong>enim</strong></span> <span class='ocrx_word' id='word_1_832' title='bbox 3563 4643 3618 4692; x_wconf 91' lang='lat' dir='ltr'><strong>et</strong></span> <span class='ocrx_word' id='word_1_833' title='bbox 3636 4633 3800 4716; x_wconf 76' lang='lat' dir='ltr'><strong>merita</strong></span> 
     </span>
    </p>
   </div>
   <div class='ocr_carea' id='block_1_100' title="bbox 2237 4727 3803 4800">
    <p class='ocr_par' dir='ltr' id='par_1_100' title="bbox 2237 4727 3803 4800">
     <span class='ocr_line' id='line_1_104' title="bbox 2237 4727 3803 4800; baseline 0.002 -19"><span class='ocrx_word' id='word_1_834' title='bbox 2237 4733 2424 4782; x_wconf 67' lang='lat' dir='ltr'><strong>aetates</strong></span> <span class='ocrx_word' id='word_1_835' title='bbox 2452 4742 2592 4795; x_wconf 89' lang='lat' dir='ltr'><strong>suas,</strong></span> <span class='ocrx_word' id='word_1_836' title='bbox 2624 4727 2681 4782; x_wconf 90' lang='lat' dir='ltr'><strong>in</strong></span> <span class='ocrx_word' id='word_1_837' title='bbox 2708 4727 2944 4785; x_wconf 89' lang='lat' dir='ltr'><strong>occiduis</strong></span> <span class='ocrx_word' id='word_1_838' title='bbox 2965 4729 3108 4784; x_wconf 91' lang='lat' dir='ltr'><strong>enim</strong></span> <span class='ocrx_word' id='word_1_839' title='bbox 3141 4729 3290 4800; x_wconf 88' lang='lat' dir='ltr'><strong>prius</strong></span> <span class='ocrx_word' id='word_1_840' title='bbox 3309 4729 3585 4786; x_wconf 86' lang='lat' dir='ltr'><strong>constituti</strong></span> <span class='ocrx_word' id='word_1_841' title='bbox 3613 4741 3803 4787; x_wconf 83' lang='lat' dir='ltr'><strong>eramus</strong></span> 
     </span>
    </p>
   </div>
   <div class='ocr_carea' id='block_1_101' title="bbox 2317 4937 3799 5034">
    <p class='ocr_par' dir='ltr' id='par_1_101' title="bbox 2317 4937 3799 5034">
     <span class='ocr_line' id='line_1_105' title="bbox 2317 4937 3799 5034; baseline -0.011 -8"><span class='ocrx_word' id='word_1_842' title='bbox 2317 4937 2608 5034; x_wconf 48' lang='lat' dir='ltr'><strong>{,Uiﬁﬂl‘lé</strong></span> <span class='ocrx_word' id='word_1_843' title='bbox 2635 4952 2756 5034; x_wconf 71' lang='grc' dir='ltr'><strong>θρὰ.</strong></span> <span class='ocrx_word' id='word_1_844' title='bbox 2788 4951 2934 5034; x_wconf 65' lang='lat' dir='ltr'><strong>Yat.,</strong></span> <span class='ocrx_word' id='word_1_845' title='bbox 2976 4954 3035 5010; x_wconf 88' lang='lat' dir='ltr'><strong>S.</strong></span> <span class='ocrx_word' id='word_1_846' title='bbox 3083 4955 3272 5014; x_wconf 90' lang='lat' dir='ltr'><strong>Crueis</strong></span> <span class='ocrx_word' id='word_1_847' title='bbox 3309 4954 3799 5034; x_wconf 50' lang='lat' dir='ltr'><strong>in_.ler;,_Casineu.</strong></span> 
     </span>
    </p>
   </div>
   <div class='ocr_carea' id='block_1_102' title="bbox 2237 5019 3706 5101">
    <p class='ocr_par' dir='ltr' id='par_1_102' title="bbox 2237 5019 3706 5101">
     <span class='ocr_line' id='line_1_106' title="bbox 2237 5019 3706 5101; baseline 0.005 -27"><span class='ocrx_word' id='word_1_848' title='bbox 2237 5027 2292 5074; x_wconf 88' lang='lat' dir='ltr'><strong>et</strong></span> <span class='ocrx_word' id='word_1_849' title='bbox 2318 5019 2628 5101; x_wconf 51' lang='lat' dir='ltr'><strong>Martinam,</strong></span> <span class='ocrx_word' id='word_1_850' title='bbox 2656 5024 2809 5101; x_wconf 54' lang='lat' dir='ltr'><strong>apud</strong></span> <span class='ocrx_word' id='word_1_851' title='bbox 2831 5019 3044 5101; x_wconf 71' lang='lat' dir='ltr'><strong>superos</strong></span> <span class='ocrx_word' id='word_1_852' title='bbox 3063 5045 3186 5101; x_wconf 69' lang='lat' dir='ltr'><strong>ergo</strong></span> <span class='ocrx_word' id='word_1_853' title='bbox 3214 5029 3466 5100; x_wconf 70' lang='lat' dir='ltr'><strong>cruciﬂxo</strong></span> <span class='ocrx_word' id='word_1_854' title='bbox 3488 5019 3706 5086; x_wconf 75' lang='lat' dir='ltr'><strong>Christo.</strong></span> 
     </span>
    </p>
   </div>
   <div class='ocr_carea' id='block_1_103' title="bbox 2315 5091 3343 5164">
    <p class='ocr_par' dir='ltr' id='par_1_103' title="bbox 2315 5091 3343 5164">
     <span class='ocr_line' id='line_1_107' title="bbox 2315 5091 3343 5164; baseline 0.006 -18"><span class='ocrx_word' id='word_1_855' title='bbox 2315 5091 2326 5164; x_wconf 85' lang='lat' dir='ltr'><strong>_i</strong></span> <span class='ocrx_word' id='word_1_856' title='bbox 2366 5091 2498 5164; x_wconf 81' lang='lat' dir='ltr'><strong>Cod.</strong></span> <span class='ocrx_word' id='word_1_857' title='bbox 2530 5091 2814 5164; x_wconf 58' lang='lat' dir='ltr'><strong>Martinen.</strong></span> <span class='ocrx_word' id='word_1_858' title='bbox 2847 5091 3048 5152; x_wconf 82' lang='lat' dir='ltr'><strong>omittit</strong></span> <span class='ocrx_word' id='word_1_859' title='bbox 3079 5091 3343 5164; x_wconf 67' lang='lat' dir='ltr'><strong>Quamvis.</strong></span> 
     </span>
    </p>
   </div>
   <div class='ocr_carea' id='block_1_104' title="bbox 2309 5159 2966 5228">
    <p class='ocr_par' dir='ltr' id='par_1_104' title="bbox 2309 5159 2966 5228">
     <span class='ocr_line' id='line_1_108' title="bbox 2309 5159 2966 5228; baseline 0.006 -10"><span class='ocrx_word' id='word_1_860' title='bbox 2309 5159 2333 5199; x_wconf 73' lang='grc' dir='ltr'>ἰ</span> <span class='ocrx_word' id='word_1_861' title='bbox 2363 5161 2496 5218; x_wconf 92' lang='lat' dir='ltr'><strong>Cod.</strong></span> <span class='ocrx_word' id='word_1_862' title='bbox 2529 5162 2776 5228; x_wconf 84' lang='lat' dir='ltr'><strong>Martin.,</strong></span> <span class='ocrx_word' id='word_1_863' title='bbox 2805 5165 2966 5224; x_wconf 76' lang='lat' dir='ltr'><strong>illius.</strong></span> 
     </span>
    </p>
   </div>
   <div class='ocr_carea' id='block_1_105' title="bbox 2314 5230 2965 5310">
    <p class='ocr_par' dir='ltr' id='par_1_105' title="bbox 2314 5230 2965 5310">
     <span class='ocr_line' id='line_1_109' title="bbox 2314 5230 2965 5310; baseline 0.006 -21"><span class='ocrx_word' id='word_1_864' title='bbox 2314 5230 2330 5271; x_wconf 80' lang='grc' dir='ltr'>ι</span> <span class='ocrx_word' id='word_1_865' title='bbox 2365 5232 2510 5310; x_wconf 87' lang='lat' dir='ltr'><strong>l_d_em</strong></span> <span class='ocrx_word' id='word_1_866' title='bbox 2539 5235 2683 5310; x_wconf 79' lang='lat' dir='ltr'><strong>cod.,</strong></span> <span class='ocrx_word' id='word_1_867' title='bbox 2710 5248 2965 5310; x_wconf 69' lang='lat' dir='ltr'><strong>resurget.</strong></span> 
     </span>
    </p>
   </div>
   <div class='ocr_carea' id='block_1_106' title="bbox 2305 5303 3447 5378">
    <p class='ocr_par' dir='ltr' id='par_1_106' title="bbox 2305 5303 3447 5378">
     <span class='ocr_line' id='line_1_110' title="bbox 2305 5303 3447 5378; baseline 0.009 -20"><span class='ocrx_word' id='word_1_868' title='bbox 2305 5312 2342 5342; x_wconf 73' lang='grc' dir='ltr'><strong>ιη</strong></span> <span class='ocrx_word' id='word_1_869' title='bbox 2374 5303 2944 5378; x_wconf 62' lang='lat' dir='ltr'><strong>lde_m_cod.4951,&#39;et</strong></span> <span class='ocrx_word' id='word_1_870' title='bbox 2970 5308 3209 5378; x_wconf 78' lang='lat' dir='ltr'><strong>Martin.,</strong></span> <span class='ocrx_word' id='word_1_871' title='bbox 3241 5309 3447 5368; x_wconf 75' lang='lat' dir='ltr'><strong>tribuet.</strong></span> 
     </span>
    </p>
   </div>
   <div class='ocr_carea' id='block_1_107' title="bbox 2305 5373 3118 5444">
    <p class='ocr_par' dir='ltr' id='par_1_107' title="bbox 2305 5373 3118 5444">
     <span class='ocr_line' id='line_1_111' title="bbox 2305 5373 3118 5444; baseline 0.007 -15"><span class='ocrx_word' id='word_1_872' title='bbox 2305 5382 2332 5410; x_wconf 81' lang='grc' dir='ltr'><strong>ιι</strong></span> <span class='ocrx_word' id='word_1_873' title='bbox 2362 5374 2495 5444; x_wconf 91' lang='lat' dir='ltr'><strong>Cod.</strong></span> <span class='ocrx_word' id='word_1_874' title='bbox 2526 5373 2763 5444; x_wconf 82' lang='lat' dir='ltr'><strong>Martin.,</strong></span> <span class='ocrx_word' id='word_1_875' title='bbox 2789 5378 3118 5435; x_wconf 81' lang='lat' dir='ltr'><strong>admirabile.</strong></span> 
     </span>
    </p>
   </div>
   <div class='ocr_carea' id='block_1_108' title="bbox 2305 5443 3391 5523">
    <p class='ocr_par' dir='ltr' id='par_1_108' title="bbox 2305 5443 3391 5523">
     <span class='ocr_line' id='line_1_112' title="bbox 2305 5443 3391 5523; baseline 0.008 -24"><span class='ocrx_word' id='word_1_876' title='bbox 2305 5454 2330 5480; x_wconf 88' lang='grc' dir='ltr'><strong>ο</strong></span> <span class='ocrx_word' id='word_1_877' title='bbox 2524 5443 2796 5523; x_wconf 54' lang='lat' dir='ltr'><strong>Ambros,</strong></span> <span class='ocrx_word' id='word_1_878' title='bbox 2829 5466 3098 5523; x_wconf 83' lang='lat' dir='ltr'><strong>resurgens</strong></span> <span class='ocrx_word' id='word_1_879' title='bbox 3133 5450 3391 5523; x_wconf 76' lang='lat' dir='ltr'><strong>Christus.</strong></span> 
     </span>
    </p>
   </div>
   <div class='ocr_carea' id='block_1_109' title="bbox 2300 5515 3798 5597">
    <p class='ocr_par' dir='ltr' id='par_1_109' title="bbox 2300 5515 3798 5597">
     <span class='ocr_line' id='line_1_113' title="bbox 2300 5515 3798 5597; baseline 0.006 -32"><span class='ocrx_word' id='word_1_880' title='bbox 2300 5526 2328 5565; x_wconf 83' lang='lat' dir='ltr'><strong>r</strong></span> <span class='ocrx_word' id='word_1_881' title='bbox 2353 5515 2502 5597; x_wconf 77' lang='lat' dir='ltr'><strong>idem</strong></span> <span class='ocrx_word' id='word_1_882' title='bbox 2530 5518 2652 5574; x_wconf 91' lang='lat' dir='ltr'><strong>cod.</strong></span> <span class='ocrx_word' id='word_1_883' title='bbox 2683 5515 2943 5597; x_wconf 66' lang='lat' dir='ltr'><strong>Laurent.</strong></span> <span class='ocrx_word' id='word_1_884' title='bbox 2971 5515 3024 5597; x_wconf 68' lang='grc' dir='ltr'><strong>ῖς,</strong></span> <span class='ocrx_word' id='word_1_885' title='bbox 3069 5530 3124 5578; x_wconf 89' lang='lat' dir='ltr'><strong>et</strong></span> <span class='ocrx_word' id='word_1_886' title='bbox 3140 5522 3426 5597; x_wconf 79' lang='lat' dir='ltr'><strong>_Ambros.,</strong></span> <span class='ocrx_word' id='word_1_887' title='bbox 3457 5524 3580 5597; x_wconf 82' lang='lat' dir='ltr'><strong>quia</strong></span> <span class='ocrx_word' id='word_1_888' title='bbox 3603 5537 3689 5595; x_wconf 82' lang='lat' dir='ltr'><strong>per</strong></span> <span class='ocrx_word' id='word_1_889' title='bbox 3712 5519 3798 5575; x_wconf 73' lang='lat' dir='ltr'><strong>hoc</strong></span> 
     </span>
    </p>
   </div>
   <div class='ocr_carea' id='block_1_110' title="bbox 2225 5589 3520 5739">
    <p class='ocr_par' dir='ltr' id='par_1_110' title="bbox 2225 5589 3520 5739">
     <span class='ocr_line' id='line_1_114' title="bbox 2225 5589 3484 5660; baseline 0.006 -18"><span class='ocrx_word' id='word_1_890' title='bbox 2225 5589 2526 5660; x_wconf 74' lang='lat' dir='ltr'><strong>mysterium</strong></span> <span class='ocrx_word' id='word_1_891' title='bbox 2555 5605 2704 5646; x_wconf 86' lang='lat' dir='ltr'><strong>resur</strong></span> <span class='ocrx_word' id='word_1_892' title='bbox 2739 5600 2856 5646; x_wconf 89' lang='lat' dir='ltr'><strong>ente</strong></span> <span class='ocrx_word' id='word_1_893' title='bbox 2879 5589 3082 5649; x_wconf 75' lang='lat' dir='ltr'><strong>Christo</strong></span> <span class='ocrx_word' id='word_1_894' title='bbox 3114 5592 3180 5648; x_wconf 81' lang='lat' dir='ltr'><strong><em>de</em></strong></span> <span class='ocrx_word' id='word_1_895' title='bbox 3221 5601 3327 5650; x_wconf 86' lang='lat' dir='ltr'><strong>etc.</strong></span> <span class='ocrx_word' id='word_1_896' title='bbox 3412 5589 3420 5592; x_wconf 51' lang='grc'>⁷</span> <span class='ocrx_word' id='word_1_897' title='bbox 3468 5589 3484 5597; x_wconf 86' lang='grc'><em>’</em></span> 
     </span>
     <span class='ocr_line' id='line_1_115' title="bbox 2297 5608 3520 5739; baseline 0.011 -29"><span class='ocrx_word' id='word_1_898' title='bbox 2297 5667 2326 5710; x_wconf 77' lang='grc' dir='ltr'><strong>ει</strong></span> <span class='ocrx_word' id='word_1_899' title='bbox 2351 5657 2484 5716; x_wconf 78' lang='lat' dir='ltr'><strong>Cod.</strong></span> <span class='ocrx_word' id='word_1_900' title='bbox 2507 5658 2579 5715; x_wconf 83' lang='lat'><strong>90</strong></span> <span class='ocrx_word' id='word_1_901' title='bbox 2604 5657 2665 5717; x_wconf 91' lang='lat' dir='ltr'><strong>s.</strong></span> <span class='ocrx_word' id='word_1_902' title='bbox 2905 5663 2960 5720; x_wconf 90' lang='lat' dir='ltr'><strong>in</strong></span> <span class='ocrx_word' id='word_1_903' title='bbox 2985 5658 3122 5731; x_wconf 74' lang='lat' dir='ltr'><strong>Jer.,</strong></span> <span class='ocrx_word' id='word_1_904' title='bbox 3155 5631 3332 5721; x_wconf 74' lang='lat' dir='ltr'><strong>tiam</strong></span> <span class='ocrx_word' id='word_1_905' title='bbox 3355 5664 3520 5739; x_wconf 53' lang='lat' dir='ltr'><strong>tam</strong></span> 
     </span>
    </p>
   </div>
   <div class='ocr_carea' id='block_1_111' title="bbox 2469 5699 3539 5731">
    <p class='ocr_par' dir='ltr' id='par_1_111' title="bbox 2469 5699 3539 5731">
     <span class='ocr_line' id='line_1_116' title="bbox 2469 5699 3539 5731; baseline 0.007 -16"><span class='ocrx_word' id='word_1_906' title='bbox 2469 5699 2484 5715; x_wconf 80' lang='grc' dir='ltr'><strong><em>ο</em></strong></span> <span class='ocrx_word' id='word_1_907' title='bbox 2511 5699 2576 5715; x_wconf 78' lang='lat' dir='ltr'><strong>vv</strong></span> <span class='ocrx_word' id='word_1_908' title='bbox 2605 5699 2665 5717; x_wconf 74' lang='grc' dir='ltr'><strong>νο</strong></span> <span class='ocrx_word' id='word_1_909' title='bbox 2696 5699 2881 5719; x_wconf 68' lang='lat' dir='ltr'><strong>VII-\-</strong></span> <span class='ocrx_word' id='word_1_910' title='bbox 2905 5699 2960 5720; x_wconf 80' lang='lat' dir='ltr'><strong>III</strong></span> <span class='ocrx_word' id='word_1_911' title='bbox 2985 5699 3122 5731; x_wconf 69' lang='lat' dir='ltr'><strong>Wls,</strong></span> <span class='ocrx_word' id='word_1_912' title='bbox 3155 5699 3331 5721; x_wconf 63' lang='lat' dir='ltr'><strong>&quot;IIII.</strong></span> <span class='ocrx_word' id='word_1_913' title='bbox 3357 5699 3539 5731; x_wconf 63' lang='grc' dir='ltr'><strong>’νουσιν</strong></span> 
     </span>
    </p>
   </div>
  </div>
