4040 6324
209 308 305 366 369

1520 303 1798 360 llOMILlA
1835 305 1967 362 LXI.

3335 308 3440 365 370

206 400 477 477 dummodo
504 417 831 486 sepulturam
859 415 1120 486 pullulare
1159 415 1426 470 elementa
1460 416 1618 486 188
1643 430 1761 470 om-
1788 420 1841 478 Α
1866 418 2018 474 duxit
2045 420 2110 474 ad
2141 421 2330 476 altiora
2359 423 2644 493 captivum,
2677 427 2814 482 sicut
2841 426 3093 496 scriptum
3124 433 3207 479 est
3235 423 3286 478 in
3316 439 3442 494 pro-

206 511 287 566 nia
327 507 668 570 festinarunt,
718 514 807 568 ut,
858 513 1169 574 resurgente
1223 505 1490 569 Domino,
1543 515 1598 559 et
1653 507 1764 575 ipsa

205 603 591 664 consurgerent.
625 595 758 649 Nam
800 595 985 664 utique
1024 610 1090 649 ex
1138 596 1533 650 resurrectione
1571 593 1768 649 Christi

205 702 293 742 aer
326 685 585 739 salubrior
629 692 729 750 est,
764 693 788 720 ιι
819 685 902 740 sol
929 685 1224 749 candidior,
1274 695 1416 739 terra
1450 682 1762 740 fecundior:

206 795 272 834 ex
310 792 373 832 eo
406 775 648 830 surculus
675 777 867 831 crescit
908 777 960 830 in
1005 775 1267 838 fruticem,
1302 777 1469 834 herba
1497 776 1688 832 crescit
1716 778 1770 832 in

205 876 446 937 segetem,
479 867 632 921 vinea
673 867 914 937 pubescit
960 868 1011 921 in
1051 869 1341 937 palmitem.
1372 869 1427 922 Si
1461 871 1623 937 igitur
1649 886 1770 926 cum

208 957 487 1014 reﬂorescit
514 954 715 1012 Christi
752 974 898 1023 caro,
941 959 1120 1014 omnia
1163 960 1382 1037 ﬂoribus
1424 963 1767 1016 vestiuntur:

207 1065 413 1106 necesse
440 1060 540 1112 est,
567 1058 624 1104 et
651 1065 769 1104 cum
813 1053 952 1106 idem
988 1051 1218 1106 fructum
1261 1052 1434 1117 all‘ert,
1463 1055 1623 1108 etiam
1656 1055 1775 1110 uni-

205 1156 348 1198 versa
374 1141 712 1206 fructificent,
743 1143 882 1198 sicut
903 1145 978 1198 ait
1001 1144 1139 1200 idetn
1171 1145 1428 1202 Dominus
1461 1168 1472 1200 :
1507 1148 1627 1204 Nisi
1647 1167 1772 1221 gra-

207 1252 320 1290 num
345 1235 504 1288 tritici
541 1235 730 1290 cadens
777 1238 830 1291 in
873 1247 1063 1292 terram
1110 1250 1365 1295 mortuum
1404 1243 1578 1312 fuerit,
1607 1244 1774 1311 ipsum

205 1328 357 1383 solum
375 1335 582 1392 manet;
613 1345 727 1382 cum
756 1338 924 1384 autem
952 1341 1208 1387 mortuum
1235 1336 1406 1405 fuerit,
1430 1336 1644 1388 multum
1665 1337 1776 1406 fru-

205 1426 330 1473 ctum
348 1418 502 1488 affert
524 1417 702 1490 (Ioan.
729 1421 843 1491 xu).
878 1417 1138 1478 Reﬂoruit
1175 1426 1336 1493 igitur
1360 1425 1634 1491 Dominus,
1651 1443 1773 1482 cum

203 1509 484 1564 resurrexit
511 1525 544 1566 e
577 1510 813 1575 tumulo;
846 1511 872 1550 δ
911 1514 1215 1578 fructificat,
1256 1532 1376 1570 cum
1428 1518 1668 1573 ascendit
1709 1518 1776 1572 ad

206 1601 405 1658 calum.
440 1600 566 1657 Flos
593 1611 694 1666 est,
718 1618 838 1659 cum
869 1604 936 1659 de
964 1605 1304 1662 inferioribus
1329 1617 1483 1663 terrae
1511 1610 1774 1677 gignitur;

204 1692 395 1749 fructus
421 1701 528 1759 est,
559 1708 680 1748 cum
720 1694 976 1750 altissima
1017 1696 1144 1751 sede
1183 1697 1508 1752 reconditur.
1541 1698 1776 1764 Granum

1869 513 2031 583 pheta
2057 513 2390 578 :Ascendens
2430 516 2485 567 in
2523 515 2684 570 altum
2713 513 2966 586 captivam
2992 517 3138 570 duxit
3167 516 3440 585 captivita-

1871 615 1996 670 tem,
2029 605 2170 658 dedit
2213 605 2345 659 bona
2386 605 2676 660 hominibus
2709 607 2876 677 (Psal.
2903 589 3089 672 'vau;
3120 606 3308 677 Ephes.
3344 604 3439 675 tv).

1871 700 1999 765 Quae
2027 699 2289 753 sententia
2322 699 2503 767 utique
2532 700 2609 754 sic
2650 699 2978 768 intelligitur,
3011 715 3075 755 eo
3105 699 3248 769 quod
3274 699 3445 768 capti-

1870 791 2091 845 vitatem
2131 789 2389 854 hominis,
2437 806 2598 859 quem
2644 790 2746 845 sibi
2785 792 3029 847 diabolus
3056 791 3442 861 captivaverat,

1874 882 1948 935 illi
1977 881 2215 936 eruenda
2249 881 2348 935 sibi
2378 880 2634 936 Dominus
2663 883 2974 951 captivarit,
3005 890 3058 937 et
3088 882 3448 952 ipsam,‘sicut

1873 973 1969 1038 ait,
2000 973 2362 1042 captivitatem
2393 982 2417 1020 ε
2448 960 2659 1042 captam
2698 972 2764 1027 ad
2793 973 3050 1029 caelorum
3079 974 3185 1027 alta
3213 974 3447 1029 sustule-

1874 1063 1962 1117 rit.
2016 1062 2251 1132 Utraque
2288 1063 2446 1130 igitur
2481 1063 2764 1132 captivitas
2803 1078 2909 1118 uno
2948 1064 3210 1119 vocabulo
3238 1079 3448 1118 nuncu-

1875 1162 2053 1224 patur,
2092 1153 2184 1208 sed
2213 1170 2323 1209 non
2355 1152 2380 1190 δ
2418 1153 2637 1225 :equalis
2665 1161 2890 1222 utraque
2917 1161 3018 1209 est.
3069 1153 3276 1208 Diaboli
3304 1154 3447 1208 enim

1875 1246 2158 1316 captivitas
2198 1246 2440 1300 servituti
2470 1245 2709 1314 subjicit,
2741 1244 2938 1300 Christi
2968 1253 3147 1300 autem
3169 1245 3451 1314 captivitas

1876 1338 2110 1392 restituit
2146 1337 2159 1375 ί
2196 1337 2445 1392 libertati.
2486 1338 2496 1386 i
2536 1337 2800 1401 Ascendit,
2833 1336 3033 1406 inquit,
3063 1337 3116 1388 in
3141 1335 3333 1399 altum;
3358 1353 3448 1389 ca-

1835 1497 1840 1502 .
1877 1433 2067 1502 ptivarn
2109 1430 2258 1484 duxit
2303 1430 2670 1499 captivitatem.
2731 1427 2899 1494 Quam
2945 1427 3084 1482 bene
3128 1426 3453 1496 triumphum

1878 1521 2089 1577 Domini
2135 1521 2394 1590 propheta
2439 1519 2711 1574 describit.
2744 1517 2984 1592 Solebat,
3022 1517 3178 1589 190
3205 1516 3343 1571 sicut
3369 1514 3452 1570 di-

1879 1621 2046 1676 cunt,
2113 1626 2336 1679 regnum
2394 1609 2836 1679 triumphantium
2889 1623 3076 1663 currus
3122 1607 3454 1677 captivorum

1883 1717 2072 1773 pompa
2103 1700 2444 1771 praacedere-z
2485 1715 2609 1756 ecce
2631 1700 2912 1756 Dominum
2942 1707 3158 1755 euntem
3192 1698 3262 1752 ad
3291 1698 3457 1755 melos

204 1791 296 1852 est,
325 1784 460 1840 sicut
494 1784 608 1855 ipse
651 1784 744 1849 ait,
785 1801 906 1842 cum
951 1787 1098 1842 solus
1138 1803 1351 1844 crucem
1399 1787 1624 1858 patitur,
1666 1788 1769 1844 fru-
1809 1797 1857 1859 Β
1885 1809 1991 1848 non
2023 1790 2290 1863 praecedit,
2322 1790 2414 1846 sed
2444 1790 2728 1846 comitatur
2755 1789 2988 1858 gloriosa
3016 1789 3316 1859 captittitas,
3348 1803 3458 1843 non

204 1884 313 1933 ctus
337 1882 440 1940 est,
487 1891 611 1932 cum
649 1877 877 1948 plurima
923 1879 1288 1958 apostolorum
1333 1882 1645 1937 credulitate
1677 1882 1780 1937 cir-

202 1967 498 2024 cumdatur.
547 1966 642 2023 His
694 1970 837 2024 enim
882 1978 1005 2040 post
1050 1974 1500 2027 resurrectionem
1550 1973 1782 2042 quadra-

201 2058 337 2127 ginta
363 2058 560 2114 diebus
595 2075 717 2115 cum
743 2059 1016 2130 discipulis
1062 2072 1409 2118 conversatus
1428 2106 1442 2130 ,
1468 2075 1489 2102 ο
1522 2073 1633 2118 tota
1665 2063 1784 2118 illos

199 2151 473 2222 sapientia:
516 2152 826 2207 maturitate
855 2152 1092 2219 edocuit,
1134 2161 1190 2208 et
1229 2155 1296 2209 ad
1343 2155 1536 2210 bonam
1579 2156 1780 2223 frugem

200 2258 290 2299 eos
326 2243 481 2300 omni
526 2242 928 2313 disciplinarum
972 2244 1300 2300 fecunditate
1347 2246 1631 2300 convertit.
1685 2247 1785 2300 De-

200 2332 316 2388 inde
365 2333 617 2389 ascendit
661 2331 730 2388 ad
779 2333 995 2400 caelum,
1051 2334 1118 2388 ad
1161 2320 1372 2389 Patrem
1418 2336 1624 2392 scilicet
1676 2335 1785 2390 fru-

197 2433 335 2481 ctum
382 2425 568 2481 carnis
631 2423 656 2461 ά
725 2424 1050 2496 praeferens,
1121 2427 1173 2479 in
1239 2426 1510 2497 discipulis
1567 2427 1785 2495 justitiae

197 2521 395 2574 semina
458 2518 860 2588 derelinquens.
931 2519 1186 2573 Ascendit
1243 2533 1370 2588 ergo
1440 2519 1506 2574 ad
1570 2518 1785 2575 Patrem

201 2608 473 2665 Dominus.
554 2607 794 2664 Meminit
865 2611 1123 2666 sanctitas
1173 2619 1347 2665 vestra
1397 2609 1542 2680 quod
1594 2612 1786 2681 aquila:

202 2703 353 2773 189
383 2702 461 2756 illi
491 2701 560 2756 de
588 2701 842 2772 psalterio
863 2743 877 2766 ,
910 2702 1064 2772 cujus
1097 2703 1404 2758 innovatam
1443 2702 1780 2771 juventutem

196 2793 444 2862 legimus,
485 2793 909 2862 comparaverim
949 2791 1318 2859 SalvatOrcm;
1352 2803 1433 2849 est
1453 2795 1595 2849 enim
1626 2793 1777 2848 simi-

196 2884 358 2940 litudo
388 2901 506 2940 non
531 2899 693 2955 parva
723 2903 734 2936 :
774 2884 910 2940 sicut
939 2885 1079 2940 enim
1111 2886 1286 2956 aquila
1316 2887 1535 2942 humilia
1565 2886 1782 2953 deserit,

196 2974 296 3030 alta
325 2976 490 3046 petit,
525 2983 548 3012 ο
587 2977 600 2994 ⁶
624 2974 792 3030 caelos
828 2974 1001 3029 vicina
1041 2977 1380 3032 conscendit:
1417 2978 1489 3032 ita
1517 2985 1570 3032 et
1598 2976 1785 3032 Salva-

197 3075 278 3120 tor
305 3066 538 3121 humilia
568 3065 760 3120 inferni
791 3065 1046 3132 deseruit,
1077 3066 1308 3136 paradisi
1337 3068 1526 3122 altiora
1554 3069 1708 3138 petiit
1731 3069 1782 3132 ⁶;

1884 1893 2010 1939 ante
2035 1883 2335 1938 vehiculum
2365 1881 2596 1946 ducitur,
2627 1879 2722 1936 sed
2753 1881 2868 1951 ipsa
2897 1881 3079 1936 evehit
3100 1880 3457 1936 Salvatorem.

1884 1973 2125 2041 Quodam
2148 1973 2291 2027 enim
2321 1971 2598 2042 mysterio,
2626 1970 2753 2024 dum
2783 1969 2948 2024 Filius
2975 1970 3071 2025 Dei
3094 1969 3258 2024 filium
3286 1967 3459 2022 homi-

1888 2068 1968 2118 nis
1996 2063 2018 2100 ¹ί
2050 2063 2262 2118 sustulit
2287 2060 2353 2116 ad
2381 2061 2572 2116 caelum
2593 2100 2608 2125 ,
2643 2061 2756 2130 ipsa
2811 2061 3094 2130 captivitas
3121 2067 3365 2132 portatur
3405 2064 3462 2112 et

1885 2161 2084 2226 portat.
2117 2153 2270 2220 Quod
2294 2161 2472 2206 autem
2500 2153 2575 2205 ait
2599 2169 2610 2204 :
2655 2150 2811 2205 Dedit
2839 2152 2977 2205 dona
3007 2149 3320 2213 hominibus,
3356 2149 3460 2204 hoc

1886 2245 2106 2302 victoris
2161 2245 2366 2312 insigne
2412 2251 2524 2308 est;
2573 2250 2696 2312 post
2735 2243 3060 2312 triumphum
3103 2242 3242 2295 enim
3290 2240 3462 2294 victor

1885 2352 2098 2406 semper
2121 2335 2261 2391 dona
2292 2335 2532 2403 largitur,
2565 2341 2620 2388 et
2648 2335 2868 2404 proprio
2896 2348 3064 2402 regno
3093 2331 3333 2388 residens
3357 2347 3464 2385 ser-

1887 2429 2131 2484 vulorum
2176 2427 2365 2496 gaudia
2413 2419 2740 2481 muneratur.
2792 2424 2881 2480 Sic
2925 2424 3169 2479 Christus
3207 2422 3464 2477 Dominus

1893 2518 1908 2557 ¹
1944 2520 2266 2575 diabolicum
2298 2527 2420 2590 post
2457 2517 2787 2588 triumphum
2830 2516 3068 2571 residens
3090 2515 3158 2569 ad
3185 2515 3465 2570 dexteram

1890 2611 2060 2666 Patris
2090 2610 2346 2665 hodierna
2375 2609 2463 2665 die
2497 2608 2771 2678 discipulis
2798 2607 2940 2662 dona
2968 2605 3188 2674 largitus
3216 2614 3326 2670 est,
3355 2620 3464 2659 non

1887 2705 2003 2760 auri
2031 2692 2250 2767 talenta,
2281 2718 2388 2758 non
2419 2701 2626 2770 argenti
2654 2699 2890 2762 metalla,
2921 2697 3015 2753 sed
3043 2696 3272 2767 Spiritus
3293 2695 3465 2750 sancti

1887 2777 2125 2854 ccclestia
2153 2812 2374 2852 munera
2397 2837 2412 2859 ,
2456 2802 2513 2848 ut
2559 2795 2700 2848 inter
2734 2800 2957 2847 caeteras
2992 2791 3192 2860 gratias
3221 2788 3466 2858 Apostoli

1888 2891 2050 2946 etiam
2079 2890 2272 2958 linguis
2301 2889 2464 2944 variis
2484 2887 2861 2955 loquerentur;
2894 2884 2997 2940 hoc
3016 2892 3118 2950 est,
3141 2891 3200 2938 ut
3229 2882 3466 2938 llebmue

1889 2982 2122 3038 nationis
2167 2982 2328 3036 homo
2389 2980 2589 3036 Christi
2637 2979 2860 3047 gloriam
2906 2977 3160 3032 Romante
3206 2975 3467 3031 facundiae

1889 3074 2194 3143 eloquentia
2225 3079 2553 3144 pertonaret,
2587 3080 2640 3126 et
2666 3070 3087 3140 redemptionem
3116 3069 3326 3136 generis
3362 3068 3466 3122 hu-

192 3156 450 3213 cwlorum
470 3156 1664 3228 fastigiapenetravit:etsicutaquila,relictis
1683 3169 1853 3234 ter—C
1886 3166 2030 3220 mani
2075 3164 2366 3234 peregrinae
2417 3176 2592 3228 aures,
2635 3170 2674 3197 πι
2722 3161 2846 3230 quia
2901 3159 3080 3214 Judzea
3144 3158 3469 3228 prtedicante

195 3249 338 3304 renis
359 3249 638 3314 sordibus,
669 3248 687 3287 ί
715 3251 937 3306 sublime
977 3251 1183 3315 volans,
1226 3253 1454 3321 purioris
1476 3254 1614 3308 aeris
1648 3253 1791 3308 salu-

192 3338 388 3396 britate
403 3340 732 3412 perfruitur;
764 3341 838 3396 ita
865 3349 919 3396 et
941 3341 1198 3398 Dominus
1243 3350 1577 3398 terrenorum
1607 3344 1788 3398 fzccem

190 3430 453 3488 deserens
482 3441 856 3501 peccatorum,
891 3433 942 3486 in
971 3434 1170 3488 sanctis
1208 3435 1318 3489 suis
1345 3435 1577 3490 volitans
1606 3435 1788 3505 purio-

193 3521 266 3577 ris
294 3523 424 3578 vitte
451 3523 796 3593 simplicitate
823 3524 1049 3579 laetatur.
1084 3524 1189 3580 Per
1208 3527 1387 3581 omnia
1415 3527 1576 3594 igitur
1596 3526 1785 3595 aquila:

191 3614 538 3684 comparatio
585 3615 836 3670 convenit
882 3614 1169 3670 Salvatori.
1236 3615 1343 3670 Sed
1382 3617 1509 3686 quid
1537 3615 1779 3681 facimus,

192 3705 334 3774 quod
384 3707 573 3776 aquila
621 3707 854 3776 prtedam
899 3706 1211 3777 frequenter
1256 3708 1464 3776 diripit,
1511 3707 1650 3762 tollit
1678 3706 1781 3762 fre-

189 3808 433 3869 quenter
484 3801 758 3856 alienum?
797 3799 905 3854 Nec
948 3801 1001 3853 in
1048 3801 1152 3854 hoc
1194 3807 1375 3854 tamen
1406 3799 1677 3853 dissimilis
1703 3807 1788 3854 est

187 3889 453 3947 Salvator
480 3909 493 3944 :
541 3890 774 3960 przedam
805 3890 946 3944 enim
976 3889 1372 3959 quodammodo
1401 3891 1633 3954 sustulit,
1665 3906 1786 3944 cum

182 3979 477 4037 hominem
502 4020 517 4045 ,
559 3994 720 4048 quem
760 3980 1022 4049 suscepit,
1057 3978 1249 4035 inferni
1281 3988 1493 4049 raptum
1524 3980 1782 4044 faucibus,

181 4074 438 4144 portavit
489 4070 559 4127 ad
607 4071 830 4138 ccelum,
873 4079 932 4126 ut
963 4072 1150 4128 alienae
1189 4073 1598 4138 dominationis,
1631 4073 1681 4129 id
1703 4081 1786 4128 est

179 4165 488 4224 diabolicae
527 4165 810 4236 potestatis
849 4179 1058 4221 servum
1101 4167 1168 4221 de
1211 4166 1521 4236 captivitate
1549 4176 1778 4232 erutum,

1898 3258 2076 3323 lingua
2099 3271 2206 3309 non
2236 3262 2526 3323 caperent,
2560 3251 2774 3321 propria
2805 3251 3018 3320 loquela
3060 3255 3466 3317 cognoscerent.

1893 3347 2080 3402 Omnis
2111 3347 2287 3414 lingua
2335 3345 2390 3399 in
2437 3343 2813 3414 pradicatione
2848 3341 3046 3394 Christi
3073 3339 3376 3399 resolvitur,
3411 3344 3472 3390 ut

1893 3437 2232 3506 majestatem
2260 3435 2375 3504 ejus
2403 3433 2576 3488 omnis
2604 3431 2815 3500 loquela
2848 3430 3094 3491 fateatur,
3136 3428 3273 3481 sicut
3305 3427 3380 3480 ait
3407 3425 3466 3480 S.

1891 3527 2096 3583 David:
2130 3524 2254 3580 Non
2297 3534 2415 3579 sunt
2457 3523 2668 3595 loquela:
2691 3564 2704 3587 ,
2754 3538 2916 3593 neque
2949 3535 3232 3583 sermones,
3257 3533 3471 3589 quorum

1889 3639 1993 3676 non
2013 3621 2292 3674 audiantur
2313 3634 2456 3672 voces
2479 3630 2656 3671 eorum
2679 3614 2849 3686 (Psal.
2877 3615 3046 3682 xvut).
3066 3620 3093 3648 η
3110 3609 3185 3665 Ne
3205 3608 3473 3664 miremini

1889 3718 2066 3764 autem
2130 3707 2272 3778 quod
2308 3706 2374 3761 ad
2423 3706 2700 3760 dexteram
2747 3704 2922 3758 Patris
2967 3701 3202 3757 residere
3237 3699 3471 3753 diximus

1891 3798 2113 3863 Filium;
2157 3797 2222 3852 ad
2260 3797 2538 3851 dexteram
2579 3795 2721 3849 enim
2750 3793 2966 3859 residet,
3000 3807 3106 3847 non
3136 3791 3261 3859 quia
3300 3787 3473 3857 major

1889 3889 2071 3956 Patre,
2105 3899 2129 3927 ο
2159 3889 2254 3945 sed
2294 3905 2361 3945 ne
2397 3889 2574 3944 minor
2608 3903 2726 3943 esse
2766 3887 3042 3950 credatur;
3073 3884 3206 3938 sicut
3236 3879 3472 3935 hmretici

1889 3982 2258 4052 blasphemare
2298 3980 2719 4046 consueverunt;
2751 3980 2889 4035 sicut
2915 3978 3057 4032 enim
3087 3974 3346 4029 Divinitas
3367 3971 3469 4026 ho-

1887 4074 2234 4129 noriticentite
2290 4072 2513 4142 gradum
2561 4071 2770 4137 nescit,
2824 4070 2898 4124 ita
2944 4067 3219 4138 Scriptura
3281 4069 3467 4118 sancta

1887 4167 2040 4220 novit
2059 4166 2279 4221 obviare
2308 4175 2335 4215 ι)
2366 4164 2729 4235 blasphemiis.

1553 4256 1898 4318 HOMILIA
1943 4256 2105 4317 LXI.

1299 4356 1361 4411 In
1391 4358 1712 4412 solemnitate
1732 4367 1929 4412 sanctae
1958 4355 2288 4410 Pentecostes
2321 4353 2363 4408 1.

1629 4446 2018 4504 ΑῡΜΟΝΙΤΙΟ.

257 4550 425 4632 ιθι
455 4543 701 4632 Celebris
729 4551 812 4632 est
849 4545 988 4632 apud
1031 4543 1346 4632 Gratianum
1389 4543 1622 4632 distinct.
1673 4542 1920 4632 '37,..cap.
1956 4539 2203 4632 8,.hujusL
2222 4527 3475 4632 homilizedescriptip‘nm‘blrosunngmiﬂe“

188 4599 693 4692 sofﬁﬁqaagim
709 4616 817 4669 dies
846 4599 990 4692 nobis
1009 4625 1084 4670 est
1108 4616 1248 4692 jugis
1267 4623 1315 4667 et
1337 4615 1648 4692 continuata
1658 4599 1922 4692 festivitas
1942 4626 1962 4692 ί
1995 4599 2067 4662 ita
2095 4599 2152 4663 ut
2175 4610 2268 4692 nec
2289 4609 2427 4661 omni
2449 4599 2673 4692 tempore
2693 4603 2938 4692 usquead

188 4668 636 4760 Eéﬂi'jéun‘ia,
676 4668 835 4756 neque
863 4668 930 4738 ad
950 4668 1288 4739 verat-(indum
1331 4683 1495 4738 Deum
1530 4668 1742 4754 genilius
1776 4680 2122 4735 succidamus.
2184 4677 2421 4732 Primum
2449 4677 2518 4732 de
2545 4668 2932 4731 consuetudine
2960 4687 3069 4727 non
3092 4668 3396 4740 jejunandi,
3420 4675 3476 4726 et

258 4860 285 4888 ⁸
309 4849 468 4904 ldem
504 4845 626 4901 cod.
660 4862 693 4900 ιι
724 4844 781 4899 S.
809 4842 994 4898 Crucis
1022 4843 1238 4904 Minor.,
1279 4850 1335 4896 et
1371 4841 1428 4894 S.
1469 4839 1792 4894 Emmerami
1821 4843 1876 4903 Ι)

189 4919 433 4990 Ratisp.,
473 4926 618 4990 terra
647 4916 934 4990 fecundior,
967 4913 1044 4967 sol
1066 4913 1302 4990 calidior.
1335 4910 1569 4990 Uterque
1590 4909 1708 4964 cod.
1733 4909 1791 4962 S.

191 4981 382 5046 Crucis
411 4991 473 5044 in
503 4981 747 5059 ler.,'sol
777 4985 1013 5059 calidior,
1043 4992 1178 5036 terra
1205 4981 1470 5053 fecundior
1488 4997 1503 5033 :
1521 4996 1584 5033 ea:
1605 4997 1664 5033 eo
1683 4996 1798 5033 sur—
1836 5053 1840 5059 ἠ

193 5061 335 5114 culus
365 5057 587 5113 virescit
613 5058 667 5109 in
700 5056 952 5126 fruticem.

261 5131 288 5170 δ
321 5130 482 5184 Idem
517 5126 640 5182 cod.
665 5120 721 5189 ιι,
755 5125 1103 5195 fructiﬁcavit,
1133 5139 1245 5175 cum
1274 5121 1507 5194 ascendit
1529 5120 1599 5172 ad
1619 5121 1799 5173 coelum

192 5202 440 5270 fructum,
457 5197 641 5270 carnis
665 5197 949 5267 perferens.

267 5282 289 5310 ε
323 5269 472 5326 Cod.
506 5259 778 5327 Ambrosf,
813 5275 919 5318 tota
955 5261 1223 5331 sapientia:
1250 5261 1548 5331 mataritate
1575 5259 1797 5331 edocuit.

259 5338 289 5378 δ
321 5339 510 5396 Codd.
547 5335 616 5390 90
641 5336 697 5390 S.
724 5335 910 5390 Crucis
935 5335 988 5387 in
1019 5329 1128 5386 Jer.
1157 5339 1212 5385 et
1244 5329 1300 5384 S.
1337 5329 1656 5384 Emmerami
1686 5329 1794 5382 Ra-

195 5413 429 5483 tiqun.,
462 5410 751 5478 perferens.
796 5474 809 5483 _
867 5473 897 5483 ⁸
960 5472 993 5483 η
1098 5472 1108 5483 ,
1169 5471 1179 5482 ,

268 5469 292 5520 ὃ
328 5469 684 5536 Εἱύιτόαιιθ
711 5474 833 5530 cod.
865 5473 921 5528 S.
955 5472 1141 5527 Crucis
1167 5471 1220 5524 in
1244 5469 1562 5526 Jerusalem.

271 5553 287 5589 '
325 5552 492 5606 ltlem
522 5543 645 5602 cod.
670 5563 727 5610 tl,
754 5547 810 5598 in
839 5544 1056 5598 sublime
1075 5543 1274 5595 volans.

270 5633 294 5666 ις
327 5618 519 5674 Codd.
555 5617 802 5673 Ambros.
837 5623 891 5670 et
921 5632 955 5671 ιι
985 5614 1044 5670 S.
1073 5612 1258 5668 Crucis
1287 5610 1503 5674 Minor.,
1529 5611 1801 5682 captivita-

201 5703 300 5751 tem
329 5690 628 5760 captivam.

273 5761 300 5820 μ
334 5753 495 5834 ldum
526 5757 646 5818 cod.
693 5774 726 5820 ιι
764 5756 988 5834 Minor.,
1020 5757 1109 5815 sed
1146 5772 1245 5825 non
1276 5753 1541 5837 mortalitas
1570 5754 1624 5808 in
1655 5763 1797 5810 utra.

1899 4847 2136 4908 «incesta
2201 4905 2225 4908 _
2278 4903 2319 4908 _
2455 4866 2460 4870 -

1980 4906 1994 4944 ί
2029 4907 2162 4962 Cod.
2194 4905 2250 4960 S.
2278 4902 2622 4961 Emmerami,
2653 4899 2955 4954 libertatem.

1978 4977 1990 5048 _i
2035 4977 2272 5048 Uterque
2289 4973 2420 5048 cod.
2443 4973 2503 5048 ξ.
2529 4971 2715 5048 (ΞΛι-ιιεὶβ
2745 4969 2960 5048 in_._ler.,
2991 4968 3306 5048 adscendens.
3387 5038 3398 5048 _
3447 5037 3458 5047 _

1976 5046 1998 5084 ι
2031 5037 2324 5103 Ιᾱειιιόοᾱ.
2359 5060 2395 5098 ιι
2439 5043 2496 5098 S.
2546 5041 2732 5098 Crucis
2777 5040 3000 5103 Minor.,
3051 5039 3219 5109 ﬁlium
3262 5037 3482 5094 hominis

1904 5117 2128 5172 sustollit
2158 5118 2224 5171 ad
2245 5115 2442 5171 caelum.

1984 5188 1998 5226 ι
2035 5188 2168 5243 Cod.
2203 5187 2270 5242 90
2301 5185 2467 5254 legit:
2519 5182 2753 5239 Christus
2790 5180 3043 5236 Dominus
3086 5181 3248 5234 victor
3293 5177 3485 5239 diaboli

1905 5260 2156 5322 residens,
2192 5266 2295 5314 etc.

1978 5339 2014 5368 αι
2046 5319 2179 5384 Cod.
2212 5327 2270 5383 S.
2313 5324 2638 5380 Emmerami
2668 5324 2801 5379 duas
2831 5323 3102 5378 variantes
3137 5319 3480 5388 suppeditat:

1938 5401 2022 5454 uia
2053 5416 2084 5452 a
2122 5399 2310 5454 Iudaea
2351 5395 2623 5466 praedicari
2664 5395 2841 5466 lingua
2873 5409 2976 5446 non
3003 5399 3272 5460 caperent;
3295 5389 3415 5461 quia
3455 5399 3488 5444 ιι

1938 5418 2022 5454 uta
2053 5418 2084 5452 a
2122 5418 2310 5454 Juawa
2351 5418 2623 5466 prwatcan
2664 5418 2841 5466 ungues
2873 5418 2976 5446 non
3003 5418 3167 5460 superi

1901 5418 2093 5526 yudcea
2120 5466 2752 5541 prtedicationemjingua
2775 5481 2878 5541 non
2911 5469 3167 5532 caperent.

1977 5550 2001 5577 "
2033 5535 2167 5594 Cod.
2199 5539 2472 5605 Ambros,
2506 5535 2590 5590 Ne
2612 5535 2814 5589 inii-eris
2841 5543 3030 5605 autem.

1978 5619 2002 5646 θ
2034 5592 2178 5665 idem
2203 5592 2346 5666 cod.
2401 5625 2433 5663 ιι
2460 5592 2529 5661 ἐι
2575 5605 2695 5660 cod.
2747 5605 2803 5662 S.
2853 5603 3037 5659 Crucis
3066 5601 3116 5657 in
3145 5595 3276 5660 Jer.,
3311 5592 3400 5650 sed
3424 5605 3485 5653 nd

1905 5683 2076 5738 minor
2095 5680 2254 5735 Patre
2275 5695 2383 5733 esse
2412 5679 2669 5742 credatur.
3011 5742 3017 5744 _
3043 5742 3050 5744 ξ
3160 5738 3169 5744 ⁸
3276 5737 3283 5744 ,

1980 5763 2004 5804 ι’
2034 5747 2180 5821 idem
2208 5749 2326 5808 cod.
2356 5765 2390 5814 ιι
2412 5738 2465 5807 et
2494 5747 2582 5824 90,
2616 5747 2753 5806 norit
2774 5744 2976 5805 obviare
3001 5738 3344 5820 blasphemth
