4040 6324
338 1447 350 1457 ,
437 1393 668 1449 duorum
694 1392 942 1452 codicum
965 1395 1020 1450 S.
1053 1394 1237 1450 Crucis
1268 1395 1318 1449 in
1361 1393 1676 1457 Jerusalem,
1707 1409 1941 1465 quorum
1982 1394 2150 1465 prior,
2181 1393 2267 1465 9Q,
2301 1393 2484 1447 homil.
2529 1393 2617 1457 58,
2663 1393 2874 1465 titulum
2905 1393 3120 1465 praefert
3152 1392 3485 1465 {incipitde

395 360 400 366 ,
436 295 540 356 375
1655 299 1711 356 S.
1751 297 1995 354 MAXIM!
2035 297 2486 356 TAURINENSIS
2543 352 2546 354 .
3598 302 3701 358 376

436 426 547 484 ξιοιι
576 427 744 484 pauca
785 411 974 484 Leonis
996 411 1292 484 continere,
1335 425 1453 480 quae
1481 410 1599 484 _ejus
1642 409 1909 464 scribendi
1953 407 2168 484 rationi_
2195 407 2439 484 perfecte
2459 410 2814 475 conveniunt;
2846 417 3080 484 attamen
3134 417 3330 484 negant
3356 424 3493 484 opus
3515 410 3642 484 illud
3669 429 3702 468 ιι

439 479 622 538 Leone
649 497 767 537 esse
794 480 1118 551 confectum.
1150 481 1296 535 Illius
1321 479 1442 536 eSse
1480 481 1740 551 incertum
1781 487 2054 551 auctorem
2084 479 2298 551 volunt;
2330 479 2608 551 antiquum
2651 489 2827 551 tamen
2847 522 2862 546 ,
2899 489 2955 535 et
2992 481 3110 551 ipso
3149 479 3364 551 Gelasio
3393 479 3414 536 ι
3447 483 3703 551 pontifice

439 554 815 622 antiquiorem.
845 550 960 605 Non
983 560 1244 622 repugnat
1269 565 1418 620 ergo,
1447 550 1805 622 quodudiebus
1835 549 2068 622 Minximi,
2093 549 2186 622 qui
2215 565 2303 602 an.
2325 548 2440 622 7465
2463 548 2530 622 ad
2557 551 2750 606 concil.
2777 548 3030 622 Romanf
3060 551 3158 605 sub
3198 549 3402 622 Hilario
3425 548 3698 618 convenit,

438 618 935 693 jejuniumsabbati
963 618 1089 676 ante
1120 618 1557 693 Pentecosteniin
1595 620 1832 693 Ecclesia
1871 618 2204 693 Taurinensi,
2238 628 2293 674 et
2322 621 2373 672 in
2421 621 2764 693 quibusdam_
2785 621 2920 693 aliis
2949 621 3502 693 emperit_observari.
3555 621 3703 678 Sicut

439 689 583 748 enim
611 693 668 746 S.
698 690 1013 756 Mamertus,
1046 693 1136 762 qui
1166 693 1416 748 Ecclesiae
1439 691 1732 762 Viennensi
1769 691 1923 762 datus
1952 689 2068 762 fuit;
2095 690 2378 759 episcopus
2400 689 2542 762 anno
2561 690 2704 762 7474,
2735 689 3061 759 Rogationes
3089 699 3145 746 et
3181 691 3409 762 fortasse
3437 693 3703 762 jejunium

437 769 564 816 ante
595 762 805 832 Domini
835 759 1222 818 Ascensionem
1253 763 1503 832 instituit,
1533 777 1666 832 quas
1705 759 1897 832 deinde
1927 759 2166 830 publicas
2192 776 2378 829 preces
2405 759 2516 832 Leo
2561 761 2625 815 lll
2652 762 2718 818 ad
2763 762 3068 832 universam
3097 762 3341 832 extendit
3365 759 3698 829 Ecclesiam;

437 831 512 886 ita
540 833 715 902 potuit
745 831 984 888 Ecclesia
1013 833 1381 894 Taurinensis,
1413 830 1863 903 Maximodadhuc
1885 846 2019 903 eam
2047 838 2287 899 regente,
2337 831 2733 903 solemnitatem
2764 830 3111 903 Pentecostes
3141 830 3350 903 jejunio
3387 834 3700 903 pnevenire.

441 905 528 973 Ac,
542 899 976 972 propugnatores
1019 904 1234 972 quidem
1275 901 1693 973 Sacramentarii
1741 899 1952 973 Leonis,
1985 906 2214 973 meum,
2238 902 2356 973 _qui
2374 902 2548 973 tribus
2577 903 2652 973 iu_
2679 901 3017 957 sermonibus
3063 901 3130 956 de
3159 899 3498 973 Pentecoste,
3530 905 3704 973 primo

436 969 668 1044 scilicet,
695 969 930 1028 secundo
959 983 1014 1028 et
1037 969 1254 1044 quarto,
1284 973 1513 1036 dixerat,
1555 971 1938 1044 quinquaginta
1968 970 2156 1044 diebus
2175 987 2213 1044 Aa
2237 969 2499 1044 Paschate
2527 973 2594 1026 ad
2625 971 3500 1044 Pentecostenvacarejejunium
3519 969 3548 1037 ,”
3566 989 3699 1028 eon-

439 1043 607 1113 traria
633 1058 738 1097 non
768 1045 1044 1113 scripsisse
1056 1039 1370 1106 ostendant,
1404 1039 1724 1113 aiunt,'cum
1754 1042 2032 1113 vigeretuin
2065 1039 2303 1113 Ecclesia
2333 1042 2574 1113 Romana
2601 1057 2706 1097 non
2725 1042 3005 1111 jejunandi
3032 1039 3333 1113 disciplina,
3358 1044 3434 1097 ita
3464 1044 3702 1098 locutum

440 1128 559 1169 esse
588 1111 850 1177 Leonem;
877 1111 1065 1183 postea
1091 1131 1221 1170 vero
1251 1115 1552 1169 introducto
1578 1113 1644 1166 ab
1673 1112 1787 1183 ipso
1806 1111 2031 1183 jejunio,
2062 1111 2174 1166 fieri
2205 1111 2272 1183 de
2303 1111 2494 1166 eodem
2525 1113 2853 1183 mentionem
2889 1114 2941 1166 in
2968 1111 3185 1180 liturgia
3209 1113 3456 1182 coepisse.
3493 1113 3698 1168 Eodem

439 1184 600 1256 plane
631 1183 790 1238 modo
812 1185 858 1238 si
880 1181 1108 1239 dixerim
1137 1187 1311 1255 egisse
1340 1183 1648 1245 Maximum,
1681 1182 1771 1250 qui
1809 1182 1899 1235 diu
1929 1182 2060 1234 vixit
2090 1183 2141 1235 in
2171 1182 2485 1306 episcoRatu
2529 1181 2864 1246 Taurinensi,
2892 1183 3026 1237 nihil
3069 1181 3420 1252 incongruum
3455 1185 3703 1238 attulisse

441 1253 702 1306 videbor:
730 1255 936 1306 scilicet
983 1270 1091 1306 uno
1121 1264 1363 1306 temnore
1393 1253 1646 1306 Ecclesia:
1684 1252 2126 1306 consuetudinem
2159 1267 2190 1305 a
2220 1251 2353 1306 Pasc
2393 1261 2480 1306 ate
2505 1252 2571 1306 ad
2601 1251 2957 1306 Pentecosten
3000 1268 3107 1306 non
3134 1252 3402 1306 ieiunandi
3427 1269 3703 1306 commen-

441 1251 710 1326 videbor;
730 1255 941 1326 scilicet
983 1270 1091 1326 uno
1121 1251 1363 1326 teinpore
1393 1253 1646 1326 Ecclesia:
1684 1252 2139 1326 consuetudinem
2159 1267 2190 1305 a
2220 1251 2480 1326 Paschate
2505 1252 2571 1308 ad
2601 1251 2957 1326 Pentecosten
3000 1252 3705 1326 nonujejunandipommen-

439 1323 620 1395 dasse,
641 1323 747 1378 alio
770 1341 900 1395 vero
925 1323 1115 1395 jejuuii
1141 1322 1469 1395 hortatorem
1499 1325 1676 1377 fuisse.
1709 1322 1886 1392 Ipsum
1919 1332 2099 1395 autem
2128 1323 2361 1395 humilia:
2390 1323 2546 1395 hujus
2571 1332 2850 1395 auctorem
2891 1323 3081 1395 dicunt
3110 1324 3370 1395 imprimis
3397 1323 3706 1395 Scriptores

3562 1406 3705 1448 ente-

442 1472 690 1544 coste,_‘et-
715 1465 852 1544 aiter
878 1465 976 1544 9i),
997 1466 1181 1520 homil.
1337 1466 1407 1518 ita
1438 1459 1884 1544 inseci‘ptus'est'i
1915 1459 2107 1544 incipit
2134 1465 2197 1516 de
2218 1461 2520 1544 Pentecoste
2537 1473 2604 1544 et
2645 1463 2709 1517 de
2735 1459 2989 1544 psalmo:
3014 1461 3162 1544 Dixit
3189 1459 3444 1544 Dominus
3478 1463 3704 1544 Domino

440 1548 574 1588 meo.
601 1535 802 1606 Deinde
826 1537 1116 1606 scriptores
1144 1537 1341 1606 codicis
1365 1537 1537 1590 sancti
1569 1533 1888 1606 Emmerami
1919 1533 2346 1606 Ratisponensis.
2373 1534 2619 1606 pag._l8,
2661 1533 2815 1603 cujus
2844 1534 3070 1606 titulus”:
3096 1533 3176 1606 De
3215 1537 3540 1606 solemnitate
3563 1533 3708 1606 Pen-

446 1615 688 1666 tecostes;
715 1602 1051 1662 Ambrosiam
1081 1606 1120 1661 C
1150 1606 1248 1671 98;
1283 1605 1628 1660 Taurinensis
1655 1620 1775 1658 cum
1806 1602 2096 1674 epigraplie
2130 1622 2141 1655 :
2175 1602 2460 1674 Nemetae
2491 1602 2790 1660 Pentecoste
2812 1605 2996 1659 homil.
3031 1605 3082 1658 7.
3116 1603 3248 1660 Tres
3276 1605 3496 1661 codices
3525 1605 3593 1659 ab
3623 1605 3708 1660 his

442 1675 770 1744 discrepant,
799 1685 854 1730 et
882 1683 991 1730 tres
1009 1676 1250 1731 diversos
1278 1684 1528 1730 auctores
1558 1673 1853 1744 nominant.
1902 1673 2086 1728 Codex
2115 1675 2306 1743 nempe
2340 1673 2624 1730 Vaticanus
2672 1674 2792 1738 l7‘2,
2843 1687 2963 1744 pag.
3013 1674 3102 1741 '59,
3133 1675 3200 1729 ad
3243 1675 3300 1730 S.
3352 1675 3708 1744 Augustinum

444 1742 638 1814 refert,
660 1747 831 1802 codex
861 1746 998 1800 alter
1022 1746 1312 1802 Vaticanus
1335 1745 1494 1810 6l5l,
1525 1759 1646 1814 pag.
1679 1742 1768 1811 δῦ,
1811 1746 1868 1798 8.
1909 1743 2191 1798 Ambrosio
2237 1742 2443 1812 tribuit,
2473 1745 2642 1800 codex
2675 1742 2890 1799 tandem
2934 1763 3002 1810 ιι,
3049 1745 3178 1799 olim
3205 1745 3263 1800 S.
3296 1742 3487 1801 Crucis
3511 1744 3705 1799 Minor.

443 1813 707 1871 Convent.
741 1816 791 1870 in
821 1815 1180 1871 Laurentiana
1209 1817 1268 1872 S.
1297 1816 1480 1870 Leoni.
1511 1813 1617 1870 Sed
1639 1815 1770 1870 satis
1797 1814 2071 1869 defensam
2100 1822 2348 1884 putamus
2375 1831 2591 1870 causam
2615 1815 2682 1869 ab
2711 1815 2928 1885 optimis
2967 1815 3170 1870 criticis
3197 1815 3562 1872 Benedictinis
3588 1831 3706 1870 mo-

443 1885 634 1940 nachis
661 1901 911 1967 congreg.
1035 1886 1222 1967 Mauri,
1255 1887 1350 1967 qui
1368 1902 1486 1941 eam
1519 1902 1619 1948 nec
1641 1886 1944 1967 Ambrosio,
1979 1899 2077 1939 nec
2105 1885 2401 1967 Augustino
2422 1885 2818 1967 adjudicarunt,
2849 1894 2905 1939 et
2931 1901 2962 1940 a
2993 1885 3313 1967 Dalleriuiis,
3339 1887 3431 1967 qui
3459 1885 3704 1967 eamdem

449 1970 561 2010 non
583 1972 702 2026 esse
733 1954 786 2010 in
815 1954 1068 2026 operibus
1096 1957 1153 2011 S.
1187 1956 1383 2011 Leonis
1412 1955 1794 2010 numerandam
1821 1963 2165 2026 censuerunt.
2195 1954 2446 2026 Editores
2466 1971 2655 2026 omnes
2682 1955 2912 2026 idipsum
2935 1956 3152 2026 volunt;
3183 1954 3706 2026 Gymnicusscilicet

448 2037 571 2150 pag.
598 2025 725 2150 $66,
757 2023 1059 2108 Galesinius
1083 2041 1208 2108 pag.
1243 2026 1365 2092 158,
1395 2026 1747 2114 Combelisius
1774 2034 1904 2080 tom.
1932 2025 1996 2090 V,
2028 2038 2148 2095 pag.
2183 2023 2307 2093 26l,
2339 2024 2602 2082 Cumdius
2632 2023 2770 2082 tom.
2801 2024 2888 2091 lll,
2931 2040 3054 2097 pag.
3085 2024 3211 2095 226,
3234 2023 3568 2100 Raynaudus
3589 2040 3706 2098 pag.

558 2138 572 2150 .
650 2111 929 2150 araarmus
957 2114 1011 2150 ιιι
1036 2097 1152 2150 Bib.
1180 2097 1321 2150 Max.
1346 2108 1476 2150 tom.
1512 2097 1596 2150 Vl.
1630 2111 1752 2150 natz.
1781 2095 1870 2150 28.

558 2138 572 2162 ,
598 2096 929 2166 Margarinus
957 2098 1011 2152 in
1036 2095 1152 2152 Bib.
1180 2097 1321 2152 Max.
1346 2108 1476 2154 tom.
1512 2097 1596 2163 Vl,
1630 2111 1752 2166 pag.
1781 2095 1870 2150 28.

455 2208 611 2280 197
644 2208 1124 2284 An_ouuexruu.:—
1140 2206 1403 2284 _Immissio
1430 2207 1852 2284 Spiritussancti
1881 2227 2034 2284 super
2061 2220 2110 2280 Α
2139 2210 2351 2267 Patrem
2397 2226 2704 2282 pervenisse
2742 2213 3035 2279 Christum,
3066 2229 3188 2270 cum
3214 2213 3455 2270 videmus
3484 2213 3550 2268 ad
3583 2230 3712 2284 apo‘

525 2275 788 2352 apostolos
813 2275 1288 2352 probatACltris‘tum
1317 2275 1620 2352 participem
1650 2282 1844 2352 factum
1875 2275 2032 2352 fuisse

517 2349 746 2422 ejusdem
772 2348 1038 2422 potesiatis
1059 2355 1107 2400 et
1137 2347 1450 2422 glgriafcum
1482 2347 2038 2422 PatreI_Ea:pon'untur

519 2411 615 2473 illa
643 2411 795 2473 verba
817 2418 1005 2487 psalmi
1035 2411 1160 2473 elx':
1189 2411 1336 2474 Dixit
1365 2418 1617 2476 Dominus
1646 2411 1872 2477 Domino
1901 2439 2034 2488 meo,

520 2489 645 2544 sede
675 2505 707 2542 a
733 2489 932 2543 dextris
961 2491 1108 2545 meis.

524 2665 695 2721 Nosse
715 2681 814 2721 vos
843 2665 1024 2733 credo,
1057 2665 1271 2732 fratres,
1299 2681 1419 2736 qua:
1451 2666 1522 2721 sit
1549 2666 1687 2721 ratio
1715 2665 1860 2736 quod
1879 2681 2042 2721 vene-

453 2760 680 2816 rabilem
732 2760 871 2816 hanc
924 2759 1272 2816 Pentecostes
1297 2760 1438 2816 diem
1466 2776 1574 2816 non
1623 2761 1830 2816 minore
1859 2761 2040 2815 laetitia

452 2853 788 2910 celebremus
833 2867 994 2921 quam
1039 2861 1283 2910 sanctum
1322 2851 1524 2909 Pascha
1571 2853 1875 2909 curavimus
1917 2861 1962 2918 η,
1985 2859 2040 2908 et

452 2945 598 3016 quod
627 2945 815 3002 eadem
845 2945 1130 3002 devotione
1178 2947 1336 3017 hujus
1361 2947 1716 3003 solemnitatis
1741 2946 2039 3001 observan-

453 3037 582 3092 tiam
603 3036 961 3105 decurrimus,
991 3030 1130 3094 sicut
1149 3037 1292 3093 illius
1319 3037 1576 3107 obsequia
1606 3036 1909 3112 festivitatis
1937 3037 2040 3091 im-

451 3128 735 3201 plevimus.
763 3127 911 3184 Tunc
929 3129 1092 3192 enim,
1121 3129 1260 3185 sicut
1285 3128 1445 3184 modo
1474 3127 1502 3167 δ
1531 3128 1830 3194 fecerimus,
1859 3138 1881 3168 α
1899 3127 2041 3198 jeju-

453 3235 646 3274 namus
693 3219 938 3284 sabbato,
987 3220 1196 3288 vigilias
1243 3219 1648 3284 celebravimus,
1707 3219 2042 3274 orationibus

452 3319 841 3384 pernoctanter
862 3313 1187 3378 institimus;
1213 3313 1355 3370 unde
1384 3328 1604 3368 necesse
1631 3321 1713 3368 est
1732 3313 1923 3368 similis
1946 3313 2042 3367 ob-

449 3405 723 3461 servantia
751 3405 981 3460 similem
1028 3405 1266 3460 la3titiam
1316 3406 1692 3474 subsequatur.
1738 3405 1833 3460 Est
1860 3405 2042 3460 lmtitia

448 3495 614 3568 plane
661 3496 989 3561 consimilis;
1021 3504 1146 3552 tunc
1174 3499 1317 3552 enim
1343 3498 1410 3552 ab
1457 3496 1642 3552 inferis
1674 3507 2041 3566 resurgentem

2138 2305 2305 2361 stolos
2323 2304 2659 2363 descendisse
2681 2305 2708 2344 ιι
2733 2305 3084 2363 Paraclelum.
3108 2305 3463 2374 Credendum,
3484 2308 3717 2378 inquam,

2139 2404 2242 2462 est,
2275 2396 2411 2452 sicut
2437 2398 2513 2452 ait
2538 2399 2605 2452 de
2625 2397 2906 2452 Salvatore
2927 2398 3115 2465 David,
3148 2399 3200 2452 in
3221 2397 3317 2452 Dei
3345 2397 3568 2453 dextera
3591 2413 3711 2451 con-

2139 2488 2332 2554 sidere,
2365 2490 2489 2558 quia
2539 2491 2808 2545 cernimus
2835 2490 3092 2561 Spiritum
3121 2499 3386 2555 sanctum,
3417 2491 3555 2546 sicut
3601 2506 3723 2560 pro.

2138 2579 2285 2634 misit
2338 2581 2624 2646 Dominus,
2677 2581 2729 2636 in
2785 2581 3058 2652 discipulis
3109 2583 3425 2637 exsultare:
3470 2582 3545 2636 ait
3597 2597 3723 2651 ergo

2148 2672 2160 2706 ι
2197 2670 2456 2740 propheta
2483 2671 2808 2741 psalmorum
2842 2690 2854 2724 :
2887 2671 3034 2726 Dixit
3055 2671 3309 2727 Dominus
3330 2672 3554 2728 Domino
3575 2687 3725 2730 meo:

2140 2765 2282 2820 Sede
2310 2772 2322 2816 ι
2356 2783 2387 2820 a
2416 2767 2614 2821 dextris
2641 2769 2766 2822 meis
2798 2767 2971 2838 (Psal.
3003 2757 3138 2838 δικ).
3167 2767 3470 2823 Secundum
3499 2781 3728 2822 consue-

2142 2857 2380 2912 tudinem
2434 2860 2592 2930 198
2645 2866 2882 2913 nostram
2938 2859 3011 2913 illi
3041 2874 3324 2915 consessus
3362 2859 3602 2925 offertur,
3633 2857 3729 2929 qui

2140 2949 2320 3020 aliquo
2348 2964 2512 3020 opere
2538 2951 2779 3020 perfecto
2805 2949 2830 2988 ιι
2856 2949 3148 3006 adveniens
3174 2950 3396 3005 honoris
3413 2951 3586 3019 gratia
3607 2935 3729 3021 pro?

2141 3048 2396 3105 meretur,
2425 3048 2485 3095 ut
2503 3040 2706 3096 sedeat.
2747 3041 2823 3096 lta
2853 3055 2981 3110 ergo
3009 3051 3063 3096 et
3091 3041 3255 3097 homo
3275 3040 3430 3096 Iesus
3458 3039 3729 3107 Christus.

2143 3133 2389 3203 passione
2445 3148 2540 3187 sua
2595 3133 2864 3188 diabolum
2897 3148 3175 3203 superans,
3207 3135 3602 3188 resurrectione
3631 3149 3731 3193 sua

2144 3226 2348 3280 inferna
2378 3241 2640 3293 reserans,
2691 3235 2944 3296 tanquam
2983 3227 3223 3298 perfecto
3252 3242 3416 3298 opere
3440 3227 3508 3282 ad
3561 3229 3730 3284 (αξιοι

2145 3318 2318 3372 victor
2350 3317 2368 3355 ι
2402 3318 2693 3373 adveniens
2741 3318 2888 3373 audit
2917 3335 2948 3372 a
2976 3318 3088 3374 Deo
3117 3317 3276 3373 Patre
3301 3337 3312 3371 :
3343 3317 3483 3373 Sede
3505 3318 3574 3372 ad
3592 3318 3732 3372 dex-

2146 3419 2312 3464 teram
2343 3427 2536 3465 meam.
2561 3411 2670 3466 Nec
2699 3413 2912 3479 mirum,
2943 3413 2989 3467 si
3011 3413 3167 3466 unius
3186 3412 3327 3466 sedis
3349 3411 3572 3466 offertur
3593 3412 3731 3467 Filio

2143 3517 2425 3557 consessus
2453 3518 2482 3556 a
2510 3502 2684 3567 Patre,
2716 3503 2807 3572 qui
2835 3505 2994 3558 unius
3021 3513 3103 3558 est
3130 3504 3440 3558 substantim
3476 3513 3514 3540 ω
3557 3515 3612 3558 et
3631 3520 3733 3556 na-

453 3587 789 3656 suscepimus
817 3587 1172 3653 Salvatorem,
1223 3588 1384 3644 modo
1413 3596 1591 3644 autem
1621 3588 1878 3658 Spiritum
1918 3603 2042 3641 san-
2072 3600 2119 3662 Β
2146 3600 2280 3647 tune
2302 3609 2423 3648 cum
2452 3593 2626 3648 Patre.
2676 3594 2784 3649 Cur
2812 3603 2991 3651 autem
3018 3596 3084 3650 ad
3113 3596 3389 3650 dexteram
3420 3595 3585 3650 Filius
3609 3611 3733 3651 esse

455 3687 601 3732 ctum
630 3688 1003 3748 exspectamus
1040 3681 1106 3735 de
1140 3681 1290 3736 caelis
1321 3699 1333 3734 :
1379 3691 1504 3736 tunc
1533 3681 1676 3735 anxii
1705 3679 1789 3737 vel
1827 3681 2040 3736 solliciti

454 3767 482 3804 δ
507 3769 929 3838 praedicabamus
957 3771 1273 3839 adventum;
1303 3774 1464 3829 modo
1493 3773 1704 3844 trepidi,
1727 3775 1848 3829 evel
1871 3773 2039 3842 jejuni

458 3857 726 3912 Paracleti
753 3859 1119 3915 desideramus
1147 3863 1460 3929 adventum;
1511 3867 1563 3918 iu
1612 3866 1860 3920 omnibus
1896 3866 2038 3920 enim

457 3947 600 4004 Deus
653 3949 809 4003 saluti
845 3948 863 3986 ί
896 3951 1131 4020 providit
1157 3953 1431 4019 humanm;
1464 3964 1590 4009 tunc
1619 3957 1760 4009 enim
1792 3957 1944 4011 nobis
1973 3955 2040 4010 ad

457 4039 842 4107 resurgendum
889 4050 1090 4096 tartara
1122 4043 1369 4100 Salvator
1395 4048 1634 4116 aperuit;
1681 4048 1840 4103 modo
1887 4050 2040 4104 nobis

456 4128 528 4183 ad
558 4129 886 4196 regnandum
915 4131 1224 4189 Paracletus
1249 4135 1485 4190 coalestia
1513 4139 1803 4202 reseravit;
1838 4146 1893 4192 et
1914 4139 2037 4206 qui—

456 4217 684 4274 busdam
711 4221 864 4288 quasi
889 4231 913 4267 8
944 4222 1279 4290 profectuum
1304 4225 1574 4296 gradibus,
1599 4235 1728 4281 tunc
1755 4228 1820 4283 de
1867 4238 2041 4284 morte

457 4308 526 4362 ad
564 4309 727 4364 vitam
774 4310 1057 4367 didicimus
1085 4328 1359 4380 remeare;
1409 4317 1568 4372 modo
1590 4326 1769 4372 autem
1797 4319 1863 4373 de
1886 4321 2043 4374 terris

456 4397 526 4453 ad
555 4399 722 4455 caelos
768 4401 1106 4470 meditamur.
1137 4404 1445 4460 ascendere.
1479 4406 1603 4463 Hzec
1631 4417 1811 4462 autem
1861 4412 2041 4465 omnia

454 4498 712 4558 operatur
758 4489 813 4544 in
868 4491 1023 4547 nobis
1041 4490 1287 4550 Christus
1312 4494 1585 4563 Dominus,
1617 4499 1708 4567 qui
1731 4501 2040 4570 priusquam

453 4580 657 4636 rediret
701 4581 769 4636 ad
816 4583 984 4640 caalos
1030 4586 1278 4655 promisit
1313 4585 1584 4658 discipulis
1630 4591 1762 4658 suis,
1816 4591 2036 4647 dicens:

457 4669 586 4724 Cum
615 4682 784 4726 autem
805 4676 1106 4742 ascendere,
1130 4676 1325 4747 rogabo
1350 4676 1559 4735 Patrem
1580 4699 1768 4748 meum,
1799 4693 1849 4736 et
1877 4685 2043 4738 mittet

456 4758 596 4813 vobis
625 4764 783 4817 alium
833 4763 1184 4834 Paracletum,
1207 4769 1292 4840 qui
1318 4769 1570 4825 vobiscum
1598 4774 1665 4826 sit
1695 4774 1749 4827 in
1771 4783 2037 4840 aeternum,

456 4846 714 4920 Spiritum
734 4857 965 4911 veritatis
990 4858 1172 4930 (Joan.
1196 4861 1327 4933 xlv).
1357 4859 1508 4918 Unde
1527 4865 1848 4922 credendum
1871 4876 1952 4924 est
1975 4868 2043 4923 ad

2147 3694 2172 3721 ι’
2197 3685 2469 3748 credatur,
2513 3695 2726 3741 moveat
2769 3687 2998 3756 aliquem
3022 3687 3288 3743 fortasse?
3311 3685 3462 3742 Licet
3483 3687 3626 3741 enim
3647 3686 3732 3740 di-

2146 3777 2363 3846 gnitatis
2397 3776 2592 3845 gradus
2623 3793 2728 3831 non
2759 3778 2846 3842 sit,
2876 3777 2963 3832 ubi
2989 3777 3263 3847 plenitudo
3295 3777 3597 3832 Divinitatis
3626 3787 3730 3840 est,

2147 3878 2323 3924 tamen
2353 3868 2474 3923 ideo
2502 3867 2569 3922 ad
2595 3867 2872 3922 dexteram
2897 3869 3049 3923 sedet
3072 3868 3259 3931 Filius,
3291 3883 3399 3922 non
3438 3882 3546 3936 quo
3589 3883 3730 3937 pra:-

2145 3960 2348 4016 feratur
2396 3959 2558 4024 Patri,
2591 3959 2687 4014 sed
2717 3976 2785 4014 ne
2814 3959 3036 4014 inferior
3064 3974 3183 4014 esse
3210 3959 3479 4015 credatur.
3514 3957 3579 4012 Et
3609 3957 3734 4013 ideo

2147 4053 2214 4106 ad
2253 4054 2530 4108 dexteram
2565 4052 2750 4119 Filius,
2791 4053 2912 4122 quia
2962 4051 3250 4107 secundum
3287 4059 3313 4086 ο
3343 4050 3732 4118 evangelistam

2144 4144 2356 4214 (Matth.
2404 4143 2531 4216 xxv)
2580 4144 2646 4198 ad
2703 4144 2981 4199 dexteram
3030 4159 3179 4211 oves,
3209 4143 3275 4198 ad
3304 4143 3575 4198 sinistram
3598 4158 3732 4199 vero

2143 4237 2537 4292 constituentur
2567 4235 2722 4290 haedi.
2769 4233 3000 4290 Necesse
3029 4243 3113 4290 est
3141 4249 3268 4303 ergo
3293 4242 3504 4303 partem
3547 4234 3730 4287 ovium

2143 4327 2345 4397 primus
2366 4341 2532 4395 agnus
2551 4328 2810 4389 obtineat,
2840 4334 2896 4382 et
2922 4333 3179 4381 secuturo
3208 4324 3550 4380 immaculato
3579 4325 3733 4393 gregi

2145 4419 2321 4473 locum
2372 4417 2476 4472 dux
2525 4419 2894 4474 immaculatus
2933 4419 3211 4487 anticipet,
3234 4417 3370 4471 sicut
3391 4417 3466 4470 ait
3492 4415 3732 4472 Joannes

2145 4507 2196 4561 in
2225 4506 2544 4578 Apocalypsi
2575 4506 2724 4579 (Cap.
2761 4507 2889 4580 xlv),
2915 4508 3100 4562 dicens
3125 4526 3137 4560 :
3170 4507 3242 4561 Hi
3265 4517 3383 4560 sunt
3408 4508 3493 4578 qui
3513 4523 3732 4577 sequam

2142 4604 2226 4652 tur
2267 4614 2476 4668 agnum,
2520 4615 2818 4670 quocunque
2839 4609 2865 4647 P
2894 4599 3031 4662 ierit,
3070 4599 3157 4670 qui
3205 4614 3260 4651 se
3285 4614 3400 4651 cum
3431 4596 3732 4651 mulieribus

2140 4704 2246 4742 non
2299 4689 2772 4761 coinquinaverunt.
2825 4688 3007 4744 Refert
3054 4703 3184 4758 ergo
3227 4689 3486 4759 propheta
3514 4687 3726 4742 David:

2144 4779 2294 4834 Dixit
2321 4779 2572 4835 Dominus
2595 4780 2818 4836 Domino
2832 4797 2978 4836 meo:
2999 4780 3133 4836 Sede
3155 4781 3224 4834 ad
3237 4781 3502 4858 dexteram
3517 4796 3681 4834 meam
3708 4797 3728 4835 :

2145 4870 2250 4927 hoc
2278 4879 2361 4926 est
2401 4871 2657 4927 Dominus
2701 4871 2860 4926 Pater
2907 4872 3134 4927 Domino
3158 4865 3161 4868 ’
3187 4871 3299 4926 Deo
3346 4870 3560 4926 Christo
3588 4869 3730 4925 Filio

530 4985 764 5078 ilict-(id.
785 5006 821 5078 ιι
843 4990 900 5078 Si.
927 4989 1116 5078 Crucis
1142 4994 1355 5078 iliaca,
1393 5006 1452 5078 et
1500 5000 1613 5078 iu_
1649 5002 1781 5078 bibl.
1835 5004 2029 5060 eccles.
2059 5007 2104 5068 C
2136 5004 2477 5078 Codaautcm
2505 5009 2562 5063 S.
2586 5007 2779 5064 Crucis
2804 5009 2855 5063 in
2876 4990 3018 5073 'Jer.,
3049 5007 3375 5078 propheticus
3399 5007 3650 5078 psalmus.

454 5051 722 5125 Florent.,
745 5071 980 5115 sanctum
1005 5062 1210 5118 Pascha
1232 5051 1523 5123 curdvimus
1540 5051 1816 5126 celebrare.

527 5126 553 5211 ξ’
580 5127 726 5211 l'clem
746 5131 868 5185 cod.
899 5149 1116 5211 ctxxlv,
1139 5136 1268 5211 sicut
1291 5139 1450 5211 _modo
1481 5141 1710 5211 fecimus.

528 5207 551 5282 ξ
577 5197 821 5282 ytenque
998 5197 1262 5282 S._Cr_ueis
1289 5207 1340 5261 in
1369 5197 1491 5282 ἔριπ’
1517 5211 1638 5282 legit
1658 5213 2029 5282 jejunavimus.

525 5264 552 5304 ἀ
574 5264 750 5346 Codd:
777 5271 897 5346 uUS.
921 5267 1108 5346 Crucis
1139 5274 1355 5346 Minor.,
1385 5279 1454 5334 90
1474 5290 1527 5335 et
1555 5264 1621 5333 59
1658 5264 1731 5335 's.’
1747 5264 2032 5338 clausi};

451 5333 694 5417 δαημς
724 5342 1149 5417 sellicitiﬂltristi
1176 5333 1521 5417 precabamuﬁr
1549 5333 1901 5406 adventavit—amt

527 5419 551 5490 ξ
749 5411 817 5490 ρο
921 5408 1186 5490 crucisin'
1210 5415 1321 5472 Jer.
1353 5420 1514 5476 habet
1535 5430 1584 5474 et
1608 5436 1705 5490 pro
1732 5425 1825 5477 vel.

527 5479 547 5518 ί
746 5481 1267 5559 S._Crucis_Mi_lior.,
1299 5491 1550 5559 providet.

525 5551 779 5636 θροῶ-ιι
808 5553 863 5609 8.
895 5553 1082 5612 Crucis
1109 5551 1326 5626 Minor.,
1354 5570 1403 5614 et
1425 5560 1725 5630 quibusdam
1753 5565 1901 5636 quasi
1922 5582 2036 5634 pro-

452 5623 868 5698 fectigradibus.

523 5688 551 5773 ξ
576 5688 707 5773 gem
737 5696 1013 5773 (φά-171,
1045 5701 1374 5757 descendisse
1396 5701 1648 5773 Spiritum
1681 5703 2024 5762 Paraclitum.

419 5843 435 5851 _
529 5760 547 5816 ι
577 5760 708 5830 Cod.
763 5760 1032 5842 Ambros.,
1068 5774 1141 5832 ait
1185 5789 1307 5848 ergo
1333 5760 1658 5849 propheticus
1685 5760 2028 5854 psalmorum,

2139 5080 2228 5199 met
2265 5076 2400 5134 Cod.
2447 5078 2514 5133 90
2543 5078 2600 5133 S.
2633 5079 2817 5135 Crucis
2847 5080 2900 5134 in
2929 5076 3298 5143 Jeru's‘.,‘Sede
3338 5095 3369 5130 a

2223 5165 2326 5199 am.

2191 5164 2326 5202 eam.

2213 5217 2232 5254 ¹ε
2259 5219 2394 5274 Cod.
2420 5219 2476 5274 S.
2500 5218 2688 5275 Crucis
2708 5221 2759 5274 iu
2785 5219 2918 5280 Jer..
2948 5221 3112 5274 uictor
3137 5219 3431 5273 adveniens.

2215 5288 2228 5324 ι
2260 5289 2404 5345 Idem
2431 5291 2550 5346 cod.
2583 5291 2855 5358 Ambros.,
2882 5292 3044 5346 victor
3071 5290 3300 5358 veniens.

2208 5369 2246 5396 τη
2291 5360 2420 5414 Item
2443 5361 2564 5416 eod.
2597 5357 2869 5425 Ambros,
2897 5368 2948 5416 et
2975 5361 3042 5413 99
3089 5360 3147 5430 8.
3178 5357 3363 5415 Crucis
3394 5360 3444 5414 in
3471 5357 3603 5423 Jcr.,
3635 5360 3722 5430 qui

3453 5077 3726 5134 dexteram

2137 5430 2290 5483 unius
2318 5441 2394 5484 est
2422 5431 2729 5486 substantia:
2748 5441 2938 5486 natura
2958 5447 3074 5484 cum
3098 5429 3280 5484 Patre.

2212 5509 2235 5535 ιι
2260 5499 2392 5554 Cod.
2427 5502 2482 5556 S.
2515 5501 2703 5556 Crucis
2725 5503 2775 5556 in
2798 5501 2930 5566 Jer.,
2962 5500 3134 5554 Filius
3155 5517 3265 5555 esse
3296 5501 3518 5555 dicatur.

2204 5579 2239 5692 ἦ
2265 5570 2435 5627 Codd.
2464 5572 2519 5628 S.
2553 5571 2739 5631 Crucis
2772 5574 2822 5629 in
2850 5571 2960 5630 Jer.
2985 5572 3181 5629 habent
3223 5572 3502 5628 secundum
3542 5570 3722 5630 Evan-

2140 5657 2198 5714 gt’
2244 5659 2346 5714 uin.
2528 5712 2548 5714 _7

2211 5722 2234 5763 t‘
2265 5711 2396 5774 Cod.
2432 5715 2487 5772 ὃ.
2513 5712 2700 5774 Crucis
2730 5715 2780 5774 in
2813 5715 2944 5783 Jcr.,
2973 5731 3271 5794 quocunque
3301 5714 3456 5773 vadit.
