4040 6324
242 308 334 365 577

1518 302 1799 360 HOMILIA
1838 303 2016 360 LXIII.

3390 312 3495 369 578
3512 320 3515 323 ’

243 414 409 473 throni
434 413 517 468 sui
536 411 695 469 oll'ert
714 410 995 468 sublimem
1016 427 1348 479 consessum,
1373 420 1429 468 et
1452 414 1675 471 honoris
1694 431 1811 486 gra-
1835 426 1888 484 Α
1916 419 2014 475 sed
2036 425 2095 474 ut
2123 415 2149 456 ἀ
2181 419 2343 475 mods
2368 420 2483 490 ejus
2503 384 2913 495 omnipotentis,
2942 425 3103 482 modo
3131 402 3496 489 misericordia

244 510 308 563 tia
336 504 400 560 ad
426 502 703 559 dexteram
726 512 753 540 ι
782 517 934 557 suam
963 501 1112 557 illum
1134 510 1334 559 :eterna
1354 504 1481 560 sede
1508 507 1802 561 constituit.

244 584 479 666 Legimus
505 602 684 649 autem
712 593 765 648 in
789 592 1008 648 Actibus
1035 594 1404 665 apostolorum
1457 594 1607 671 (Cap.
1638 598 1701 668 l),
1726 598 1809 653 di-

244 695 388 745 cente
437 685 599 741 beato
645 683 943 757 Stephano,
998 703 1121 744 cum
1150 687 1480 758 lapidaretur
1505 704 1536 744 a
1564 688 1759 746 Judmis
1790 709 1803 745 :

244 777 368 834 Ecce
390 774 530 830 video
548 775 703 830 corios
728 784 957 848 apertos,
988 786 1034 834 et
1060 787 1282 834 stantem
1324 780 1604 836 Dominum
1629 781 1663 835 J
1666 800 1810 837 esum

245 867 306 921 ad
326 866 589 920 dexteram
622 864 739 921 Dei.
772 866 1059 944 Videamus
1108 883 1238 939 ergo
1256 885 1374 941 qua:
1400 871 1470 926 sit
1497 872 1635 928 ratio
1665 873 1810 944 quod

244 954 372 1014 idem
401 955 658 1013 Dominus
687 973 720 1012 a
749 942 917 1014 David
950 957 981 998 δ
1009 959 1204 1017 sedens
1251 961 1622 1032 prophetatur,
1662 942 1810 1019 stans

242 1052 361 1106 vero
388 1064 419 1104 a
460 1048 736 1120 Stephano
778 1051 1118 1122 praedicatur.
1168 1051 1348 1110 Primo
1393 1056 1630 1112 omnium
1669 1055 1813 1113 Deus

242 1143 325 1213 qui
369 1142 721 1212 incorporalis
758 1152 842 1200 est
879 1153 935 1201 et
960 1145 1242 1204 invisibilis
1270 1147 1376 1221 (est
1402 1151 1546 1206 enim
1572 1152 1809 1223 spiritus,

242 1236 368 1291 sicut
385 1234 465 1289 ait
490 1233 751 1293 Dominus
783 1255 795 1291 :
822 1237 965 1293 Deus
983 1248 1156 1294 autem
1181 1242 1392 1312 spiritus
1413 1252 1489 1297 est
1503 1244 1679 1317 [Joan.
1705 1243 1813 1319 tv])

240 1324 420 1381 sedere
471 1334 566 1380 aut
616 1334 763 1383 stare
815 1330 1088 1399 quomodo
1137 1335 1357 1403 potest?
1382 1332 1586 1392 Deinde
1631 1346 1811 1393 autem

240 1416 374 1487 quali
410 1418 669 1475 subsellio
697 1420 881 1476 sedeat
908 1421 1068 1491 Deus,
1117 1426 1209 1495 qui
1241 1426 1477 1484 inﬁnitus
1501 1438 1600 1499 est,
1631 1439 1685 1487 et
1714 1432 1813 1487 im-

240 1523 468 1578 mensus,
495 1520 517 1549 ο
549 1519 602 1566 et
629 1510 766 1567 intra
788 1528 848 1569 se
875 1513 988 1585 ipse
1015 1516 1185 1586 magis
1224 1527 1522 1576 creaturam
1566 1530 1811 1579 cunctam

239 1600 527 1659 contineat.
552 1599 677 1657 llatc
702 1611 881 1659 autem
915 1614 1201 1677 propterea
1230 1625 1260 1663 a
1289 1610 1488 1665 sanctis
1516 1612 1811 1683 virisdicta

239 1691 464 1750 arbitror
490 1707 609 1750 esse
629 1692 697 1750 de
722 1694 980 1763 Domino;
1012 1714 1118 1754 non
1137 1714 1245 1772 quo
1267 1700 1374 1756 sint
1399 1705 1668 1760 contraria
1688 1706 1808 1772 sibi,

1924 512 2275 569 describatur.
2306 516 2462 587 199
2480 516 2612 573 Nam
2635 520 2819 590 utique
2842 536 2943 592 pro
2970 529 3235 592 potestate
3254 524 3393 593 regis
3412 540 3498 580 sc-

1909 603 2038 659 dere
2056 604 2267 671 dicitur,
2302 621 2402 676 pro
2430 606 2672 664 bonitate
2700 610 3074 667 intercessoris
3093 619 3238 667 stare
3264 615 3499 684 suggeri-

1911 704 2028 763 tur;
2053 697 2129 752 ait
2151 698 2292 753 enim
2313 699 2505 762 beatus
2533 702 2809 771 apostolus
2832 721 2845 756 :
2880 700 3015 768 Quia
3062 704 3367 760 advocatum
3397 707 3496 760 Ita-

1911 786 2085 843 bcmus
2104 788 2241 861 apud
2261 788 2475 845 Patrem
2487 791 2665 847 Iesum
2678 791 2934 850 Christum
2962 795 3013 867 (Ι
3039 796 3196 851 Joan.
3222 806 3301 852 ut.
3326 796 3497 853 Judcx

1910 895 2040 950 ergo
2068 889 2151 936 est
2195 880 2454 948 Christus,
2503 899 2626 939 cum
2672 885 2900 965 residet;
2933 886 3224 943 advocatus
3244 896 3345 954 est,
3370 905 3492 943 cum

1912 975 2171 1044 assurgit;
2191 975 2352 1045 judex
2373 976 2530 1048 plane
2550 968 2746 1034 Iudicis
2763 988 2808 1047 ε,
2838 979 3125 1037 advocatus
3143 981 3458 1038 Christianis
3480 1000 3493 1035 :

1911 1068 2002 1122 hic
2054 1068 2197 1123 enim
2242 1076 2390 1124 stans
2440 1069 2599 1141 200
2626 1070 2767 1140 apud
2795 1068 3040 1136 Patrem,
3070 1071 3496 1129 Christianorum

1914 1159 2040 1215 licet
2065 1161 2402 1231 peccantium
2426 1176 2618 1218 causas
2638 1169 2844 1229 exorat,
2871 1164 2945 1220 ibi
2967 1165 3167 1220 residet
3187 1182 3308 1221 cum
3338 1164 3497 1223 Patre

1917 1250 2305 1307 Pharistcorum
2352 1253 2789 1324 persequentium
2832 1263 3055 1325 peccata
3099 1256 3494 1323 condemnans;

1919 1342 2022 1398 illis
2042 1341 2322 1411 indignans
2348 1344 2697 1401 vehementer
2714 1344 3006 1413 ulciscitur,
3030 1345 3113 1402 his
3140 1347 3500 1404 interveniens

1919 1433 2113 1488 leniter
2132 1434 2436 1500 miseretur,
2466 1435 2554 1492 hic
2579 1444 2687 1491 stat
2715 1445 2773 1492 ut
2799 1438 3057 1508 suscipiat
3087 1426 3343 1508 Stephani
3364 1454 3496 1495 σιω-α

1919 1525 2051 1596 tyris
2077 1525 2341 1595 spiritum,
2368 1525 2439 1581 ibi
2473 1526 2674 1583 residet
2703 1535 2762 1583 ut
2788 1527 3110 1585 condemnet
3137 1527 3287 1586 Judte
3314 1529 3498 1604 prodiv

1918 1616 2052 1671 toris
2073 1614 2383 1672 admissum.

1562 1794 1907 1861 HOMILIA
1954 1802 2181 1863 LXIII.

1289 1892 1370 1949 De
1398 1895 1725 1953 solemnitate
1752 1910 1951 1957 sancta:
1983 1903 2314 1958 Pentecostes
2338 1902 2456 1958 111.

1640 1988 2013 2047 ADMONITIO

298 2074 448 2131 lianc
475 2075 839 2161 homiliamnS.
872 2076 1178 2161 Augustino
1201 2078 1355 2161 olim_
1380 2095 1409 2134 a
1434 2080 1753 2161 quibusdam
1779 2082 1912 2140 falso
1954 2087 2241 2161 ascriptum
2271 2089 2522 2161 monachi
2545 2089 2947 2161 congrega_t.S._
2972 2090 3141 2161 hlauri
3174 2090 3226 2145 in
3248 2093 3501 2161 appendi‘

236 2160 346 2201 cem
388 2161 706 2230 sermonum
751 2146 809 2202 S.
860 2146 1105 2230 ejusdem
1147 2148 1387 2230 doctoris
1434 2146 1631 2230 merito
1652 2152 1977 2230 rejccerunt.
2006 2146 2124 2230 Νοῇ
2149 2158 2325 2230 minus
2352 2158 2486 2230 falso
2515 2146 2775 2214 attributa
2802 2159 2899 2213 fuit
2927 2159 2983 2214 S.
3014 2146 3297 2215 Ambrosid
3320 2146 3444 2215 'cum
3468 2146 3504 2218 a

236 2216 507 2300 nonnullis
526 2216 665 2300 aliis,
691 2224 803 2272 tum
825 2216 901 2299 ab
922 2233 989 2300 e._o
1017 2217 1252 2300 quicum
1280 2221 1551 2300 transtulit
1574 2222 1627 2300 in
1652 2216 1892 2300 codicem
1921 2222 2429 2300 Theodoriceuscm.
2464 2228 2602 2284 Sunt
2624 2236 2803 2284 autem
2827 2230 2885 2300 in
2907 2245 2971 2285 ea
2992 2230 3257 2300 qumdam,
3290 2216 3503 2287 illorum

236 2286 389 2412 plane
416 2287 638 2354 similia,
668 2302 789 2356 qua:
814 2288 926 2343 suis
940 2286 1185 2369 homiliis
1204 2288 1262 2344 S.
1291 2289 1555 2373 Maximus
1577 2291 1644 2346 de
1663 2293 1854 2348 eodem
1881 2297 2139 2367 mysterio
2164 2313 2330 2367 agens
2358 2300 2673 2371 complexus
2693 2308 2794 2354 est.
2819 2286 3024 2383 Itaquc'
3037 2286 3325 2355 Maximum
3348 2286 3506 2368 hujus

256 2364 354 2411 tem
382 2372 507 2412 esse
535 2366 810 2412 auctorem
840 2359 1089 2412 arbitror.
1123 2358 1237 2412 Oua
1257 2374 1428 2412 manus
1464 2377 1516 2412 In
1545 2364 1811 2412 sententia
1839 2366 2144 2412 nnnllrmmt
2180 2385 2298 2412 mum
2348 2384 2466 2412 nam
2498 2370 2550 2412 in
2580 2370 2956 2412 vetustissimus:
2983 2370 3192 2412 dunhnc
3221 2371 3497 2412 nmiinihna

304 2357 1089 2437 m_es_§e.auct_orem_arbi_tror.
1115 2358 1237 2437 _Qua
1257 2361 1428 2437 magis
1460 2361 1813 2437 in_sententia
1839 2357 2147 2437 conlirmpr,
2180 2357 2299 2424 ovum
2348 2384 2467 2425 cam
2484 2357 2552 2425 ‘in
2580 2357 2956 2426 vetustissimis
2983 2370 3192 2427 duobus
3221 2357 3497 2428 codicibus

235 2427 398 2483 sancti
430 2426 704 2493 Dalmatii,
728 2436 783 2483 ct
811 2426 1131 2484 Taurinensi
1155 2426 1475 2501 sancto'ipsi
1497 2430 1732 2488 Maximo
1760 2444 2037 2507 acceptam
2063 2426 2251 2494 referri
2273 2439 2467 2509 legam.

240 2516 1083 2603 AncuuBsrnuu.-—_-Admirabiiem
1103 2519 1527 2603 Christiﬂredi‘tum
1555 2524 1626 2579 ad
1643 2525 1824 2603 cretum
1852 2532 1903 2593 Β
1928 2530 2124 2597 abiero,
2156 2532 2344 2602 inquit,
2376 2534 2445 2588 ad
2475 2532 2710 2603 Patrem,
2741 2536 2943 2589 mittam
2983 2533 3124 2589 vobis
3177 2532 3507 2591 Paracletum

299 2588 490 2661 probat
518 2589 578 2644 S.
611 2590 878 2665 episcopus
909 2607 974 2665 ea:
1005 2591 1252 2665 descensu
1279 2592 1508 2665 Spiritus
1534 2598 1702 2651 sancti
1728 2614 1819 2652 su-

299 2676 389 2740 per
407 2661 711 2740 apostolos,
743 2661 968 2717 ostendit
995 2662 1134 2717 enim
1158 2661 1551 2736 promissionem
1578 2667 1692 2740 ejus
1720 2670 1841 2723 πάι-ν

301 2729 573 2802 impletum
600 2747 731 2787 esse.

299 2884 593 2942 Sanctitati
646 2893 856 2951 vestrm,
915 2882 1193 2953 carissimi,
1247 2882 1495 2943 votor'um
1534 2886 1646 2957 jam
1695 2896 1821 2943 nota

234 2976 388 3033 debet
413 2991 540 3032 esse
566 2975 843 3033 festivitas.
875 2975 1014 3045 Quid
1046 2978 1189 3034 enim
1218 2986 1274 3033 et
1297 2993 1401 3048 qua
1430 2979 1640 3035 ratione
1667 2994 1822 3035 cure-

234 3084 346 3124 mus
384 3084 457 3124 ex
499 3069 612 3139 ipsa
655 3069 968 3125 celebritate
1023 3069 1396 3127 condiscimus.
1441 3068 1573 3125 Nam
1612 3085 1734 3125 cum
1766 3058 1818 3126 in

235 3162 462 3231 vestigia
495 3152 590 3215 sua
614 3159 807 3215 iterum
852 3161 1146 3217 revolvitur
1174 3148 1441 3218 transacta
1488 3162 1817 3231 solemnitas,

233 3251 505 3307 doctiores
554 3250 834 3319 ellicimur,
891 3252 1016 3307 dum
1063 3268 1182 3308 eam
1236 3254 1429 3325 sacpius
1464 3254 1815 3311 celebramus.

236 3334 591 3399 Pentecostcn
621 3357 751 3411 ergo
778 3357 998 3412 agamus
1018 3344 1196 3410 hodie,
1224 3345 1325 3400 hoc
1344 3351 1426 3400 est
1446 3345 1823 3415 quinquagesi-

231 3448 373 3488 mum
404 3434 550 3489 diem
580 3451 609 3488 a
642 3436 1036 3491 resurrectione
1080 3436 1377 3501 dominica;
1418 3451 1525 3492 non
1545 3436 1689 3506 quod
1717 3437 1820 3493 hac

226 3522 333 3588 die,
365 3524 509 3599 sicut
537 3525 778 3594 plerique
815 3533 1007 3594 putant
1053 3525 1121 3581 ad
1158 3526 1324 3583 cmlos
1351 3526 1599 3582 Salvator
1625 3543 1817 3584 ascen-

230 3614 388 3670 derit.
420 3617 556 3674 Nam
584 3627 707 3688 post
737 3618 1187 3674 resurrectionem
1215 3635 1335 3674 cum
1384 3620 1640 3690 apostolis
1666 3636 1818 3675 com-

229 3716 497 3774 moratus,
549 3709 953 3778 quadragesima
995 3709 1083 3764 die
1111 3709 1179 3763 ad
1225 3709 1319 3763 Dei
1341 3709 1515 3763 Patris
1540 3710 1817 3765 dexteram

228 3792 526 3865 remeavit;
557 3802 696 3883 sicut
723 3799 900 3855 Lucas
925 3798 1252 3868 evangelista
1301 3799 1412 3853 ait:
1448 3796 1641 3863 Quibus
1663 3800 1820 3853 etiam
1856 3855 1871 3860 ,

1925 2623 2106 2693 (Joan.
2157 2625 2287 2696 xvi).
2347 2624 2628 2683 Credimus
2665 2628 2808 2682 enim
2837 2628 2906 2683 ad
2948 2625 3165 2684 Patrem
3194 2627 3508 2698 pervenisse

1922 2715 2133 2781 Filium,
2155 2731 2276 2771 cum
2306 2716 2549 2773 videmus
2573 2717 2643 2772 ad
2672 2717 2948 2789 apostolos
2967 2717 3308 2774 descendisse
3338 2715 3508 2771 Para-

1923 2806 2137 2863 cletum.
2194 2805 2476 2864 Credimus
2531 2822 2762 2879 namque
2807 2824 2931 2865 eum
2985 2822 3212 2878 regnare
3241 2809 3293 2863 in
3335 2807 3504 2870 caelis.

1920 2914 2079 2970 quem
2105 2900 2376 2956 cernimus
2399 2915 2625 2956 munera
2652 2906 2836 2957 sancta
2858 2899 3062 2956 donare
3091 2900 3143 2955 in
3172 2899 3348 2965 terris,
3372 2899 3504 2954 sicut

1920 2989 2178 3060 scriptum
2205 2997 2288 3045 est
2316 3005 2414 3061 per
2436 2991 2758 3062 prophetam
2786 3009 2799 3045 :
2830 2990 3128 3046 Ascendens
3148 2992 3205 3045 in
3234 2992 3397 3045 auum
3415 3007 3504 3043 ca-

1921 3080 2278 3151 ptivamduxit
2298 3082 2664 3152 captivitatem,
2698 3082 2838 3137 dedit
2863 3083 3002 3137 dona
3027 3081 3316 3137 hominibus
3332 3080 3503 3151 (Psal.

1922 3170 2033 3241 ιι).
2087 3169 2273 3226 Victor
2322 3172 2507 3242 utique
2527 3179 2858 3238 muneratur,
2882 3173 3056 3228 victor
3088 3173 3230 3227 dona
3258 3173 3502 3241 largitur,

1922 3260 2062 3315 unde
2089 3268 2144 3315 et
2167 3259 2417 3316 Salvator
2441 3262 2617 3316 victor
2643 3261 2841 3318 diaboli
2865 3272 2988 3332 post
3017 3263 3364 3332 triumphum,
3397 3262 3503 3316 dis—

1920 3353 2126 3424 cipulos
2162 3368 2299 3421 quos
2336 3353 2583 3407 liberavit
2627 3369 2658 3407 a
2700 3353 3031 3423 captivitate,
3079 3353 3241 3407 etiam
3289 3353 3504 3407 benedi«

1920 3443 2100 3499 ctione
2126 3443 2332 3498 ditavit.
2385 3442 2654 3497 Liberavit
2698 3451 2877 3497 autem
2909 3458 3028 3508 nos,
3073 3456 3195 3497 cum
3222 3442 3290 3496 ad
3321 3457 3502 3495 resur-

1920 3534 2149 3604 gendum
2195 3550 2293 3605 per
2333 3548 2393 3589 se
2430 3534 2603 3604 ipsum
2651 3541 2851 3588 tartara
2882 3532 3139 3598 occlusit;
3170 3532 3360 3586 ditavit
3384 3548 3503 3595 nos,
3542 3560 3545 3563 -

1920 3641 2042 3680 cum
2071 3624 2137 3678 ad
2162 3624 2493 3694 regnandum
2523 3640 2620 3695 per
2686 3622 3020 3679 Paracletum
3067 3623 3223 3678 nobis
3268 3622 3504 3679 ctelestia

1921 3714 2201 3771 reseravit.
2252 3714 2582 3781 Quibusdam
2607 3721 2787 3770 autem
2816 3714 2969 3783 quasi
2998 3711 3296 3783 profectum
3325 3714 3504 3782 gradi-

1920 3806 2042 3875 bus,
2064 3813 2191 3861 tuuc
2210 3821 2239 3860 a
2269 3813 2443 3861 morte
2467 3805 2533 3869 ad
2558 3806 2721 3860 vitam
2740 3804 3022 3860 didicimus
3043 3817 3316 3868 remeare;
3344 3803 3504 3858 modo

223 3891 460 3947 exhibuit
487 3908 542 3946 se
560 3893 727 3963 ipsum
758 3893 922 3945 tivum
942 3894 1056 3960 post
1080 3892 1375 3961 passionem
1401 3907 1569 3956 suam,
1598 3907 1689 3962 per
1710 3892 1821 3947 dies
1847 3903 1896 3969 ο
1923 3904 2103 3952 autem
2131 3895 2200 3951 de.
2227 3895 2386 3951 terris
2415 3896 2482 3951 ad
2510 3896 2679 3951 cmlos
2705 3895 2963 3951 docemur
2988 3894 3309 3959 ascendere;
3368 3894 3505 3949 sicut

220 3981 585 4052 quadraginta
610 3996 868 4067 apparens
896 3982 973 4034 eis
999 3979 1135 4051 (Act.
1174 3984 1236 4049 ι).
1280 3978 1642 4067 Quadraginta
1686 3994 1816 4048 ergo

217 4069 438 4126 dierum
467 4063 736 4125 curriculo
763 4069 1228 4125 conversationem
1248 4084 1398 4124 suam
1420 4063 1690 4141 discipulis
1703 4072 1814 4126 suis

214 4162 484 4217 Salvator
503 4162 761 4228 exhibuit,
813 4163 1019 4219 scilicet
1044 4170 1105 4218 ut
1128 4149 1279 4219 tanto
1305 4179 1530 4219 numero
1571 4179 1813 4220 resurre-

214 4252 425 4311 ctionis
455 4254 571 4323 ejus
616 4254 785 4323 gratia
825 4254 1148 4320 laetaremur,
1199 4263 1401 4326 quanto
1447 4263 1503 4311 et
1550 4256 1813 4326 passionis

215 4346 335 4418 ejus
365 4346 592 4416 injurias
611 4347 945 4415 ﬂeveramus,
973 4350 1304 4420 totidemque
1324 4351 1529 4407 dierum
1550 4354 1725 4423 spatio
1744 4369 1812 4409 eo

216 4443 577 4499 reticeremnr
603 4452 885 4512 praesente,
913 4458 1024 4514 quo
1065 4443 1371 4513 jejunamus
1417 4445 1657 4502 absente.
1694 4446 1812 4502 Non

218 4533 386 4603 igitur
414 4532 580 4589 hodie
615 4532 859 4590 Christus
889 4534 1131 4591 ascendit
1157 4534 1223 4591 ad
1250 4536 1465 4603 coelum,
1495 4539 1591 4593 sed
1614 4536 1815 4593 Christi

216 4623 459 4695 Spiritus
508 4622 783 4679 descendit
809 4624 878 4680 de
900 4626 1060 4693 ctelo,
1088 4625 1229 4681 sicut
1248 4626 1362 4696 ipse
1398 4625 1658 4683 Dominus
1685 4643 1816 4697 pro-

217 4716 444 4773 mittens
474 4715 549 4769 ait
580 4733 592 4765 τ
624 4714 751 4771 Cum
773 4726 942 4771 autem
969 4717 1247 4772 ascendere
1269 4717 1337 4771 ad
1353 4716 1588 4786 Patrem,
1611 4718 1814 4773 mittam

218 4811 355 4867 nobis
385 4810 746 4878 Paracletum,
762 4809 1015 4881 Spiritum
1033 4810 1286 4879 veritatis,
1310 4819 1361 4863 et
1382 4811 1493 4881 ipse
1509 4809 1709 4866 docebit
1724 4827 1812 4864 ros

217 4903 398 4956 omnia
419 4900 603 4972 (Joan.
647 4916 737 4956 xvr
761 4906 813 4954 et
837 4900 974 4969 11v).
998 4898 1189 4968 Magna
1216 4899 1376 4970 plane
1393 4901 1586 4969 gratia,
1613 4900 1812 4971 duplex

216 4993 499 5061 gaudium,
546 4992 690 5062 quod
742 4992 1034 5048 obeuntem
1058 4990 1331 5046 Christum
1358 5007 1466 5047 non
1496 4993 1808 5065 amittimus,

218 5090 275 5139 et
294 5086 604 5140 venientem
631 5083 891 5154 Spiritum
910 5081 1263 5154 possidemus.
1287 5082 1422 5139 Nam
1442 5083 1591 5139 illum
1620 5084 1816 5143 retine-

217 5188 336 5231 mus
364 5172 498 5231 iidei
529 5174 742 5239 merito,
773 5173 914 5229 hunc
938 5172 1378 5231 sanctiﬁcationis
1404 5188 1646 5230 accessu.
1679 5173 1810 5229 Cum

289 5294 315 5323 ⁸
345 5284 498 5341 Idem
519 5282 712 5340 cod.S.
728 5282 916 5339 Crucis
933 5284 988 5338 in
1008 5282 1226 5351 Minor.,
1252 5282 1514 5353 Florent.,
1541 5284 1810 5353 Ambros,

223 5364 279 5413 et
303 5356 364 5411 S.
398 5354 590 5411 Crucis
620 5355 673 5410 in
693 5353 830 5420 Jer.,
860 5354 929 5408 ad
948 5354 1217 5409 dexteram
1245 5355 1346 5408 sui.

289 5426 316 5466 δ
343 5426 499 5483 Idem
526 5424 648 5484 cod.
680 5424 738 5481 S.
769 5423 978 5494 Crucis,
1011 5441 1044 5479 a
1067 5423 1238 5479 David
1254 5492 1257 5495 _
1274 5424 1456 5483 sedens
1481 5427 1810 5497 prophetica-

222 5506 323 5608 “re.
346 5565 491 5652 Cod.
519 5566 789 5636 Ambros,
820 5567 912 5623 sed
930 5566 1040 5640 ipse
1064 5568 1231 5641 magis
1251 5575 1604 5626 creaturarum
1632 5570 1808 5626 omnia

221 5644 510 5784 φθίιῖἍέιέ
530 5708 960 5784 ροάηιΑηψτοεε,
1015 5708 1174 5784 modo
1196 5712 1330 5784 ejus__
1357 5712 1625 5784 potentia;
1656 5712 1806 5784 modo

117 5841 120 5845 .
222 5781 331 5867 eius
362 5780 722 5843 misericordia
744 5779 1082 5857 describatur.
1134 5779 1268 5841 Cod.
1298 5779 1642 5846 S.’Crucisin
1668 5782 1804 5861 tera,
1868 5830 1871 5831 ν

1920 3987 2176 4058 scriptum
2205 3993 2287 4041 est
2315 4003 2327 4039 :
2359 3984 2480 4058 Ipse
2501 4004 2586 4041 vos
2613 3986 2813 4041 docebit
2832 3987 3007 4041 omnia
3038 3984 3219 4056 (Ioan.
3243 4002 3354 4051 xw,
3384 3984 3501 4057 26).

1916 4076 2052 4145 Quid
2076 4077 2235 4133 docet
2258 4076 2487 4148 Spiritus
2500 4079 2752 4133 sanctus?
2781 4076 2972 4147 Utique
2996 4078 3100 4133 hoc
3131 4077 3280 4132 novit
3308 4077 3507 4133 docere

1917 4169 2063 4239 quod
2110 4177 2356 4225 sanctum
2385 4177 2486 4224 est.
2517 4168 2657 4237 Quid
2696 4168 2856 4225 docet
2883 4184 2983 4224 nos
3010 4168 3355 4224 Paracletus?
3374 4168 3507 4223 Illud

1919 4262 2105 4332 utique
2142 4261 2303 4317 docet
2325 4261 2470 4331 quod
2495 4246 2625 4316 dicit
2658 4260 2910 4316 Salvator
2934 4279 2946 4314 :
2981 4259 3153 4315 Multa
3177 4260 3340 4314 habeo
3369 4259 3509 4314 vobis

1919 4356 2108 4423 dicere,
2137 4354 2231 4409 sed
2258 4371 2361 4410 non
2390 4356 2605 4425 potestis
2634 4362 2846 4425 portare
2869 4354 3055 4418 modo;
3079 4369 3196 4406 cum
3214 4353 3406 4407 venerit
3420 4353 3508 4407 ille

1919 4444 2148 4515 Spiritus
2196 4445 2447 4508 veritatis,
2497 4445 2610 4515 ipse
2660 4460 2747 4498 vos
2773 4442 2979 4498 docebit
3006 4444 3185 4497 omnia
3215 4441 3393 4511 (Joan.
3419 4456 3509 4497 xvl

1918 4534 2027 4604 1‘2).
2051 4534 2234 4591 Bonus
2263 4534 2442 4604 itaque
2463 4535 2719 4602 magister
2745 4542 2829 4588 est
2848 4532 3175 4599 Paracletus,
3197 4533 3321 4601 quia
3347 4531 3508 4586 docet

1917 4640 2036 4695 qum
2063 4624 2307 4681 Christus
2329 4624 2571 4680 docenda
2601 4623 2856 4679 servavit.
2888 4623 3003 4677 Hoc
3030 4623 3173 4677 enim
3192 4621 3351 4677 docet
3378 4621 3506 4693 Spi-

1917 4717 2051 4772 ritus
2098 4724 2338 4782 sanctus,
2395 4716 2541 4786 quod
2589 4715 2848 4771 Dominus
2890 4714 3191 4772 docendum
3221 4714 3420 4771 habere
3445 4730 3507 4771 se

1914 4807 2065 4864 dicit.
2117 4807 2301 4863 Bonus
2355 4807 2514 4878 plane
2566 4807 2821 4876 magister
2848 4815 2952 4877 est,
2994 4808 3085 4879 qui
3112 4815 3506 4878 praeceptorum

1912 4906 2198 4955 exsecutor
2225 4907 2310 4955 est
2328 4898 2640 4955 Salvatoris.
2672 4898 2690 4937 τ
2717 4898 2946 4956 Necesse
2965 4907 3049 4956 est
3068 4900 3230 4969 igitur
3247 4907 3307 4955 ut
3350 4901 3507 4957 unius

1914 4991 1986 5046 sit
2029 4990 2342 5067 substantiae
2397 4998 2591 5046 natura
2642 5006 2762 5047 cum
2815 4990 3051 5055 Christo,
3091 4991 3238 5062 quod
3268 4991 3507 5047 videmus

1917 5080 2080 5136 unius
2107 5095 2228 5136 cum
2256 5078 2472 5136 Christo
2501 5082 2659 5154 201
2691 5095 2810 5137 esse
2837 5080 3117 5137 doctrinm.
3150 5080 3217 5136 Et
3244 5080 3389 5149 ideo,
3411 5098 3506 5137 ca-

1914 5173 2131 5238 rissimi,
2153 5173 2472 5229 mundemus
2493 5188 2594 5229 nos
2614 5174 2682 5229 ab
2702 5174 2852 5229 omni
2879 5173 3283 5244 inquinamento
3306 5173 3501 5236 carnis,

1840 5292 1894 5354 Ι)
1920 5286 2219 5359 modoejus
2243 5288 2497 5359 potentia,
2524 5287 2676 5343 modo
2707 5289 3083 5355 misericordia,
3109 5297 3213 5345 etc.

1991 5368 2014 5396 ε
2041 5356 2186 5414 Idem
2212 5356 2334 5432 cod.
2361 5357 2637 5432 Ambros,
2662 5359 2828 5431 judea:
2857 5359 3013 5432 plane
3055 5359 3255 5416 Juda'is
3279 5369 3385 5426 est,
3408 5358 3504 5413 ad-

1916 5436 2124 5485 vocatus
2149 5437 2226 5483 est
2249 5427 2578 5487 Christianis.

1992 5500 2011 5538 ί
2042 5497 2177 5556 Cod.
2212 5497 2486 5555 Pedonen.
2539 5501 2802 5557 vetustior
2825 5501 2973 5569 legit,
3002 5497 3225 5554 Necesse
3248 5499 3502 5569 estigitur

1914 5582 1968 5626 ut
2011 5571 2161 5625 unius
2204 5572 2271 5625 sit
2320 5571 2637 5644 substantia:
2666 5580 2816 5644 atque
2862 5566 3061 5625 natura:
3105 5586 3235 5644 cuin
3266 5566 3500 5644 Christo,|

1912 5644 2157 5768 qt'toinlam
2184 5658 2299 5704 eam
2325 5642 2554 5702 videmus
2588 5636 2820 5722 ejusdem
2854 5657 2965 5703 esse
3010 5655 3125 5712 cum
3174 5636 3376 5719 Christo
3404 5636 3500 5705 άοέ

1919 5730 1944 5768 ι’
1972 5731 1995 5768 ν
2020 5730 2119 5768 ηαξ.

1919 5724 2119 5775 arma.
