4040 6324
383 285 516 350 581’

1761 280 2044 342 HOMILIA
2079 282 2260 340 LXIV.
2325 328 2334 336 .

381 400 641 468 Domino;
669 402 899 454 mortem
923 396 1096 464 enim,
1125 409 1288 466 quam
1329 393 1576 450 Salvator
1599 392 1846 464 dignatus
1873 403 1957 450 est
1980 405 2030 458 Α
2059 405 2111 449 et
2135 395 2182 449 si
2226 394 2487 454 tradidero
2515 412 2697 468 corpus
2725 413 2890 454 meum
2920 408 2966 468 υ,
3013 408 3070 456 ιιι
3109 402 3348 470 ardeam,
3379 405 3650 462 caritatem

381 509 481 565 pro
501 489 746 548 omnibus
761 487 890 562 pati,
913 488 1050 544 hanc
1078 487 1166 544 ille
1188 487 1389 559 primus
1418 485 1646 549 reddidit
1673 484 1961 541 Salvatori.

380 581 646 641 Posthzec
691 581 916 652 subjecit
952 579 1228 652 Scriptura
1283 594 1465 644 sacra,
1515 585 1570 634 et
1608 577 1682 632 ait
1715 596 1728 631 :
1762 576 1962 632 Positis

378 673 590 749 genibus
616 672 853 729 clamauit
877 672 1051 727 dicens
1079 689 1097 730 :
1131 679 1156 708 ι
1186 687 1248 724 ne
1274 679 1472 725 statuas
1511 667 1618 724 illis
1661 668 1756 724 hoc
1777 685 1964 740 pecca-

379 785 506 830 tum.
529 767 736 834 Videte,
772 765 1102 822 dilectissimi
1130 763 1348 830 fratres,
1381 763 1630 819 allectum
1657 763 1803 818 beati
1837 762 1960 829 viri;

377 863 556 919 videte
582 874 827 930 magnam
854 866 909 914 et
936 857 1299 936 adrpirabilsm
1335 857 1633 912 caritatem.
1666 855 1726 911 In
1777 871 1964 927 perse-

375 953 594 1010 cutione
620 951 827 1022 positus
863 957 998 1016 erat,
1025 955 1079 1004 et
1107 964 1203 1020 pro
1232 948 1664 1019 persecutoribus
1684 947 1960 1020 supplica-

373 1045 487 1112 bat,
519 1049 682 1112 atque
720 1041 774 1096 in
804 1040 891 1096 illa
931 1039 1164 1112 lapidum
1193 1040 1364 1106 ruina,
1395 1038 1609 1110 quando
1655 1039 1790 1094 alius
1819 1039 1958 1096 obli-

374 1111 506 1193 visci
537 1141 749 1206 poterat
768 1133 932 1188 etiam
954 1132 1263 1188 carissimos
1289 1147 1434 1198 suos,
1461 1131 1550 1186 ille
1571 1130 1799 1187 Domino
1819 1148 1966 1188 com-

376 1226 666 1284 mendabat
693 1224 938 1280 inimicos
968 1224 1014 1278 δ.
1042 1221 1178 1291 Quid
1201 1223 1343 1279 enim
1364 1223 1594 1286 dicebat,
1613 1240 1733 1279 cum
1757 1223 1962 1296 lapida-

373 1321 554 1378 retur?
601 1318 824 1375 Domine
845 1359 860 1384 ,
902 1333 966 1372 ne
1003 1325 1200 1372 statuas
1235 1315 1339 1371 illis
1377 1315 1472 1371 hoc
1510 1326 1799 1388 peccatum.
1835 1319 1962 1376 Plus

373 1413 558 1481 itaque
586 1419 715 1466 tunc
743 1409 954 1464 illorum
983 1407 1200 1464 dolebat
1237 1417 1458 1479 peccata
1500 1424 1660 1478 quam
1709 1411 1804 1464 sua
1845 1411 1963 1466 vul-

373 1519 527 1570 nera,
557 1504 678 1574 plus
705 1502 914 1558 illorum
955 1501 1283 1573 impietatem
1311 1518 1471 1573 quam
1513 1519 1669 1557 suam
1699 1512 1956 1570 mortem;

372 1604 430 1652 et
450 1602 596 1650 recte
615 1594 753 1665 plus.
769 1593 824 1648 In
847 1593 1056 1650 illorum
1085 1593 1284 1663 quippe
1305 1593 1583 1663 iniquitate
1610 1602 1765 1649 erant
1791 1595 1958 1650 multa

377 1698 399 1725 ε
434 1700 557 1756 qua:
576 1685 776 1756 plangi,
825 1685 879 1739 in
925 1685 1070 1740 illius
1096 1691 1277 1739 autem
1305 1692 1479 1740 morte
1507 1701 1613 1740 non
1649 1697 1766 1740 erat
1812 1685 1958 1756 quod

2074 496 2247 540 autem
2273 502 2374 542 non
2405 483 2658 554 habuero,
2691 490 2824 545 nihil
2849 491 2976 546 mihi
3022 493 3232 564 prodest
3262 493 3328 566 (1
3357 494 3476 551 Cor.
3507 499 3643 569 χιιι).

2071 576 2242 644 Quam
2266 592 2380 632 rem
2405 577 2566 632 etiam
2599 579 2786 635 beatus
2811 577 3044 638 Joannes
3079 584 3384 652 conﬁrmat,
3414 587 3599 645 dicens
3632 605 3647 644 :

2075 664 2259 723 Omnis
2286 669 2372 740 qui
2387 676 2412 704 ο
2441 685 2545 724 non
2573 670 2745 742 diligit
2766 673 2979 743 fratrem
3003 691 3174 745 suum,
3194 685 3371 732 manet
3393 679 3448 734 in
3462 689 3646 738 morte.

2071 759 2139 816 Et
2163 761 2359 816 iterum
2393 781 2404 815 :
2439 760 2540 828 Qui
2567 764 2783 834 fratrem
2829 781 2977 819 suum
3029 767 3139 822 odit
3181 767 3441 825 homicida
3477 780 3554 826 est
3592 754 3648 844 (Ι

2069 853 2208 909 Joan
2237 854 2338 925 ιιι).
2363 851 2478 909 Hoc
2493 854 2612 910 loco
2642 853 2860 910 fratrem
2889 873 3103 914 omnem
3132 859 3405 937 hominem
3433 873 3650 936 oportet

2055 945 2324 1018 intelligi;
2376 961 2562 1001 omnes
2611 945 2663 1001 in
2719 945 2932 1004 Christo
2982 949 3171 1008 fratres
3215 970 3417 1014 sumus.
3479 957 3648 1016 Nemo

2071 1039 2254 1108 itaque
2282 1038 2397 1092 sine
2445 1037 2669 1093 caritate
2714 1037 2782 1095 de
2810 1041 3111 1111 virginitate
3139 1057 3441 1117 praesumat,
3486 1066 3648 1108 nemo

2069 1130 2138 1185 de
2161 1129 2536 1203 eleemosynis,
2563 1145 2720 1186 nemo
2758 1131 2825 1187 de
2851 1142 2880 1182 ι>
2909 1136 3242 1193 orationibus
3269 1139 3532 1208 conﬁdat;
3554 1143 3646 1212 qui

2069 1224 2303 1296 quandiu
2349 1225 2679 1282 inimicitiam
2709 1227 2762 1282 in
2795 1227 2966 1283 corde
3000 1231 3263 1298 tenuerit,
3295 1248 3469 1304 neque
3511 1235 3644 1304 istis,

2070 1331 2244 1386 neque
2273 1317 2392 1373 aliis
2414 1327 2442 1368 ει
2462 1318 2784 1388 quibuslibet
2809 1319 2967 1376 bonis
3013 1322 3265 1394 operibus
3291 1325 3504 1394 placare
3545 1328 3647 1384 sibi

2069 1407 2353 1462 Dominum
2405 1408 2620 1479 poterit.
2653 1408 2770 1464 Sed
2807 1410 2852 1465 si
2874 1411 2989 1466 vult
3013 1411 3211 1468 habere
3238 1414 3338 1470 sibi
3359 1419 3648 1489 propitium

2065 1497 2260 1567 Deum,
2309 1516 2416 1554 non
2465 1500 2781 1570 dedignetur
2819 1502 3004 1558 audire
3041 1505 3321 1560 consilium
3355 1517 3376 1544 τ
3416 1509 3646 1577 bonum;

2067 1589 2251 1644 audiat
2278 1605 2386 1644 non
2410 1606 2518 1658 me,
2544 1592 2638 1647 sed
2659 1592 2831 1663 ipsum
2847 1593 3131 1650 Dominum
3159 1612 3332 1651 suum.
3353 1597 3436 1664 Si,"
3458 1600 3646 1670 inquit,

2066 1682 2224 1753 offers
2253 1699 2437 1737 mnus
2467 1692 2608 1739 tuum
2637 1685 2706 1738 ad
2733 1686 2931 1753 altare,
2976 1695 3026 1741 et
3051 1687 3122 1742 ibi
3164 1691 3466 1745 recordatus
3490 1695 3646 1764 [ueris

371 1776 648 1833 debuisset
691 1776 890 1842 doleri;
921 1776 1132 1832 illorum
1162 1775 1489 1848 impietatem
1514 1793 1661 1834 mors
1687 1778 1952 1848 sequeba-
1988 1785 2033 1844 Β
2060 1777 2183 1848 quia
2212 1777 2378 1848 frater
2417 1783 2533 1831 tuus
2561 1776 2713 1832 habet
2759 1779 2957 1852 aliquid
2985 1780 3256 1836 adversum
3291 1792 3370 1852 te,
3413 1785 3645 1857 relinque

375 1875 463 1922 tur
487 1876 708 1934 aeterna,
732 1867 888 1938 hujus
912 1875 1089 1924 autem
1130 1873 1358 1923 mortem
1385 1868 1496 1926 vita
1523 1875 1800 1942 perpetua.
1827 1869 1955 1926 Imi-

372 1969 550 2017 temur
573 1973 702 2030 ergo
727 1960 781 2015 in
819 1959 1020 2030 aliquo,
1060 1958 1390 2016 dilectissimi
1435 1960 1648 2025 fratres,
1674 1962 1808 2016 tanti
1837 1976 1956 2016 ma-

368 2053 524 2124 gistri
543 2051 722 2118 fidem,
741 2060 852 2107 tam
880 2051 1120 2122 pratelari
1144 2052 1397 2123 martyris
1423 2052 1732 2120 caritatem;
1764 2051 1956 2121 diliga-

368 2161 492 2202 mus
519 2161 619 2202 nos
645 2145 750 2201 hoc
778 2143 956 2201 animo
986 2146 1040 2200 in
1082 2141 1321 2202 Ecclesia
1348 2143 1539 2202 fratres
1567 2141 1798 2213 nostros,
1847 2161 1956 2217 quo

369 2237 464 2295 ille
510 2245 639 2294 tunc
676 2237 864 2293 dilexit
891 2237 1138 2293 inimicos
1175 2253 1322 2295 suos.
1378 2237 1485 2294 Sed
1511 2238 1656 2308 quod
1693 2239 1849 2309 pejus
1872 2246 1956 2295 est

369 2330 656 2402 aliquoties
683 2344 793 2385 non
820 2329 1000 2384 solum
1041 2329 1286 2384 inimicos
1334 2345 1441 2384 non
1483 2330 1769 2398 diligimus,
1799 2329 1828 2368 σί
1856 2345 1958 2387 nec

368 2421 558 2476 amicis
581 2420 804 2492 quidem
835 2419 992 2476 fidem
1027 2421 1288 2490 integram
1319 2421 1666 2478 custodimus.
1699 2423 1806 2478 Sed
1831 2421 1960 2480 dicit

369 2513 568 2586 aliquis
599 2529 612 2568 :
647 2529 753 2568 non
779 2528 998 2584 possum
1027 2511 1247 2581 diligere
1276 2512 1548 2569 inimicum
1575 2527 1775 2578 meum,
1795 2528 1958 2584 quem

367 2603 614 2674 quotidie
636 2604 780 2659 velut
829 2605 1040 2658 hostem
1069 2603 1246 2673 patior
1282 2603 1727 2660 crudelissimum.
1759 2603 1805 2658 0
1832 2604 1954 2674 qui-

367 2713 584 2771 cunque
619 2698 707 2752 ille
751 2712 830 2761 es,
874 2696 1106 2752 attendis
1131 2697 1260 2766 quid
1289 2695 1384 2752 tibi
1428 2695 1616 2752 fecerit
1661 2696 1826 2752 homo
1845 2737 1858 2762 ,
1901 2705 1960 2752 et

369 2805 482 2846 non
508 2789 818 2845 consideras
844 2787 974 2858 quid
1003 2795 1058 2843 tu
1106 2787 1296 2844 ieceris
1323 2787 1469 2854 Deo;
1519 2801 1640 2842 cum
1693 2788 1838 2842 enim
1896 2797 1955 2843 tu

370 2880 588 2937 emulto
607 2881 851 2949 graviora
871 2879 927 2934 in
955 2878 1122 2936 Deum
1149 2887 1368 2950 peccata
1397 2879 1750 2945 commiseris,
1784 2893 1956 2949 quare

373 2971 542 3059 θοι
587 2987 694 3028 non
732 2971 956 3028 dimittis
983 2971 1186 3027 homini
1213 2969 1234 3010 ί
1267 2985 1474 3042 parum,
1507 2979 1566 3025 ut
1586 2972 1678 3027 tibi
1710 2971 1849 3027 Deus
1873 2971 1957 3026 di-

367 3074 568 3136 gnetur
591 3063 863 3119 dimittere
889 3063 1148 3118 multum?
1163 3062 1360 3119 Recole
1383 3071 1408 3110 ε
1423 3062 1567 3133 quod
1589 3063 1684 3117 tibi
1714 3062 1767 3118 in
1789 3061 1961 3117 Evan-

2062 1865 2134 1920 ibi
2164 1882 2347 1920 munus
2372 1875 2514 1922 tuum
2542 1875 2662 1924 ante
2688 1868 2874 1935 altare,
2905 1880 2955 1926 et
2982 1872 3110 1926 uade
3136 1873 3281 1943 prius
3325 1875 3648 1932 reconciliari

2063 1959 2218 2030 fratri
2247 1967 2350 2024 tuo,
2383 1966 2433 2012 et
2457 1967 2578 2013 tunc
2600 1961 2807 2015 veniens
2837 1962 3026 2031 oﬁ'eres
3052 1979 3238 2020 munus
3259 1973 3398 2020 tuum
3429 1965 3644 2039 (Matth.

2061 2049 2139 2120 ν).
2171 2051 2240 2105 At
2269 2066 2366 2106 nos
2388 2065 2594 2122 pugnas
2617 2061 2638 2087 ι
2673 2053 2933 2111 habemus
2961 2057 3300 2126 intrinsecus,
3330 2067 3384 2115 et
3411 2061 3565 2118 dolos
3594 2061 3646 2118 in

2062 2141 2228 2197 corde
2271 2151 2565 2211 versantes,
2597 2145 2752 2213 quasi
2782 2149 2798 2184 ι
2826 2147 3019 2201 bonam
3041 2150 3422 2208 conscientiam
3447 2153 3648 2209 habea-

2061 2251 2200 2303 mus,
2226 2238 2596 2307 pmsumimus
2615 2240 2873 2296 accedere
2901 2241 2969 2296 ad
2989 2241 3184 2308 altare,
3215 2258 3325 2298 non
3354 2245 3602 2301 timentes
3627 2287 3642 2312 ,

2061 2329 2207 2398 quod
2233 2330 2492 2400 scriptum
2535 2337 2618 2385 est
2650 2349 2662 2384 :
2698 2328 2798 2396 Qui
2829 2333 3110 2388 manducat
3155 2342 3203 2388 et
3254 2334 3378 2389 bibit
3406 2337 3639 2409 indigne,

2055 2420 2312 2490 judicium
2333 2419 2430 2474 sibi
2453 2421 2732 2476 manducat
2762 2432 2790 2460 ιι
2817 2432 2868 2476 et
2888 2421 3012 2478 bibit
3035 2422 3091 2496 (ι
3112 2423 3229 2480 Cor.
3264 2427 3359 2497 at).
3391 2425 3497 2481 Sed
3518 2427 3648 2484 dicit

2072 2514 2222 2583 205
2260 2511 2453 2581 aliquis
2485 2529 2499 2564 :
2528 2512 2744 2580 grandis
2791 2513 2944 2568 labor
2977 2523 3062 2570 est
3107 2515 3352 2572 inimicos
3400 2518 3643 2586 diligere,

2062 2621 2164 2676 pro
2193 2613 2222 2643 ν
2262 2604 2699 2675 persecutoribus
2734 2605 3053 2676 supplicare.
3087 2605 3194 2664 Nec
3240 2624 3338 2664 nos
3365 2623 3643 2680 negamus,

2063 2696 2278 2761 fratres,
2312 2711 2418 2751 non
2442 2711 2638 2768 parvus
2667 2696 2884 2767 quidem
2912 2697 3066 2754 labor
3107 2707 3190 2754 est
3217 2701 3271 2754 in
3299 2700 3401 2756 hoc
3429 2701 3644 2765 saeculo,

2062 2787 2156 2841 sed
2179 2786 2383 2856 grande
2403 2787 2506 2843 erit
2526 2789 2800 2858 praemium
2823 2788 2875 2844 in
2893 2787 3097 2856 futuro;
3121 2805 3218 2860 per
3245 2806 3481 2848 amorem
3499 2793 3645 2848 enim

2062 2879 2220 2934 unius
2242 2878 2474 2934 hominis
2501 2878 2702 2935 inimici
2729 2887 2756 2916 ι
2777 2876 3026 2934 efﬁciet-is
3046 2880 3249 2936 amicus
3269 2881 3383 2950 Dei,
3407 2882 3516 2937 imo
3538 2897 3645 2941 non

2061 2963 2234 3024 'solum
2257 2970 2476 3033 amicus,
2491 2969 2585 3026 sed
2604 2970 2765 3025 etiam
2788 2969 2944 3032 illius,
2973 2971 3113 3048 sicut
3125 2972 3236 3041 ipse
3249 2971 3542 3027 Dominusr
3561 2971 3644 3028 di-

2063 3060 2136 3114 cit
2159 3078 2171 3112 :
2209 3059 2420 3130 Diligite
2442 3061 2683 3115 inimicos
2698 3052 2908 3126 vestros,
2933 3063 3218 3134 benefacite
3232 3064 3295 3117 iis
3315 3065 3401 3135 qui
3431 3064 3647 3120 oderunt

367 3155 514 3226 gelio
550 3154 764 3210 Veritas
791 3155 906 3224 ipsa
933 3153 1258 3224 promiserit,
1290 3162 1345 3208 et
1369 3167 1528 3225 quam
1567 3155 1661 3208 tibi
1690 3153 1954 3223 quodam-
1981 3160 2027 3222 ρ
2060 3167 2180 3216 vos,
2210 3160 2266 3204 ut
2291 3153 2404 3204 sitis
2429 3151 2530 3220 ﬁlii
2559 3150 2733 3206 Patris
2764 3155 2918 3208 vestri
2957 3155 3060 3226 qui:
3073 3155 3128 3208 in
3176 3155 3316 3208 catis
3363 3165 3440 3209 est
3483 3153 3645 3226 (Luc.

367 3247 534 3303 modo
559 3247 866 3303 cautionem
896 3245 1102 3312 fecerit,
1133 3246 1217 3301 vel
1265 3247 1424 3315 quale
1457 3245 1482 3283 ιι
1505 3253 1720 3316 pactum
1754 3245 1951 3300 inierit.

370 3340 440 3397 Si
466 3339 624 3406 sitim,
649 3340 840 3409 inquit,
865 3339 1167 3394 dimiseritis
1189 3339 1477 3394 hominibus
1515 3348 1726 3410 peccata
1759 3355 1956 3406 eorum,

370 3433 598 3488 dimittet
623 3441 674 3488 et
691 3433 833 3488 uobis
870 3433 883 3470 ί
925 3433 1084 3487 Pater
1109 3441 1273 3487 uester
1293 3432 1513 3487 celestis
1536 3440 1746 3503 peccata
1767 3439 1956 3486 uestra.

371 3526 440 3582 Si
468 3535 638 3581 autem
666 3541 773 3582 non
819 3525 1152 3593 dimiseritis,
1197 3541 1289 3579 nec
1335 3523 1501 3578 Pater
1540 3533 1700 3578 vester
1740 3523 1962 3578 dimittet

373 3622 392 3668 ι
417 3617 592 3672 debita
605 3626 781 3672 vestra
803 3615 1019 3687 (Matth.
1049 3615 1148 3684 νι).
1188 3614 1412 3680 Videtis,
1439 3612 1663 3678 fratres,
1689 3611 1813 3682 quia
1834 3627 1955 3667 cum

371 3709 472 3764 Dei
499 3709 673 3779 gratia
697 3710 754 3763 in
782 3715 1050 3778 potestate
1071 3715 1255 3762 nostra
1281 3709 1516 3778 positum
1538 3715 1647 3771 est,
1677 3706 1908 3774 qualiter
1926 3721 1957 3760 a

368 3801 604 3856 Domino
625 3799 950 3870 iudicemur.
987 3799 1069 3864 Si,
1093 3799 1282 3867 inquit,
1325 3798 1644 3861 dimiseritis,
1677 3797 1962 3852 dimittetur

369 3895 517 3951 vobis
538 3895 585 3948 ιι.
617 3895 735 3950 iam
764 3908 907 3964 saepe
948 3893 1090 3958 dixi,
1118 3892 1336 3959 fratres,
1367 3900 1424 3947 et
1449 3891 1758 3960 frequenter
1781 3889 1961 3946 dicere

368 3987 589 4050 debeo,
633 3999 793 4040 nemo
837 3999 899 4039 se
937 3984 1345 4050 circumveniat,
1396 3999 1556 4040 nemo
1608 3997 1669 4040 se
1707 3983 1955 4049 seducet;

377 4075 400 4117 ι
432 4077 522 4146 qui
553 4075 637 4130 vei
666 4087 832 4129 unum
861 4074 1132 4130 hominem
1163 4075 1218 4130 in
1243 4075 1344 4130 hoc
1367 4074 1566 4130 mundo
1614 4074 1736 4130 odio
1777 4075 1958 4139 habet,

369 4165 637 4236 quidquid
673 4164 784 4220 Deo
821 4165 876 4220 iu
924 4166 1176 4236 operibus
1210 4165 1363 4221 bouis
1391 4173 1432 4203 τι
1459 4164 1743 4232 obtulerit,
1787 4174 1957 4221 totum
2013 4232 2020 4237 τ

367 4257 573 4331 perdit,
605 4257 730 4327 quis
761 4272 866 4313 non
900 4258 1156 4313 mentitur
1185 4255 1378 4314 Paulus
1415 4258 1688 4340 apostolus
1725 4258 1910 4313 dicens
1943 4276 1955 4311 :

367 4348 443 4406 Si
470 4349 661 4404 dedero
708 4363 883 4404 omnes
923 4349 1194 4420 facultates
1220 4365 1362 4404 meas
1389 4351 1442 4404 in
1475 4346 1616 4402 cibos
1652 4364 1956 4419 pauperum,

2062 3246 2158 3314 vr).
2183 3243 2241 3300 Si
2269 3253 2325 3300 te
2353 3245 2546 3316 aliquis
2586 3246 2748 3301 homo
2775 3246 2925 3301 dives
2966 3247 3020 3301 in
3050 3247 3154 3301 hoc
3181 3247 3373 3302 saeculo
3403 3247 3561 3301 vellet
3589 3247 3646 3300 fl-

2062 3336 2194 3392 lium
2223 3335 2533 3406 adoptivum
2577 3335 2789 3400 facere;
2819 3335 3091 3404 quomodo
3134 3336 3381 3398 servires,
3405 3350 3538 3404 quas
3566 3335 3646 3390 in-

2064 3426 2352 3495 dignitates
2381 3427 2542 3482 etiam
2590 3441 2868 3481 servorum
2907 3425 3043 3494 ejus,
3073 3440 3192 3495 qua:
3218 3426 3434 3480 servitia
3479 3426 3645 3482 duris-

2064 3518 2222 3580 sima,
2256 3525 2312 3572 et
2348 3518 2634 3586 aliquoties
2669 3517 2832 3572 etiam
2871 3517 3175 3587 turpissima
3214 3516 3504 3571 sustineres
3535 3525 3557 3554 ι
3591 3525 3647 3571 ut

2065 3608 2133 3663 ad
2159 3607 2417 3662 caducam
2454 3616 2511 3663 et
2543 3608 2783 3678 fragilem
2827 3607 3192 3664 btereditatem
3238 3607 3380 3662 illius
3403 3608 3647 3678 perveni-

2063 3700 2186 3754 res?
2200 3697 2353 3765 Quod
2373 3713 2502 3768 ergo
2525 3699 2658 3754 alius
2674 3709 2729 3737 ι·
2751 3701 3040 3755 sustineret
3061 3705 3282 3771 propter
3300 3699 3648 3756 substantiam

2066 3797 2358 3856 terrenam,
2390 3798 2450 3844 tu
2492 3791 2698 3846 sustine
2725 3798 2948 3861 propter
2987 3789 3155 3844 vitam
3189 3798 3464 3845 aetemam.
3495 3772 3644 3845 Con-

2067 3881 2327 3938 vincimur
2349 3883 2490 3937 enim
2512 3882 2807 3938 certissima
2845 3883 3052 3940 ratione
3077 3882 3204 3953 quia
3231 3889 3454 3952 propter
3480 3881 3646 3937 Deum

2062 3989 2347 4046 possumus
2391 3974 2627 4045 quidem,
2657 3974 2751 4031 sed
2781 3975 3029 4030 nolumus
3083 3973 3306 4044 injurias
3327 3963 3641 4029 'sustinere.

2061 4066 2302 4138 Denique
2321 4069 2367 4124 si
2391 4067 2547 4125 nobis
2567 4069 2742 4139 aliqua
2759 4077 2951 4140 potens
2969 4082 3198 4139 persona
3224 4065 3542 4138 iniuriam“
3567 4063 3646 4121 fa-

2063 4161 2200 4225 ciat,
2248 4172 2304 4202 6°
2334 4161 2378 4217 si
2406 4161 2562 4217 nobis
2590 4161 2752 4217 etiam
2797 4161 2852 4216 in
2879 4159 3016 4217 facie
3041 4159 3351 4226 maledicat;
3389 4171 3490 4214 nec
3528 4172 3644 4213 res-

2063 4253 2303 4326 pondere
2328 4252 2527 4322 aliquid
2554 4266 2822 4324 asperum,
2850 4267 2954 4308 non
3001 4250 3177 4307 dicam
3199 4250 3371 4304 vicem
3421 4245 3646 4303 reddere

2067 4345 2357 4414 audemus;
2389 4343 2449 4385 ειτι
2475 4347 2680 4418 quare?
2700 4361 2768 4402 ne
2789 4345 2856 4400 ab
2879 4343 2967 4400 illa
2987 4357 3214 4415 persona
3234 4348 3454 4412 potente
3474 4339 3646 4394 adhuc

453 4559 477 4589 ι
499 4550 643 4608 Idem
673 4551 826 4608 codd.
859 4551 917 4609 S.
947 4553 1133 4610 Crucis
1157 4553 1209 4608 in
1237 4551 1370 4618 ἔοι-ί,
1407 4563 1462 4609 οι
1494 4551 1674 4608 Casin.
1701 4551 1822 4620 I90,
1848 4551 1960 4608 Do-
1991 4554 2040 4616 Ι)
2069 4561 2197 4608 trem
2221 4570 2369 4607 suum
2392 4561 2566 4607 manet
2593 4552 2648 4604 in
2674 4556 2855 4603 morte.
2888 4545 3026 4602 Edit.
3050 4545 3242 4610 habet,
3277 4543 3460 4599 Omnis
3487 4545 3643 4612 enim,

363 4635 634 4750 ""320:
657 4633 1267 4758 ἓξὲῗιῗὰδὸῗὸιιὲιιιίεω
1294 4709 1438 4750 suos.

2064 4624 2153 4693 qui
2181 4640 2286 4694 non
2316 4623 2509 4694 diligit,
2537 4631 2643 4694 et_c.

2136 4703 2164 4743 ιι
2183 4692 2346 4748 Iidem
2375 4683 2532 4746 codd.
2577 4689 2734 4744 Laur.
2768 4696 2824 4742 et
2859 4685 2919 4742 S.
2946 4683 3132 4744 Crucis
3155 4685 3209 4740 in
3231 4684 3368 4754 lem,
3407 4701 3555 4740 nemo
3582 4684 3646 4738 de

451 4772 476 4801 α
504 4763 649 4818 Ιὰοιιι
685 4764 806 4820 cod.
844 4763 900 4818 S.
929 4756 1114 4820 crucis
1143 4765 1196 4818 in
1225 4762 1333 4820 Jer.
1389 4763 1541 4832 legit,
1568 4778 1682 4834 quis
1709 4761 1962 4816 debebant
2058 4762 2300 4834 jejuniis,
2325 4777 2474 4834 nemo
2499 4756 2925 4834 degrationibus.

411 4833 576 4888 lanai.

360 4849 702 4968 ριῗΙἝὰίιὶο,
733 4911 790 4958 et
808 4901 930 4958 οοὰ.
959 4852 1140 4957 ϐοείη.
1159 4901 1280 4966 100,
1307 4901 1401 4956 sed
1427 4918 1520 4956 nec
1544 4902 1744 4956 amicis.

449 4981 476 5045 ξ
505 4973 941 5045 Editiqmultum
953 4974 1213 5045 graviora.
1435 4999 1440 5004 -

456 5043 475 5082 ί
505 5043 638 5098 ϐοὰ.
664 5043 785 5098 Vat.
817 5041 975 5113 i951,
1007 5043 1201 5113 homini
1226 5057 1462 5113 parvum.

450 5123 478 5182 β
507 5113 652 5182 idem
681 5113 798 5182 cod.
845 5112 1028 5179 Laur.,
1058 5121 1113 5168 et
1140 5109 1326 5182 editio,
1359 5109 1548 5166 Recole
1571 5111 1711 5182 quid.

448 5181 479 5256 1;-
505 5181 651 5256 [dem
669 5181 1087 5256 cod.,_et_edit.,
1118 5181 1198 5256 uel
1223 5182 1375 5256 quale
1403 5189 1570 5236 tecum
1584 5181 1824 5252 pactum,
1857 5191 1958 5236 etc.

454 5254 469 5292 ί
503 5251 638 5309 ϐοὰ.
669 5251 793 5308 Vat.
812 5250 1057 5322 ‘495i,7et
1086 5250 1421 5308 vobis'Pater
1457 5250 1670 5322 peccata
1698 5259 1887 5306 vestra.

452 5325 467 5374 ι
497 5323 634 5380 ϐοὰ.
665 5322 812 5389 Vat.,
841 5339 934 5378 nec
962 5321 1126 5378 Pater
1148 5330 1312 5378 vester
1337 5323 1558 5376 dimittet
1585 5321 1724 5377 vobis
1750 5331 1961 5390 peccata

361 5403 568 5452 uestra.
1121 5412 1131 5420 ·

447 5464 474 5546 ξ
501 5463 846 5546 _E_dit.,ﬂNgm
873 5480 1026 5546 stupe.
1057 5533 1076 5546 Ι
1279 5532 1290 5544 .
1425 5533 1436 5545 .

454 5535 466 5572 ¹
501 5534 647 5590 Idem
675 5533 734 5589 S.
758 5531 1022 5605 Crucisin
1049 5533 1180 5605 Jer.,
1205 5532 1326 5605 quia
1351 5533 1436 5605 qui
1467 5531 1542 5605 uel
1567 5548 1744 5598 unam,
1775 5540 1878 5605 etc.

451 5613 494 5643 ιι
522 5605 667 5660 Idem
695 5605 816 5660 cod.
841 5605 898 5660 S.
921 5603 1108 5660 Crucis
1131 5604 1183 5658 in
1199 5603 1332 5670 Jer.,
1347 5603 1550 5671 obtulit,
1569 5611 1731 5657 totum
1751 5603 1947 5673 perdet.

446 5686 472 5712 υ
495 5674 660 5740 Edit.,
689 5676 764 5729 ita
784 5686 840 5729 ut
863 5676 1090 5730 ardeam.

448 5753 476 5784 ο
503 5745 649 5803 Idem
669 5745 790 5802 cod.
813 5746 871 5802 S.
888 5744 1074 5802 Crucis
1103 5747 1155 5800 in
1184 5743 1316 5811 Jer.,
1359 5743 1540 5800 Omnis
1565 5745 1650 5815 qui
1694 5744 1804 5800 odit
1832 5747 1944 5815 fru-

2135 4843 2162 4881 ιι
2191 4825 2324 4900 ϐοὰ.
2357 4831 2480 4900 Vat.
2515 4827 2673 4894 4951,
2697 4843 2856 4899 neque
2875 4825 2996 4881 aliis
3024 4825 3171 4882 bonis
3197 4825 3452 4900 operibus.

2141 4911 2163 4939 ι’
2193 4899 2332 4956 ϐοὰ.
2361 4899 2544 4965 Laur.,
2577 4900 2850 4954 consilium
2877 4913 3062 4952 meum.

2138 4980 2160 5006 ³
2193 4971 2358 5036 Edit.,
2391 4970 2652 5025 habentes.

2140 5041 2159 5076 ί
2187 5035 2356 5096 ϐοὰὰ.
2387 5041 2444 5096 S.
2469 5039 2657 5094 Crucis
2687 5039 2738 5094 in
2760 5037 2899 5105 Jer.,
2930 5035 3054 5093 Vat.
3083 5043 3140 5092 et
3178 5037 3306 5092 edit.
3326 5079 3340 5104 ,
3371 5039 3519 5110 quasi
3555 5039 3643 5108 qui

2063 5108 2269 5175 bonam,
2302 5120 2408 5167 etc.

2136 5190 2163 5262 ff
2193 5181 2251 5262 In
2271 5181 2399 5262 cod;
2513 5179 2700 5236 Crucis
2728 5179 2782 5234 in
2809 5177 2929 5262 der...
2955 5177 3108 5262 deest
3132 5178 3338 5262 etnbibit

2133 5261 2162 5290 ν
2189 5250 2325 5322 ϐοὰ.
2347 5251 2629 5322 Χοιηριῄο
2651 5249 3011 5322 peccatoribus
3021 5249 3342 5322 supplicare.

2135 5331 2161 5359 ι
2190 5321 2323 5378 ϐοὰ.
2347 5319 2472 5376 Vat.
2493 5315 2662 5389 1951;
2687 5330 2742 5404 et
2771 5319 2927 5404 edit,
2957 5315 3191 5444 egci'eris
3215 5322 3408 5402 amicus
3438 5315 3556 5373 Dei.

2135 5402 2164 5441 1
2192 5391 2336 5444 Idem
2365 5391 2484 5444 cod.
2513 5390 2662 5444 Vat..
2690 5403 2824 5444 sicut
2849 5405 2960 5444 tusc
3030 5405 3230 5444 omniss
3258 5391 3410 5444 dixit.

2134 5402 2164 5441 γ
2192 5391 2336 5448 Idem
2365 5391 2484 5448 cod.
2513 5390 2662 5457 Vat.,
2690 5392 2824 5445 sicut
2849 5392 2960 5461 ipse
2979 5389 3230 5446 Dominus
3258 5389 3410 5444 dixit.

2105 5492 2109 5498 -
2137 5472 2159 5498 ²
2193 5461 2369 5518 Εὰίιὶο
2396 5461 2542 5516 addit
2568 5463 2816 5516 convicia.

2133 5541 2190 5570 η
2218 5531 2350 5589 ϐοὰ.
2380 5531 2439 5587 S.
2472 5531 2654 5586 Crucis
2673 5531 2736 5596 ,in
2763 5530 2873 5586 Jer.
2897 5540 2953 5586 et
2975 5529 3126 5594 edit»
3156 5529 3391 5583 sustinet.

2131 5601 2188 5642 ινδ
2215 5601 2659 5674 Εοιιίοιιιιεῑιεψ
2972 5671 2981 5674 ,
3102 5670 3113 5674 _
3185 5670 3198 5674 _
3263 5666 3276 5674 ,
3439 5613 3441 5616 ‘

2015 5713 2029 5728 .
2133 5683 2185 5742 ἐς
2217 5672 2350 5742 ϐοὰ.
2382 5666 2502 5727 Val.
2539 5671 2697 5742 495i,
2725 5674 2892 5727 sinon
2918 5671 3069 5731 etiam
3095 5670 3149 5722 in
3172 5666 3325 5739 facie.

2127 5741 2184 5781 (Μ
2213 5741 2379 5814 Εὰίι.,
2410 5759 2568 5812 quare
2595 5741 2726 5797 hoc?
