4040 6324
412 369 517 425 385
1616 366 1673 423 S.
1716 363 1961 421 MAXIM!
1998 364 2010 419 '.

2110 361 2447 423 JRINENSIS
3585 363 3689 420 381

413 482 619 552 majora
656 495 818 551 quam
861 478 1176 559 pertulimus
1220 477 1506 548 patiamur.
1575 476 1733 544 Quod
1762 478 1924 549 206
1967 492 1997 531 a
2025 479 2076 539 Α
2102 491 2220 530 mus
2256 476 2548 538 hominem,
2609 474 2695 530 hic
2739 474 2906 530 Deum
2964 476 3155 531 timere
3208 475 3481 531 nolumus.
3542 476 3691 536 unde

414 574 571 629 nobis
614 578 897 641 extorquet
946 570 1180 626 hominis
1220 570 1400 634 timor,
1430 579 1457 608 ι
1492 569 1754 625 debuerat
1781 569 1996 645 exigere
2104 566 2122 605 τ
2147 582 2276 637 ergo
2301 583 2421 635 nos,
2443 569 2654 635 fratres,
2678 579 2937 639 quantum
2961 584 3264 643 possumus,
3287 569 3521 627 cumDei
3540 570 3689 642 adju-

417 660 614 718 Christi
657 677 826 717 amor.
859 660 915 716 Si
953 656 1081 730 ergo
1110 670 1302 733 potens
1342 677 1574 732 persona
1618 661 1768 715 saevit
1811 668 1997 716 contra
2100 660 2241 716 torio
2267 675 2363 715 cor
2409 669 2649 715 nostrum
2693 660 2760 715 ad
2806 661 3121 732 patientiam
3166 676 3551 739 praeparemus,
3586 674 3612 712 ε
3634 673 3691 723 et

413 770 531 820 nos,
582 762 822 810 tacemus
869 764 925 811 et
973 755 1105 810 nihil
1130 756 1309 812 dicere
1362 755 1476 810 ausi
1520 770 1739 820 sumus;
1783 754 1828 809 si
1868 768 1999 809 vero

413 846 442 886 δ
463 854 553 902 aut
580 847 822 918 aequalis,
854 855 947 903 aut
970 839 1107 903 forte
1135 847 1357 903 inferior
1381 847 1467 902 vel
1494 845 1666 902 levem
1689 846 1844 900 nobis
1872 860 2001 901 con-

414 928 691 994 tumeliam
718 936 923 1003 fecerit,
959 949 982 977 c
1009 938 1161 1007 quasi
1189 936 1302 995 fera
1323 937 1495 993 bestia
1523 939 1640 992 sine
1668 937 1772 990 ulla
1795 936 2003 1007 patien-

414 1028 489 1085 tia
525 1044 590 1085 ac
626 1030 742 1085 sine
780 1029 958 1099 aliqua
1001 1029 1096 1085 Dei
1123 1029 1577 1100 contemplatione
1605 1028 1996 1097 consurgimus,

414 1128 472 1177 et
495 1130 589 1177 aut
615 1123 668 1177 in
698 1123 948 1194 praesenti
973 1132 1211 1179 nostram
1252 1122 1498 1191 injuriam
1527 1122 1875 1188 vindicamus,
1906 1129 2001 1177 aut

414 1220 562 1268 certe
589 1212 655 1267 ad
675 1212 936 1283 majorem
957 1215 1126 1269 vicem
1152 1214 1478 1270 reddendam
1500 1221 1740 1270 nostrum
1763 1214 1998 1268 animum

415 1316 795 1372 pracparamus.
826 1302 965 1371 Quid
986 1313 1070 1361 est
1098 1305 1221 1371 hoc,
1253 1304 1280 1342 ἀ
1301 1305 1517 1374 quando
1548 1313 1742 1375 potens
1768 1320 1998 1375 persona

414 1391 570 1448 nobis
597 1392 843 1462 injuriam
866 1394 1063 1460 intulit,
1086 1396 1352 1465 patienter
1380 1405 1403 1433 ε
1431 1396 1761 1465 accepimus;
1784 1394 1999 1465 quando

416 1482 656 1552 inferior,
689 1485 855 1540 nimio
886 1484 1066 1541 furore
1093 1471 1501 1543 Succendimur?
1528 1486 1683 1553 Quod
1714 1486 1785 1541 ibi
1820 1486 2000 1541 timui-

2104 750 2157 806 in
2188 751 2434 807 omnibus
2452 752 2610 807 malis
2635 752 2941 807 hominibus
2968 752 3304 809 medicorum
3332 755 3504 810 vicem
3534 770 3691 826 agere

2103 843 2429 909 studeamus,
2455 853 2512 899 et
2531 861 2637 900 non
2670 845 2814 915 ipsos
2841 844 3110 910 homines,
3145 845 3244 901 sed
3272 844 3301 883 ¹ι
3331 839 3546 903 illorum
3574 864 3689 903 ma-

2105 936 2275 990 litiam
2298 935 2423 990 odio
2450 936 2776 1002 habeamus;
2809 921 2909 1007 pro
2938 937 3096 993 borfls
3125 952 3359 1003 oremus,
3392 954 3453 994 nt
3478 956 3690 1011 semper

2103 1028 2169 1083 ad
2191 1027 2413 1082 meliora
2443 1027 2806 1083 conscendant
2828 1046 2843 1095 ;
2862 1044 2960 1099 pro
2989 1028 3162 1094 malis,
3192 1036 3252 1084 ut
3278 1030 3388 1089 cito
3415 1031 3487 1086 ad
3516 1048 3692 1089 emet:-

2102 1110 2524 1173 dationem'vitre
2553 1118 2569 1155 ί
2603 1135 2701 1189 per
2721 1119 3050 1190 pmnitentize
3073 1119 3308 1175 lamenta
3339 1121 3686 1190 confugiant;

2103 1224 2265 1280 quam
2288 1224 2401 1264 rem
2423 1209 2700 1266 orantibus
2728 1210 2885 1266 nobis
2905 1210 3018 1281 ipse
3053 1218 3309 1281 przestare
3336 1211 3585 1280 dignetur
3599 1215 3686 1283 qui

2103 1317 2223 1356 cum
2239 1300 2411 1356 'Patre
2431 1309 2487 1356 et
2511 1300 2712 1372 Spiritu
2740 1311 2930 1359 sancto
2957 1290 3090 1378 vivit
3128 1310 3185 1359 et
3223 1312 3416 1376 regnat
3452 1304 3594 1361 Dens
3635 1305 3685 1362 in

2106 1393 2300 1450 saecula
2322 1394 2659 1450 smculorum.
2682 1393 2870 1451 Amen.

1756 1576 2101 1638 HOMILIA
2144 1575 2338 1639 LXV.

1404 1675 1469 1730 In
1496 1676 1580 1730 die
1606 1676 1890 1730 nativitatis
1909 1676 2079 1730 sancti
2099 1675 2321 1731 Joannis
2345 1676 2595 1748 Baptista!
2616 1676 2647 1732 Ι
2659 1718 2672 1732 .

1866 1762 2258 1818 ADMONITIO.
2274 1772 2282 1794 '*

492 1854 653 1939 liulla
681 1855 767 1913 hic
787 1865 1068 1939 n_os.nrg_et
1097 1871 1197 1939 nec
1227 1856 1370 1939 inter
1385 1854 1601 1911 codices
1622 1835 1781 1939 mssa
1807 1856 2077 1939 nec'inter
2098 1856 2332 1939 editores
2359 1858 2738 1930 discrepantia,
2770 1875 2891 1939 ctuu
2917 1860 3078 1917 simili
3100 1864 3318 1920 omnino
3341 1866 3687 1939 inscriptione

416 1924 472 2002 _S.
503 1924 792 2002 Maximum
815 1924 1228 2002 hujusliomilize
1257 1935 1529 2002 onctorem
1551 1926 1860 1981 exhibeant.
1880 1925 2089 2002 __Longa
2112 1927 2224 2002 erit
2255 1927 2490 2002 ipsorum
2520 1924 2855 2002 enumeratio
2872 1971 2889 1997 ,
2921 1946 2989 1987 ex
3017 1947 3123 2002 qua
3155 1941 3304 1990 tanto
3330 1924 3530 1993 certioi'
3557 1924 3688 1997 fides

416 1995 544 2065 ipsis
569 1996 869 2052 habebitur.
901 1996 1228 2053 Bibliotheca
1257 1996 1515 2050 Vaticana
1540 2004 1771 2119 (Luatnor
1797 1996 2011 2051 codices
2040 1996 2194 2080 nobis
2223 1995 2468 2080 praebuit,
2490 2000 2695 2056 scilicet
2716 1995 2883 2068 6451,
2905 1995 3178 2072 pag.'1'56,
3213 2003 3371 2073 1146,
3401 2022 3526 2077 pag,

416 2064 574 2119 1269.
608 2080 728 2119 nae.
761 2067 849 2119 '59.
881 2082 911 2119 a
946 2076 1114 2119 tergo.
1155 2066 1313 2119 1277.
1349 2080 1470 2119 naa.
1516 2064 1550 2118 4
1592 2109 1607 2119 .
1649 2082 1681 2119 a
1722 2074 1890 2119 terno.
1942 2066 2074 2119 Tres
2101 2067 2237 2119 alios
2264 2068 2478 2119 codices
2498 2086 2619 2119 cum
2650 2079 2835 2119 nostra
2876 2086 2974 2119 ms-
3021 2074 3347 2119 cnninlimm
3377 2076 3430 2119 in
3461 2080 3683 2119 are-hirta

416 2064 574 2136 {269,
608 2080 728 2136 pag.
761 2067 849 2131 59,
881 2082 911 2120 a
946 2076 1114 2133 tergo,
1155 2066 1313 2131 1277,
1349 2080 1470 2136 pag.

1649 2082 1681 2120 a
1722 2074 1890 2135 tergo.
1942 2066 2074 2122 Tres
2101 2066 2239 2123 alios
2264 2068 2478 2124 codices
2498 2086 2620 2125 cum
2649 2079 2835 2126 nostro
2864 2066 3003 2126 nisi
3021 2066 3432 2132 contulimus'in
3461 2066 3685 2135 archiva

417 2133 698 2192 Ca’sinensi
734 2137 821 2203 12,
863 2151 984 2259 oag.
1027 2136 1150 2201 521,
1192 2137 1313 2203 104,
1346 2133 1467 2207 pag.
1514 2135 1634 2200 166,
1668 2152 1699 2190 a
1730 2133 1900 2205 tergo,
1933 2152 2039 2202 cxr,
2068 2152 2192 2206 pag.
2226 2137 2314 2192 70.
2359 2137 2598 2194 Vidimus
2625 2142 2787 2195 etiam
2816 2141 2872 2196 in
2900 2141 3244 2199 Vallicellana
3270 2144 3408 2203 duos
3432 2133 3683 2213 codd.,7

417 2205 481 2259 Α.
515 2214 571 2259 et
599 2223 684 2259 xv.
715 2221 833 2259 nan.
903 2207 991 2259 55.
1025 2223 1054 2259 a
1084 2217 1254 2259 tergo.
1288 2215 1342 2259 et
1389 2206 1440 2259 in
1479 2205 1822 2259 Cisterciensi
1870 2206 1925 2259 S.
1976 2207 2165 2259 Crucis
2214 2207 2264 2259 in
2302 2206 2597 2259 Jerusalem
2627 2209 2748 2259 cod.
2782 2228 2853 2259 xu
2896 2212 3264 2259 lmtinnarium
3294 2231 3409 2259 nan,
3448 2217 3518 2259 εει
3594 2218 3683 2259 ηερ

417 2205 481 2270 Δ,
515 2214 571 2260 et
599 2223 684 2277 xv,
715 2221 833 2277 pag.

903 2207 991 2271 55,
1025 2223 1054 2260 a
1084 2217 1254 2276 tergo,
1288 2205 1360 2262 et'
1389 2206 1440 2260 in
1479 2205 1822 2262 Cisterciensi
1870 2206 1925 2260 S.
1976 2205 2165 2262 Crucis
2214 2207 2264 2262 in
2302 2206 2597 2264 Jerusalem
2627 2209 2748 2266 cod.
2782 2228 2853 2266 xu
2896 2212 3265 2269 lectionarinm

418 2217 481 2270 Α,
515 2217 571 2260 et
599 2223 684 2271 xv,
715 2221 833 2277 pag.
869 2217 991 2271 155,
1025 2223 1054 2260 a
1084 2217 1254 2276 tergo,
1288 2217 1342 2262 et
1389 2217 1440 2260 In
1479 2217 1822 2262 UlslerchDSl
1870 2217 1925 2260 δ.
1976 2217 2165 2262 Urucls
2214 2217 2264 2262 in
2302 2217 2597 2264 Jerusalem
2627 2217 2748 2266 cod.
2782 2228 2853 2266 xu
2897 2217 3265 2269 lectionarinm
3400 2258 3413 2270 .
3448 2217 3537 2273 65.
3590 2218 3689 2276 His

418 2276 1188 2364 ‘s‘uc'cjednntAconfi‘rlmationes
1218 2277 1461 2364 duorum,
1486 2276 1734 2364 codicum
1760 2278 2118 2364 Augie‘o‘siu‘rn
2144 2294 2215 2364 xv
2244 2285 2309 2364 et
2332 2295 2495 2364 ,μετ’
2517 2278 2858 2364 Novarieusis
2885 2281 2972 2364 42,
3004 2283 3245 2364 ψεαρ,
3279 2231 3690 2364 ἕξεῃοηθ-ηείε

417 2344 474 2400 S.
509 2344 850 2411 Emmerami,
882 2347 1241 2414 Martinensis,
1276 2346 1615 2415 Ambrosiani
1655 2348 1791 2415 sign.

372 2546 384 2555 _
420 2484 723 2557 ﬁalesinius
771 2501 889 2557 pag.
941 2484 1065 2555 217,
1113 2487 1369 2542 Cumdius
1415 2495 1545 2557 tom.
1598 2485 1686 2552 IV,
1718 2484 1853 2557 pag.

421 2622 671 2693 Baptista:
697 2642 856 2695 quam
879 2643 977 2682 nos
1004 2628 1166 2681 etiam
1193 2622 1593 2697 assumpsimus.

459 2386 474 2427 τ
509 2345 1250 2427 Emmg‘ami,_hlartinelrsis,_
1276 2346 1615 2427 Ambrosiam
1655 2348 1791 2415 sign.
1836 2345 2014 2427 C_$_l§,
2035 2346 2375 2427 _V_e_r_onen_sis
2402 2347 2534 2427 151,
2561 2365 2624 2406 ac
2655 2350 2871 2427 tandem
2914 2345 3171 2427 Breviarii
3201 2345 3453 2427 Ecclesite
3479 2345 3689 2427 Strigoé

419 2416 637 2471 niensis.
672 2415 977 2473 Editoribus
1006 2418 1377 2541 praemittimus
1416 2416 1696 2471 Alcuinum
1725 2430 1843 2486 pag.
1877 2416 2000 2469 3l7.
2035 2416 2202 2471 Multo
2230 2419 2371 2472 enim
2408 2418 2525 2488 ipso
2563 2420 2893 2490 posteriores
2931 2430 3056 2477 sunt
3082 2421 3373 2495 Gymnicus

420 2484 723 2541 Galesinius
771 2501 889 2541 nan.
941 2486 1011 2540 21
1051 2530 1065 2541 .
1113 2487 1369 2541 Cumdius
1415 2495 1545 2540 tom.
1598 2485 1686 2541 IV.
1733 2500 1853 2541 pag.
1904 2485 2028 2541 59⁸5.
2074 2486 2425 2541 Combeﬁsius
2467 2498 2597 2541 tom.
2629 2489 2718 2541 Vl.
2748 2505 2868 2541 nan.
2902 2490 3024 2541 122,
3051 2491 3371 2541 annandns

1904 2441 1939 2502 l:
1961 2441 2000 2469 ι.
2035 2441 2202 2471 multo
2230 2441 2371 2501 υιιιιξι
2408 2441 2525 2488 Ipso
2563 2441 2893 2490 posverlores
2931 2441 3056 2477 sunt
3082 2441 3373 2495 uymntcus
3396 2441 3519 2497 pag.
3556 2441 3660 2484 1υῦ

1904 2486 2028 2550 ο95,
2074 2486 2425 2564 Combeﬁsms
2467 2498 2610 2564 to‘m._
2629 2489 2718 2557 Vl,
2748 2505 2868 2564 pag:
2902 2490 3024 2564 122,
3051 2491 3371 2564 Raynaudus
3400 2511 3520 2564 pag.
3552 2498 3660 2553 517

420 2511 723 2542 vulcanum;
772 2511 889 2557 pag.
944 2511 1065 2555 ut,
1113 2511 1369 2542 nummus
1417 2511 1545 2540 tum.
1598 2511 1686 2552 ιν,
1735 2511 1853 2554 pug.
1904 2511 2028 2550 ova,
2074 2511 2425 2543 uumucusnus
2469 2511 2597 2544 tum.
2640 2511 2718 2557 Vl,
2748 2511 2868 2560 pag.
2902 2511 3024 2560 axz,
3054 2511 3371 2564 naynauaus
3435 2513 3465 2550 a
3505 2537 3520 2551 .
3552 2511 3658 2553 δη

420 2554 751 2631 hlargarinus
798 2557 849 2611 in
899 2557 1034 2612 Bibl.
1064 2557 1219 2631 Max.
1270 2566 1399 2612 tom.
1435 2556 1521 2631 Vl,
1554 2570 1676 2626 pag.
1716 2555 1806 2624 52,
1836 2571 2065 2626 quorum
2094 2558 2332 2613 omnium
2372 2559 2650 2631 inscriptio
2678 2568 2799 2616 est:
2833 2560 2898 2615 In
2939 2561 3023 2617 die
3055 2564 3334 2618 nativitatis
3464 2511 3686 2624 ξοπιιά

3505 2468 3519 2483 .
3556 2428 3687 2497 193,

3534 2570 3693 2624 annis

422 2712 811 2770 ARGUMENTUI.
835 2749 907 2759 --
927 2717 1108 2791 sonori
1149 2727 1401 2791 martyres
1436 2718 1693 2791 cruciatus
1721 2726 2011 2791 cruentam-
2043 2724 2087 2782 Β
2113 2728 2284 2789 perct.
2344 2719 2587 2791 Denique
2623 2721 2898 2778 Elisabeth
2934 2723 3024 2779 illa
3049 2732 3205 2779 vetus
3232 2725 3442 2790 mulier,
3466 2734 3524 2782 et
3550 2743 3693 2784 nova

609 2784 1750 2883 2³ῗῖίῖΨηξῖῗηᾳί¹⁷ἱ⁸Ῐῗ..[⁴ζν’ἕῗζ..ΨῘΞἯἾΞἏ
1760 2788 2003 2883 θῗέοἷῗίπ
2113 2818 2305 2877 mater.
2333 2825 2451 2879 quae
2479 2821 2605 2867 ante
2633 2820 2845 2883 partum
2873 2829 3029 2869 suum
3058 2814 3127 2869 de
3156 2813 3317 2870 futuri
3345 2814 3440 2872 ﬁlii
3473 2817 3694 2873 laetaba-

546 2857 718 2927 omino
745 2864 995 2927 grtestant
1016 2872 1034 2909 :
1068 2856 1263 2910 Joan'ni
1300 2856 1551 2923 Baptista:
1579 2858 1751 2911 datum
1786 2866 1863 2913 est
1894 2857 2004 2924 glo-

494 2926 716 2999 riﬁcare
744 2925 1042 2999 Domitiano
1062 2928 1421 2999 prtevenientis
1459 2928 1643 2999 gratia:
1670 2926 2000 2999 plenitudine,

495 2995 816 3067 parandique
836 2997 969 3051 viam
1000 2995 1350 3066 Redemptori.
1461 2995 1478 2999 ⁷
1671 2995 1679 2999 ⁷
2028 3004 2033 3015 ⁵

496 3177 511 3225 i
548 3174 954 3231 Solemnitatem
998 3176 1154 3245 nobis
1180 3175 1512 3231 diversorum
1542 3182 1835 3247 martyrum
1855 3219 1869 3241 ,
1898 3176 2005 3231 fra-

425 3274 534 3323 tres
561 3267 861 3333 carissimi,
909 3268 1032 3323 vita:
1055 3267 1331 3338 praesentis
1367 3282 1590 3324 occasus
1612 3308 1627 3332 ,
1680 3276 1736 3322 et
1764 3277 2006 3339 suscepta

423 3358 494 3413 ab
521 3359 600 3414 eis
629 3374 726 3429 pro
764 3359 966 3417 Christi
993 3359 1210 3414 nomine
1239 3360 1417 3429 passio
1440 3362 1794 3416 consecravit.
1824 3361 2006 3433 Multi-

425 3450 587 3508 nioda
645 3467 876 3523 namque
948 3460 1188 3507 veterum
1236 3453 1499 3508 relatione
1543 3452 1825 3510 didicimus
1872 3471 2007 3511 non-

424 3543 601 3598 nullos
647 3551 941 3614 martyrum
987 3551 1287 3613 prostratos
1326 3544 1526 3611 gladio,
1579 3545 1686 3614 igni
1714 3546 1850 3601 alios
1873 3562 2007 3601 con-

426 3641 709 3699 crematos,
745 3634 1053 3705 complures
1074 3630 1365 3691 bestiarum
1394 3635 1716 3691 dilaceratos
1736 3637 2005 3703 dentibus,

426 3724 735 3780 innumeros
754 3724 842 3780 et"
855 3727 968 3796 jam
982 3728 1143 3783 variis
1170 3711 1562 3783 tormentorum,
1581 3728 1901 3783 cruciatibus
1926 3728 2007 3783 af-

428 3816 627 3881 fectus,
675 3823 854 3887 spreta
897 3818 980 3872 sui
1020 3820 1262 3889 corporis
1308 3828 1481 3875 morte
1526 3819 1842 3874 Christiana:
1888 3819 2010 3874 fidei

431 3910 792 3966 tostimonium
830 3909 1143 3965 reddidisse.
1200 3911 1396 3966 Beatus
1423 3926 1552 3966 vero
1581 3912 1820 3981 Baptista
1849 3911 2011 3966 Joan-

429 4015 547 4066 nes,
579 4000 731 4070 cujus
760 4002 918 4073 207
951 4016 1093 4056 nunc
1133 4000 1421 4057 festivitate
1466 4002 1727 4066 laetamur,
1771 4002 2009 4058 cwlestia

2107 2908 2197 2956 tur
2220 2900 2418 2968 officio,
2452 2903 2687 2960 venienti
2716 2903 2784 2959 ad
2812 2920 2871 2960 se
2898 2905 3071 2962 beata:
3092 2906 3273 2963 Maria:
3305 2909 3359 2963 in
3392 2908 3513 2977 ipso
3547 2908 3695 2964 salu-

2112 2992 2334 3049 tationis
2361 2990 2610 3060 occursu,
2639 2995 2713 3050 ait
2739 3013 2750 3048 :
2796 2994 2958 3060 Ecce,
2986 3011 3051 3051 ea:
3077 3013 3175 3068 quo
3197 3005 3223 3034 ο
3251 3000 3393 3069 facta
3413 2986 3513 3054 eoa:
3548 2998 3696 3053 satu-

2110 3086 2319 3141 tationis
2368 3094 2470 3139 tua:
2512 3085 2569 3139 in
2609 3084 2817 3139 auribus
2859 3087 3015 3151 meis,
3053 3086 3298 3140 exstiterit
3339 3095 3368 3135 ι’
3408 3088 3464 3140 in
3501 3088 3695 3159 gaudio

2106 3179 2285 3249 infans
2322 3179 2377 3231 in
2416 3187 2563 3232 utero
2601 3195 2714 3233 meo
2749 3177 2899 3250 (Luc.
2924 3176 2986 3247 ι).
3030 3174 3169 3244 Quid
3187 3179 3291 3235 hoc
3317 3187 3401 3234 est
3427 3179 3692 3244 miraculi,

2108 3269 2329 3334 fratres;
2362 3284 2484 3338 qua:
2512 3277 2782 3325 tantorum
2808 3269 3020 3325 novitas
3045 3270 3384 3338 gaudiorum,
3404 3278 3471 3326 'ut
3493 3272 3698 3328 habent:

2110 3376 2169 3416 se
2195 3360 2247 3414 in
2278 3367 2432 3414 utero
2474 3358 2747 3414 Elisabeth
2789 3366 3077 3414 testaretur
3123 3358 3378 3415 infantem
3401 3398 3418 3422 ,
3441 3406 3447 3411 .
3472 3359 3567 3429 qui
3596 3374 3699 3415 nec

2108 3451 2234 3505 dum
2278 3450 2620 3520 semetipsum
2666 3449 2940 3516 sentiens,
2966 3448 3291 3505 dominicum
3324 3449 3437 3519 jam
3469 3450 3699 3507 sentiret

2110 3540 2439 3595 adventum?
2485 3540 2625 3595 Vere
2669 3539 2757 3595 hic
2803 3539 3040 3597 omnium
3075 3540 3418 3596 beatissimus
3444 3540 3699 3611 parvulo-

2112 3650 2228 3689 rum
2256 3675 2270 3699 ,
2312 3633 2406 3702 qui
2454 3633 2595 3687 intra
2646 3633 2852 3688 viscera
2895 3632 3069 3687 adhuc
3109 3639 3352 3688 materna
3387 3632 3696 3701 conclusus,

2113 3726 2303 3782 adesse
2341 3725 2680 3781 Salvatorem
2719 3724 2937 3789 mundi,
2985 3724 3110 3795 quia
3155 3738 3257 3779 nec
3302 3733 3415 3778 tum
3440 3740 3698 3781 sermone

2112 3825 2347 3888 poterat,
2387 3816 2704 3886 prophetico
2725 3815 2921 3883 gaudio
2944 3814 3222 3870 revelavit.
3253 3813 3438 3870 Nullus
3465 3815 3696 3884 ignorat,

2114 3912 2405 3976 carissimi,
2430 3924 2647 3965 omnem
2673 3909 2954 3978 parvulum
2970 3950 2986 3983 ,
3015 3915 3263 3963 materno
3290 3909 3358 3963 ab
3384 3915 3542 3963 utero
3569 3922 3697 3978 pro-

2114 4004 2365 4063 deuntem
2384 4045 2397 4068 ,
2431 4003 2570 4057 intra
2597 4002 2710 4071 ipsa
2738 4000 2872 4055 lucis
2900 3999 3119 4055 exordia
3138 3999 3345 4056 maestis
3370 4013 3700 4069 concrepare

430 4090 628 4147 mundo
665 4092 856 4161 gaudia
892 4092 1061 4171 sterili
1102 4092 1169 4146 ab
1210 4099 1364 4148 utero
1400 4093 1560 4148 hodie
1602 4100 1758 4147 natus
1803 4092 1818 4130 ι
1863 4094 2010 4170 inye—
2035 4105 2081 4168 ρ
2116 4099 2410 4168 vagitibus;
2438 4096 2586 4152 solns
2612 4094 2850 4166 Baptista
2880 4092 3092 4149 Domini
3122 4092 3261 4147 ultra
3287 4092 3461 4162 legem
3482 4105 3700 4147 nascen-

437 4183 535 4238 xit.
562 4182 632 4238 Et
658 4183 736 4238 illi
761 4183 976 4253 quidem
1016 4182 1312 4237 indubitata
1352 4183 1463 4252 jam
1501 4184 1669 4253 gloria
1698 4192 2009 4253 regnantem

433 4274 663 4332 confessi
701 4282 824 4331 sunt
868 4275 963 4331 Dei
991 4274 1225 4341 Filium;
1274 4275 1365 4330 hic
1391 4284 1570 4330 autem
1600 4284 1655 4330 et
1684 4277 2012 4332 nasciturum

433 4364 719 4423 Domi’num
754 4366 1086 4439 prophetalis
1119 4366 1335 4436 spiritus
1377 4366 1729 4442 illustratione
1749 4368 2012 4437 praevidit,

430 4465 486 4514 et
511 4466 698 4514 natam
734 4458 1012 4529 privilegio
1052 4458 1240 4527 gratia:
1272 4457 1554 4526 singularis
1584 4457 1837 4513 ostendit.
1886 4468 1924 4495 ιιι
1954 4458 2012 4513 1η

431 4560 639 4608 tantum
687 4558 865 4608 autem
911 4551 1160 4622 specialis
1194 4550 1249 4605 in
1292 4566 1358 4607 eo
1400 4550 1655 4622 praefulsit
1692 4552 1919 4616 electio.
1953 4559 2014 4606 ut

432 4642 559 4704 ante
580 4642 882 4704 mereretur
907 4639 1228 4702 annuntiare
1256 4644 1540 4699 Dominum
1569 4660 1730 4714 quam
1758 4644 2012 4700 nascendi

432 4739 642 4795 initium
668 4739 755 4795 vel
784 4739 1050 4810 linguam,
1082 4748 1110 4776 ιι
1139 4753 1302 4808 quam
1332 4738 1611 4794 enuntiare
1639 4746 1839 4808 posset,
1871 4740 2011 4795 acci-

503 4861 530 4889 ι
558 4849 690 4906 Cod.
724 4848 910 4917 Laur.,
959 4850 1162 4919 deberet
1204 4848 1422 4919 anobis
1469 4848 1702 4919 exigere,
1735 4856 1836 4903 etc.
1871 4847 2004 4902 Cod.

348 4962 351 4967 ν
433 4920 523 4977 cit.
556 4919 624 4973 12
646 4919 703 4974 S.
730 4920 915 4975 Crucis
940 4922 991 4974 in
1022 4918 1157 4981 Jer.,
1181 4918 1420 4974 debuerat
1440 4935 1470 4970 a
1499 4918 1643 4973 nobis
1660 4920 1884 4991 exigere,
1900 4928 2005 4974 etc.

508 4990 534 5028 δ
564 4988 706 5045 Edit.
737 4989 908 5044 Maur.
933 4990 1019 5045 hic
1047 4989 1249 5044 omittit
1275 4988 1590 5045 nartieulam
1621 4999 1730 5042 aut.
1784 4986 1793 4995 ’

510 5006 534 5028 ο
564 5006 706 5045 nou.
738 5006 908 5044 maur.
934 5006 1019 5045 mc
1047 5006 1249 5044 omnm
1275 5006 1590 5060 particulam
1621 5006 1730 5042 aut.

509 5071 531 5131 εξ
561 5058 707 5131 Cod.
733 5058 916 5131 Laur.,
944 5061 1241 5131 ntox‘quosi
1272 5061 1395 5131 ferte
1416 5058 1603 5131 be_stia:.

504 5127 531 5188 τι
563 5128 928 5186 Codd.'Lanr.
963 5128 1031 5182 12
1061 5127 1120 5185 5.
1152 5127 1339 5185 Crucis
1364 5130 1417 5183 in
1446 5127 1582 5196 Jer.,
1608 5137 1663 5183 et
1688 5128 1846 5197 edit.,
1875 5129 2011 5195 Quid

433 5212 509 5257 est
537 5202 651 5266 hoc,
676 5202 811 5270 quod
869 5200 1058 5263 nando,
1082 5209 1187 5256 etc.

511 5282 534 5349 ξ
564 5270 800 5349 Qod._1‘_2
905 5270 1090 5349 Crucis
1117 5271 1176 5349 in
1188 5268 1328 5349 ger},
1357 5270 1654 5349 accipimus.

508 5342 530 5381 ί
563 5340 732 5399 Codd.
766 5341 948 5408 Laur.,
981 5339 1128 5409 Vat.,
1149 5339 1310 5404 4951,
1332 5350 1389 5395 et
1411 5339 1566 5402 edit.,
1593 5339 1742 5394 Unde
1760 5357 1884 5413 rogo
1903 5357 2009 5407 vos,

436 5417 625 5489 fratres
655 5413 939 5489 carissimi,
969 5419 1212 5489 quantum
1240 5425 1554 5489 noscamus,
1587 5418 1690 5465 etc.

508 5495 535 5533 ε
567 5484 712 5541 Idem
733 5483 854 5539 cod.
883 5482 1071 5547 Laur.,
1095 5491 1169 5536 ut.
1344 5488 1352 5495 '

405 5582 410 5589 .
442 5629 454 5641 .
506 5554 537 5594 ιι
565 5554 873 5628 [aerucam
912 5551 980 5611 12
1016 5553 1075 5612 S.
1113 5552 1296 5613 Crucis
1326 5552 1380 5610 in
1411 5551 1547 5641 ,ιρι-η
1576 5559 1630 5607 et
1658 5550 1786 5608 cdit.
1816 5551 2012 5621 Maur.,

436 5643 779 5775 ψδξέιᾝξίᾳ,
796 5696 886 5775 per
905 5696 1207 5775 potiendum
1236 5694 1561 5775 confugiant.

517 5767 531 5817 t
570 5753 705 5822 Cod.
737 5753 858 5841 Va}.
903 5753 1172 5841 iiiScht
1222 5753 1445 5841 uterque
1483 5763 1602 5824 cod.
1644 5765 1921 5841 glabros“
1952 5762 2009 5819 S.
2091 5753 2104 5768 ’

436 5834 763 5915 ﬂmmeum.
792 5837 1025 5917 Ratisp.,
1058 5834 1374 5909 Veronen.,'.
1407 5845 1461 5898 et
1500 5843 1608 5898 tres
1646 5835 1919 5916 Casinen.,
1961 5843 2017 5899 ct

2115 5412 2199 5473 sit,
2230 5410 2454 5478 accepit;
2481 5406 2605 5463 cod.
2628 5420 2759 5461 vero
2787 5404 2845 5458 S.

2041 5519 2095 5580 Β
2116 5471 2318 5580 posset,
2350 5471 2640 5550 acciperet;
2683 5482 2739 5531 et
2776 5474 2901 5530 cod.
2945 5472 3061 5528 Vat.
3096 5471 3264 5535 1269,
3295 5486 3398 5543 qua
3415 5486 3532 5525 eum
3560 5485 3698 5523 nun-

2079 4194 2083 4201 ’
2114 4192 2245 4245 tium
2275 4189 2611 4244 nativitatem
2637 4202 2788 4243 suam
2817 4185 3013 4240 laetitia:
3038 4184 3400 4240 exsultatione
3419 4183 3697 4254 pmvenit.

2114 4283 2181 4337 Et
2209 4299 2371 4352 quam
2392 4282 2599 4346 decuit,
2635 4276 2847 4345 fratres,
2870 4284 2929 4333 ut
2948 4278 3016 4333 de
3040 4284 3215 4332 matre
3237 4276 3410 4331 sterili
3438 4291 3702 4333 nascere-

2115 4382 2220 4438 tur,
2267 4374 2360 4442 qui
2407 4371 2784 4427 fecunditatem
2824 4369 3045 4439 virginis
3084 4367 3386 4433 revelabat;
3434 4376 3704 4436 quatenus

2116 4465 2415 4520 mirabilem
2444 4470 2656 4535 partum
2680 4460 2999 4517 mirabiliter
3019 4467 3178 4516 natus
3203 4458 3532 4514 ostenderet.
3560 4456 3699 4512 lllud

2120 4557 2283 4612 etiam
2313 4568 2473 4625 quam
2498 4552 2839 4623 stupendum,
2863 4565 3133 4621 quamque
3161 4545 3527 4617 magnificum,
3552 4545 3700 4617 quod

2120 4645 2408 4702 Zacharias
2443 4643 2694 4701 sacerdos
2715 4684 2730 4709 ,
2780 4650 2937 4712 pater
2979 4641 3193 4696 futurus
3229 4638 3702 4716 prophetae;oquia

2117 4740 2223 4795 hoc
2243 4739 2433 4810 ipsum,
2465 4736 2608 4808 quod
2630 4734 2933 4804 gerebatur,
2966 4732 3156 4802 angelo
3176 4730 3417 4802 loquenti
3446 4744 3554 4785 non
3574 4742 3698 4785 cre-

2117 4847 2359 4913 Martin.,
2393 4846 2756 4903 Solemnitates
2782 4842 2948 4898 nobis.
3019 4910 3036 4913 _
3127 4886 3134 4913 ς

2190 4917 2212 4955 ιι
2247 4908 2483 4977 Uterque
2520 4915 2641 4971 cod.
2694 4914 2963 4977 Ambros.,
3014 4910 3073 4965 S.
3115 4909 3302 4966 Crucis
3336 4910 3390 4965 in
3418 4908 3554 4970 Jer.,
3586 4908 3699 4965 Ve-

2118 5006 2258 5051 ron.,
2309 4978 2548 5043 Vallicel.
2593 4984 2623 5038 7
2665 4984 2742 5049 Α,
2771 4993 2828 5039 et
2865 4992 2974 5038 tres
3020 4981 3191 5037 Vatic.
3242 4979 3413 5046 1269,
3467 4978 3602 5033 1277
3645 4989 3706 5036 et

2123 5058 2281 5120 1196.
2312 5059 2467 5112 etiam
2488 5057 2664 5111 variis.

2200 5130 2214 5166 ¹
2251 5128 2383 5183 le.
2417 5126 2562 5191 ναι,
2592 5122 2816 5179 advexit.
3270 5189 3279 5191 Α
3322 5189 3349 5191 Α
3495 5188 3513 5191 _
3776 5178 3781 5187 ν

2192 5209 2233 5237 ιιι
2262 5199 2405 5254 ldem
2428 5188 2632 5253 ced.'S.
2684 5194 2870 5250 Crucis
2899 5192 2951 5246 in
2975 5191 3087 5247 Jer.
3109 5232 3123 5255 ,
3155 5199 3211 5246 et
3239 5189 3451 5256 Vallic.,
3484 5188 3551 5245 In
3581 5199 3696 5244 ωη-

2121 5278 2227 5323 tum
2247 5268 2487 5338 specialis
2498 5269 2560 5338 in
2591 5266 2740 5320 beato
2758 5263 2964 5338 Joanne
2992 5262 3248 5334 prwfutsit
3278 5260 3478 5338 electio,
3509 5268 3618 5315 etc.

2187 5349 2210 5375 "
2243 5332 2373 5394 Cod.
2406 5338 2463 5396 S.
2495 5337 2726 5392 Emmer.
2751 5378 2765 5403 ,
2798 5332 3058 5403 tinguant.
3108 5349 3208 5403 qua
3257 5332 3529 5385 enuntiare
3580 5346 3701 5403 pos-

2925 5403 3064 5458 rucis
3086 5399 3138 5455 in
3160 5399 3295 5467 Jer.,
3321 5416 3436 5471 quis
3456 5400 3700 5453 nutatiare

2121 5560 2394 5681 (tandem
2424 5618 2543 5676 cod.
2592 5616 2743 5685 Vat.,
2787 5614 3083 5680 Veronen.,
3130 5612 3238 5671 duo
3284 5608 3550 5677 Vallicqu
3596 5622 3700 5674 nec

2120 5704 2225 5747 non
2255 5690 2528 5761 Casincn.,
2553 5690 2704 5761 facta
2730 5694 2824 5761 est,
2881 5756 2891 5761 _
2945 5756 2955 5761 _
3154 5755 3180 5761 __
3638 5722 3639 5725 η

2191 5772 2217 5819 ι’
2247 5760 2381 5825 Cod.
2411 5755 2695 5831 Mattiaco.
2721 5756 2920 5832 onnttit
2938 5756 2993 5813 in
3025 5755 3233 5829 gaudio.
