4040 6324
393 334 502 391 385

1755 304 2040 391 uomuit
2083 327 2235 390 LXV.

3551 330 3656 394 386

388 446 528 501 didit
549 487 567 515 ,
614 458 768 502 usum
793 452 820 484 ⁸
848 443 1117 518 loquentis
1146 447 1363 513 amisit,
1389 444 1589 514 donec,
1625 449 1979 518 promissione
2005 451 2058 510 Α
2083 451 2243 512 mino,
2288 458 2456 502 rectas
2496 451 2650 522 facile
2689 450 2900 505 semitas
2937 449 3035 505 Dei
3079 450 3264 505 nostri.
3302 449 3440 506 Vere
3467 451 3659 520 dignus

388 536 682 606 completa,
715 545 872 591 natus
899 537 1027 592 novi
1063 536 1297 592 hominis
1327 553 1503 608 praeco
1528 547 1762 609 paternae
1791 539 1979 607 linguae

324 661 334 668 -
393 629 608 683 vincula
637 629 923 685 relaxaret.
970 629 1043 686 Os
1080 631 1222 686 enim
1261 631 1405 700 quod
1448 631 1668 698 angelus
1695 632 1976 696 clauserat,

391 720 690 791 promissus
730 721 798 776 ab
840 722 1030 790 angelo
1069 719 1206 777 ﬁlius
1247 723 1523 777 reseravit.
1601 722 1734 776 Nam
1762 738 1882 778 cum
1911 722 1978 778 de

393 813 793 882 nuncupatione
854 813 1061 884 parvuli
1121 823 1507 882 cognatorum,
1571 814 1977 884 vicinorumque

389 905 665 961 haasitaret
694 906 994 970 arbitrium,
1027 907 1409 977 proprietatem
1441 907 1554 961 veri
1582 907 1812 961 nominis
1841 906 1975 975 ejus,

388 1012 553 1067 quam
585 996 611 1036 δ
642 998 834 1065 angelo
880 997 1116 1052 dictante
1153 997 1446 1066 didicerat,
1475 1007 1688 1068 recepta
1722 1009 1742 1036 ο
1769 997 1978 1066 pristini

389 1091 570 1144 subito
620 1091 783 1162 208
831 1088 1084 1144 facultate
1120 1089 1408 1154 sermonis,
1456 1098 1610 1159 pater
1642 1098 1822 1143 mutus
1851 1104 1978 1160 ape-

390 1180 532 1246 ruit;
565 1189 624 1235 ut
652 1181 768 1249 ejus
800 1181 1136 1234 nativitatem
1165 1181 1524 1250 prmceptione
1561 1180 1764 1235 caelesti
1788 1181 1980 1234 tacitus

390 1271 770 1341 exspectabat,
796 1271 906 1324 nati
929 1269 1249 1325 vocabulum
1282 1269 1610 1338 loqueretur,
1641 1277 1695 1323 et
1721 1284 1979 1338 agnosce-

391 1373 478 1418 ret
506 1363 694 1418 anxius
715 1378 899 1425 senex,
929 1377 1028 1432 per
1051 1377 1173 1417 eum
1194 1376 1254 1416 se
1281 1361 1384 1416 sibi
1413 1359 1698 1426 redditum,
1728 1377 1888 1431 quem
1909 1361 1978 1416 de

392 1469 454 1509 se
488 1469 594 1508 non
643 1452 946 1508 crediderat
983 1451 1328 1507 nasciturum.
1386 1451 1496 1506 Nec
1533 1451 1801 1505 dubitaret
1840 1452 1977 1506 ultra

393 1545 604 1600 caelitus
633 1544 780 1599 illum
807 1545 891 1599 vel
917 1545 1240 1614 promissum
1268 1544 1450 1606 fuisse,
1484 1544 1567 1599 vel
1589 1553 1795 1610 natum,
1825 1545 1977 1612 cujus

392 1650 579 1704 causa,
600 1644 656 1691 et
676 1635 919 1690 amisisse
947 1635 1240 1705 probabat,
1271 1644 1327 1688 et
1353 1636 1620 1704 recepisse
1647 1650 1970 1690 sermonem.

393 1728 535 1797 Quid
554 1729 685 1794 hac,
716 1727 934 1793 fratres,
964 1727 1221 1795 religione
1248 1726 1572 1795 gloriosius?
1601 1726 1736 1792 Quid
1765 1727 1863 1782 hac
1888 1727 1972 1780 in-

2083 541 2268 594 beatus
2296 539 2550 616 Joannes,
2583 542 2736 611 cujus
2761 541 3072 613 prophetica
3101 550 3244 596 esset
3265 541 3537 607 nativitas,
3564 543 3656 610 qui

2082 640 2137 685 et
2168 630 2270 685 illis
2295 629 2364 684 de
2387 632 2718 700 parentibus,
2731 649 2972 703 .quorum
3003 642 3146 688 esset
3167 632 3448 704 desperata
3477 634 3659 704 poste-

2081 722 2248 787 ritas,
2302 722 2395 776 Dei
2444 739 2668 778 munere
2713 732 3044 781 nasceretur.
3095 725 3228 780 Nam
3252 734 3400 780 tanta
3424 727 3659 783 auctori-

2083 821 2210 879 tate,
2256 822 2514 884 tantoque
2560 813 2790 869 docendi
2837 815 3078 886 pondere
3124 817 3177 871 in
3225 832 3413 872 vocem
3460 793 3664 872 sarictae

2080 903 2475 972 pnedicationis
2516 905 2677 976 209
2722 906 2936 974 erupit,
2969 916 3007 944 ιιι
3038 915 3092 961 et
3123 907 3409 962 instantem
3448 907 3658 962 Domini

2083 997 2356 1051 nuntiaret
2385 996 2694 1062 adventum,
2719 1006 2772 1052 et
2798 998 2851 1052 in
2875 1000 3096 1054 semitas
3116 1007 3291 1054 rectas
3317 999 3456 1054 male
3475 1000 3659 1054 viven-

2081 1088 2214 1141 tium
2263 1087 2517 1155 dirigeret
2557 1089 2904 1158 pravitatem.
2937 1099 2964 1126 ιι
2993 1091 3129 1156 Quid
3169 1099 3252 1146 est
3281 1093 3450 1158 enim,
3477 1098 3662 1162 parate

2081 1179 2213 1232 viam
2240 1178 2475 1244 Domino,
2507 1181 2607 1234 nisi
2637 1180 2947 1244 adventanti
2968 1181 3035 1236 de
3063 1183 3201 1237 caelo
3223 1182 3410 1252 judici,
3433 1192 3659 1253 purgato

2081 1285 2112 1338 a
2139 1270 2282 1324 vitiis
2310 1281 2548 1340 pectore,
2575 1271 2830 1340 simplicis
2853 1271 3030 1326 cordis
3059 1272 3419 1328 habitaculum
3446 1289 3656 1344 praepa-

2080 1362 2241 1414 rare?
2272 1370 2296 1397 °
2327 1361 2461 1428 Quid
2510 1371 2590 1416 est
2612 1403 2626 1426 ,
2678 1372 2841 1417 rectas
2885 1363 3040 1433 facile
3082 1365 3289 1417 semitas
3317 1363 3445 1430 Dei,
3471 1365 3573 1418 nisi
3602 1373 3660 1418 ut

2080 1453 2217 1506 tales
2246 1463 2459 1508 actuum
2502 1462 2713 1509 tuorum
2765 1455 2860 1509 tibi
2889 1456 3098 1509 munias
3121 1456 3260 1521 vias;
3292 1451 3660 1526 quasbperam-

2079 1541 2268 1596 bulare
2303 1544 2566 1613 propitius
2613 1545 2834 1600 veniens
2875 1544 2940 1598 ad
2967 1552 3020 1599 te
3047 1543 3304 1600 Dominus
3331 1546 3656 1600 delectetur?

2079 1633 2173 1690 llle
2201 1637 2340 1690 viam
2369 1635 2596 1691 Domino
2623 1653 2722 1692 suo
2754 1648 2778 1686 ιι
2810 1645 2992 1707 parat,
3025 1638 3115 1706 qui
3146 1637 3460 1691 luxuriantis
3483 1636 3660 1692 carnis

2080 1743 2340 1796 respuens
2362 1739 2388 1777 ει
2417 1729 2742 1798 voluptates,
2795 1737 2909 1783 toto
2938 1727 3134 1782 mentis
3179 1743 3288 1782 suze
3316 1727 3506 1796 spiritu
3548 1742 3661 1780 sus-

394 1821 602 1890 signius
631 1819 766 1874 ﬁde?
795 1820 847 1875 in
875 1835 982 1889 qua
1008 1819 1204 1874 sterilis
1231 1819 1496 1890 concipit,
1520 1828 1698 1874 mutus
1719 1820 1974 1888 loquitur,
2005 1820 2054 1884 Β
2082 1833 2280 1888 pensus
2308 1820 2374 1889 ad
2416 1819 2604 1884 Deum,
2643 1819 2828 1887 vigore
2857 1833 2914 1872 se
2936 1819 3198 1874 castitatis
3220 1819 3466 1886 accingit.
3509 1819 3659 1889 Opti-

395 1912 534 1968 etin
578 1918 788 1967 secreto
836 1920 1200 1966 maternorum
1247 1911 1513 1966 viscerum
1561 1911 1765 1980 parvuli
1811 1910 1974 1966 totius

395 2003 584 2059 mundi
607 2003 798 2072 gaudia
818 2002 845 2040 ιι
870 2002 1045 2058 futura
1088 2003 1424 2073 prmludunt;
1465 2019 1564 2058 nec
1590 2005 1733 2058 enim
1762 2011 1976 2074 poterat

395 2095 568 2151 veteri
613 2095 712 2150 sub
759 2093 876 2162 lege
903 2094 1143 2149 ordinem
1173 2110 1326 2148 suum
1363 2095 1604 2149 mortalis
1632 2110 1848 2150 servare
1876 2112 1974 2151 na-

396 2193 605 2250 turam,
659 2185 874 2254 quando
913 2200 1010 2255 per
1041 2200 1234 2240 novam
1269 2185 1567 2240 Divinitutis
1589 2187 1833 2254 gratiam,
1880 2203 1978 2242 uo-

394 2292 523 2334 vum
555 2277 715 2332 saluti
758 2277 995 2334 omnium
1026 2277 1336 2348 mysterium
1365 2279 1673 2346 parabatur.
1726 2277 1823 2334 llic
1849 2294 1978 2347 ergo

396 2380 482 2428 est
509 2367 774 2435 Joannes,
805 2372 873 2423 de
900 2384 1008 2438 quo
1038 2367 1379 2437 prophetavit
1410 2366 1574 2422 lsaias
1602 2368 1786 2422 dicens
1811 2386 1822 2421 :
1867 2368 1980 2422 Vox

396 2463 671 2518 clamantis
687 2463 739 2515 in
761 2462 995 2515 deserto:
1015 2461 1210 2514 Parate
1230 2462 1362 2514 viam
1389 2458 1620 2526 Domini,
1639 2469 1803 2514 rectas
1825 2459 1980 2532 facite

397 2553 610 2609 semitas
639 2551 734 2607 Dei
759 2552 928 2607 nostri
949 2551 1104 2622 (Isai.
1130 2551 1242 2622 χι).
1273 2550 1408 2614 Vox,
1443 2550 1630 2620 inquit,
1661 2551 1975 2616 clamantis;

396 2663 560 2718 quam
587 2648 725 2705 bene
749 2664 854 2703 vox
882 2647 1094 2712 dicitur,
1119 2648 1211 2716 qui
1243 2647 1542 2702 venientem
1573 2647 1642 2702 de
1671 2645 1980 2702 caelestibus

399 2739 455 2794 in
482 2754 645 2796 carne
690 2739 922 2794 hominis
968 2737 1310 2808 Unigenitum
1358 2737 1451 2793 Dei
1499 2739 1660 2809 pleno
1696 2738 1846 2792 lzetus
1885 2753 1980 2792 ore

397 2830 686 2886 clamabat.
732 2830 900 2886 Recte
929 2846 1033 2886 vox
1059 2830 1273 2895 dicitur,
1297 2831 1449 2900 cujus
1471 2830 1748 2885 intonante
1773 2844 1978 2900 praeco-

399 2925 493 2979 nio
532 2933 925 2980 sacramentum
972 2924 1357 2994 redemptionis
1401 2923 1666 2992 humanm,
1697 2923 1854 2977 surda
1883 2921 1979 2977 du-

399 3014 529 3070 dum
563 3016 726 3086 crepit
766 3015 952 3070 audire
999 3015 1316 3071 mortalitas.
1377 3014 1445 3070 Ut
1473 3016 1615 3070 enim
1643 3014 1980 3070 venerandus

401 3109 641 3180 Baptista
663 3117 811 3163 muto
834 3108 974 3179 patri
1001 3109 1212 3179 aperuit
1239 3108 1500 3178 linguam,
1526 3109 1598 3162 ita
1633 3117 1655 3145 ε
1686 3123 1844 3163 aures
1880 3108 1979 3162 ho-

2080 1927 2222 1965 mam
2251 1919 2405 1981 parat
2427 1911 2656 1966 Domino
2686 1912 2849 1980 viam,
2873 1911 2963 1980 qui
2990 1911 3346 1978 cogitationes
3376 1926 3500 1965 suas
3527 1928 3657 1967 ava-

2079 2005 2213 2057 ritia:
2245 2003 2488 2058 ﬂuctibus
2517 2011 2807 2057 aestuantes
2831 2044 2844 2067 ,
2894 2018 3100 2057 serente
3150 2004 3492 2058 conscientize
3521 2013 3660 2059 tran-

2080 2096 2346 2164 quillitate
2376 2096 2686 2165 compescit.
2719 2094 2872 2148 Viam
2900 2094 3126 2148 Domino
3155 2102 3329 2164 parat,
3362 2095 3452 2163 qui
3483 2093 3660 2147 idolo-

2081 2200 2198 2238 rum
2233 2195 2252 2222 τ
2285 2201 2439 2249 vana,
2466 2195 2626 2252 atque
2653 2184 2889 2239 omnium
2916 2183 3387 2252 “superstitionum
3411 2183 3659 2251 ﬁgmenta

2082 2277 2421 2341 conculcans,
2456 2293 2620 2330 unum
2651 2275 2748 2329 Dei
2777 2276 2884 2330 vivi
2912 2276 3134 2340 cultum,
3161 2285 3214 2330 et
3241 2275 3396 2329 fidem
3421 2277 3660 2331 veritatis

2083 2372 2320 2439 inquirit.
2373 2372 2686 2440 Quicunque
2733 2386 2862 2426 vero
2915 2371 3248 2440 voluptuosis
3293 2372 3474 2426 szeculi
3502 2371 3660 2440 hujus

2083 2464 2298 2531 languet
2345 2464 2644 2528 illecebris,
2695 2463 3072 2532 cupiditatibus
3120 2463 3357 2517 avaritim
3405 2463 3662 2518 ferventis

2090 2557 2105 2589 ι
2143 2555 2375 2619 insanit,
2416 2554 2468 2607 in
2514 2554 2746 2608 lratema
2797 2553 2917 2607 odia
2959 2553 3136 2608 feralis
3173 2553 3382 2607 invidiae
3421 2552 3660 2607 faucibus

2085 2645 2371 2699 inardescit
2415 2654 2576 2714 atque
2613 2644 2679 2698 ad
2717 2644 3092 2699 contumeliam
3134 2643 3227 2698 Dei
3257 2643 3658 2712 omnipotentis,
3711 2703 3720 2710 ,

2084 2747 2110 2775 υ
2141 2754 2301 2806 super
2330 2737 2598 2792 anfractas
2629 2737 2928 2791 daemonum
2959 2738 3178 2791 semitas
3201 2737 3461 2790 erraticus
3488 2737 3661 2791 viator

2085 2831 2245 2901 210
2273 2829 2468 2885 incedit
2494 2847 2504 2881 :
2540 2845 2645 2882 non
2677 2835 2831 2899 parat
2861 2826 3092 2881 Domino
3121 2827 3291 2891 viam,
3323 2827 3418 2880 sed
3446 2827 3662 2880 inimico

2084 2923 2247 2976 miser
2285 2937 2384 2976 suo
2423 2919 2749 2975 exitiabilem
2779 2920 2832 2973 in
2869 2918 3212 2986 semetipsum
3237 2925 3264 2954 ν
3294 2914 3550 2986 patefacit
3580 2916 3662 2968 in-

2083 3027 2343 3082 gressum.
2375 3010 2439 3067 lli
2471 3026 2672 3078 mores,
2693 3017 2747 3064 et
2768 3009 2876 3064 vita
2907 3007 3212 3076 hujusmodi
3243 3007 3417 3076 ampla
3450 3007 3662 3072 itinera,

2084 3114 2138 3159 et
2184 3105 2508 3172 largissimas
2555 3104 2669 3158 vias
2715 3101 2956 3156 barbaris
2993 3099 3301 3154 nationibus
3330 3097 3382 3151 in
3413 3098 3661 3152 exsilium

401 3200 608 3255 minum
645 3200 896 3255 salutaris
935 3201 1117 3268 gratiae
1146 3198 1422 3254 innovavit
1455 3197 1474 3236 ί
1517 3199 1777 3254 auditum.
1807 3207 1827 3245 ε
1859 3197 1986 3251 Cla-
2015 3197 2061 3260 C
2093 3198 2390 3252 communis
2429 3196 2615 3250 salutis
2665 3194 2931 3264 aperiunt.
2984 3189 3048 3244 Hi
3095 3205 3274 3244 mores
3315 3189 3526 3258 plebem
3567 3187 3663 3242 Dei

401 3302 517 3350 mat
539 3302 717 3348 autem
761 3293 815 3346 in
842 3292 1081 3358 deserto,
1112 3291 1203 3345 ubi
1233 3287 1261 3327 ιι
1285 3290 1716 3360 praedicationem
1739 3289 1855 3358 ejus
1884 3303 1982 3343 nec

401 3382 644 3437 insolens
671 3381 825 3435 turba
853 3388 1244 3451 perstreperet,
1272 3379 1500 3434 inﬁdelis
1521 3379 1721 3434 rideret
1746 3377 1978 3446 auditor,

400 3472 499 3529 sed
535 3473 590 3527 hi
630 3480 836 3526 tantum
883 3469 1112 3526 audirei
1159 3478 1412 3541 possunt,
1463 3471 1552 3538 qui
1602 3469 1980 3538 praedicantem

402 3563 625 3618 verbum
653 3563 859 3628 salutis,
878 3577 1004 3618 cura
1031 3568 1237 3616 tantum
1261 3560 1428 3614 divini
1453 3560 1625 3614 cultus
1649 3567 1982 3629 expeterent,

402 3663 464 3711 et
511 3656 853 3712 adverterent
887 3670 1011 3710 eum
1038 3669 1164 3708 vera
1213 3653 1492 3708 enuntiare
1541 3653 1608 3706 de
1632 3651 1870 3719 Christo,
1894 3652 1985 3720 qui

407 3749 425 3799 i
469 3763 566 3819 per
611 3747 963 3802 assertionem
1005 3745 1265 3814 justitize,
1323 3743 1349 3780 ιι
1398 3752 1457 3797 ut
1508 3742 1715 3797 illicitas
1758 3741 1985 3795 Herodis

403 3840 622 3910 nuptias
667 3839 999 3907 increparet,
1046 3851 1146 3891 nec
1185 3849 1367 3902 regem
1398 3835 1661 3887 timuisset
1688 3831 1978 3898 offendere,

406 3945 512 3988 nec
556 3930 860 4000 squalorem
905 3928 1138 3984 carceris
1177 3927 1527 3990 declinasset,
1579 3940 1677 3980 nec
1705 3926 1982 3998 tyrannica

406 4021 589 4090 gladio
619 4020 900 4089 refugisset
931 4018 1124 4074 occidi.
1167 4017 1458 4072 Audiamus
1486 4016 1659 4072 adhuc
1689 4019 1978 4087 paululum,

408 4113 632 4177 fratres,
665 4109 796 4182 quid
827 4110 894 4164 ad
923 4108 1222 4180 profectum
1265 4107 1505 4162 omnium
1532 4117 1773 4162 nostrum
1801 4107 1986 4162 Salva-

411 4203 549 4258 toris
572 4203 790 4258 nuntius
809 4201 1133 4273 przedicabat
1167 4218 1178 4253 :
1215 4197 1228 4237 ι
1267 4198 1480 4265 Parate,
1506 4199 1692 4268 inquit,
1724 4201 1858 4254 viam
1885 4200 1988 4256 Do-

486 4383 513 4413 ι
541 4373 710 4431 Codd.
758 4374 814 4431 S.
865 4374 1130 4441 Emmer.,
1180 4373 1238 4428 S.
1287 4373 1473 4428 Crucis
1513 4374 1566 4428 in
1611 4371 1743 4440 Jer.,
1777 4382 1832 4429 et
1859 4374 1978 4430 Vat.

410 4444 440 4501 1
452 4445 570 4518 269,
587 4464 748 4518 usum
768 4446 1003 4518 loquendi
1024 4446 1214 4499 amisit.

487 4515 518 4587 ³³7
545 4516 688 4572 Idem
715 4514 842 4573 cod;
861 4516 917 4571 S.
942 4515 1202 4587 Eminen,
1230 4514 1463 4587 φωνηρὸ
1493 4516 1673 4586 angelo
1696 4517 1982 4570 nuntiante.

409 4586 888 4658 Cod.*Veronen.,r
906 4585 1040 4658 quod
1068 4585 1130 4658 ab
1154 4585 1334 4658 angelo
1356 4585 1603 4658 dictante,
1636 4593 1738 4641 etc.

493 4669 515 4697 ο
547 4655 718 4714 Codd.
761 4657 820 4712 S.
862 4653 1048 4712 crucis
1087 4656 1142 4710 in
1173 4653 1311 4724 Jcr.,
1340 4663 1395 4709 et
1420 4655 1644 4718 Veron.,
1673 4665 1872 4726 recepta
1899 4673 1988 4710 su-

410 4728 521 4800 bito
548 4730 761 4800 pristini
784 4729 1028 4800 facultate
1056 4728 1320 4800 sermonis.

489 4798 515 4837 ά
545 4797 681 4856 Cod.
712 4797 996 4856 Martinen.
1028 4797 1225 4868 omittit
1254 4799 1450 4868 futura.

495 4879 520 4907 °
550 4869 683 4925 Cod.
712 4869 948 4934 Martin.,
978 4870 1054 4921 ita
1080 4865 1287 4920 auribus
1308 4867 1590 4920 hominum.

497 4937 516 4978 ί
549 4940 718 4996 Codd.
749 4939 869 4994 Vat.
901 4947 957 4994 et
993 4937 1194 4992 Veron.
1215 4974 1230 5001 ,
1257 4937 1516 4990 innovavit
1545 4935 1744 4988 auditu.
1789 4934 1996 4989 Clama-

413 5009 594 5068 utabat
614 5020 802 5066 autem.
1924 5023 1931 5028 ‘

439 5121 444 5125 -
495 5093 522 5129 κ
551 5080 683 5136 Cod.
714 5079 915 5142 Casin.,
947 5077 1217 5132 Clamabat
1245 5085 1431 5131 autem.

495 5150 697 5275 hbldem
723 5152 843 5207 cod.
877 5151 992 5204 Val.
1028 5149 1126 5215 l0,
1167 5147 1584 5220 prwdicationem
1616 5148 1727 5216 ejus
1769 5144 1996 5199 insolens

495 5242 508 5264 ν
543 5239 593 5275 a.

420 5235 593 5279 turba.

506 5294 519 5332 ί
557 5293 700 5348 ldem
727 5291 849 5348 cod.
880 5291 938 5344 S.
982 5289 1166 5346 Crucis
1204 5291 1258 5344 in
1294 5288 1430 5353 Jcr.,
1471 5296 1696 5359 possent.
1729 5284 1863 5340 Cod.
1895 5284 1999 5338 Ca-

421 5365 552 5428 sin.,
581 5363 760 5416 audire
779 5363 994 5431 possint.

503 5426 690 5488 i'Cod.
734 5426 1002 5495 Ambros,
1053 5430 1112 5484 S.
1161 5429 1346 5486 Crucis
1377 5430 1428 5482 in
1473 5427 1581 5482 Jcr.
1621 5436 1678 5481 et
1705 5426 1999 5491 Veronen.,

425 5523 524 5578 pro
549 5509 834 5558 assertione
863 5509 1094 5570 iustitiae.

503 5576 529 5614 ιι
555 5574 688 5630 Cod.
722 5573 1006 5627 Martinen.
1039 5571 1238 5625 omittit
1266 5578 1340 5623 ut.

507 5646 526 5685 ι
559 5643 874 5726 ldemhcod.
925 5642 1184 5726 Ambros.
1212 5649 1267 5694 et
1301 5639 1359 5693 S.
1399 5637 1583 5694 Crucis
1630 5636 1682 5690 in
1721 5633 1854 5702 Jcr.,
1899 5631 2006 5687 Pa-

430 5726 564 5782 rate,
595 5715 783 5785 inquit,
812 5717 945 5768 viam
974 5711 1203 5766 Domini.

505 5798 546 5832 ω
574 5786 714 5855 Idem
735 5785 855 5843 cod.
877 5783 938 5849 S,
959 5781 1145 5841 Crucis
1162 5783 1216 5848 in
1236 5779 1348 5838 Jer.
1378 5794 1474 5853 pro
1496 5787 1545 5836 et
1565 5777 1789 5847 legitut;
1810 5783 1866 5834 et
1884 5773 2007 5833 cod.

2089 3286 2316 3342 inimicis
2344 3285 2593 3354 gentibus
2624 3283 2754 3351 jugo
2797 3283 3004 3336 miserm
3033 3279 3360 3348 captivitatis
3389 3277 3664 3332 addicunt.

2089 3379 2155 3434 lli
2181 3393 2358 3434 mores
2386 3384 2622 3432 armatos
2665 3373 2927 3441 dissipant
2946 3371 3173 3440 populos
3193 3409 3206 3432 ,
3238 3377 3294 3422 et
3321 3367 3552 3420 munitas
3581 3366 3665 3420 di-

2091 3479 2252 3525 ruunt
2280 3469 2544 3524 civitates.
2574 3475 2606 3529 ,κ
2629 3463 2830 3533 Ecquid
2859 3463 3041 3531 plura,
3073 3459 3370 3514 carissimi?
3395 3457 3666 3527 Quidquid

2091 3561 2362 3632 potentim,
2395 3539 2656 3628 quidquid
2683 3555 2875 3608 virium
2905 3551 3148 3605 videmus
3176 3550 3229 3603 in
3254 3548 3518 3603 hostibus.
3549 3562 3668 3601 cor-

2090 3652 2339 3720 ruptione
2361 3651 2482 3704 viue
2503 3655 2720 3709 nostrae,
2745 3653 3034 3710 nostraque
3059 3638 3377 3694 inﬁdelitate
3405 3637 3669 3702 nutritur;

2092 3754 2147 3800 et
2176 3743 2299 3798 inde
2327 3751 2437 3805 est,
2481 3739 2625 3810 quod
2655 3737 2786 3792 nihil
2815 3735 2929 3790 fusa
2977 3733 3043 3787 ad
3080 3731 3249 3785 Deum
3282 3729 3672 3799 supplicatione

2090 3835 2388 3907 poscimus;
2437 3832 2562 3901 quia
2610 3827 2998 3884 incessabiliter
3028 3823 3232 3893 impiis,
3265 3821 3550 3891 pravisque
3573 3820 3670 3874 de-

2089 3926 2298 3984 sideriis
2329 3925 2682 3984 inhaerentes,
2707 3919 2848 3974 viam
2879 3916 3107 3970 Domino
3145 3921 3333 3966 nostro
3374 3908 3670 3964 secundum

2088 4017 2402 4090 prophetica
2434 4012 2634 4068 monita
2660 4026 2765 4065 non
2793 4018 2822 4058 y
2851 4019 3232 4076 przeparamus.
3283 3999 3509 4070 Propter
3529 3999 3671 4068 quod

2089 4114 2424 4162 revertentes
2454 4101 2522 4156 ad
2556 4098 2851 4156 beatissimi
2886 4103 3154 4166 praacepta
3184 4091 3426 4156 Joannis,
3458 4099 3480 4127 ι
3510 4104 3671 4158 pare-

2093 4218 2212 4258 mus
2243 4199 2468 4254 Domino
2489 4196 2660 4260 viam,
2693 4199 2868 4247 rectas
2897 4187 3156 4242 faciamus
3198 4183 3416 4240 semitas
3454 4181 3550 4235 Dei
3573 4195 3673 4234 no-

2090 4360 2307 4423 Veron.,
2330 4365 2384 4409 ut
2405 4364 2453 4409 et
2474 4355 2730 4423 instanter
2755 4345 2962 4423 Domini
2980 4343 3243 4423 nuntiaret
3271 4341 3559 4423 adventum.

2158 4408 2181 4465 ί
2371 4408 2643 4487 Ambros”
2669 4417 2804 4482 Quid
2817 4427 2892 4470 est
2907 4417 3055 4487 enim‘
3063 4429 3250 4487 parare
3271 4410 3634 4487 Dominoviarn
3650 4408 3675 4460 ἵ

2086 4477 2752 4555 εοιιῗξιὶῐοῖξεςοιέιιιῐίε
2782 4489 2833 4540 in
2860 4487 2992 4548 Jer.,
3018 4477 3154 4559 Quid
3174 4487 3275 4559 _est_
3296 4482 3430 4559 enim
3451 4477 3676 4530 Domino

2089 4550 2466 4642 amares-iam.
2509 4563 2610 4617 nisi
2651 4560 2957 4612 adventante
2992 4556 3055 4607 de
3093 4553 3216 4604 cwlo
3246 4550 3440 4618 judice,
3481 4562 3676 4616 purga-

2092 4648 2364 4762 (0’0elldem
2381 4703 2505 4760 cod.
2535 4699 2805 4764 Ambros,
2827 4692 2964 4758 Quid
2984 4700 3060 4746 est
3083 4697 3247 4744 rectas
3269 4689 3439 4759 facere
3465 4686 3678 4740 semitas

2019 4775 2232 4834 DDei?

2174 4828 2375 4903 r'ldem
2403 4843 2525 4900 cod.
2557 4840 2829 4904 Ambros,
2863 4833 2963 4890 Ille
2989 4833 3125 4888 viam
3158 4828 3382 4885 Domino
3422 4845 3513 4882 suo
3538 4842 3677 4897 prta-

2101 4929 2397 5046 Ραζαδοᾶᾱ.
2428 4961 2766 5039 Αηώτοε.’θι
2791 4977 3016 5040 Veron.,
3048 4971 3357 5028 luxuriantis
3392 4969 3564 5023 carnis
3593 4984 3677 5021 re-

2104 5078 2129 5115 s
2201 5078 2289 5115 ens
2319 5059 2646 5113 uoluntatem.

2132 5079 2204 5170 pur
2237 5130 2367 5187 Cod.
2404 5127 2524 5191 Vat,
2557 5121 2711 5190 1269,
2735 5118 3104 5191 quiidolorum
3131 5115 3355 5185 profana

2179 5211 2200 5237 '
2570 5177 2711 5269 Vat:
2747 5177 2904 5276 “96,
2932 5177 3157 5243 omnium
3185 5177 3540 5257 superstitiosa
3577 5177 3674 5248 ﬁg-

2103 5283 2294 5328 menta.

2185 5346 2200 5379 ί
2237 5341 2368 5399 Cod.
2399 5339 2622 5401 Veron.,
2651 5332 2897 5388 incumbit
2921 5340 2989 5384 et.

2179 5423 2204 5450 ιι
2236 5397 2406 5468 Codd.
2437 5397 2618 5462 Casin.
2652 5413 2706 5458 et
2734 5403 2958 5467 Veron.,
2990 5415 3079 5472 per
3106 5397 3393 5468 anfractas.

2184 5497 2203 5523 ν
2234 5483 2369 5540 Cod.
2406 5481 2624 5541 Veron.,
2649 5476 2921 5598 Eatefacit.

2184 5565 2206 5592 κ
2236 5554 2369 5598 le-
2403 5551 2624 5598 Veron"
2701 5555 2718 5598 t
2744 5546 2886 5598 quid.

2181 5565 2206 5592 κ
2236 5554 2370 5610 Cod.
2403 5551 2624 5608 Veron.,
2649 5545 2718 5598 Et
2744 5546 2886 5616 quid.

2182 5636 2209 5673 γ
2237 5625 2371 5680 Cod.
2399 5621 2622 5681 Veron.,
2655 5633 2758 5687 non
2779 5631 3043 5687 paramus.

2192 5706 2212 5733 ι
2239 5695 2374 5752 Cod.
2408 5692 2464 5745 S.
2495 5688 2683 5745 Crucis
2713 5685 2929 5751 in'Jer.,
2961 5689 3331 5754 prwparemus.
