4056 6346
213 295 306 356 ὖθδ

1557 288 1840 349 IIOMILIA
1879 293 2102 350 LXVIII.

3340 301 3448 362 594

215 412 330 468 tudo
372 408 611 466 Salvator
655 414 993 471 ostenderet,
1035 416 1111 461 ait
1133 423 1184 460 et
1212 426 1221 458 :
1255 407 1439 462 Beatus
1463 425 1514 461 es
1533 450 1546 470 ,
1580 409 1762 463 Simon
1789 415 1840 477 Α
1871 411 2113 480 Domine,
2144 412 2309 468 libera
2338 429 2443 478 me,
2465 415 2534 471 de
2561 430 2620 471 se
2645 414 2850 473 difﬁsus
2867 425 2971 486 est,
2991 430 3102 473 non
3128 416 3197 474 de
3217 417 3447 480 Domino

215 499 470 558 Bar-Jona
501 509 524 536 ⁸
563 500 684 567 quia
711 516 832 554 caro
874 507 922 553 et
960 501 1172 572 sanguis
1201 517 1303 555 non
1333 502 1570 555 reuelauit
1604 503 1770 574 218

216 594 316 662 tibi,
343 591 427 646 sed
453 590 612 643 Pater
640 606 803 657 meus,
829 592 860 630 υ
889 591 974 661 qui
1004 592 1055 644 in
1093 591 1232 644 cretis
1269 599 1343 645 est
1376 609 1392 645 .'
1421 600 1471 644 et
1510 591 1600 645 tibi
1639 591 1771 648 dabo

217 686 364 738 claves
392 681 530 752 regni
558 681 800 735 cmlorum
825 680 1038 754 (Matth.
1075 700 1189 746 xvr,
1219 681 1309 748 i7,
1342 682 1451 753 I9).
1484 683 1616 750 Quis
1643 700 1772 756 ergo

217 777 467 834 Christum
493 789 590 846 per
615 790 852 842 carnem,
883 783 938 831 et
960 777 1012 831 in
1034 791 1194 832 carne
1221 784 1403 831 natum
1432 777 1770 848 omnipoten-

218 869 280 922 tis
306 865 473 921 Patris
516 880 635 921 esse
681 865 871 920 Filium
907 867 1108 922 sentire
1147 868 1429 936 potuisset,
1462 868 1563 922 nisi
1591 869 1773 939 propi-

218 959 313 1014 tius
344 968 364 996 ε
390 957 492 1011 hoc
519 956 634 1026 ipse
673 954 835 1011 Pater
861 971 959 1028 per
981 955 1197 1012 Petrum
1240 958 1396 1012 nobis
1425 959 1715 1014 revelasset
1742 975 1773 1014 e

218 1050 373 1107 εωῐοῖ
399 1045 426 1087 ἀ
451 1045 566 1104 Hoc
596 1047 669 1102 illi
697 1047 966 1104 confessio
993 1047 1138 1103 dedit
1183 1055 1242 1103 ut
1266 1057 1392 1103 ante
1420 1049 1596 1104 claves
1622 1051 1770 1120 regni

219 1150 239 1178 ο
283 1139 528 1196 cmlorum
571 1139 839 1209 acciperet
889 1154 1046 1209 quam
1093 1138 1213 1194 (ξωιὶ
1265 1138 1458 1208 januas
1505 1139 1769 1194 introiret.

225 1230 240 1268 ί
266 1230 363 1301 Sed
392 1245 456 1284 ne
482 1243 589 1299 qua
621 1245 736 1295 vos,
769 1229 980 1293 fratres,
1011 1229 1078 1285 de
1105 1229 1323 1286 creditis
1351 1229 1512 1285 Petro
1533 1231 1772 1286 clavibus

215 1322 348 1392 regni
375 1335 524 1377 more
544 1330 846 1377 nostrarum
871 1321 1099 1377 elavium
1123 1322 1375 1391 cogitatio
1405 1330 1616 1378 terrena
1647 1337 1769 1393 per-

215 1426 428 1474 moveat.
456 1415 637 1472 Clavis
678 1417 819 1472 enim
866 1417 986 1473 coeli
1029 1417 1205 1486 lingua
1248 1427 1331 1472 est
1371 1415 1516 1473 Petri
1549 1436 1559 1470 :
1590 1427 1615 1466 ι
1645 1418 1771 1489 quia

213 1509 520 1581 singulorum
571 1510 761 1565 merita
809 1510 1107 1576 censendo,
1158 1509 1436 1581 apostolus
1489 1509 1772 1578 unicuique

213 1616 414 1673 regnum
443 1599 470 1638 ιι
497 1586 780 1658 calorum.
807 1609 898 1656 aut
944 1601 1153 1671 claudit;
1177 1610 1271 1655 aut
1310 1602 1500 1671 aperit.
1545 1600 1661 1657 Non
1689 1608 1773 1654 est

212 1709 327 1764 ergo
367 1693 533 1748 clavis
577 1692 680 1747 ista
713 1692 953 1747 mortalis
998 1691 1217 1747 artiﬁcis
1244 1701 1424 1763 aptata
1463 1708 1644 1759 manu,
1677 1691 1771 1747 sed

211 1785 322 1840 data
363 1801 390 1839 a
428 1783 653 1839 Christo
694 1791 931 1854 potestas
970 1792 1052 1837 est
1093 1781 1378 1851 judicandi.
1413 1781 1650 1853 Denique
1698 1785 1774 1838 ait
1801 1804 1849 1865 Β

219 1878 229 1912 ί
261 1876 332 1930 eis
360 1893 371 1927 :
405 1872 642 1938 Quorum
680 1874 978 1928 remiseritis
1014 1883 1252 1943 peccata,
1283 1875 1497 1928 remissa
1536 1885 1685 1942 sunt,
1725 1883 1774 1930 et

212 1983 403 2040 quorum
434 1966 446 2016 i
485 1966 835 2032 detinueritis,
866 1965 1072 2019 detenta
1099 1975 1216 2019 sunt
1247 1963 1427 2034 (Joan.
1470 1967 1544 2036 κ).
1578 1964 1675 2020 Hic
1694 1974 1778 2022 cst

212 2060 406 2128 Petrus,
432 2073 598 2128 quem
628 2057 822 2112 Christi
852 2072 970 2112 esse
997 2055 1507 2113 conﬁdentissimum
1537 2056 1773 2126 subjecta

213 2153 426 2223 vestigiis
452 2152 576 2222 ejus
604 2151 770 2206 maria
792 2150 1188 2221 probaverunt;
1221 2167 1344 2204 nam
1372 2167 1401 2204 a
1424 2151 1649 2205 Domino
1678 2167 1776 2205 suo

211 2261 361 2301 novos
397 2244 496 2300 sibi
530 2243 647 2299 dari
678 2243 730 2298 in
760 2241 1006 2298 ﬁuctibus
1042 2257 1285 2312 gressus,
1320 2251 1378 2297 ut
1407 2241 1573 2297 ﬁdelis
1602 2258 1774 2313 popo--

210 2337 314 2402 scit,
353 2345 406 2392 et
433 2336 455 2374 ¹ι
487 2344 556 2391 ut
595 2335 822 2392 dilectus
864 2335 1190 2405 promeruit;
1222 2335 1313 2405 qui
1353 2335 1422 2389 ob
1460 2335 1564 2390 hoc
1602 2334 1776 2390 solum

215 2429 223 2476 i
261 2430 520 2502 trepidare
551 2431 701 2484 visus
725 2437 809 2484 est
842 2436 904 2483 ut
936 2427 1191 2498 fragilitas
1216 2428 1446 2482 humana
1480 2442 1774 2498 cognosce-

209 2532 282 2578 ret
314 2532 511 2593 quanta
547 2531 692 2578 esset
727 2523 867 2578 inter
900 2521 1182 2576 Dominum
1225 2535 1543 2591 servumque
1569 2521 1774 2576 distan-

209 2615 291 2680 tia,
320 2614 441 2671 dum
481 2623 772 2684 aggravata
801 2614 1036 2684 peccatis
1063 2629 1188 2669 caro
1223 2613 1501 2681 mergitur,
1528 2621 1566 2650 ιιι
1593 2622 1648 2668 et
1677 2613 1776 2668 im-

208 2709 441 2764 maculati
469 2708 650 2764 nescit
676 2707 856 2778 planta
898 2705 1161 2763 desidere.
1191 2715 1217 2742 υ
1247 2705 1502 2762 Similiter
1528 2715 1584 2761 et
1613 2706 1765 2772 illud,

209 2816 286 2869 ne,
314 2800 435 2856 dum
455 2816 623 2871 super
649 2815 812 2870 aquas
834 2799 1109 2856 ambulans
1135 2797 1324 2855 Petrus
1346 2799 1482 2869 pede
1507 2799 1774 2870 intrepido

209 2893 535 2961 pervenisset
561 2892 627 2946 ad
648 2891 938 2959 Christum,
966 2891 1176 2947 Domini
1205 2890 1342 2947 forte
1377 2891 1460 2947 sui
1490 2891 1774 2947 virtutibus

211 2994 232 3019 θ
263 2995 582 3057 aequaretur.
615 2984 718 3040 Sed
739 2985 867 3055 quid
887 2985 1034 3039 illum
1066 2992 1345 3055 tantopere
1365 2982 1591 3039 dicimu's
1611 2985 1775 3056 trepi-

209 3077 370 3145 dasse,
401 3088 427 3127 P
457 3093 583 3134 cum
615 3093 777 3148 prava
810 3077 1093 3148 trepidatio
1119 3092 1213 3130 sua
1245 3075 1500 3145 majorem
1531 3076 1774 3147 proﬁciat

1857 501 2158 557 dubitavit.
2191 503 2266 559 Ne
2300 504 2421 574 quis
2459 520 2589 575 ergo
2631 507 2877 563 timorem
2904 508 3046 565 hunc
3073 508 3445 579 gloriosissimi

1877 591 2018 650 Petri
2046 593 2205 650 ducat
2233 595 2285 650 in
2314 597 2505 652 vitium
2551 616 2563 651 :
2594 600 2845 669 quoniam
2875 600 3036 658 timor
3062 601 3181 669 iste,
3195 605 3446 673 quamvis

1883 691 1896 723 ι
1934 689 2159 753 primam
2186 689 2302 759 ejus
2331 691 2626 746 turbaverit
2653 690 2828 760 Iidem,
2865 693 3243 752 conﬁdentiam
3264 704 3444 754 tamen

1873 778 1928 831 in
1953 791 2021 833 eo
2050 789 2310 848 reparatae
2338 780 2670 838 credulitatis
2705 785 2932 840 ornavit.
2966 785 3064 842 Hic
3102 794 3187 844 est
3233 785 3444 855 Petrus,

1876 867 1961 922 cui
2011 866 2252 923 Christus
2301 870 2560 927 Dominus
2605 875 3039 932 communionem
3088 878 3171 933 sui
3215 879 3446 936 nominis

1875 958 2102 1014 libenter
2143 960 2378 1016 indulsit.
2413 960 2484 1016 Ut
2509 964 2671 1031 enim,
2698 966 2836 1020 sicut
2862 969 3140 1036 apostolus
3167 968 3364 1026 Paulus
3391 972 3443 1042 (ι

1875 1047 1994 1104 Cor.
2027 1051 2081 1120 χ)
2112 1051 2345 1117 edocuit,
2377 1062 2402 1088 υ
2436 1062 2586 1124 petra
2613 1064 2730 1110 erat
2756 1055 3034 1126 Christus;
3067 1059 3140 1116 ita
3168 1077 3264 1132 per
3288 1060 3442 1118 Chri-

1874 1147 2014 1194 stum
2046 1138 2234 1195 Petrus
2262 1141 2428 1198 factus
2453 1153 2533 1197 cst
2562 1155 2732 1214 petra,
2763 1146 2973 1204 dicente
2995 1151 3045 1205 ei
3075 1151 3299 1209 Domino
3326 1172 3337 1206 :
3372 1153 3444 1207 Tu

1874 1245 1926 1285 es
1973 1229 2180 1297 Petrus,
2208 1242 2254 1286 et
2286 1251 2436 1302 super
2465 1235 2595 1288 hanc
2623 1246 2819 1306 petram
2851 1239 3117 1310 aediﬁcabo
3159 1241 3444 1298 Ecclesium

1876 1340 2039 1377 meam
2069 1323 2282 1394 (Matth.
2316 1328 2443 1394 ut).
2471 1326 2600 1381 Nam
2630 1311 2767 1383 sicut
2790 1329 2842 1383 in
2874 1331 3088 1387 deserto
3117 1344 3141 1369 ν
3177 1334 3446 1390 dominico

1875 1419 2075 1474 sitienti
2105 1421 2302 1491 populo
2343 1437 2479 1492 aqua
2522 1423 2673 1478 fluxit
2716 1440 2746 1479 e
2776 1434 2924 1494 petra
2954 1425 3146 1495 (Exod.
3177 1429 3326 1494 xm),
3375 1430 3446 1483 ita

1875 1513 2127 1567 universo
2156 1514 2356 1568 mundo
2382 1515 2614 1586 perﬁdia:
2653 1517 2902 1573 ariditate
2934 1528 2953 1554 κ
2989 1520 3223 1574 lassatim
3259 1521 3326 1576 de
3353 1537 3449 1576 ore

1875 1601 2018 1657 Petri
2071 1603 2189 1659 fons
2229 1605 2514 1662 salutifera:
2557 1608 2910 1665 confessionis
2963 1611 3200 1666 emersit.
3232 1611 3328 1668 Hic
3367 1621 3448 1668 est

1875 1692 2084 1760 Petrus,
2113 1695 2196 1750 cui
2218 1695 2458 1752 Christus
2483 1714 2799 1755 ascensurus
2825 1701 2891 1755 ad
2922 1700 3132 1757 Patrem
3156 1704 3449 1774 pascendas

1874 1795 1904 1835 r
1927 1786 2165 1841 oviculas
2204 1803 2327 1842 suas
2359 1802 2630 1859 agnosquc
2661 1791 3000 1846 commendat
3031 1793 3207 1861 (Joan.
3241 1794 3314 1864 ιι)
3347 1811 3360 1858 ;
3393 1803 3450 1849 ut

1879 1895 2015 1948 quos
2062 1880 2151 1935 ille
2199 1881 2413 1950 pietatis
2457 1882 2802 1938 miseratione
2834 1883 3152 1952 redemerat,
3196 1886 3284 1942 hic
3327 1885 3449 1942 ﬁdei

1877 1989 1986 2028 sua:
2017 1975 2212 2029 virtute
2243 1981 2502 2030 servaret.
2535 1974 2601 2030 Et
2629 1985 2776 2033 recte
2815 1993 2941 2033 sane
2963 1979 3012 2033 ei
3053 1979 3252 2035 arbiter
3278 1981 3450 2036 occul-

1877 2072 2052 2119 torum
2083 2064 2174 2120 Dei
2206 2064 2369 2120 Filius
2394 2068 2689 2136 pascendas
2723 2079 2743 2104 '-
2774 2084 2903 2125 oves
2940 2070 3270 2142 tuendasque
3298 2088 3448 2130 com--

1879 2155 2038 2219 misit,
2072 2157 2157 2210 cui
2203 2166 2424 2212 noverat
2452 2159 2503 2212 in
2536 2161 2818 2216 nutriendo
2843 2175 3004 2230 grege
3041 2163 3309 2220 dominico
3349 2180 3450 2222 nec

1877 2245 2109 2300 studium
2137 2246 2345 2315 deesse,
2393 2263 2490 2303 nec
2521 2249 2695 2305 ﬁdem.
2733 2251 2828 2308 llic
2856 2262 2937 2308 est
2970 2253 3175 2322 Petrus,
3205 2257 3294 2326 qui
3324 2257 3450 2312 dum

1878 2337 1946 2392 ad
1987 2353 2197 2393 crucem
2238 2348 2488 2409 tanquam
2535 2343 2772 2397 crucifixi
2819 2343 3105 2417 discipulus
3146 2348 3449 2414 duceretur,

1878 2443 2034 2484 verso
2077 2445 2136 2485 se
2166 2446 2396 2501 poscens
2439 2449 2667 2504 corpore
2714 2438 2970 2507 cruciﬁgi,
2996 2441 3297 2510 passionem
3344 2459 3450 2498 non

1879 2520 2076 2583 timuit,
2102 2521 2195 2576 sed
2222 2523 2582 2592 :equalitatem
2620 2526 2796 2581 crucis
2836 2527 3113 2586 dominicae
3149 2530 3449 2599 declinavit,

1878 2622 1937 2667 ut
1965 2613 2276 2670 ostenderet
2303 2617 2562 2673 universis
2587 2618 2907 2677 admiranda:
2935 2639 2993 2679 se
3019 2624 3333 2682 humilitatis
3354 2628 3449 2682 vir.

1878 2715 2046 2762 tutem
2076 2708 2310 2780 novique
2355 2713 2594 2784 mysterii
2631 2713 2965 2785 disciplinam
2988 2726 3042 2754 ⁸η
3073 2727 3128 2773 et
3158 2719 3295 2774 inter
3337 2728 3451 2775 tor-

1878 2809 2057 2857 menta
2101 2818 2362 2859 servasse.
2393 2805 2561 2871 Quam
2606 2821 2842 2873 securus,
2893 2809 3171 2877 carissimi,
3216 2811 3450 2880 perrexit

1879 2892 2069 2950 Petrus
2098 2893 2164 2948 ad
2193 2909 2428 2961 crucem,
2458 2897 2550 2967 qui
2581 2898 2797 2967 repulso
2844 2899 3035 2955 timore
3080 2902 3288 2966 mortis,
3331 2917 3451 2958 mo-

1878 2987 2048 3043 riendi
2078 2987 2324 3044 ordinem
2355 2996 2464 3043 tam
2497 2989 2688 3044 acerba
2716 2987 2772 3028 δδ
2805 2990 2855 3044 in
2885 2991 3133 3060 passione
3167 2994 3409 3062 quzesivit
3435 2994 3446 3046 !

1880 3080 2016 3148 Quid
2043 3081 2206 3137 etiam
2246 3081 2314 3136 de
2341 3081 2726 3149 gloriosissimo
2754 3082 2981 3138 referam
3024 3082 3218 3153 Paulo,
3251 3087 3302 3141 in
3345 3102 3453 3157 quo

210 3168 266 3222 ad
295 3168 447 3225 ﬁdem
470 3170 494 3223 τ
522 3177 584 3223 ut
613 3169 754 3224 enim
774 3167 999 3223 credidit
1031 3179 1057 3217 (ι
1093 3165 1281 3221 Petrus
1310 3167 1535 3236 imperio
1563 3166 1774 3222 Domini
1802 3180 1850 3245 ς
1880 3168 2137 3226 Dominus
2167 3170 2324 3225 ﬁdem
2354 3172 2580 3226 nominic
2601 3174 2703 3240 sui,
2727 3173 2852 3228 dum
2874 3174 3042 3245 ipsam
3072 3174 3230 3230 ﬁdem
3251 3187 3304 3215 σε
3326 3193 3451 3247 per-

210 3264 280 3317 sui
309 3279 465 3335 posse
493 3279 556 3319 se
598 3278 628 3317 a
671 3260 916 3318 ﬂuctibus
958 3261 1265 3325 sustentari,
1298 3261 1368 3314 ita
1414 3261 1778 3327 nihilominus,

212 3364 230 3392 τ
253 3355 373 3410 dum
404 3355 684 3424 mergitur,
710 3353 934 3409 credidit
959 3353 1124 3422 ipsius
1152 3352 1361 3406 Domini
1388 3352 1467 3405 sui
1497 3365 1556 3406 se
1584 3351 1781 3406 virtute

209 3448 530 3503 salvaudum.
566 3447 699 3501 Vere
719 3446 858 3501 beati
884 3444 1048 3507 Petri,
1074 3455 1093 3479 ⁸
1114 3452 1170 3499 et
1196 3443 1319 3499 dum
1345 3443 1590 3514 trepidat,
1614 3443 1777 3498 mira-

209 3541 320 3597 bilis
344 3541 499 3610 ﬁdes,
524 3541 648 3611 quia
679 3555 779 3596 nec
803 3538 1139 3610 perurgentis
1168 3540 1328 3611 219
1359 3537 1579 3608 periculi
1606 3537 1780 3609 potuit

209 3637 415 3692 turbare
459 3634 722 3700 formido;
775 3615 1060 3689 clamando
1109 3633 1249 3688 enim
1297 3632 1422 3688 dum
1465 3632 1724 3701 mergitur
1765 3651 1777 3685 :

269 3870 290 3898 ⁸
323 3862 461 3917 Cod.
497 3859 617 3914 Vat.
652 3858 808 3923 I277,
836 3859 952 3928 quia
984 3871 1085 3909 non
1125 3869 1262 3919 caro,
1297 3864 1344 3907 et
1388 3857 1600 3926 sanguis
1651 3872 1782 3911 reve-

203 3932 316 3987 lavit
343 3933 457 3994 tibi,
491 3938 598 3985 etc.

266 4003 292 4042 δ
318 4001 492 4059 Codd.
517 3997 760 4070 S.ﬁPet_ri_
773 3995 838 4070 49
860 3995 921 4070 F_,
953 4004 1009 4049 et
1027 3993 1300 4070 Casinen.,
1332 3999 1416 4070 qui
1439 4004 1512 4052 est
1535 3998 1586 4050 in
1615 3998 1773 4052 cazlis.

269 4079 288 4138 ⁶ῗ
318 4072 457 4128 Cod.
483 4070 541 4124 S.
570 4068 714 4124 Petri
734 4067 768 4119 9
791 4068 853 4134 A,
880 4067 1049 4138 ltoc_et
1065 4068 1179 4138 ipse
1210 4065 1384 4138 Pater.

264 4137 290 4176 (³
317 4141 492 4199 Codd.
538 4140 594 4197 8.
639 4138 822 4195 Crucis
869 4147 923 4194 et
969 4135 1027 4192 S.
1062 4135 1236 4204 Petri,
1267 4137 1381 4192 Hoc
1423 4140 1498 4193 illi
1520 4141 1772 4212 confessio

198 4215 356 4271 dedit.

270 4299 294 4324 υ
318 4280 494 4339 Codd.
524 4281 797 4346 Ambros.,
833 4279 1124 4346 Veroncn.,
1155 4277 1404 4336 Casinen.
1448 4289 1503 4336 et
1546 4279 1602 4336 S.
1635 4281 1779 4338 Petri

202 4357 265 4412 40
288 4355 350 4418 F,
377 4355 526 4425 regni
557 4353 789 4425 caelestis.

275 4427 294 4467 ί
326 4421 478 4482 Idem
509 4422 630 4494 cod.
663 4422 930 4494 Ambros,
959 4421 1065 4494 Sed
1084 4437 1401 4494 nequaquam
1427 4438 1532 4494 πρε,
1567 4426 1777 4494 fratres,

208 4501 265 4552 de
286 4496 518 4553 creditis.
541 4491 672 4548 Cod.
700 4492 757 4546 S.
781 4491 923 4547 Petri
951 4496 984 4547 9
1015 4492 1078 4556 A,
1109 4491 1172 4545 de
1193 4491 1394 4546 traditis
1436 4491 1612 4548 Petro.
1645 4493 1777 4549 Cod.

209 4569 505 4631 Veroncn.,
533 4564 637 4635 Sed
665 4580 822 4635 neque
849 4579 956 4635 vos,
988 4564 1198 4635 fratres,
1223 4561 1283 4615 de
1298 4564 1526 4635 creditis.

277 4652 301 4688 ις
329 4639 477 4694 Idem
527 4633 646 4690 cod.
667 4631 962 4699 SfCrucis,
984 4632 1158 4703 lingua
1187 4641 1260 4687 est
1291 4631 1454 4698 Petri,
1478 4652 1577 4706 qua
1602 4635 1783 4707 singu-

212 4711 372 4766 lorum
392 4709 597 4762 merita.
654 4721 657 4726 '

279 4778 498 4835 hCodd.
545 4776 814 4838 Ambros,
864 4773 1156 4838 Veroncn.,
1199 4773 1780 4840 Casinen.ctMartin.,

213 4851 479 4929 unicuique
501 4861 712 4919 regnum
735 4846 864 4898 caeli.
1099 4915 1109 4926 .
1267 4915 1276 4925 _
1364 4915 1374 4926 ⁸

288 4933 300 4995 ξ
330 4919 480 4995 Idem
505 4916 639 4995 Cod.
672 4916 944 4995 Ambros,
977 4915 1208 4995 Denique
1228 4923 1300 4966 ait
1320 4930 1393 4995 Oct.

285 4993 298 5043 i
331 4989 466 5046 Cod.
499 4987 768 5050 Ambros,
794 4994 842 5039 et
863 5002 1076 5054 quorum
1094 4987 1418 5047 retiuueritis,
1439 4991 1634 5037 retenta
1649 4994 1784 5039 sunt.

215 5062 378 5117 Codd.
430 5059 491 5114 S.
534 5055 678 5111 Petri
707 5057 741 5108 9
769 5057 833 5119 Α,
864 5065 920 5109 et
941 5055 1279 5119 Casinenses,
1303 5069 1514 5109 necnon
1546 5054 1788 5110 Vaticani

215 5132 346 5188 1269
369 5139 427 5185 et
457 5127 593 5183 I277
618 5127 798 5196 legunt
822 5135 1016 5196 retenta
1043 5134 1209 5180 erant.

281 5203 306 5240 ⁸
336 5202 472 5258 Cod.
500 5199 558 5253 S.
585 5195 729 5251 Petri
751 5199 794 5250 A
818 5195 870 5261 9,
895 5205 944 5250 et
967 5207 1022 5250 ut
1046 5196 1261 5250 dilectus
1280 5196 1576 5264 promeruit.

289 5272 303 5311 ¹
331 5272 470 5328 Cod.
496 5269 615 5323 Vat.
643 5267 802 5333 I277,
833 5265 1118 5336 trepidasse
1140 5267 1275 5319 risus
1296 5275 1398 5336 est,

282 5354 321 5382 ιιι
345 5341 482 5400 Cod.
529 5338 586 5393 S.
638 5336 781 5392 Petri
820 5335 885 5389 40
912 5335 972 5400 F,
1002 5347 1049 5390 et
1075 5335 1405 5406 immaculata
1433 5337 1594 5389 nescit
1619 5336 1796 5406 planta

219 5415 463 5469 residere.
489 5409 624 5465 Cod.
653 5407 784 5462 Vat.
813 5406 966 5468 I277,
991 5409 1173 5476 planta
1197 5404 1476 5476 subsidere.

285 5495 312 5523 ιι
339 5482 513 5539 Codd.
545 5479 664 5533 Vat.
695 5477 828 5532 H69
849 5485 905 5534 et
924 5473 1080 5543 1277,
1107 5475 1354 5532 Casinen.
1380 5485 1435 5530 et
1461 5474 1518 5530 8.
1563 5473 1705 5532 Petri
1747 5477 1798 5542 9,

222 5553 284 5622 Α,
312 5554 488 5612 Simul
513 5558 562 5604 et
587 5549 738 5604 illud.
962 5619 973 5630 .
1085 5619 1096 5630 .
1548 5587 1554 5591 .

291 5635 316 5662 ο
335 5625 484 5679 Idem
506 5619 626 5675 eod.
654 5618 900 5673 Ambros.
927 5616 1189 5672 virtutibus
1210 5628 1576 5689 cowquaretur.

291 5707 318 5746 Ρ
345 5693 483 5750 Cod.
526 5690 820 5760 Veronen.,
847 5705 1000 5760 icu4m_
1015 5689 1397 5760 piatrepidatio
1425 5705 1519 5742 sua
1547 5693 1794 5760 majorem

225 5765 437 5838 profecit
455 5763 526 5816 ad
555 5761 729 5831 ﬁdem.
747 5758 878 5814 Cod.
903 5758 960 5812 S.
977 5757 1118 5813 Petri
1136 5758 1202 5812 40
1229 5758 1287 5818 F,
1321 5776 1432 5813 cum
1456 5761 1541 5831 pia
1570 5757 1794 5829 trepida-

586 5856 850 5914 Ριτιιοι.
903 5851 1085 5912 LVII.

1882 3265 2228 3335 sequebatur,
2260 3258 2462 3332 elegit?
2490 3265 2591 3331 Qui
2619 3265 2744 3320 dum
2776 3267 2920 3322 velut
2949 3267 3240 3323 acerrimus
3265 3284 3452 3338 perse—

1883 3355 2108 3413 cutordd
2124 3356 2478 3411 Christianam
2506 3367 2678 3412 vastat
2699 3357 3009 3424 Ecclesiam,
3046 3360 3261 3415 inimico
3281 3361 3452 3416 adhuc

1884 3448 2001 3519 ejus
2031 3449 2084 3504 in
2126 3456 2344 3519 pectore
2374 3447 2604 3503 amicum
2651 3449 2750 3504 sibi
2801 3464 2896 3503 cor
2922 3447 3165 3505 Christus
3212 3451 3450 3514 invenit;

1883 3544 2118 3614 dumque
2162 3542 2477 3613 temporalia
2505 3543 2649 3613 capit
2691 3541 2758 3597 ad
2806 3542 3063 3614 supplicia
3102 3544 3452 3608 Christianos,

1885 3637 1999 3706 ipse
2026 3639 2344 3704 perpetuam
2373 3642 2560 3704 captus
2589 3632 2654 3688 ad
2684 3635 2930 3703 gratiam,
2960 3633 3130 3690 factus
3168 3644 3251 3691 est
3277 3637 3454 3692 subito

1885 3868 2021 3912 tione
2049 3874 2162 3923 sua,
2194 3866 2300 3912 etc.
2326 3857 2492 3913 Codd.
2521 3872 2648 3912 vero
2672 3856 2887 3927 Belgici.
2914 3855 3221 3926 Martinen.,
3245 3857 3454 3912 etCam—

1885 3929 2143 3984 beronen.
2173 3928 2377 3998 habent
2401 3945 2578 3998 parva.

1954 4010 1980 4050 τι
2010 3999 2140 4055 Cod.
2169 3995 2449 4056 Martinen.
2477 3999 2676 4055 omittit
2697 3995 2914 4066 Petrus;
2945 3998 2997 4052 in
3020 3996 3150 4053 Cod.
3206 3999 3452 4056 Ambros.

1883 4069 2033 4126 deest
2053 4088 2108 4125 se
2135 4088 2168 4123 α
2197 4071 2455 4140 ﬂuctibus.

1958 4151 1978 4213 τ
2005 4141 2147 4196 Idem
2177 4140 2356 4213 cod._2
2376 4141 2432 4197 S.
2461 4141 2648 4196 Crucis
2668 4140 2885 4213 Minoe,
2908 4142 3315 4213 dun_t_mcrgitur,
3334 4159 3456 4213 Acre-

1882 4212 2014 4282 didit
2065 4213 2225 4282 ipsius
2274 4211 2484 4267 Domini
2531 4213 2627 4265 sui.
2668 4211 2799 4267 Item
2822 4211 2976 4268 codd.
3003 4208 3309 4282 Verori.,ret
3333 4208 3453 4266 Vat.

1887 4281 2025 4336 1277
2055 4281 2180 4353 legit
2201 4299 2350 4350 posse
2369 4301 2400 4336 α
2423 4283 2658 4352 ﬂuctibus
2687 4285 2999 4353 sustentari;
3027 4283 3102 4336 ita
3125 4281 3458 4336 nihilominus

1883 4351 2148 4476 mergitur,
2201 4354 2323 4409 dum
2351 4351 2568 4408 credidit
2595 4353 2757 4424 ipsius
2786 4351 2994 4408 Domini
3021 4355 3100 4406 sui
3128 4353 3312 4406 virtute
3351 4353 3458 4405 sal-

1885 4440 1979 4476 ran
2020 4441 2122 4476 um.

1885 4440 2122 4478 ranaum.

1961 4504 1981 4530 ='
2014 4493 2176 4549 Iidem
2207 4494 2363 4550 codd.
2395 4494 2451 4550 S.
2500 4493 2706 4558 Crucis,
2737 4493 2792 4548 S.
2824 4493 2969 4548 Petri
2997 4491 3030 4544 9
3057 4493 3120 4554 A,
3145 4489 3265 4544 Vat.
3299 4489 3455 4555 1277,

1883 4572 1938 4618 et
1953 4563 2226 4633 Casinen.,
2257 4565 2390 4619 Vere
2418 4563 2552 4618 beati
2573 4563 2719 4618 Petri
2745 4573 2838 4627 est,
2856 4573 2904 4618 et
2932 4563 3059 4633 dum
3077 4559 3294 4630 trepidat
3307 4559 3459 4613 mira~

1884 4633 2003 4688 bilis
2006 4635 2176 4758 ffides,
2205 4631 2356 4704 quam
2377 4651 2470 4716 nec
2497 4651 2588 4704 per
2612 4634 2838 4715 urgentis
2867 4631 3098 4715 periculi.

1964 4706 1977 4739 ί
2052 4705 2138 4759 od.
2164 4703 2220 4758 S.
2251 4704 2392 4759 Petri
2418 4703 2451 4756 9
2479 4705 2545 4772 A,
2575 4719 2801 4772 quamvis
2828 4718 3068 4772 primum.

1965 4721 1977 4739 ι
2006 4721 2138 4759 ιλοα.
2164 4721 2220 4758 δ.
2251 4721 2392 4759 rem
2418 4721 2451 4756 υ
2479 4721 2545 4772 A,
2575 4721 2801 4774 quamvis
2828 4722 2860 4772 p

1958 4782 1983 4808 “
2013 4773 2147 4829 Cod.
2178 4773 2481 4837 Martinen.,
2506 4781 2651 4837 petra
2671 4781 2860 4826 autem.

1965 4855 1986 4879 ι’
2017 4843 2149 4902 Cod.
2180 4843 2236 4898 S.
2262 4843 2425 4907 Petri,
2460 4843 2601 4897 Nam
2622 4845 2753 4897 sicut
2776 4845 2829 4897 in
2851 4843 3051 4898 deserto
3097 4844 3247 4914 jussu
3295 4845 3460 4900 domi-

1889 4916 2004 4970 nico
2042 4914 2243 4986 sitienti
2287 4915 2474 4986 papula
2499 4931 2632 4986 aqua
2660 4914 2852 4986 eﬁiuxit
2869 4931 2898 4968 e
2924 4923 3092 4986 petra,
3121 4915 3195 4986 ita
3220 4916 3458 4986 universo

1891 4985 2081 5056 mundo
2121 4973 2366 5056 per/idin;
2391 4973 2631 5039 ariditate
2680 4973 2870 5038 lassata
2898 4973 2962 5056 (ζὲ
3007 4973 3096 5056 ore
3134 4984 3297 5039 Petri.
3324 4985 3458 5042 Cod.

1889 5054 2220 5122 Martiuen,
2250 5056 2503 5120 lassanti;
2556 5056 2677 5110 cod.
2727 5070 2856 5110 vero
2901 5054 3315 5122 Camberonen.,
3349 5057 3460 5111 las-

1891 5136 2024 5181 sata.

1967 5205 1992 5232 ι
2022 5195 2183 5250 Iidem
2213 5195 2368 5251 codd.
2392 5195 2448 5251 S.
2481 5193 2670 5250 Crucis
2699 5195 2888 5250 Minor.
2916 5196 3178 5252 Convent.
3229 5197 3281 5251 in
3323 5197 3460 5252 Lau-

1898 5281 2036 5329 ren.,
2078 5266 2370 5329 Veronen.,
2407 5266 2649 5321 Vaticani
2677 5265 2813 5320 1269
2839 5274 2893 5320 et
2916 5266 3072 5334 I277,
3103 5275 3160 5321 et
3185 5265 3458 5331 Casinen.,

1897 5338 2130 5409 perﬁdia:
2156 5337 2400 5409 ariditate
2419 5337 2657 5409 lassanti.

1971 5405 1998 5456 3‘
2021 5407 2152 5479 Cod.
2175 5406 2232 5479 8.
2261 5405 2405 5462 Petri
2421 5407 2454 5460 9
2475 5407 2538 5472 A,
2563 5408 2822 5479 agriculos
2842 5425 2979 5475 suas,
3004 5424 3232 5478 ovesque.

1978 5489 1997 5514 ι
2029 5477 2162 5532 Cod.
2188 5478 2392 5545 Casin.,
2415 5495 2526 5533 oves
2547 5477 2687 5532 suas.

1978 5558 2034 5634 ξς
2052 5548 2554 5634 ,ςοᾳκξοκΡᾳεξηιθ
2576 5549 2815 5634 Fc,“e.t‘iam
2834 5551 2968 5603 inter
2996 5559 3266 5603 tormenta.

1971 5619 2028 5658 δι’
2050 5619 2182 5676 Cod.
2206 5619 2326 5673 Vat.
2363 5618 2498 5673 I269
2525 5620 2723 5672 omittit
2741 5621 2817 5673 in.

1975 5701 2029 5727 σε
2057 5690 2224 5744 Codd.
2252 5689 2378 5760 Vat.
2401 5697 2457 5743 et
2479 5689 2680 5760 Casin.,
2705 5698 3104 5760 persequeretur.

1971 5759 2024 5797 δά
2055 5761 2185 5813 Cod.
2219 5759 2522 5820 Martinam,
2545 5759 2974 5813 Christianorum.

2872 5847 2940 5908 I3
