4056 6346
237 380 344 443 397

1657 376 1942 436 nouum
1982 340 2144 434 cxx.

3411 376 3517 435 593

240 477 723 573 Ancuasx'ruu.——
748 495 1024 623 Utriusque
1049 496 1271 569 apostoli
1288 496 1578 569 privilegia,
1611 496 1819 568 gratia-
1849 503 1902 565 Α
1928 493 2039 551 Sed
2060 494 2175 565 jam
2223 506 2500 551 veniamus
2541 496 2609 551 ad
2654 470 3021 553 beatissimum
3065 496 3315 563 Paulum;
3365 500 3518 571 cujus

309 584 423 621 rum
449 584 689 623 munera.
720 578 769 621 et
795 568 940 622 επεσί
959 570 1113 623 eruite
1137 568 1507 623 nmroaativas
1536 564 1598 623 S.
1636 563 1821 620 Παπί-
1934 595 2080 623 om“
2112 596 2190 623 ορ.
2223 588 2565 623 ,ιςιιιιηηιιηηο
2595 589 2872 623 numnum.
2901 588 3022 623 mn:
3108 597 3163 623 ..ο
3194 592 3515 623 manna“...

309 584 423 621 rum
449 584 661 621 munera
674 607 689 630 ,
720 578 769 621 et
795 583 859 622 ea:

508 584 689 693 limat,
720 578 769 621 et
795 563 1113 623 excellentiae
1136 563 1507 642 prmogativis
1536 563 1821 623 SfHaxi-

618 654 649 691 a
678 678 692 693 .

311 656 423 693 ηιιιε
450 654 692 693 ceteorat.

312 777 607 847 Apostolici
646 778 840 834 natalis
867 777 1094 848 gaudio,
1136 760 1652 843 fratres'carissimi,
1684 773 1832 831 Petri

242 881 299 940 et
318 871 487 936 Pauli,
510 885 740 940 quorum
761 871 920 928 hodie
938 871 1264 928 beatissimis
1282 869 1623 943 passionibus
1636 869 1831 942 jucun-

242 966 452 1029 damur,
476 964 650 1021 laetior
676 980 775 1036 per
803 965 1110 1021 universum
1136 964 1400 1021 mundum
1421 963 1622 1021 Christi
1650 964 1832 1020 exsul-

243 1066 319 1111 tat
345 1056 611 1123 Ecclesia;
642 1073 762 1128 quae
788 1057 916 1113 licet
940 1060 1181 1115 omnium
1207 1067 1233 1096 ἰ
1263 1074 1323 1116 se
1349 1067 1659 1116 sanctorum
1686 1074 1833 1114 mar—

245 1149 381 1221 tyrio
404 1157 554 1205 certa
579 1149 650 1204 sit
688 1149 971 1217 adornari;
1008 1150 1442 1225 quandoquidem
1470 1150 1618 1207 videt
1634 1150 1702 1207 de
1730 1150 1837 1207 hoc

244 1239 441 1294 smeulo
489 1239 636 1311 ipsos
682 1238 806 1297 ﬁdei
861 1249 1044 1311 patres
1096 1249 1153 1297 et
1209 1242 1496 1311 magistros
1541 1250 1837 1314 martyrum

245 1330 625 1401 triumphasse.
649 1329 789 1400 Quid
818 1333 961 1388 enim
985 1333 1243 1402 insignius
1270 1331 1455 1401 Petro,
1477 1334 1571 1403 qui
1594 1334 1648 1389 in
1674 1349 1837 1390 carne

245 1422 472 1495 positus,
500 1438 806 1479 mensuram
829 1424 1007 1480 carnis
1034 1438 1299 1494 egressus,
1330 1423 1605 1481 Christum
1628 1423 1836 1491 Jesum,

245 1513 272 1554 δ
302 1513 408 1570 vivi
438 1514 536 1570 Dei
564 1513 758 1570 Filium
786 1531 975 1571 verum
1004 1516 1312 1581 conﬁtetur,
1342 1523 1399 1572 et
1425 1516 1569 1588 quod
1598 1517 1839 1572 omnium

247 1606 420 1662 adhuc
451 1607 761 1663 mortalium
790 1617 980 1678 pectus
1006 1608 1241 1672 latebat,
1271 1609 1445 1680 prima
1480 1607 1633 1664 Petri
1658 1608 1841 1678 lingua

247 1714 384 1755 novo
403 1706 491 1754 est
516 1714 765 1755 sermone
785 1700 1049 1756 confessa.
1074 1699 1233 1767 Quid,
1259 1700 1453 1756 fratres
1478 1700 1605 1763 mei,
1629 1699 1839 1770 magni-

247 1790 496 1849 ﬁcentius
524 1790 708 1856 Petro,
741 1794 833 1862 qni
882 1801 1045 1848 tanta:
1072 1793 1430 1850 confessionis
1454 1794 1667 1859 merito,
1716 1809 1839 1849 cum

246 1885 583 1957 corruptibili
602 1885 779 1943 adhuc
804 1894 949 1943 esset
974 1888 1027 1943 in
1054 1903 1302 1960 corpore,
1333 1897 1388 1945 et
1415 1904 1513 1945 uec
1553 1888 1680 1969 dum
1723 1889 1840 1960 ipse

248 1980 582 2039 ascendisset
607 1980 663 2036 in
689 1981 884 2037 caelum
906 2022 919 2046 ,
965 1996 1187 2052 regnum
1227 1982 1301 2039 illi
1341 1983 1562 2039 cwleste
1599 1990 1655 2038 et
1693 1982 1845 2039 clau-

249 2070 374 2126 dere
413 2078 476 2126 et
504 2069 716 2141 aperire
760 2071 1079 2142 permissum
1109 2074 1227 2127 est?
1255 2071 1394 2140 Quid
1420 2073 1703 2129 sublimius
1730 2073 1848 2143 ejus

254 2160 354 2216 ﬁde
390 2161 513 2230 qui,
563 2161 842 2230 gradiente
890 2163 1119 2218 Domino
1160 2180 1325 2236 super
1370 2180 1557 2234 aquas,
1601 2164 1849 2220 humana:

248 2255 577 2312 conditionis
605 2256 825 2322 oblitus,
853 2257 993 2312 viam
1023 2258 1123 2313 sibi
1153 2259 1206 2312 in
1237 2258 1484 2314 ﬂuetibus
1511 2258 1626 2313 dari
1662 2266 1718 2313 et
1747 2275 1847 2329 po-

248 2348 418 2421 poscit
452 2359 477 2387 ¢
511 2357 567 2404 et
599 2349 823 2415 meruit;
856 2356 1112 2419 tantaque
1138 2349 1337 2404 mentis
1365 2349 1482 2419 ejus
1524 2347 1849 2404 conﬁdentia

248 2438 363 2505 fuit,
406 2448 473 2496 ut
511 2439 757 2497 crederet
804 2457 863 2497 se
911 2457 1069 2512 posse
1118 2456 1215 2512 per
1257 2439 1415 2496 ﬁdem
1457 2440 1604 2512 quod
1646 2440 1851 2496 sciebat

248 2535 453 2593 homini
485 2535 817 2607 impossibile
843 2550 940 2608 per
982 2536 1264 2595 naturam?
1312 2534 1445 2589 Nam
1492 2536 1616 2606 quia
1661 2542 1850 2604 postea

249 2629 611 2700 mergebatur,
656 2636 715 2683 ut
758 2627 888 2682 mihi
918 2627 1147 2693 videtur,
1201 2627 1563 2683 necessarium
1609 2625 1728 2692 fuit,
1779 2642 1848 2683 ne

249 2723 379 2777 tanti
427 2722 767 2779 sublimitate
820 2720 1063 2776 miraculi
1119 2721 1173 2775 in
1226 2720 1518 2791 perniciem
1572 2718 1709 2775 forte
1763 2720 1846 2776 sui

249 2825 459 2887 tequata
492 2816 708 2872 Christo
732 2816 908 2871 carnis
945 2814 1203 2884 fragilitas
1242 2813 1569 2884 superbiret.
1602 2810 1627 2848 ι¹
1664 2810 1849 2868 Fuerit

253 2912 406 2985 καθ
454 2919 607 2967 certe
654 2910 978 2965 inﬁrmitatis
1022 2925 1329 2979 corporem,
1360 2910 1504 2977 quod
1534 2908 1693 2978 paulo
1724 2915 1849 2978 post

253 3003 460 3066 timuit;
494 3004 615 3072 quis
643 3013 665 3040 θ
692 3010 870 3058 tamen
898 3001 1133 3071 ambigat
1162 3000 1491 3055 inimitabilis
1514 2998 1636 3053 ﬁdei
1661 2998 1846 3063 fuisse,

253 3095 393 3165 quod
421 3113 552 3153 eum
581 3096 996 3152 descendentem
1039 3094 1107 3150 de
1154 3094 1305 3160 navi,
1356 3093 1600 3155 tremula.
1631 3101 1685 3147 et
1718 3091 1734 3129 τ
1764 3093 1847 3147 in-

1934 595 2083 644 tanta
2112 596 2193 644 est
2222 588 2568 644 nihilominus
2595 589 2872 661 plenitudo
2901 588 3056 657 ﬁdei,
3108 597 3165 645 ut
3194 592 3520 660 peculiarem

1933 679 2330 750 quodammodo
2350 694 2474 736 eum
2493 680 2594 736 sibi
2614 680 2805 738 ducem
2827 681 2895 738 ad
2916 681 3261 738 illuminanda
3282 684 3521 754 gentium

1935 771 2100 829 corda
2127 778 2445 828 cunctorum
2486 772 2745 843 pmscius
2788 771 3040 829 Salvator
3065 783 3090 821 κ
3118 772 3360 843 eligeret.
3394 774 3524 832 Erat

1936 855 2081 923 enim
2107 875 2215 922 tam
2252 866 2561 938 praecipuus
2588 866 2643 921 in
2671 866 2948 933 doctrina,
2993 867 3159 922 animi
3186 866 3384 923 virtute
3409 877 3522 925 tam

1934 966 2149 1030 potens,
2174 959 2481 1015 innocentia
2509 966 2563 1015 et
2593 959 2899 1031 integritate
2928 967 3036 1015 tam
3065 970 3303 1026 sanctus,
3329 968 3388 1015 ut
3416 977 3525 1035 uno

1935 1050 2235 1121 eodemque
2265 1058 2509 1123 tempore
2535 1052 2658 1108 hinc
2684 1067 2807 1109 eum
2836 1047 3144 1111 sace'rdotes
3166 1071 3231 1113 ac
3257 1057 3528 1129 principes
3600 1116 3603 1117 ν

1936 1141 2243 1198 Iudaeorum
2281 1159 2380 1215 per
2422 1133 2821 1201 temulationem
2867 1145 3001 1215 legis
3038 1147 3290 1217 antiquze,
3318 1148 3442 1204 data
3473 1150 3530 1204 in

1937 1236 2272 1315 Christianos
2300 1237 2653 1308 persequendi
2682 1238 3024 1305 auctoritate,
3053 1239 3372 1310 dirigerent;
3404 1242 3531 1297 hinc

1939 1329 2090 1385 illum
2110 1328 2177 1385 ad
2195 1328 2447 1386 Ecclesite
2466 1330 2717 1385 solatium
2746 1338 2910 1400 atque
2938 1331 3177 1386 omnium
3196 1331 3532 1390 credentium

1941 1418 1970 1459 ιι
1999 1420 2394 1478 ﬁrmamentum
2422 1420 2668 1478 Christus
2697 1431 2916 1480 vocaret
2947 1440 2978 1479 e
3012 1424 3184 1492 coelo;
3230 1428 3384 1499 cujus
3414 1428 3426 1465 ί
3463 1431 3532 1484 ab

1940 1514 2049 1572 hoc
2074 1524 2202 1571 sunt
2228 1531 2260 1570 a
2289 1516 2521 1572 Domine
2548 1517 2736 1572 cmeati
2764 1517 2937 1585 oculi,
2970 1524 3059 1584 ut,
3087 1529 3336 1593 suscepta
3358 1522 3536 1592 gratia

1941 1606 2217 1676 veritatis,
2247 1608 2456 1664 cmlesti
2485 1610 2601 1665 acie
2630 1617 2687 1665 et
2725 1610 2927 1666 lumine
2962 1611 3193 1669 clariore
3234 1612 3534 1685 fulgerent;

1941 1701 2253 1773 pariterque
2278 1700 2587 1757 adverteret
2616 1700 2778 1776 εει
2804 1702 3095 1760 Christiani
3123 1705 3357 1762 nominis
3383 1707 3538 1777 prin-

1943 1810 2072 1867 ceps
2093 1795 2303 1851 futurus
2326 1794 2618 1863 Christum,
2648 1810 2807 1865 quem
2838 1798 3281 1868 persequebatur,
3304 1798 3540 1856 meandi

1869 1896 1920 1958 Β
1945 1886 2387 1958 illuminandique
2408 1887 2609 1943 habere
2633 1888 2911 1943 virtutem.
2938 1887 3009 1944 Ut
3021 1896 3201 1945 autem
3216 1899 3540 1962 praeteream

1945 1986 2139 2036 caetera
2183 1979 2197 2029 i
2236 1993 2357 2049 quae
2385 1993 2507 2034 eum
2540 1978 2791 2033 universo
2818 1978 2937 2034 orbi
2975 1979 3274 2037 mirabilem
3314 1982 3540 2050 faciunt,

1947 2086 2114 2128 unum
2142 2071 2294 2136 illud,
2325 2070 2469 2141 quod
2497 2070 2563 2125 ad
2605 2086 2793 2126 omnes
2817 2070 2935 2142 ejus
2962 2071 3158 2128 sufﬁcit
3184 2072 3391 2141 laudes,
3420 2074 3546 2146 quis

1949 2167 2128 2224 valeat
2154 2166 2423 2221 testimare
2450 2173 2666 2235 quanta:
2713 2165 2783 2220 sit
2810 2165 3015 2235 glorias,
3047 2166 3193 2237 quod
3231 2182 3355 2224 cum
3401 2167 3546 2225 inter

1953 2260 2203 2317 homines
2238 2263 2257 2295 ιι
2292 2266 2495 2327 ageret,
2520 2258 2737 2329 speciali
2759 2259 2991 2328 quadam
3014 2259 3319 2317 Divinitatis
3343 2262 3545 2331 gratia,

1955 2360 2010 2410 et
2037 2351 2318 2424 paradisus
2343 2350 2421 2429 illi
2443 2336 2810 2422 penetrabilis,
2838 2358 2894 2405 et
2917 2350 3116 2406 omium
3144 2351 3388 2425 pervium
3412 2352 3546 2408 fuit?

1954 2443 2092 2513 Quid
2115 2456 2264 2512 ergo,
2287 2443 2498 2508 fratres,
2516 2443 2623 2498 hoc
2637 2442 2863 2498 doctore
2880 2441 3192 2513 perfectius,
3216 2445 3308 2517 qui
3328 2446 3384 2502 in
3406 2445 3549 2504 calo

1953 2534 2141 2592 didicit
2167 2533 2179 2572 ¹
2206 2533 2425 2605 quodin
2451 2533 2609 2591 terris
2628 2533 2888 2591 doceret?
2929 2534 3067 2602 Quid
3087 2538 3194 2595 hoc
3219 2546 3358 2595 teste
3386 2554 3549 2596 veraq

1951 2629 2066 2685 cius
2083 2669 2098 2694 ,
2130 2639 2167 2665 ιιι
2194 2628 2295 2684 cui‘
2308 2628 2521 2685 elevato
2549 2643 2713 2700 super
2739 2629 2906 2686 oculos
2946 2630 3115 2687 oculis
3163 2631 3343 2689 videre
3368 2642 3426 2688 et
3448 2648 3551 2706 ψ

1952 2720 2183 2792 probare
2203 2734 2520 2777 concessum
2548 2729 2633 2776 est
2653 2720 2799 2790 quod
2830 2722 3176 2792 poetmodum
3204 2723 3550 2795 promitteret

1950 2811 2271 2868 credituris?
2292 2810 2417 2867 Haec
2438 2820 2564 2867 sunt
2583 2811 2746 2882 igitur
2764 2814 3134 2884 apostolorum
3157 2814 3304 2872 Petri
3322 2824 3377 2875 et
3396 2815 3552 2876 Pauli

1952 2904 2218 2976 stupenda
2271 2904 2493 2972 merita;
2545 2914 2571 2941 ιι
2630 2919 2730 2975 per
2774 2904 2891 2961 haec
2933 2905 3244 2966 incedentes
3292 2908 3553 2983 miracula

1951 2998 2313 3071 apostolatum
2351 3012 2508 3052 suum
2549 2996 2780 3053 Domino
2820 3013 2885 3054 ac
2912 2998 3027 3055 Deo
3054 3006 3245 3056 nostro
3287 2997 3554 3057 eﬁ'usiona

1955 3092 2138 3148 devoti
2166 3092 2442 3163 sanguinis
2470 3099 2875 3149 consecrarunt.

256 3203 515 3245 concussa
562 3188 811 3243 humanis
853 3187 1123 3256 gressibus
1170 3187 1332 3242 maris
1377 3186 1518 3241 unda
1557 3186 1845 3241 sustinuit?
1873 3158 1921 3225 ο

1608 3277 1958 3342 HOMILIA
2002 3279 2206 3343 LXX.

1119 3380 1199 3435 De
1226 3382 1406 3436 eodem
1434 3378 1601 3434 natali
1630 3379 1735 3435 SS.
1769 3366 2121 3450 apostolorum
2149 3379 2294 3434 Petri
2398 3380 2558 3436 Pauli
2585 3379 2701 3435 III.

1715 3469 2109 3528 ADMONITIO.

328 3574 481 3630 Hanc
508 3587 723 3640 quoque
765 3572 1044 3627 bomiliam
1088 3569 1365 3626 Ballerinii
1408 3569 1466 3625 8.
1515 3566 1751 3624 Maximo
1798 3577 1985 3626 nostro
2032 3568 2434 3640 adjudicarunt_,
2485 3568 2775 3640 perpensis,
2804 3577 2930 3625 ante
2959 3578 3093 3640 tum
3120 3568 3413 3640 Vaticanis,
3438 3582 3557 3632 tum

328 3587 481 3630 Hanc
547 3590 579 3630 ιι
657 3588 723 3629 ue
766 3587 1044 3627 nommam
1091 3587 1365 3626 nauermu
1408 3587 1466 3625 8.
1515 3587 1751 3624 maxime
1798 3587 1985 3626 nossro
2032 3587 2099 3625 an
2125 3587 2434 3633 umearunt,
2485 3587 2764 3640 perpensrs
2804 3587 2930 3625 ante
2976 3587 3093 3626 tum
3127 3587 3413 3640 vaueanis,
3438 3587 3557 3632 tum

258 3587 766 3728 basilicce_qS.ogetri
795 3660 923 3728 mss.
956 3642 1252 3728 codicibus,
1276 3656 1507 3728 quorum
1532 3640 1789 3728 nonnulli
1818 3641 2062 3728 canidEin
2178 3640 2346 3728 Leoni
2375 3638 3118 3728 ﬂagtloiinseribunt.iblulto
3147 3642 3562 3728 enituysuperio-

258 3735 346 3774 res
382 3725 511 3772 sunt
545 3731 770 3770 numero
799 3724 855 3769 et
883 3712 1199 3769 excellentia
1229 3708 1444 3783 codices
1490 3711 1583 3782 qui
1624 3708 1801 3783 eidem
1829 3709 2055 3783 antistiti
2085 3710 2402 3783 Taurinensi
2443 3710 2835 3783 suﬁragantur;
2879 3727 3002 3783 nam
3035 3722 3233 3783 prmter
3270 3708 3560 3779 Vaticanus

257 3789 395 3844 duos
434 3784 575 3841 1275
603 3799 725 3857 pag.
756 3784 826 3839 56
853 3794 909 3839 et
940 3783 1073 3857 1277
1105 3798 1237 3857 ριιςἓ
1256 3780 1344 3857 5Q,
1374 3778 1619 3857 duosque
1648 3778 2026 3857 Vallieellanos
2068 3798 2156 3857 sv,
2186 3796 2307 3857 pag.
2339 3781 2400 3835 7l
2434 3793 2524 3857 _et.
2547 3780 2605 3857 A_
2618 3778 2836 3857 ’7_pag_.
2890 3781 3011 3857 {97,
3040 3778 3335 3857 conceptis
3378 3786 3560 3844 verbis

259 3874 460 3915 nomen
489 3849 1263 3926 ejus'deferunteodequu'S.
1295 3851 1485 3926 Crucis
1507 3851 1562 3926 in
1590 3849 1891 3926 Jerusalem
1918 3865 2041 3922 pag.
2070 3849 2363 3926 77,:eodex
2399 3851 2534 3908 alter
2565 3851 2630 3926 _S.
2675 3849 3100 3926 CrucisiMinor.
3122 3872 3170 3926 Διι
3213 3849 3266 3911 iii
3296 3855 3557 3913 Laurent.

259 3943 384 4002 pag.
415 3920 537 4002 128;
566 3926 833 4002 Farfensis
869 3922 1249 4002 _B_,_Augiensis
1285 3938 1373 4002 ξιξ,
1402 3920 1765 4002 _Martinensis,
1801 3920 2125 4002 Veronensis
2150 3920 2275 3989 457,
2297 3922 2523 4002 duoque
2550 3923 2766 4002 demum
2795 3921 3163 4002 ambrosiam;
3194 3926 3461 4002 scilicetC
3488 3927 3560 4002 98

258 3992 674 4063 vetustissimus,
703 3995 831 4067 etii
863 3994 983 4067 146.
1015 3992 1112 4067 llis
1142 4010 1268 4067 mss.
1301 3992 1461 4067 libris,
1481 3992 2179 4067 antiquitate__omn_iumque
2216 3992 2622 4067 existimatione
2648 3994 3083 4067 praeclarissimis
3104 3992 3319 4067 raecedit
3347 3999 3563 4058 Alcuiui

259 4062 777 4136 testimoniunt,qui
815 4082 914 4121 suo
961 4066 1015 4136 in
1045 4062 1362 4136 Homiliario
1407 4071 1717 4119 memoratui
1748 4063 2029 4130 editionis,
2063 4062 2182 4135 pag.
2216 4063 2306 4132 71,
2348 4063 2405 4120 8.
2437 4062 2680 4123 Maximo
2720 4082 2841 4123 eam
2870 4067 3075 4123 tribuit.
3102 4066 3173 4124 Et
3199 4085 3266 4126 ne
3292 4070 3562 4126 editorum

260 4140 487 4196 nomina
515 4153 633 4207 qum
668 4135 828 4208 supra
859 4135 1139 4191 retulimus
1180 4135 1372 4208 iterum
1420 4142 1747 4208 repetamus,
1789 4142 1896 4208 _sat_
1923 4136 2346 4208 monuissewerit
2397 4138 2598 4193 nullum
2639 4138 2860 4208 reperiri
2914 4155 3022 4208 non
3070 4140 3393 4197 concordem
3437 4156 3563 4200 ειιιι

258 4204 673 4281 ϐγιηιιίοοίιιιε.
708 4204 829 4274 HS,
856 4207 998 4278 apud
1038 4220 1200 4275 quem
1233 4214 1317 4261 est
1342 4205 1563 4261 humilia
1595 4205 1751 4259 tertia
1773 4205 1842 4261 de
1868 4204 2159 4263 hstivitate
2186 4206 2284 4265 SS.
2318 4209 2687 4279 apostolorum
2701 4204 2860 4264 Petri
2883 4217 2940 4266 et
2968 4206 3138 4265 Pauli.

262 4329 658 4387 Ancuueuruu.
683 4334 1154 4397 —comparantur
1192 4323 1419 4397 invicem
1454 4338 1587 4397 auo_
1604 4320 1850 4391 apostoli,
1878 4323 1934 4385 D
1959 4323 2189 4379 rabilem
2236 4322 2417 4389 ﬁdem,
2464 4324 2882 4393 passionemque
2907 4335 3218 4391 germanam
3263 4324 3410 4380 omni
3456 4336 3559 4380 nos

333 4414 473 4453 unus
499 4399 745 4453 laudatur
787 4414 819 4451 a
859 4391 985 4468 ﬁde,
1017 4397 1151 4468 alter
1173 4410 1205 4446 a
1249 4394 1511 4468 doctrina.
1539 4391 1735 4468 Petrus
1764 4406 1854 4468 per

328 4469 498 4543 ﬁdem
519 4473 685 4543 [actus
707 4460 1103 4543 estemiueutior
1123 4466 1324 4520 steteris
1344 4464 1627 4543 apostolis;
1654 4460 1857 4543 Paulus

335 4534 574 4614 superuis
597 4540 875 4614 luminibus
903 4540 1212 4603 illustratus,
1236 4534 1543 4592 constitutus
1564 4544 1641 4589 est
1664 4534 1859 4605 magis-

338 4612 414 4667 ter
443 4622 491 4667 et
520 4613 699 4667 doctor
725 4612 973 4684 gentium.

338 4706 782 4762 Beatissimorum
813 4703 1184 4776 apostolorum
1206 4699 1352 4755 Petri
1382 4709 1437 4755 et
1466 4696 1616 4753 Pauli
1644 4697 1862 4769 insepa-

344 4900 371 4929 ⁸
400 4889 535 4945 Cod.
560 4886 726 4954 Farl.,
755 4903 869 4958 qua:
897 4885 1013 4958 licet
1042 4883 1271 4938 omnium
1297 4889 1594 4958 sanctorum
1616 4878 1866 4958 martyrio

273 4972 406 5018 certe
435 4962 502 5015 sit
540 4948 877 5021 adornanda;
911 4956 1088 5009 horum
1131 4962 1302 5021 tamen
1346 4948 1868 5021 uictoriaigloriqsius

274 5015 594 5095 illustratur;
636 5029 841 5102 quando
863 5015 1105 5102 "quidem:
1152 5015 1619 5102 ‘CodLISaCrucis
1647 5019 1701 5074 in
1730 5015 1865 5101 ιρι-τ,

278 5106 457 5159 horum
505 5092 674 5155 tameh
703 5092 919 5154 victoria
960 5094 1234 5169 gloriosius
1272 5092 1596 5156 illustratur;
1625 5092 1869 5162 quoniam

279 5174 479 5247 quidem
502 5172 666 5235 videt,
689 5178 795 5227 etc.
1115 5191 1122 5199 ο
1515 5233 1527 5245 .
1589 5232 1600 5245 .
1637 5231 1648 5244 .
1726 5232 1737 5244 .
1767 5231 1778 5242 _

351 5245 376 5282 ⁸)
406 5243 541 5298 Cod.
575 5241 695 5297 Vat.
728 5240 884 5304 1277,
914 5238 1179 5293 Christ
1196 5234 1395 5299 Iesum,
1427 5231 1528 5287 Det
1554 5247 1648 5287 vim
1671 5229 1866 5285 Filium

282 5332 373 5369 ron
381 5323 575 5369 litetur.

356 5316 647 5441 ἶβᾶῗξῖίίε
673 5383 729 5439 8.
761 5380 948 5437 Crucis
990 5379 1044 5434 in
1088 5378 1221 5444 Jer.,
1281 5375 1591 5447 promeruit;
1640 5372 1759 5428 cod.
1806 5370 1864 5427 S.

286 5454 427 5510 Petri
458 5454 546 5520 Ml,
579 5454 638 5527 Ε,
663 5463 709 5508 et
732 5454 913 5527 poscit,
945 5451 1224 5527 et'meruit.
1263 5518 1322 5527 ,Α
1353 5518 1383 5527 _
1446 5516 1479 5527 _
1584 5516 1595 5527 _
1657 5514 1667 5527 ,

360 5528 382 5563 ε¹
416 5513 547 5581 Cod:
584 5513 639 5578 ll
674 5513 762 5595 qtii
794 5513 976 5647 sgpra,
1022 5529 1076 5577 et
1100 5520 1219 5575 cod.
1256 5518 1326 5572 12
1352 5518 1408 5573 8.
1440 5516 1625 5573 Crucis
1655 5514 1708 5568 in
1737 5513 1869 5582 Jer.,

360 5599 438 5647 tit:
480 5596 786 5647 Martinam.
826 5612 827 5615 ‘
872 5600 1015 5647 uerat
1037 5600 1189 5646 certe.

289 5596 438 5658 Fuit;
480 5596 787 5658 Martiveuq
822 5596 1015 5647 Fuerat
1037 5600 1189 5646 certe.

360 5681 381 5742 ες
414 5669 545 5742 (_lud.
566 5665 1028 5742 _lllartinanquis
1040 5671 1218 5742 autem
1249 5660 1495 5742 ambigat.

365 5739 605 5791 ‘Cudﬁ.
633 5737 772 5792 Petri
807 5730 939 5799 MF,
964 5743 1018 5788 et
1034 5732 1141 5786 210
1164 5732 1231 5798 'D,
1266 5730 1524 5786 Vallicell.
1544 5730 1574 5783 7
1598 5731 1662 5795 A,
1691 5730 1874 5799 legunt

292 5811 610 5863 iurom‘evsu.

365 5892 387 5928 ει
416 5881 550 5936 Cod.
583 5880 889 5945 Martiuen.,
922 5878 1151 5946 elegerit.

1964 4416 2275 4482 devotione,
2298 4414 2507 4482 fratres,
2539 4428 2761 4471 necesse
2783 4422 2866 4470 est
2885 4415 3178 4479 celebrare,
3208 4415 3333 4485 quia
3362 4422 3417 4470 et
3442 4415 3561 4469 lau-

1934 4540 1940 4545 -
1968 4507 2161 4563 dabilis
2190 4523 2285 4564 eos
2311 4508 2423 4562 vita
2451 4505 2518 4561 ad
2547 4504 2990 4576 gloriosiSsimum
3012 4506 3264 4576 perduxit
3285 4522 3558 4571 occasum,

1972 4607 2026 4659 et
2053 4600 2309 4655 miriﬁcus
2352 4599 2532 4653 obitus
2576 4605 2891 4668 perpetuam
2938 4597 3234 4651 transmisit
3273 4597 3341 4653 ad
3370 4598 3560 4653 vitam.

1971 4693 2040 4748 Et
2068 4692 2275 4751 licetin
2304 4690 2466 4747 Petro
2514 4687 2648 4745 ﬁdes
2694 4688 2950 4754 emineat,
3001 4688 3056 4742 in
3103 4686 3272 4743 Paulo
3319 4687 3564 4743 doctrina

2045 4869 2075 4910 ιι
2102 4871 2236 4928 Cod.
2266 4869 2660 4928 Camberonen.
2690 4866 2892 4939 omittit
2924 4880 3114 4922 vocem
3140 4868 3563 4939 ﬁrmamentum.

2052 4942 2066 4981 ³
2101 4942 2234 4999 Cod.
2268 4944 2388 5000 Vat.
2437 4940 2595 5002 1277,
2627 4938 2773 5002 cujus
2801 4936 2863 4993 ob
2893 4939 2987 4992 hoc
3026 4936 3202 4992 statim
3229 4948 3348 4993 sunt
3385 4938 3567 4991 cwcuti

1974 5013 2141 5078 oculi;
2172 5014 2294 5070 cod.
2319 5014 2377 5070 S.
2401 5010 2547 5068 Petri
2570 5008 2639 5064 ιο
2665 5006 2728 5077 F,
2750 5009 2896 5081 cujus
2920 5008 2981 5064 ob
3002 5009 3251 5081 uacuum
3278 5026 3311 5062 a
3338 5006 3565 5081 Domino

1975 5086 2155 5143 siccati
2184 5085 2338 5151 oculi,
2363 5092 2421 5138 ut
2440 5099 2640 5155 suscep.
2662 5078 2825 5155 θναιά
2848 5081 2970 5136 cod.
3002 5078 3170 5147 Farf.,
3199 5081 3343 5155 verit.
3376 5078 3567 5133 stetein

1974 5158 2165 5228 lumine
2193 5157 2414 5213 clariore
2437 5151 2716 5228 fulget-erit.
2744 5154 2908 5228 Atque
2943 5160 3001 5204 ut
3026 5164 3214 5228 omittas
3246 5151 3567 5205 adverterent

1972 5226 2255 5305 Christiani
2303 5220 2543 5305 nomi'uis'
2574 5220 3052 5305 princeps'futurus
3082 5220 3373 5301 Christum,
3418 5236 3565 5292 quem

1972 5298 2386 5370 persequebatur,
2420 5304 2522 5353 etc.
2695 5298 2705 5305 ’
3296 5352 3299 5355 _
3350 5298 3357 5301 '

2049 5370 2062 5420 i
2102 5370 2233 5427 Cod.
2268 5369 2337 5424 12
2361 5369 2418 5425 8.
2436 5365 2628 5425 Crucis
2654 5366 2708 5420 in
2736 5363 2843 5420 .ler.
2878 5364 3027 5433 legit,
3055 5380 3168 5436 qua:
3188 5361 3396 5417 beatum
3418 5362 3566 5414 Pau-

1978 5442 2082 5498 lum
2112 5443 2349 5496 uniuerso
2380 5438 2491 5495 orbi
2520 5436 2810 5492 mirabilem
2838 5436 3057 5506 faciunt.

2050 5496 2072 5550 l‘
2102 5510 2237 5567 Cod.
2270 5511 2361 5567 cit.
2399 5508 2467 5565 12
2492 5508 2549 5563 8.
2576 5506 2763 5562 Crucis
2787 5496 2848 5561 in'
2867 5504 2997 5569 ἔρι’..
3025 5505 3256 5575 degeret;
3287 5498 3405 5556 cod.
3437 5496 3564 5556 Vat.

1976 5582 2136 5646 1277,
2165 5585 2301 5637 inter
2329 5582 2558 5636 homines
2590 5579 2716 5651 agit.
2763 5646 2804 5651 μ
2924 5642 3051 5651 ____
3232 5642 3243 5651 ,
3307 5640 3318 5651 ,
3477 5647 3487 5651 _
3517 5639 3527 5649 .

2054 5654 2070 5692 ι
2104 5640 2351 5721 Quatuor
2377 5640 2653 5715 Casiueuf,
2686 5657 2740 5703 et
2763 5646 2882 5701 Vat.
2918 5642 3074 5707 1277,
3106 5642 3243 5713 quod
3285 5640 3488 5693 doceret
3510 5640 3565 5694 its

1978 5726 2147 5780 terris.

2052 5807 2089 5833 η’
2119 5795 2252 5850 Cod.
2285 5811 2340 5857 ιι,
2375 5793 2453 5845 cui
2475 5792 2680 5847 elevatis
2710 5806 2860 5859 super
2889 5784 3039 5859 cattas
3069 5782 3250 5836 oculis.

2052 5875 2078 5902 ο
2107 5864 2253 5922 Idem
2284 5855 2404 5921 cad.
2436 5880 2492 5928 ιι,
2521 5872 2572 5917 et
2599 5878 2691 5925 per
2718 5855 2826 5915 nec
2854 5855 3165 5919 incedentes,
3194 5862 3296 5909 etc.
