4056 6346
553 347 660 405 ιίῦ
1760 351 1814 405 S.

1859 349 2101 405 MAXIM!
2144 348 2599 409 TAUBINENSIS

3741 363 3852 421 416

555 464 714 544 ³45
739 464 1232 544 decurramus-11.5
1259 462 1428 517 Petra:
1466 479 1821 544 supranquam
1871 465 2135 535 wdiﬁcata
2161 464 2215 525 Α
2242 463 2402 521 Patre
2432 476 2612 523 tamen
2643 476 2799 523 natus
2825 470 3103 540 asseritur,
3136 487 3224 537 ne,
3256 479 3311 526 ut
3357 472 3551 543 impius
3583 474 3849 544 blasphe-

672 534 858 590 Eclesia
897 544 973 588 est
1002 534 1315 589 soliditatem
1358 534 1566 589 sanctus
1613 534 1866 599 Eusebius
1911 534 2135 602 secutus,

622 606 845 680 drianos
880 604 1113 676 confudit
1130 621 1197 680 _a_c
1225 605 1558 680 triumphavit
1586 623 1849 680 (quorum
1877 607 2138 679 nefariam

616 676 857 816 {tﬁeﬁm
882 674 1092 732 sanctus
1120 674 1391 730 Maximus
1409 674 1703 733 doctissime
1728 674 2030 750 copioseque
2054 694 2138 732 re-

644 762 675 800 e
714 763 730 800 ι
758 786 773 801 .

619 923 941 981 Sanctorum
962 924 1182 982 Patrum
1200 928 1490 984 memorias
1507 927 1770 998 religiosis
1785 927 2139 984 conventibus

548 1016 899 1087 honorantes,
945 1016 1137 1074 fratres
1176 1019 1460 1089 carissimi,
1484 1028 1539 1075 et
1564 1019 1781 1090 propria
1808 1033 1997 1075 eorum
2025 1034 2138 1074 me-

549 1107 671 1177 rita,
699 1115 755 1163 et
783 1122 1011 1164 munera
1054 1110 1109 1165 in
1149 1110 1228 1166 eis
1272 1109 1449 1167 divina
1487 1111 1745 1166 miramur
1776 1129 1789 1166 :
1815 1111 1908 1181 qui
1937 1110 2138 1168 idcirco

468 1186 473 1187 7
549 1200 704 1255 nobis
730 1208 857 1256 sunt
881 1203 1239 1273 venerabiles,
1268 1203 1413 1273 quia,
1444 1204 1721 1275 praesentis
1748 1204 1871 1260 vitae
1898 1204 2017 1261 luce
2044 1204 2138 1261 de-

546 1298 752 1361 specta,
781 1300 1201 1365 contemptoque
1236 1309 1457 1350 suorum
1503 1310 1789 1366 corporum
1820 1305 1845 1333 ι
1874 1295 2134 1366 cruciatu,

545 1382 856 1439 smvientem
884 1384 1141 1441 mundum
1179 1385 1275 1442 Dei
1302 1402 1401 1457 pro
1427 1387 1454 1426 δ
1478 1402 1665 1444 amore
1698 1388 1969 1455 vicerunt;
2001 1389 2138 1446 sicut

546 1470 889 1531 beatissimus
914 1475 1003 1531 hic
1025 1474 1186 1532 Pater
1211 1486 1414 1541 noster,
1440 1477 1588 1548 dum,
1612 1494 1710 1551 pro
1732 1481 2030 1537 assertione
2050 1482 2134 1537 in-

545 1562 881 1636 disputabilis
928 1565 1142 1623 deitatis
1184 1568 1375 1640 spiritu
1420 1569 1743 1627 lerventiore
1784 1587 2133 1645 consurgens,

543 1655 758 1711 Arianis
776 1656 1136 1728 impietatibus
1156 1659 1480 1729 obluctatur,
1504 1669 1558 1717 et
1586 1660 1853 1721 Ecelesias
1874 1665 1991 1735 Dei,
2013 1682 2138 1722 con-

547 1747 880 1803 cernentium
904 1748 1281 1807 haereticorum
1321 1752 1572 1823 procellis
1599 1770 1664 1811 ac
1686 1757 1987 1815 turbinibus
2011 1775 2135 1831 per-

2241 567 2356 613 Inat
2383 559 2560 626 Arius,
2593 569 2686 614 aut
2713 570 2960 618 creatura
2986 580 3317 634 quaecunque
3345 565 3532 636 Filius,
3570 577 3667 623 aut
3699 566 3850 624 Patri

2243 649 2416 721 impar
2450 667 2571 709 esse
2597 652 2866 709 credatur.
2894 655 3065 711 Audis
3102 672 3250 728 ergo,
3281 674 3316 713 o
3345 659 3530 725 homo,
3572 660 3745 715 Deum
3772 660 3849 717 de

2242 742 2354 799 Deo
2396 753 2611 813 natum;
2656 746 2754 803 sed
2793 745 2820 785 ιι
2856 749 2912 803 in
2961 757 3167 805 tantum
3212 750 3320 807 hoc
3365 751 3634 823 profundo
3671 753 3850 808 habes

2241 836 2387 907 quod
2426 838 2530 894 lide
2567 838 2796 907 credas,
2826 856 2937 897 non
2984 842 3155 899 habes
3180 844 3325 914 quod
3366 844 3624 901 discutias
3676 860 3848 916 argu-

2239 929 2457 985 mentis.
2489 929 2655 986 Audis
2682 930 2877 987 Filium
2895 932 2962 989 de
2988 931 3149 989 Patre
3178 943 3363 990 natum
3389 955 3401 989 :
3426 937 3521 992 sed
3548 952 3618 992 ne
3649 953 3848 994 sexum

2241 1020 2474 1091 aliquem
2504 1023 2676 1094 possis
2698 1022 2753 1078 in
2774 1023 3064 1081 Divinitate
3083 1025 3288 1095 rimari,
3308 1026 3421 1097 ipse
3442 1027 3606 1083 Filius
3626 1037 3684 1083 et
3703 1027 3848 1083 Ver.

2241 1114 2366 1168 bum
2395 1112 2592 1168 dicitur
2610 1122 2664 1169 et
2683 1115 2886 1171 lumen.
2917 1114 3124 1172 Dicitur
3144 1117 3310 1173 etiam
3340 1119 3435 1174 Dei
3460 1119 3634 1175 virtus
3659 1130 3715 1174 et
3740 1104 3849 1175 Dei

2239 1208 2501 1279 sapientia
2522 1247 2540 1275 ,
2576 1210 2591 1247 ι
2625 1219 2688 1266 ut
2732 1210 2981 1267 advertas
3026 1227 3134 1267 non
3171 1213 3324 1283 quasi
3367 1229 3465 1283 per
3509 1213 3848 1270 lineamenta

2239 1299 2555 1368 genitalium
2582 1302 2935 1373 corporaliter
2973 1317 3186 1359 creasse
3222 1302 3459 1374 Patrem,
3502 1304 3596 1361 sed
3630 1321 3731 1376 per
3762 1306 3850 1360 in-

2240 1389 2452 1447 ell‘abilc
2478 1392 2775 1462 majestatis
2801 1403 3069 1450 secretum
3097 1396 3165 1451 de
3188 1396 3384 1451 virtute
3408 1396 3652 1468 prodisse
3673 1398 3850 1453 virtu-

2240 1491 2371 1553 tem,
2402 1493 2458 1541 et
2486 1486 2667 1543 lumen
2696 1501 2945 1543 manasse
2974 1487 3040 1544 de
3077 1488 3296 1544 lumine.
3347 1489 3570 1557 Rursus,
3599 1507 3670 1546 ne
3696 1492 3849 1546 Ver-

2238 1578 2366 1633 bum
2398 1578 2414 1628 l
2452 1578 2627 1649 ipsum
2656 1596 2763 1635 non
2792 1579 3143 1637 substantiam
3174 1579 3436 1649 veritatis,
3479 1582 3573 1638 sed
3605 1585 3847 1655 prolati-

2240 1670 2372 1725 tium
2400 1668 2426 1707 ιι
2449 1670 2718 1741 loquentis
2758 1672 2856 1728 Dei
2892 1682 3113 1743 putares
3146 1690 3264 1731 esse
3288 1692 3609 1741 sermonem,
3633 1676 3846 1733 dicitur

2239 1761 2425 1832 Filius,
2456 1772 2516 1817 ut
2543 1764 2598 1818 in
2622 1779 2689 1820 eo
2717 1765 2861 1821 illius
2887 1767 2979 1836 qui
3006 1767 3168 1821 Pater
3194 1778 3279 1823 est
3324 1776 3380 1823 et
3418 1769 3844 1824 consonantiam

546 1836 809 1910 turbatas,
835 1852 1041 1911 serente
1087 1839 1209 1898 fidei
1258 1844 1655 1917 tranquillitate
1687 1849 1921 1918 pacavit,
1951 1858 2006 1905 et
2033 1851 2135 1905 sibi
2162 1855 2212 1918 B
2237 1870 2359 1911 esse
2380 1855 2615 1913 disoeres
2642 1865 2697 1912 et
2725 1857 2997 1915 affectum.
3027 1858 3226 1915 lterum
3253 1862 3377 1931 quia
3405 1862 3583 1917 lumen
3601 1861 3844 1933 dicitur,

542 1938 744 1987 :eterua
784 1935 1003 2004 praemia
1048 1935 1363 1994 multimoda
1402 1939 1652 2010 passione
1689 1943 1951 2013 quaesivit,
1996 1944 2135 2001 illius

544 2024 794 2081 nimirum
821 2027 1141 2085 inconcussa
1166 2041 1189 2070 ε
1220 2047 1450 2102 sequens
1477 2035 1724 2106 vestigia,
1752 2037 1820 2093 ad
1847 2054 2007 2110 quem
2027 2040 2134 2097 Do.

544 2115 719 2173 minus
746 2119 821 2174 ait
849 2137 862 2173 :
889 2119 965 2174 Tu
993 2138 1048 2177 es
1076 2121 1285 2190 Petrus,
1322 2135 1371 2179 et
1406 2142 1559 2199 super
1590 2127 1723 2182 hanc
1747 2138 1948 2200 petram
1967 2132 2133 2204 (ediﬁ-

542 2209 668 2266 cabo
690 2210 973 2269 Ecclesium
1002 2233 1169 2272 meam
1189 2235 1207 2272 :
1228 2227 1278 2273 et
1303 2229 1468 2290 porta:
1486 2222 1642 2293 inferi
1663 2239 1764 2277 non
1785 2224 2134 2295 prwvalebunt

541 2297 568 2338 «³
591 2304 637 2356 ei
666 2302 879 2375 (Matth.
912 2308 1042 2378 rm).
1089 2308 1318 2379 Vereac
1345 2315 1541 2391 merito
1564 2316 1771 2372 cunctis
1802 2319 2132 2388 posteritati-

539 2393 641 2451 bus
668 2395 1017 2457 honorandus
1040 2402 1132 2458 ille
1169 2405 1261 2474 qui
1283 2403 1596 2463 ﬁrmissima:
1621 2418 1787 2480 petra:
1805 2412 2130 2470 soliditatem

539 2498 779 2559 secutus,
809 2492 1055 2550 inimicos
1081 2494 1278 2553 Christi
1322 2508 1379 2554 et
1409 2500 1646 2557 caelestis
1684 2502 1917 2573 Spiritus
1943 2518 2131 2564 aucto-

542 2583 699 2639 ritate
736 2586 1007 2654 conludit,
1048 2599 1102 2646 et
1149 2592 1438 2663 infatigatze
1495 2599 1765 2667 patientia:
1818 2601 2130 2658 fortitudine

542 2676 906 2747 triumphavit.
957 2682 1066 2740 Nec
1111 2685 1286 2754 inferi,
1327 2689 1466 2745 sicut
1503 2691 1702 2748 dictum
1732 2703 1832 2761 est,
1874 2696 2127 2754 adversus

538 2780 662 2821 eum
686 2779 841 2838 porta
869 2774 1168 2843 prmvaluit,
1195 2779 1287 2847 qui
1314 2780 1413 2835 sibi
1440 2791 1610 2851 portae
1630 2787 1896 2844 mternalis
1924 2789 2130 2859 ingres-

540 2871 676 2925 sum,
711 2874 891 2929 regem
920 2864 1104 2931 gloriae
1132 2869 1427 2940 confessus,
1460 2878 1699 2945 aperuit;
1737 2887 1832 2935 aut
1855 2883 2127 2952 quomodo

539 2947 587 3002 ei
610 2965 715 3007 non
745 2960 955 3022 pateret
972 2966 1128 3025 porta
1150 2959 1239 3014 illa
1259 2962 1456 3033 vitalis,
1477 2968 1587 3035 qui,
1611 2947 1943 3038 plenitudine
1962 2990 2125 3032 evan-

530 3038 723 3106 gelica!
753 3040 999 3102 lectionis
1021 3046 1260 3118 edoctus,
1293 3051 1346 3107 in
1376 3050 1535 3111 Patre
1562 3055 1804 3128 Filioque
1839 3071 1863 3100 ε
1893 3063 2009 3133 ejus
2038 3065 2121 3121 in-

536 3134 828 3191 scrutabile
872 3138 1040 3195 unicae
1087 3142 1381 3211 majestatis
1424 3150 1653 3206 asseruit
1688 3164 2120 3225 sacramentum,

2238 1960 2306 2000 ne
2334 1945 2473 2002 forte
2501 1962 2622 2003 eum
2654 1948 2801 2004 velut
2826 1950 3035 2006 radium
3062 1952 3213 2020 solis,
3237 1961 3331 2007 aut
3358 1952 3701 2023 splendorem
3743 1955 3841 2010 lu-

2236 2051 2432 2106 cernae,
2474 2038 2655 2107 alieno
2698 2048 2918 2111 putares
2951 2040 2967 2079 1
3000 2042 3182 2100 lucere
3223 2043 3447 2114 fulgore,
3482 2047 3558 2102 ait
3590 2046 3663 2102 de
3704 2049 3844 2119 ipso

2233 2128 2427 2187 beatus
2454 2130 2795 2202 Evangelista
2822 2133 3078 2205 Joannes,
3108 2138 3194 2192 cui
3232 2153 3485 2206 arcanum
3514 2140 3606 2196 Dei
3648 2153 3705 2197 et
3752 2144 3838 2198 vi-

2233 2219 2362 2276 dere
2402 2231 2458 2277 et
2495 2224 2737 2281 revelare
2762 2241 3078 2284 concessum
3106 2238 3210 2299 est,
3241 2231 3423 2288 dicens
3446 2249 3460 2286 :
3481 2226 3621 2287 'Erat
3650 2236 3841 2292 lumen

2231 2330 2403 2368 verum
2433 2313 2612 2387 (Joan.
2648 2318 2708 2388 ι).
2752 2317 2948 2376 Verum
2990 2321 3170 2378 lumen
3201 2318 3237 2360 ῖιι
3268 2324 3364 2391 ait,
3397 2334 3457 2381 ut
3494 2328 3630 2383 scias
3669 2328 3838 2386 illum

2232 2421 2340 2461 non
2382 2405 2745 2480 cujuscunque
2792 2413 3104 2470 creaturalis
3148 2414 3551 2487 deﬁcientisque
3601 2418 3838 2476 luminis

2230 2510 2350 2552 esse
2390 2495 2676 2568 fulgorem,
2707 2500 2801 2557 sed
2837 2517 2868 2556 a
2902 2518 3028 2559 vera
3057 2504 3177 2560 luce
3204 2507 3487 2563 veritatem
3506 2523 3643 2578 esse,
3674 2511 3837 2580 quod

2232 2585 2411 2643 lumen
2440 2596 2541 2644 est.
2571 2588 2632 2644 In
2654 2600 2862 2647 tantum
2891 2602 3072 2650 autem
3094 2611 3279 2652 verum
3306 2606 3387 2653 est
3406 2599 3604 2668 lumen,
3621 2609 3681 2654 ut
3708 2617 3835 2659 non

2228 2678 2400 2734 solum
2431 2697 2539 2737 non
2567 2692 2722 2754 egeat
2765 2685 3074 2758 illuminari,
3115 2689 3210 2744 sed
3252 2690 3584 2747 illuminaudi
3618 2693 3833 2752 habeat

2228 2779 2549 2842 potestatem
2584 2794 2596 2827 :
2628 2777 2889 2834 illuminat
2917 2781 3081 2849 enim,
3106 2791 3165 2836 ut
3192 2784 3406 2854 legitur,
3436 2805 3634 2842 omnem
3658 2789 3831 2845 laomi~

2227 2880 2342 2919 nem
2387 2869 2669 2925 venientem
2708 2873 2763 2926 in
2804 2874 2938 2928 hunc
2984 2877 3229 2932 mundum
3279 2878 3504 2951 (Ibid).
3552 2882 3639 2936 Ait
3687 2898 3829 2955 ergo

2224 2955 2488 3031 Christus,
2512 2971 2571 3017 ut
2598 2963 2798 3019 dictum
2819 2974 2923 3035 est,
2953 2965 3055 3031 Qui
3080 2986 3160 3023 me
3187 2970 3340 3037 videt,
3374 2973 3506 3026 videt
3531 2985 3581 3028 et
3603 2973 3828 3030 Patren:

2229 3048 2406 3120 (Joan.
2451 3053 2580 3125 xw).
2627 3054 2724 3120 Qui
2752 3075 2854 3126 me,
2895 3059 3085 3131 inquit,
3130 3062 3281 3129 videt,
3320 3064 3453 3119 videt
3491 3075 3540 3120 et
3579 3065 3825 3123 Patrem.

2226 3142 2507 3211 Quomodo
2538 3165 2644 3205 non
2685 3160 2742 3206 et
2786 3151 2916 3219 duo,
2948 3161 3002 3208 et
3033 3170 3194 3209 unum
3225 3165 3371 3221 sunt,
3413 3174 3535 3214 cum
3571 3159 3710 3215 alter
3736 3162 3825 3217 vi~

540 3223 768 3295 edocens
793 3237 852 3284 et
877 3233 1168 3293 ostendens
1185 3251 1306 3306 quae
1326 3247 1470 3295 esset
1496 3240 1550 3296 in
1572 3258 1680 3299 uno
1702 3245 1998 3317 eodemque
2028 3223 2123 3309 Dei
2151 3233 2194 3294 Ο
2226 3236 2417 3294 deat"?
2458 3242 2509 3295 ίη
2544 3242 2734 3310 auem,
2780 3252 2836 3298 ει
2872 3254 3036 3300 ιιι)υηὶ
3075 3246 3272 3303 Vidisse
3312 3249 3383 3303 είι
3409 3250 3691 3320 “musque
3717 3267 3825 3308 οο·

538 3318 670 3376 Filio
690 3332 745 3377 et
764 3336 1024 3398 susceptae
1048 3333 1227 3387 carnis
1251 3335 1411 3403 ratio,
1435 3344 1488 3392 et
1506 3340 1765 3396 naturalis
1785 3343 2122 3413 privilegium

2227 3333 2429 3401 gnitio?
2458 3333 2524 3389 Et
2551 3352 2609 3391 re
2638 3351 2784 3401 vera,
2817 3337 3027 3406 fratres,
3057 3340 3195 3397 sicut
3216 3341 3398 3415 videre
3418 3341 3610 3397 Filium
3631 3343 3823 3401 videre

536 3412 783 3509 deitatis?
804 3416 1016 3477 Sciebat
1042 3424 1286 3494 profecto
1313 3426 1649 3487 Salvatorem
1670 3434 1869 3491 dixisse
1892 3455 1904 3490 :
1930 3436 2045 3509 Ego
2073 3448 2123 3493 et

2228 3434 2309 3481 est
2349 3423 2585 3491 Patrem,
2626 3428 2719 3494 ita,
2766 3428 3042 3487 intellecto
3085 3414 3269 3501 Patre,
3311 3434 3624 3503 intelligitur
3651 3434 3821 3509 247

537 3503 697 3562 Pater
721 3526 877 3566 unum
906 3530 1078 3570 sumus
1108 3533 1126 3571 :
1154 3528 1206 3572 et
1233 3520 1319 3590 qui
1352 3537 1433 3575 me
1470 3523 1622 3591 videt,
1659 3518 1792 3582 videt
1828 3537 1877 3582 et
1907 3503 2120 3586 Patrem
2223 3524 2278 3570 θῑ
2307 3515 2498 3584 Filius;
2531 3534 2653 3573 nam
2685 3520 2777 3589 (Ιυί
2807 3518 3018 3576 Patrem
3048 3524 3221 3579 credit
3249 3533 3303 3579 ει
3335 3524 3625 3582 εοηίῖιεῑητ
3648 3503 3820 3583 id”;

535 3597 710 3665 (Joan.
745 3619 817 3659 χιι
842 3617 891 3659 et
921 3607 1049 3679 xiv).
1074 3606 1199 3666 Haec
1218 3611 1365 3667 illum
1389 3615 1654 3674 confessio
1675 3627 1731 3674 et
1751 3620 2118 3678 honorabilem

2228 3606 2372 3677 num,
2403 3611 2586 3666 credat
2613 3628 2835 3671 necesse
2865 3627 2948 3670 est
2987 3626 3042 3671 et
3085 3616 3277 3672 Filium
3320 3627 3666 3675 coaeternum.
3704 3619 3819 3677 Sed

536 3694 709 3758 terris,
741 3703 796 3749 et
821 3699 960 3754 caelo
1001 3701 1233 3759 reddidit
1263 3705 1575 3776 gloriosum.
1617 3709 1724 3766 Sed
1760 3714 2118 3770 necessarium

535 3797 675 3838 nunc
697 3800 817 3871 esse
842 3803 986 3858 reor,
1016 3799 1075 3845 ut
1102 3796 1383 3853 occasione
1412 3798 1557 3854 beati
1585 3799 1744 3871 hujus
1766 3800 1941 3858 Patris
1970 3803 1988 3842 ί
2017 3821 2116 3860 no-

534 3875 650 3943 stri,
673 3891 833 3945 quem
863 3880 916 3934 in
950 3888 1153 3939 tantam
1179 3887 1403 3954 gloriam
1431 3891 1818 3948 catholicarum
1849 3892 2115 3952 Ecclesia-

535 3981 649 4021 rum
681 3964 810 4024 ﬁdes
834 3971 1279 4033 indeclinabiliter
1298 3981 1367 4035 ab
1396 3996 1464 4037 eo
1489 3992 1700 4039 servata
1729 3988 1992 4054 provexit,
2020 4004 2118 4044 nos

536 4074 765 4130 quoque,
782 4066 1012 4135 propitio
1033 4068 1291 4139 largiente
1310 4072 1558 4141 Domino,
1584 4076 1906 4133 salutaribus
1927 4079 2098 4136 doctri
2124 4094 2141 4113 ο

536 4164 616 4204 ua:
641 4150 920 4211 dominicae
948 4159 1267 4219 testimoniis
1312 4164 1631 4221 imbuamur.
1674 4168 1836 4240 274.6
1871 4170 1959 4225 Ait
1986 4186 2115 4242 ergo

535 4237 788 4299 Dominus
819 4262 831 4296 :
865 4244 980 4318 Ego
1019 4258 1069 4303 et
1104 4250 1267 4305 Pater
1293 4269 1451 4308 unum
1475 4237 1820 4324 sumam—Qui
1833 4258 1982 4328 dicit,
2013 4237 2115 4317 Sit-

537 4345 678 4396 mus,
707 4333 981 4394 solitarius
1009 4356 1116 4396 non
1145 4352 1228 4398 est
1252 4361 1264 4396 :
1288 4344 1377 4413 qui
1408 4345 1558 4413 dicit,
1591 4347 1763 4405 Unum
1785 4368 1985 4419 sumus,
2010 4354 2115 4407 uti-
2156 4388 2159 4391 -

535 4440 636 4494 que
673 4426 741 4482 ab
781 4443 847 4484 eo
876 4432 1152 4517 cumquo
1198 4452 1361 4490 unum
1402 4445 1484 4493 est
1532 4456 1637 4496 non
1666 4451 2001 4527 potestesse
2028 4445 2111 4501 di-

534 4520 692 4576 visus.
724 4522 863 4590 Quid
899 4526 1030 4581 mihi
1066 4544 1226 4595 nunc,
1273 4530 1543 4600 bmmtice,
1585 4534 1638 4589 in
1671 4533 1832 4592 Patre
1859 4547 1885 4585 Β
1915 4522 2113 4607 δι’θῇυε

2217 3699 2327 3772 jam
2358 3702 2634 3761 videamus
2659 3707 2780 3777 quis
2810 3709 2910 3764 iste
2940 3709 3013 3764 sit
3047 3720 3296 3781 aspectus
3319 3712 3371 3766 in
3402 3712 3558 3781 Filio,
3586 3730 3696 3785 quo
3723 3731 3816 3786 pa-

2221 3795 2352 3850 riter
2371 3796 2537 3852 videri
2558 3800 2816 3854 asseritur
2829 3809 2883 3855 et
2905 3799 3083 3857 Pater.
3108 3803 3265 3858 Videt
3283 3805 3397 3859 sine
3416 3804 3582 3862 dubio
3602 3807 3657 3861 in
3674 3805 3812 3861 Filio

2222 3883 2435 3943 Patrem
2475 3889 2565 3958 qui
2619 3889 2792 3946 credit
2836 3891 3027 3947 Filium
3074 3894 3367 3950 secundum
3406 3896 3810 3965 incogitabilem

2220 3979 2442 4035 Deitatis
2482 3990 2728 4038 naturam
2774 3984 3114 4042 ineﬂ‘abiliter
3141 3995 3325 4043 natum
3366 4004 3488 4044 esse
3520 3990 3589 4045 de
3617 3988 3805 4051 Patre.

2220 4087 2319 4127 nec
2346 4088 2506 4142 posse
2528 4075 2670 4129 aliud
2699 4075 2841 4131 hunc
2867 4092 2985 4132 esse
3005 4079 3097 4147 qui
3125 4087 3285 4134 natus
3311 4089 3395 4135 est
3420 4096 3585 4151 quam
3606 4090 3691 4138 est
3715 4082 3807 4139 ille

2218 4164 2307 4232 qui
2337 4164 2537 4231 genuit.
2590 4165 2743 4221 Videt
2770 4167 2822 4220 in
2852 4167 3066 4222 Christo
3095 4167 3309 4225 Patrem
3337 4172 3429 4240 qui
3458 4188 3623 4243 opera
3650 4172 3806 4228 Chri-

2217 4254 2284 4308 sti
2333 4271 2440 4310 non
2486 4264 2757 4313 extraneae
2788 4258 3172 4327 possibilitatis,
3214 4262 3311 4318 sed
3348 4271 3589 4333 paterna:
3627 4264 3804 4320 credi-

2216 4345 2295 4400 dit
2321 4360 2439 4401 esse
2466 4348 2695 4403 virtutis.
2730 4359 2756 4385 ιι
2800 4349 2953 4405 Videt
2979 4351 3034 4406 in
3062 4351 3197 4408 Filio
3218 4352 3434 4409 Patrem
3452 4355 3546 4424 qui
3575 4354 3804 4411 intendit

2217 4437 2364 4491 illum
2386 4439 2484 4494 sub
2509 4442 2888 4497 communione
2907 4444 3119 4514 paterni
3145 4446 3396 4510 nominis,
3422 4461 3532 4501 non
3564 4448 3803 4515 ingenio-

2217 4543 2289 4583 sa:
2307 4529 2438 4584 artis
2459 4530 2741 4601 industria,
2775 4533 2869 4588 sed
2896 4542 2926 4596 °,
2951 4534 3205 4606 simplicis
3234 4545 3503 4608 potestate
3524 4539 3799 4610 prtecepti,

533 4608 664 4666 Filio
701 4612 1061 4691 diversitatem
1108 4620 1320 4676 conaris
1356 4630 1614 4689 astruere,
1643 4640 1765 4680 cmn
1794 4625 1958 4682 Filius
1984 4629 2110 4684 sub-
2136 4614 2190 4675 D
2214 4634 2382 4689 aquas
2409 4621 2462 4675 in
2494 4623 2615 4678 Vina
2646 4631 2961 4689 vertentem.
3003 4634 3370 4701 creaturarum
3409 4638 3619 4685 mutare
3646 4639 3799 4684 natu~

530 4704 738 4758 stantia:
765 4722 875 4761 suae
905 4724 1004 4763 nos
1042 4710 1274 4767 edocens
1316 4715 1615 4783 veritatem,
1647 4716 1841 4773 dixerit
1878 4738 1889 4772 :
1919 4720 2030 4792 Ego
2059 4731 2112 4775 et

530 4791 689 4848 Pater
714 4812 873 4851 unum
892 4803 1102 4855 sumus?
1124 4800 1224 4869 Qui
1250 4812 1306 4858 et
1333 4821 1495 4860 unum
1524 4806 1669 4870 dicit,
1694 4818 1748 4863 et
1778 4791 1978 4878 sumus,
2010 4828 2110 4867 nec

529 4886 870 4951 separatione
888 4904 947 4943 se
960 4890 1162 4959 dividit,
1179 4908 1280 4949 nec
1294 4896 1489 4964 unione
1502 4897 1799 4955 confundit.
1817 4900 1919 4967 Qui
1942 4918 2106 4958 unum

535 4988 650 5027 cum
679 4972 837 5032 Patre
865 4987 968 5045 est,
998 4996 1098 5036 nec
1125 4988 1482 5054 perpetuitate
1516 5004 1547 5042 a
1593 4987 1767 5043 Patre
1781 4991 1977 5058 differt,
2009 5009 2107 5051 nec

534 5066 727 5121 virtute
752 5068 1047 5141 discordat;
1074 5090 1303 5147 cumque
1347 5080 1415 5134 sit
1457 5094 1577 5135 cum
1624 5079 1785 5138 Patre
1823 5100 2006 5153 unum,
2038 5088 2105 5143 de

600 5207 625 5280 ς
652 5198 786 5280 god.
811 5202 1267 5280 _l_larti_n_._._conaln
1296 5226 1393 5280 pro
1414 5213 1662 5267 cruciata.

526 5265 779 5395 hazocrgd.
811 5273 941 5331 Vat.
964 5265 1118 5347 1277,
1161 5265 1439 5335 cod.'Vat.
1475 5265 1716 5352 l269,7et
1746 5285 1977 5356 Μαι-αα,
2011 5311 2105 5363 pro

598 5419 620 5493 ξ
647 5409 791 5493 idem
818 5416 939 5493 cod.
956 5418 1354 5493 ‘Vat.,_s_ectans
1384 5424 1614 5493 vestigia.

590 5475 619 5516 δ
647 5480 813 5540 Codd.
847 5481 1020 5543 Vatic.
1053 5475 1371 5556 et'Martin.,
1406 5475 1892 5564 nonaprtrvalebnnt
1920 5500 2101 5555 adver-

521 5563 616 5712 n“:
635 5568 791 5712 ᾔξῶ
808 5624 1097 5712 ﬁam-Vat.
1130 5628 1331 5712 omittit
1357 5631 1486 5712 ejus.

596 5691 615 5727 τ
640 5689 775 5747 Cod.
807 5692 1020 5749 Martin.
1053 5697 1253 5751 omittit
1277 5689 1460 5753 noslri.

589 5761 617 5831 ς
643 5757 789 5831 idem
815 5764 936 5819 cod.
962 5764 1083 5819 Vat.
1105 5807 1119 5831 ,
1150 5768 1204 5820 in
1231 5766 1390 5821 Patre
1417 5778 1467 5823 et
1495 5771 1653 5831 Filio.

592 5822 616 5857 "
636 5824 773 5893 God.
800 5833 921 5891 Vat.
955 5822 1118 5901 ιεθθζ
1142 5837 1193 5890 in
1222 5847 1365 5895 tanta
1385 5822 1479 5898 hoc
1496 5822 1778 5912 profundo.

2216 4726 2320 4777 ras,
2353 4712 2598 4768 ubertate
2624 4714 2787 4769 etiam
2813 4716 3203 4774 benedictionis
3228 4734 3338 4774 sua:
3361 4735 3585 4776 exesum
3608 4735 3800 4791 panem

2214 4802 2455 4860 fecundis
2489 4806 2835 4875 esurientium
2871 4809 3140 4866 morsibus
3169 4820 3633 4879 augmentantem;
3664 4811 3798 4866 tnul~

2214 4899 2502 4970 tiplicando
2531 4914 2763 4969 namque
2782 4896 2939 4956 escas
2952 4901 3007 4955 in
3027 4917 3123 4957 ore
3147 4902 3534 4969 mandentium,
3560 4912 3617 4959 et
3635 4917 3798 4975 panes

2215 5005 2241 5042 ρ
2269 4991 2608 5048 reformando
2634 4991 2702 5047 de
2730 4993 2900 5060 micis,
2942 4994 3069 5050 fecit
3095 5006 3122 5045 τι
3150 5011 3292 5066 pene
3329 5012 3437 5052 non
3466 5012 3589 5053 esse
3631 4998 3797 5051 mira-

2211 5086 2319 5142 bile
2345 5082 2488 5152 quod
2517 5098 2711 5136 manna
2739 5082 2892 5138 ﬂuxit
2918 5099 2950 5139 e
2977 5086 3135 5142 caelo.
3167 5085 3299 5153 Quis
3326 5078 3705 5143 nun‘advertat
3742 5087 3799 5145 in

2291 5220 2306 5295 ξ
2496 5217 2732 5295 Martini,
2755 5235 2818 5272 ne
2837 5222 3076 5295 advertas
3097 5225 3245 5295 quasi
3268 5243 3378 5295 per,
3403 5235 3507 5282 etc.

2289 5290 2302 5363 _i
2341 5289 2485 5363 idem
2516 5288 2637 5363 cod.
2670 5289 2785 5363 Vat.
2816 5293 3017 5346 omittit
3043 5288 3231 5363 ipsum.

2285 5359 2311 5430 ξι
2341 5359 2485 5430 Idem
2498 5359 2663 5430 cod,
2679 5360 2772 5430 sed
2789 5359 3115 5430 prolativum.

2286 5428 2470 5508 {99¢
2497 5429 2617 5508 νεα.-
2645 5428 3098 5508 ίὲθθεερέεηιέςνε
3119 5439 3340 5508 fulgore-

2278 5500 2315 5522 "'
2344 5499 2641 5572 lde_m_cod._
2664 5499 2979 5572 νομιεῖ-1,
2999 5499 3186 5561 Verum
3197 5499 3382 5565 "lumen
3410 5521 3524 5566 est:
3552 5520 3608 5565 ut
3632 5512 3782 5567 scias.

2279 5581 2306 5608 ιι
2331 5569 2465 5625 Cod.
2490 5568 2728 5632 Martiu.,
2770 5568 2963 5627 Viditﬂ
3448 5620 3449 5623 η
3578 5585 3591 5593 '

2280 5650 2304 5678 ο
2334 5639 2479 5718 idem
2492 5637 2808 5718 _eod._Vat.,
2839 5644 2930 5698 sed
2960 5648 3200 5718 simplici.

2276 5722 2305 5762 P
2334 5709 2468 5765 Cod.
2492 5707 2705 5764 Martin.

2278 5722 2305 5762 P
2334 5717 2468 5765 God.
2492 5717 2729 5775 Marum,
2747 5717 3234 5836 ganes'fonnando.

2278 5792 2305 5831 ει
2331 5779 2464 5837 Cod.
2496 5777 2617 5834 Vat.
2642 5780 2745 5839 116
2786 5825 2802 5852 ,
2833 5787 2953 5852 fecit
2978 5804 3083 5844 non
3111 5807 3222 5847 esse

2832 5787 2953 5857 fecit
2978 5804 3083 5844 non
3111 5807 3222 5847 esse
3247 5793 3501 5851 mirabile.

2318 6018 2607 6049 ,ρυιφλ-
2678 6029 2745 6039 -
