4056 6346
493 309 594 366 425

1697 297 1753 371 S.
1795 289 2041 349 MAXIMI
2066 281 2532 364 'TAURINENSIS

3667 278 3768 333 ηι

490 422 599 479 πει
632 421 700 476 99
728 418 1031 492 huiusmodi
1051 415 1340 492 ,τηεαιεημ
1383 411 1591 469 mnium
1619 381 1892 492 reperiri!
1914 393 3426 492 αγεηηίοιξξ,ρξειξξὶεῖπξξὲιρξιϋιίξεξὲἒίὲίειηίὲρξξξςῆἑὲηθινέ)
3439 381 3683 492 litae:
3702 393 3764 492 ἐξ

492 463 1656 563 {.2}sz"diii’éﬁi‘ii’ig'ﬁiiééﬁéiBigiﬁyrgs
1689 463 1922 563 Aemilia.
1942 463 2132 563 prima,
2156 463 3550 563 etgalesiniusnpag.-iAgimdiltslomhlxpag
3563 463 3692 563 :74:
3714 473 3770 546 et

494 563 822 637 Raynaudus
844 557 1126 637 pag._
1152 566 1208 637 et

1305 533 1594 624 ﬁnitis?
1616 533 1685 624 in_
1702 533 2019 624 Dibl._ld_an.
2066 533 2196 624 tom.
2227 543 2458 624 VI_pag.
2489 533 2578 624 59'.
2611 533 2972 607 Quamobrem
3019 545 3226 593 temere
3267 533 3493 592 relatam
3525 533 3690 591 fuisse
3717 535 3768 593 in

493 613 1015 706 b‘ﬁﬁi‘él’XinBiSsii
1039 613 1168 684 edit.
1202 613 1541 706 Paris.v1569
1571 631 1626 678 et
1655 621 1811 677 Rom.
1842 619 1981 673 1570
2010 613 2423 706 existimandum
2455 621 2557 667 est.

493 741 1355 820 256Ancunenruuu7-‘Calicem
1369 737 1671 820 Domini,de
1685 753 1782 820 qna
1799 735 2074 820 Scriptura
2101 736 2154 797 Α
2177 729 2513 786 Christianus
2554 725 2804 817 populus.
2834 723 3051 780 Judaeus
3095 723 3242 780 enim
3271 724 3419 795 prior
3459 730 3572 789 est,
3610 723 3768 778 Chri-

561 804 783 892 linquitur
796 819 1033 892 figuram
1062 814 1220 892 fuisse
1255 813 1556 892 passionum
1598 804 1882 892 martyrum
1929 804 2076 886 docet

562 878 636 946 S:
659 878 955 952 Mamilius;
985 878 1303 957 etquoniam
1321 880 1579 957 Christus
1627 878 1878 957 prafelara
1905 878 2076 957 omni:

564 961 657 1014 bus
687 959 826 1013 dedit
855 948 1094 1028 exempla
1115 953 1410 1028 patientite,
1459 948 1918 1028 eoflandabiliores
1941 953 2078 1028 sunt

565 1039 848 1101 martyres,
879 1045 976 1100 quo
1003 1016 1171 1096 magis
1218 1023 1377 1078 divini
1396 1016 1404 1020 ’
1424 1020 1752 1094 praeceptoris
1791 1016 2078 1101 imitatores

566 1091 992 1171 sepr'rcbuerimt.
1093 1091 1114 1096 ’
1424 1091 1431 1094 ⁷
1517 1120 1519 1122 -
1592 1091 1595 1092 ⁷
1781 1139 1784 1143 .
1943 1091 1952 1104 ‘

568 1191 752 1248 Sancti
774 1188 1031 1262 Cypriani
1060 1186 1428 1252 festivitatem,
1452 1185 1589 1239 sicut
1617 1181 1864 1258 omnibus
1892 1187 2078 1235 notum

497 1295 601 1353 est,
633 1284 797 1340 ho’die
833 1282 1192 1353 celebramus,
1218 1287 1276 1350 et
1305 1287 1330 1316 α
1360 1277 1546 1342 natali,
1576 1277 1714 1331 sicut
1743 1274 1945 1339 dicunt,
1974 1272 2077 1348 inte

495 1377 736 1432 minente
755 1370 1021 1428 vindemia
1044 1369 1278 1424 natalem
1299 1367 1416 1437 ejus
1430 1365 1673 1438 martyrii
1694 1379 2077 1437 procuramus;

498 1470 828 1528 conveniunt
855 1467 1016 1536 igitur
1043 1473 1168 1520 vota
1193 1471 1377 1519 nostra
1409 1468 1463 1518 et
1482 1460 1686 1516 mundi.
1716 1458 1943 1514 Mundus
1968 1457 2084 1512 vin-

498 1565 799 1622 demiarum
828 1561 1074 1616 ubertate
1102 1558 1344 1622 Iretatur;
1368 1571 1468 1610 nos
1488 1558 1801 1610 sanctorum
1829 1551 2081 1623 passione

501 1656 824 1728 gaudemus;
844 1666 964 1723 quae
984 1648 1198 1719 quidem
1216 1647 1398 1720 passio
1417 1644 1702 1701 vindemiis
1718 1640 2081 1714 comparanda

502 1756 615 1813 est;
642 1746 782 1801 sicut
800 1742 943 1798 enim
972 1754 1197 1794 uvarum
1224 1737 1575 1809 cxpressione
1598 1735 1782 1790 vinum
1811 1732 2079 1798 funditur,

501 1841 572 1896 ita
601 1847 656 1894 et
681 1843 990 1892 sanctorum
1035 1831 1297 1903 martyrio
1324 1829 1433 1884 viui
1462 1829 1579 1883 vice
1606 1826 1825 1896 sanguis
1850 1822 2081 1880 eil'undi-
2133 1899 2135 1902 ι

501 1943 617 1999 tur;
646 1930 749 1986 nisi
791 1926 936 2000 quod
987 1924 1015 1964 ι’
1064 1940 1164 1980 uva
1213 1921 1540 1994 temporales
1586 1910 1791 1976 fructus
1841 1924 2078 1990 praestat,

499 2025 677 2098 passio
698 2020 1074 2096 sempiternos.
1110 2016 1276 2071 Recte
1300 2030 1428 2084 ergo
1457 2012 1773 2084 martyrium
1801 2009 2082 2066 vindemiis

2183 826 2325 877 stunt
2356 820 2410 875 in
2436 819 2552 888 lege
2576 815 2778 889 portat,
2802 824 2859 894 et
2882 816 3080 879 nescit,
3104 825 3161 872 et
3186 823 3484 872 retrorsum
3513 830 3638 871 eum
3669 830 3768 885 po-

2183 929 2318 970 nens
2343 911 2575 984 quadam
2622 911 2768 967 dorsi
2816 911 3101 967 aversione
3145 910 3476 976 contemnit;
3507 909 3655 965 unde
3697 911 3773 965 ait

2181 1007 2447 1079 propheta
2481 1022 2493 1057 :
2528 1003 2880 1059 Obscurentur
2922 1002 3059 1058 oculi
3108 1019 3316 1085 eorum,
3347 1018 3412 1056 ne
3437 1002 3652 1057 videant
3675 1019 3694 1057 .'
3723 1012 3771 1056 et

2182 1100 2392 1156 dorsum
2419 1114 2595 1153 eorum
2619 1113 2819 1168 semper
2846 1097 3060 1150 incurva
3079 1095 3254 1167 (Psal.
3283 1095 3487 1162 uvm).
3519 1094 3773 1150 Christia—

2181 1209 2284 1249 nus
2310 1206 2440 1247 vero
2494 1205 2727 1261 sequens
2754 1189 2984 1270 populus
3019 1187 3297 1244 Christum
3343 1203 3562 1258 semper
3603 1187 3776 1242 oculis

2181 1285 2392 1357 aspicit,
2423 1279 2906 1353 sempercustodit
2930 1279 3226 1346 obtutibus,
3249 1289 3306 1336 et
3330 1279 3563 1350 quadam
3591 1277 3608 1316 ί
3653 1293 3774 1348 επις

2181 1377 2346 1433 duum
2366 1373 2643 1430 vicinitate
2671 1371 3086 1444 complectitur;
3115 1378 3170 1428 et
3193 1379 3396 1441 quanto
3422 1385 3548 1425 eum
3575 1370 3666 1424 ille
3685 1386 3776 1439 po-

2179 1468 2340 1548 pulus
2385 1481 2554 1538 pravo
2583 1465 2775 1520 itinere
2809 1471 2935 1550 post
2970 1478 3030 1520 se
3071 1462 3356 1532 relinquit,
3384 1470 3594 1518 tantum
3647 1477 3774 1518 eum

2182 1561 2286 1618 iste
2305 1559 2510 1615 directo
2533 1557 2691 1612 cursu
2709 1555 2928 1612 festinat
2960 1554 3228 1624 attingere
3262 1557 3305 1607 l.

2182 1684 2541 1728 FRAGIEN'I‘UI
2568 1683 2921 1725 DEPROIPTUI
2951 1683 3021 1722 ΕΧ
3047 1681 3235 1723 CODICB
3264 1681 3476 1722 ARCRIVI
3516 1681 3776 1720 BASILIC£

2440 1754 2735 1795 IIPBRIALIS
2761 1755 2804 1794 S.
2833 1753 3072 1794 Αιωιοειι
3101 1752 3536 1793 IEDIOLANENSIS.

2251 1832 2504 1902 Ideoque,
2521 1831 2732 1898 fratres,
2752 1831 2903 1886 istius
2924 1830 3220 1886 beatissimi
3241 1829 3494 1902 martyris
3520 1829 3777 1901 Cypriani

2182 1933 2452 1982 sectemur
2479 1924 2722 1994 vestigia,
2743 1923 2832 1993 qui
2861 1931 3010 1979 recto
3029 1922 3244 1978 tramite
3269 1921 3541 1977 Christum
3561 1929 3779 1977 secutus

2183 2027 2283 2086 est,
2316 2027 2478 2088 atque
2505 2017 2570 2074 ad
2600 2017 2832 2088 palmam
2871 2017 3111 2089 martyrii
3143 2015 3633 2072 maturescentibus
3659 2016 3781 2072 uvis

501 2097 858 2189 comparatur.
888 2097 1052 2168 habet
1079 2097 1318 2166 Cllim'el
1345 2109 1663 2164 θιπὶθιδιοπι
1700 2119 1873 2168 suam,
1916 2104 2080 2190 habe.t
2110 2129 2160 2191 Β
2187 2112 2455 2184 pervenit.
2485 2113 2706 2188 Necnon
2734 2118 2789 2167 et
2812 2119 3020 2182 tempus
3047 2111 3280 2191 instabat
3306 2109 3609 2166 vindemiae.
3640 2109 3778 2176 Quia

503 2220 556 2269 et
583 2210 805 2266 calicem
833 2219 1016 2270 suum;
1045 2203 1114 2259 de
1153 2217 1261 2272 quo
1291 2200 1420 2256 dicit
1449 2191 1713 2269 prapheta
1748 2196 1935 2251 David.
1977 2194 2079 2250 Ca-

503 2306 576 2360 lix
606 2313 721 2355 tuus
761 2296 1019 2352 inebrians
1039 2335 1052 2360 ,
1085 2311 1239 2366 quam
1266 2292 1544 2365 prazclarus
1568 2300 1643 2345 est
1684 2288 1872 2360 (Psal.
1915 2279 2020 2342 xxii
2040 2289 2078 2356 ).

503 2394 569 2451 Et
600 2395 714 2466 ipse
741 2391 1000 2446 Dominus
1048 2387 1102 2442 in
1129 2386 1396 2458 passionis
1445 2399 1556 2439 sure
1585 2383 1733 2438 exitu
1762 2381 2084 2436 constitutus

503 2487 578 2542 ait
609 2503 621 2538 :
652 2484 834 2548 Pater,
865 2483 910 2536 si
939 2478 1179 2548 possibile
1225 2467 1320 2544 est,
1353 2483 1583 2531 transeat
1629 2473 1766 2528 calix
1815 2474 1912 2527 iste
1946 2490 1979 2526 a
2005 2489 2085 2525 me

505 2577 735 2654 (Matth.
760 2574 937 2646 xxvr).
964 2571 1032 2627 Et
1055 2572 1250 2626 iterum
1292 2560 1605 2639 propheta:
1635 2564 1858 2654 Calicem
1887 2563 2086 2617 saluta-

506 2675 577 2728 ris
616 2652 891 2741 accipiam,
941 2675 988 2722 et
1023 2681 1206 2720 nomen
1237 2662 1452 2716 Domini
1490 2652 1740 2714 invocabo
1763 2657 1938 2729 (Psal.
1972 2655 2082 2725 xv).

506 2764 695 2831 Recte,
729 2763 968 2831 inquam,
989 2758 1131 2814 calix
1158 2755 1419 2828 martyrio
1438 2761 1812 2825 comparatur;
1841 2751 1965 2820 quia
2009 2749 2088 2804 sic

507 2863 566 2910 ut
593 2854 733 2910 calix
775 2867 896 2908 cum
935 2849 1156 2916 bibitur,
1184 2845 1358 2902 omnis
1386 2846 1580 2900 humor
1605 2844 1798 2899 noxius
1835 2843 1944 2897 vini
1993 2857 2086 2896 ca—

507 2949 624 3005 lore
651 2945 995 3016 decoquitur;
1024 2944 1097 2998 ita
1127 2950 1181 2998 et
1217 2940 1460 3013 martyrii
1509 2938 1763 3009 poculum
1803 2951 1925 2992 cum
1954 2935 2087 2990 hau-

507 3041 642 3096 ritur
674 3049 698 3080 ε
730 3053 917 3094 omnes
945 3025 1245 3106 peccatoris
1273 3033 1428 3089 faeces
1457 3031 1721 3102 passionis
1748 3029 1919 3099 gloria
1949 3037 2086 3084 tem-

508 3138 780 3204 perantur.
813 3127 839 3166 ἀ
869 3129 1062 3184 Vinum
1103 3141 1231 3195 ergo
1272 3124 1537 3196 quoddam
1575 3116 2089 3192 salu'tare'martyrii

511 3231 627 3288 est,
659 3221 802 3294 quod
853 3220 1002 3276 cordi
1058 3219 1296 3274 laetitiam
1346 3224 1606 3294 praestat,
1658 3214 1892 3271 calorem
1941 3211 2086 3280 ﬁdei,

511 3316 700 3371 animae
728 3314 1033 3384 puritatem.
1076 3311 1270 3366 Vinum
1300 3310 1460 3381 plane
1490 3317 1573 3364 est
1603 3317 1627 3346 ε
1657 3306 1953 3378 spiritualis
1998 3304 2088 3361 illa

510 3423 629 3472 uva,
653 3421 772 3478 quae
801 3421 900 3476 pro
921 3404 1093 3459 salute
1119 3402 1359 3457 omnium
1387 3399 1644 3472 pependit
1667 3399 1722 3454 in
1748 3399 1912 3469 ligno.
1937 3397 2092 3454 Sicut

2184 2208 2326 2264 enim
2346 2207 2452 2263 hoc
2472 2205 2860 2262 vindemiarum
2889 2190 3134 2276 tempore
3160 2220 3350 2276 passus
3377 2213 3489 2271 est,
3518 2213 3777 2273 tanquam

2184 2317 2284 2357 nos
2302 2299 2370 2356 de
2396 2300 2666 2355 vindemia
2691 2299 2876 2355 dulces
2902 2307 2958 2354 et
2995 2299 3173 2354 varios
3201 2298 3403 2356 fructus
3418 2313 3484 2354 ex
3511 2298 3630 2368 ejus
3654 2313 3779 2368 pas-

2185 2393 2338 2449 sione
2383 2391 2714 2462 collegimus.
2766 2389 3120 2462 Impinguavit
3167 2390 3309 2445 enim
3355 2405 3484 2464 nos,
3516 2397 3572 2444 et
3599 2387 3779 2444 reﬁcit

2185 2491 2366 2541 musto
2394 2483 2635 2555 martyrii
2665 2483 2768 2538 sui.
2801 2481 2895 2538 Est
2940 2482 3084 2536 enim
3130 2489 3383 2547 mustum,
3415 2480 3561 2550 quod
3603 2480 3779 2536 reficit

2188 2586 2244 2634 et
2272 2576 2502 2632 inebriat
2532 2574 2924 2640 Christianum;
2952 2573 3045 2629 sed
3092 2573 3325 2629 ebrietas
3369 2573 3460 2628 illa
3488 2572 3660 2642 magis
3685 2555 3780 2627 so?

2178 2655 2543 2725 'briumfacit.
2570 2668 2673 2736 Qui
2713 2669 2855 2723 enim
2886 2665 3178 2722 inebriatur
3210 2665 3416 2723 emlesti
3459 2665 3650 2734 gratia,
3682 2681 3777 2720 ex-

2187 2763 2460 2818 sobriatur
2498 2760 2709 2817 sarcina
2757 2766 3126 2830 peccatorum.
3159 2757 3274 2814 Hoc
3325 2773 3558 2836 namque
3597 2767 3778 2813 musto

2189 2856 2381 2926 repleti
2410 2854 2585 2911 sancti
2614 2853 2870 2924 apostoli,
2920 2852 3058 2908 sicut
3087 2852 3162 2906 ait
3209 2837 3482 2922 Scriptura
3514 2851 3651 2922 (Act.
3693 2855 3778 2917 ιι),

2190 2949 2380 3004 alienis
2407 2948 2601 3017 linguis
2617 2946 2710 3002 Dei
2741 2944 3006 3014 magnalia
3031 2944 3406 3014 loquebantur.
3421 2930 3607 3013 Iniquo
3634 2942 3779 2998 facto

2188 3042 2392 3114 pariter
2420 3040 2554 3096 ebrii
2583 3054 2704 3095 esse
2749 3037 3068 3094 videbantur
3119 3044 3175 3092 et
3212 3035 3400 3092 sobrii.
3444 3033 3592 3090 Ebrii
3635 3034 3778 3089 enim

2190 3133 2536 3206 putabantur,
2559 3130 2703 3203 quod
2722 3132 2776 3186 in
2797 3131 2880 3185 his
2899 3130 3114 3200 loquela
3135 3136 3328 3200 praeter
3346 3134 3592 3183 naturam
3607 3127 3778 3182 altera

2191 3225 2546 3298 personabat;
2580 3223 2746 3279 sobrii
2776 3230 2953 3290 erant,
2983 3220 3129 3293 quod
3152 3220 3310 3290 juxta
3332 3218 3780 3276 consuetudinem

2192 3319 2475 3375 Dominum
2504 3315 2702 3383 mentis
2721 3314 3015 3370 devotione
3043 3311 3353 3368 laudabant.
3378 3310 3534 3378 Quod
3561 3308 3780 3380 quidem

2194 3429 2304 3470 non
2350 3411 2587 3467 elatione
2631 3408 2830 3479 aliqua,
2859 3414 2952 3462 aut
2975 3389 3292 3477 impotentia
3313 3403 3559 3474 contigit,
3591 3413 3649 3457 ut
3681 3403 3783 3458 viri

510 3498 649 3553 enim
673 3497 860 3552 botrus
887 3493 1184 3548 redditurus
1207 3492 1410 3559 vinum,
1431 3489 1578 3561 prius
1598 3490 1650 3543 in
1678 3490 1834 3544 vinea
1855 3487 2087 3558 quadam
2116 3505 2164 3570 ο
2181 3504 2364 3573 sane“
2384 3499 2670 3573 peregrino
2695 3513 2946 3556 sermone
2970 3498 3353 3568 loqueremur;
3381 3495 3475 3551 sed
3501 3495 3783 3566 provide“.

453 3589 464 3596 ”’
510 3597 709 3644 naturae
747 3596 864 3642 arte
902 3583 1262 3656 suspenditur,
1297 3582 1315 3621 τ
1354 3583 1428 3638 ita
1455 3582 1699 3638 Christus
1739 3580 1978 3636 editurus
2004 3581 2086 3634 vi-

512 3697 636 3737 num
666 3680 940 3751 spiritualc
970 3677 1207 3750 martyrii
1255 3694 1309 3732 ιιι
1332 3690 1508 3742 cruce,
1539 3674 1769 3746 quadam
1797 3672 2088 3744 providen-

513 3774 585 3828 tia
615 3771 936 3838 Divinitatis,
970 3779 1203 3842 aptatur.
1235 3769 1354 3841 Ipse
1383 3777 1464 3824 est
1491 3769 1651 3840 plane
1675 3769 1894 3834 botrus,
1928 3782 2088 3838 quem

513 3865 620 3918 duo
648 3863 1016 3934 exploratores
1045 3863 1139 3924 illi,
1171 3862 1274 3917 hOc
1299 3869 1380 3920 est
1406 3859 1533 3915 .lesu
1561 3860 1706 3915 Nave
1725 3901 1738 3926 ,
1765 3867 1820 3914 et
1846 3856 2006 3914 Calef
2025 3855 2089 3910 ﬁ-

514 3956 619 4011 lius
647 3964 670 4003 8
699 3953 943 4025 Jephone
984 3952 1038 4006 in
1080 3951 1347 4021 phalanga
1376 3951 1440 4005 ad
1474 3949 1610 4006 filios
1653 3949 1815 4005 Israel
1860 3948 2092 4020 propriis

514 4046 752 4101 humeris
794 4043 1100 4098 detulerunt
1143 4041 1329 4113 (Nam.
1364 4042 1509 4112 xui);
1553 4041 1696 4111 quod
1744 4039 1967 4109 quidem
2013 4039 2092 4095 fa-

515 4145 661 4191 ctum
685 4135 796 4205 jam
817 4141 943 4188 tunc
959 4131 1333 4203 prmﬁgurabat
1353 4131 1639 4188 adventum
1669 4130 1882 4186 Domini
1903 4130 2091 4187 Salva-

517 4227 668 4282 toris.
712 4225 845 4280 Nam
872 4226 1061 4280 botrus
1107 4224 1161 4278 in
1209 4224 1474 4293 phalanga
1521 4239 1812 4294 suspensus
1854 4224 1907 4279 in
1933 4239 2093 4284 cruce

518 4320 763 4376 Christus
807 4331 1074 4389 appensus
1123 4315 1451 4380 ostenditur;
1491 4313 1601 4374 duo
1626 4324 1806 4370 autem
1856 4316 1910 4370 in
1955 4317 2090 4387 pha-

518 4411 672 4482 langa
699 4417 976 4484 portantes
1004 4423 1187 4473 uvam,
1211 4406 1317 4462 duo
1340 4406 1521 4478 populi
1547 4406 2090 4463 demonstrabantur:

519 4505 853 4562 Christianus
878 4502 1083 4573 utique,
1115 4509 1170 4557 et
1195 4499 1438 4567 Judzeus;
1471 4509 1526 4556 et
1551 4501 1690 4557 sicut
1717 4516 1836 4556 mos
1855 4507 1940 4556 est
1966 4515 2093 4572 por-

518 4595 773 4663 tantium,
795 4610 932 4650 unus
957 4591 1287 4664 prmcedens,
1310 4592 1444 4646 alter
1464 4591 1823 4661 subsequens;
1851 4591 1924 4646 ita
1946 4591 2094 4662 prior

516 4687 823 4743 Judteorum
848 4685 1158 4755 designatur
1180 4683 1428 4754 populus,
1457 4683 1883 4738 Christianorum
1910 4699 2097 4740 secun-

515 4779 633 4834 dus.
662 4776 730 4832 Et
754 4778 893 4833 sicut
939 4775 1283 4840 antecedens,
1307 4774 1449 4846 quod
1475 4781 1676 4845 portat,
1714 4790 1822 4830 non
1846 4774 2010 4842 videt,
2037 4782 2094 4830 et
2135 4787 2138 4790 '

2196 3599 2269 3653 tia
2290 3593 2595 3651 Divinitatis
2625 3592 2820 3648 factum
2851 3598 2954 3657 est,
2986 3597 3046 3646 ut
3084 3589 3212 3659 quia
3233 3588 3299 3644 ad
3331 3586 3781 3659 magniﬁcandmn

2194 3691 2363 3746 Deum
2415 3703 2522 3743 una
2570 3685 2783 3757 loquela
2835 3701 2942 3742 non
2971 3684 3198 3753 sufficit,
3227 3699 3325 3755 per
3359 3684 3542 3754 plures
3576 3683 3784 3751 linguas

2194 3781 2392 3838 mentis
2439 3779 2660 3836 devotio
2697 3778 3016 3834 solveretur.
3071 3775 3356 3832 Jucundati
3404 3789 3535 3845 ergo
3576 3791 3780 3838 sumus,

2193 3874 2316 3944 quia
2346 3872 2415 3928 de
2440 3870 2599 3927 vinea
2651 3869 2862 3925 Domini
2908 3867 3146 3925 Sabaoth
3194 3868 3425 3924 fructum
3478 3865 3784 3922 refectionis

2194 3962 2520 4035 accepimus.
2551 3960 2723 4016 Vinea
2751 3956 2927 4016 autem
2943 3959 3154 4015 Domini
3182 3958 3442 4026 Sabaoth,
3469 3957 3612 4013 sicut
3649 3955 3782 4011 dicit

2194 4055 2457 4126 propheta
2491 4051 2646 4122 (Isai.
2677 4068 2731 4118 v,
2755 4050 2847 4122 7),
2871 4058 2952 4106 est
2976 4049 3166 4116 Israel;
3197 4064 3317 4121 quae
3342 4048 3534 4105 domus
3563 4064 3661 4103 nos
3686 4063 3781 4102 su-

2195 4162 2354 4212 mus;
2398 4143 2694 4202 secundum
2746 4143 2889 4200 enim
2934 4143 3092 4198 fidem
3137 4141 3393 4198 Israelitte
3437 4157 3538 4197 nos
3577 4157 3779 4197 smnus.

2201 4237 2350 4294 Unde
2378 4237 2510 4294 dicit
2532 4236 2823 4308 Apostolus
2855 4254 2867 4289 :
2901 4233 3038 4311 Quia
3085 4235 3172 4306 qui
3217 4250 3282 4288 ea:
3328 4233 3433 4305 ﬁde
3463 4233 3517 4288 hi
3544 4244 3662 4287 sunt
3684 4233 3782 4304 ﬁlii

2193 4329 2420 4390 Abraha:
2449 4327 2593 4401 (Gal.
2624 4329 2702 4400 v).
2751 4327 3016 4396 Quoniam
3065 4326 3227 4396 igitur
3251 4342 3352 4382 nos
3389 4341 3576 4381 sumus
3597 4325 3780 4390 Israel,

2195 4421 2351 4477 vinea
2405 4419 2620 4477 Domini
2666 4434 2868 4476 sumus.
2918 4417 3208 4475 Videamus
3259 4418 3544 4489 diligenter
3602 4433 3670 4474 ne
3716 4434 3782 4473 ex

2194 4514 2418 4585 palmite
2455 4512 2634 4584 operis
2681 4512 2853 4568 nostri
2902 4521 3154 4569 nascatur
3194 4495 3496 4568 dulcedinis
3522 4528 3658 4577 uva,
3689 4511 3783 4567 sed

2193 4601 2355 4674 fellis,
2384 4617 2487 4661 nec
2513 4602 2722 4659 dicatur
2747 4605 2926 4673 nobis,
2956 4603 3100 4675 quod
3127 4603 3324 4659 Judaeis
3351 4603 3553 4659 dictum
3578 4613 3659 4658 est
3688 4619 3784 4672 per

2195 4698 2514 4769 prophetam
2557 4697 2860 4768 :Sustinui,
2888 4706 2943 4752 ut
2989 4699 3183 4770 faceret
3226 4715 3399 4766 uvam,
3447 4700 3569 4770 fecit
3612 4706 3782 4772 autem

2195 4791 2376 4858 spinas
2405 4788 2575 4862 (Isai.
2623 4790 2700 4860 v).
2735 4789 2905 4857 Quam
2946 4790 3080 4846 dura
3107 4790 3370 4859 conditio,
3399 4797 3460 4844 ut
3486 4791 3780 4861 possessio,

517 4877 811 4924 retrorsum
826 4865 854 4903 ιι
875 4866 1019 4921 idem
1039 4881 1254 4936 semper
1274 4865 1497 4931 habens,
1519 4865 1748 4936 quadam
1771 4865 1916 4925 dorsi
1936 4882 2088 4922 aver-

2193 4895 2312 4950 quae
2343 4879 2562 4935 domino
2600 4895 2698 4935 suo
2726 4879 3008 4935 suavitatis
3036 4881 3198 4952 258
3223 4879 3429 4936 fructus
3456 4879 3647 4934 afferre
3683 4879 3780 4934 de-

517 4958 668 5014 sione
695 4957 1023 5022 contemnit;
1053 4956 1144 5026 qui
1164 4964 1342 5011 autem
1371 4957 1613 5026 sequitur
1640 4956 1856 5028 semper
1880 4959 1934 5013 id
1961 4975 2088 5016 ocu-

2190 4972 2332 5040 buit,
2385 4973 2662 5043 spinarum
2710 4971 2858 5027 illum
2913 4971 3204 5042 asperitate
3243 4970 3640 5042 compunxerit.
3665 4969 3782 5024 Hoc

517 5051 582 5106 lis
609 5048 880 5120 perspicit,
912 5063 1127 5121 semper
1145 5049 1378 5105 custodit
1402 5050 1698 5116 obtutibus,
1727 5066 1943 5123 semper
1969 5068 2102 5108 cors
2199 5070 2282 5118 es;
2302 5078 2426 5119 cum
2464 5061 2633 5118 Ιυάωί
2662 5062 2999 5118 Salutarem
3028 5061 3312 5119 debuerim
3333 5070 3447 5118 ιοια
3468 5062 3591 5118 ﬁdei
3618 5061 3775 5119 ἀενο.

517 5143 662 5213 Poris
706 5140 978 5196 νίοίηίιδιθ
1033 5139 1268 5212 Pomm“;
1294 5140 1452 5214 257
1485 5140 1557 5196 ίι³
1597 5155 1727 5211 ergo
1775 5140 2011 5202 Iudaeus.
2039 5152 2096 5200 et
2202 5153 2351 5210 tione
2381 5153 2676 5225 suscipere,
2727 5153 3006 5226 spinarum
3055 5168 3179 5210 eum
3233 5155 3612 5211 coronaverint
3656 5169 3781 5225 pas-

573 5307 612 5424 ἐξ
641 5297 700 5352 In
731 5295 1100 5369 utroqueood.
1150 5296 1208 5352 S.
1238 5293 1423 5353 Crucis
1464 5297 1518 5352 in
1545 5296 1651 5353 Jer.
1685 5297 1840 5355 deest
1862 5317 1965 5358 vox
1995 5319 2088 5358 na-

592 5387 629 5423 8.
1064 5399 1077 5414 ⁸

517 5378 629 5424 tati.
1064 5399 1077 5414 .

587 5440 612 5478 ι’
638 5435 771 5509 Cod.
797 5437 917 5509 Vat.
947 5435 1103 5504 1269,
1128 5436 1229 5491 nisi
1254 5437 1390 5509 quod
1412 5439 1575 5491 vinea.

589 5522 611 5551 ο
642 5507 790 5583 deL
826 5507 1070 5583 Ve_ro_n.,_
1091 5507 1275 5583 omnis
1305 5509 1584 5577 peccatoris
1632 5509 1815 5578 [ωορκ
1866 5519 2086 5583 uterque

517 5584 635 5639 cod.
664 5580 720 5636 S.
751 5577 936 5634 Crucis
965 5579 1018 5632 in
1043 5576 1350 5647 Jerrhabet
1377 5576 1716 5647 peccatorum.

586 5651 610 5688 ἀ
646 5650 879 5721 Ilterque
902 5648 1022 5721 cod.
1056 5646 1332 5721 S.‘Cru_c_is
1353 5646 1403 5700 in
1425 5647 1556 5710 Jer.,
1593 5647 1777 5721 Vinum
1802 5667 1939 5721 ergo.

590 5731 612 5758 ε
649 5716 1040 5790 Uter-quercei].
1086 5718 1200 5790 citL,
1227 5716 1515 5790 _Veronen.
1539 5760 1552 5783 ,
1603 5728 1656 5774 et
1707 5716 1876 5776 Vatic.
1907 5721 2087 5790 legunt

519 5789 748 5848 spiritale
776 5786 836 5840 de
864 5788 954 5842 illa
997 5804 1110 5841 uva.
1144 5786 1422 5844 Galesinus
1451 5789 1575 5853 legit.
1615 5790 1781 5845 vinum
1813 5786 1985 5856 plane
2015 5805 2088 5848 est

2199 5308 2433 5378 spiritale
2461 5308 2562 5362 Dei
2583 5309 2679 5362 illa
2704 5325 2824 5377 uva,
2855 5318 2958 5366 etc.

2199 5376 2562 5462 mﬁU‘terque
2605 5379 2727 5434 cod.
2754 5395 2937 5462 .supra
2976 5380 3198 5462 laudat.,
3246 5391 3302 5437 et
3353 5384 3571 5450 Veron.,
3621 5394 3695 5438 ita
3733 5403 3781 5439 ε.

2194 5446 2427 5521 Christus
2458 5446 2696 5521 editurus
2719 5446 2893 5506 vinum
2923 5453 3174 5521 spiritale.

2267 5528 2293 5595 β
2319 5519 2451 5595 Cod.
2484 5519 2552 5595 QQ
2572 5520 2630 5595 S_.
2663 5519 2850 5577 Crucis
2870 5521 2923 5576 in
2949 5519 3058 5576 Jer.
3090 5521 3254 5595 habet
3272 5521 3561 5595 Jephonice.

2268 5587 2294 5664 ξι
2325 5588 2457 5664 god.
2490 5588 2558 5644 90
2578 5591 2697 5664 cit._,
2721 5601 2778 5664 et
2799 5600 3078 5664 retrorsum
3100 5593 3191 5664 sed
3210 5587 3409 5664 semper
3436 5595 3630 5650 abiens.

2273 5658 2286 5694 ί
2315 5658 2562 5737 _Uterque
2583 5662 2702 5717 cod.
2746 5660 2801 5716 S.
2834 5661 3020 5720 Crucis
3044 5663 3098 5717 in
3137 5661 3269 5728 Jer.,
3298 5658 3353 5718 et
3396 5669 3516 5721 cod.
3550 5666 3778 5737 Veron.,

2196 5730 2446 5799 graduum
2474 5748 2679 5785 suorum
2691 5771 2702 5784 .

2271 5802 2282 5848 i
2323 5798 2452 5856 Cod.
2488 5801 2686 5857 Veron.
2717 5802 2802 5857 hic
2832 5802 3104 5861 concludit
3126 5805 3425 5865 homiliam.
