4056 6346
252 347 348 405 625

1608 339 1892 398 ΗΟΜΙΙᾸΑ

3410 341 3516 400 ηδ

253 453 412 522 tione.
439 460 572 528 Qum
592 473 791 516 corona
813 455 1029 529 quidem
1058 464 1208 514 tanta
1235 434 1439 514 .Judzeis
1465 464 1582 514 erat
1602 456 1823 526 injuria-
1853 457 1903 518 Α
1929 465 2044 525 qua
2070 462 2187 508 sunt
2233 453 2434 518 mundi,
2466 455 2718 524 quomodo
2744 454 2946 524 placeat
2988 452 3138 507 uxori
3170 451 3229 523 (1
3271 452 3389 509 Cor.
3412 457 3510 530 vr).

257 567 367 609 rum
405 549 751 618 contumelia,
780 557 982 620 quanta
1015 549 1070 604 in
1105 549 1333 605 Domino
1353 557 1470 604 erat
1495 562 1696 604 corona
1725 546 1833 601 vir-

260 649 443 701 tutum.
473 638 849 709 Compungunt
893 653 1024 708 ergo
1049 623 1219 695 ludmi
1247 637 1562 704 Dominum,
1586 635 1712 692 dum
1742 650 1835 690 co-

262 740 463 795 ronant,
485 737 871 800 compungunt,
893 729 1019 784 dum
1039 728 1380 798 cruciﬂgunt.
1412 725 1561 784 Unde
1581 727 1656 782 ait
1685 725 1832 781 Seri-

266 835 407 897 ptura
434 830 652 878 sancta:
683 820 942 876 Videbunt
961 823 1015 875 in
1035 839 1182 894 quem
1209 827 1618 890 compunxerunt
1647 817 1832 887 (lactt.

265 909 347 979 xu,
378 912 474 978 {0;
519 910 681 966 Joan.
710 927 822 977 xrx,
852 910 966 981 55).
999 910 1184 979 Igitur,
1227 910 1447 975 fratres,
1475 909 1655 964 videte
1682 923 1748 962 ne
1777 915 1831 961 et

261 1003 401 1057 vobis
428 1001 638 1056 dicatur
669 1017 682 1052 :
719 999 958 1055 Sustinui
995 1010 1051 1054 ut
1078 1003 1270 1072 faceret
1296 1016 1480 1064 uram,
1512 1000 1632 1070 fecit
1663 1008 1834 1052 autem

259 1095 445 1164 spinas.
479 1091 592 1147 Hoc
609 1099 692 1148 est
721 1107 788 1147 ne
815 1093 1019 1163 spinas,
1050 1107 1182 1163 quas
1203 1089 1611 1148 Dominoludaei
1641 1105 1832 1145 cruen-

257 1187 319 1241 tis
345 1177 716 1254 imposuerunt
736 1185 1003 1253 manibus,
1037 1201 1136 1241 nos
1165 1184 1361 1254 iniquis
1391 1183 1638 1240 sensibus
1665 1198 1834 1253 appo-

254 1291 454 1338 namus.
481 1285 539 1331 et
578 1291 1000 1348 compungamos
1019 1292 1178 1344 eum,
1226 1292 1338 1332 non
1375 1275 1666 1347 asperitate
1708 1289 1832 1328 sen-

252 1383 416 1432 suum,
448 1367 544 1421 sed
570 1383 796 1438 Operum
826 1367 1114 1438 pravitate.
1148 1366 1225 1421 De
1253 1366 1448 1438 quibus
1487 1364 1732 1420 meminit
1777 1363 1830 1418 in

251 1455 534 1526 Evangelio
564 1456 835 1522 Salvator,
863 1457 1047 1514 dicens
1077 1475 1089 1510 :
1123 1457 1449 1512 Seminatum
1474 1474 1646 1511 semen
1695 1457 1829 1509 ceci-

252 1547 381 1603 disse
405 1549 455 1602 iu
465 1557 543 1602 ter
560 1549 757 1620 spinas,
776 1558 824 1604 et
843 1549 1082 1615 crerissc,
1115 1564 1176 1602 ac
1193 1548 1478 1617 stt/Iocasse
1496 1548 1633 1620 quod
1653 1557 1832 1601 natum

249 1647 320 1694 est
345 1637 491 1711 (Luc.
538 1640 670 1710 vin).
696 1638 826 1706 Quae
855 1647 1038 1694 autem
1067 1641 1234 1711 sp'nm
1269 1639 1378 1694 sint
1406 1639 1520 1709 ipse
1545 1638 1830 1709 prosequi-

249 1737 346 1785 tur.
389 1728 532 1786 Dicit
576 1731 762 1800 utique
797 1729 1185 1786 sollicitudines
1213 1745 1332 1786 esse
1360 1728 1682 1796 mundanas,
1711 1743 1830 1800 qua:

1939 544 2104 613 Ergo,
2135 542 2348 612 fratres,
2377 542 2552 601 videte
2577 559 2647 600 ne
2662 544 2820 601 vinea
2840 553 3017 600 vestra
3045 559 3152 600 non
3177 560 3309 601 uvas
3334 546 3512 610 faciat.

1938 636 2030 692 sed
2059 635 2270 704 spinas;
2304 617 2371 689 ne
2421 634 2575 689 vinea
2615 644 2792 689 vestra
2832 651 2938 691 non
2967 636 3145 690 vinum
3183 635 3393 705 all'erat,
3418 639 3515 694 scd

1939 735 2171 781 acetum.
2205 725 2455 795 Quisquis
2483 725 2626 780 enim
2656 725 2976 781 vindemiam
3006 727 3152 795 legit,
3183 735 3238 782 et
3263 730 3515 799 pauperi-

1936 819 2037 874 bus
2081 836 2192 874 non
2238 819 2479 886 largitur,
2511 819 2599 873 ille
2635 828 2846 874 acetum
2884 820 3117 887 colligit,
3160 838 3266 876 non
3309 825 3512 877 vinum.

1937 910 2189 980 Quisquis
2227 926 2428 966 messes
2458 909 2723 974 recondit,
2755 917 2810 965 et
2836 912 3192 980 indigentibus
3220 929 3326 969 non
3356 915 3516 970 mini-

1937 1009 2094 1069 strat,
2126 1003 2225 1058 iste
2265 1017 2372 1058 non
2404 1002 2669 1057 alimoniae
2699 1001 2903 1058 fructus
2939 1007 3194 1074 reposuit,
3225 1005 3316 1062 sed
3349 1007 3518 1064 tribu-

1940 1092 2022 1148 los
2045 1094 2282 1148 avaritim
2310 1093 2674 1161 congregavit.
2698 1092 2830 1148 Nam
2847 1105 3130 1166 propterea
3148 1099 3221 1153 ait
3239 1095 3516 1170 Scriptura

1935 1184 2002 1240 de
2031 1193 2172 1238 terra
2195 1193 2398 1248 nostra,
2425 1185 2617 1255 Spinas
2639 1193 2687 1237 et
2697 1184 2922 1266 tribulos
2937 1187 3240 1257 geminabit
3258 1190 3344 1244 tibi
3361 1189 3515 1262 (Gen.

1935 1290 2012 1340 Ill,
2047 1275 2156 1344 l8).
2187 1274 2372 1343 Igitur,
2405 1274 2618 1335 fratres.
2649 1275 2694 1330 si
2723 1275 2883 1330 vultis
2921 1285 2979 1332 ut
3009 1292 3165 1346 seges
3200 1289 3376 1335 vestra
3409 1298 3515 1338 non

1935 1364 2091 1419 vobis
2113 1365 2297 1433 spinas
2325 1364 2507 1432 gignat
2536 1373 2590 1417 ct
2623 1365 2869 1432 tribulos,
2898 1365 2991 1419 sed
3023 1365 3222 1422 fructus
3249 1385 3385 1438 qurs
3419 1387 3519 1442 op-

1939 1455 2064 1510 tatis
2091 1455 2390 1511 uberrimos
2426 1455 2697 1526 proferat,
2745 1455 3094 1523 indigentium
3129 1472 3342 1530 quoque
3389 1475 3517 1516 esu-

1934 1545 2066 1600 riem
2097 1554 2212 1601 toto
2243 1547 2528 1601 conamine
2569 1547 2762 1602 mentis
2791 1560 2857 1604 ex
2883 1545 3142 1602 fructibus
3174 1551 3371 1617 segetis
3393 1553 3520 1607 reli-

1934 1636 2068 1701 cite;
2101 1644 2158 1690 et
2184 1643 2242 1689 ut
2279 1635 2546 1691 vindemia
2573 1645 2747 1691 vestra
2791 1652 2900 1692 non
2927 1638 3083 1692 vobis
3129 1645 3372 1708 acetum,
3422 1644 3519 1698 sed

1933 1726 2116 1782 vinum
2144 1725 2332 1782 afferat
2354 1728 2794 1798 pulcherrimum,
2817 1727 3033 1798 ignitam
3055 1746 3347 1804 pauperum
3373 1733 3521 1793 sitim

248 1834 364 1875 eum
418 1830 675 1878 crescunt
723 1821 776 1876 in
824 1822 987 1878 corde
1031 1821 1295 1888 hominis,
1351 1819 1604 1876 mandata
1662 1820 1716 1876 in
1759 1835 1828 1876 eo
1861 1824 1904 1884 Β
1936 1821 2046 1875 vini
2077 1820 2286 1889 liquore
2314 1820 2661 1889 exstinguite,
2686 1829 2744 1874 ut
2786 1836 2892 1876 non
2923 1838 3044 1876 cum
3077 1821 3258 1892 iniquo
3286 1839 3521 1895 evange~

247 1909 536 1968 Salvatoris
581 1913 865 1969 sulfocant.
923 1913 1054 1982 Quis
1099 1915 1240 1969 cnim
1282 1929 1514 1985 unquam
1567 1915 1828 1985 sollicitus

245 2000 308 2057 de
351 2003 558 2058 mundo
595 2005 772 2074 potuit
817 2005 955 2061 bene
1001 2005 1261 2061 sollicitus
1301 2020 1422 2060 esse
1467 2005 1535 2060 de
1574 2004 1829 2061 Christo?

245 2089 368 2158 Quis
393 2091 526 2148 dum
569 2093 732 2150 lucris
759 2094 952 2150 domus
980 2111 1090 2151 sua:
1117 2095 1380 2167 providit,
1409 2097 1692 2152 utilitatem
1724 2095 1822 2153 Ec-

1935 1911 2045 1967 lico
2067 1911 2232 1966 divite
2256 1912 2309 1966 in
2340 1911 2623 1967 tormentis
2665 1913 2842 1982 posito
2869 1912 3024 1970 famis
3059 1915 3283 1985 sitisque
3307 1919 3519 1974 crucia-

1932 2011 2019 2058 tus
2060 2003 2373 2074 patiamini,
2403 2003 2499 2060 sed
2547 2019 2668 2060 cum
2719 2003 2924 2060 Lazaro
2962 2007 3211 2064 mendico
3256 2019 3310 2064 et
3358 2010 3520 2069 beato

1932 2094 2101 2151 Tobia
2125 2097 2594 2170 eleemosynarum
2623 2097 2878 2165 largitore
2906 2099 2956 2154 in
2980 2111 3237 2172 perpetua
3266 2101 3522 2167 felicitate

243 2183 408 2239 clesite
452 2187 637 2256 potuit
683 2187 1005 2257 providere?
1047 2186 1198 2243 Unde
1226 2189 1300 2242 ait
1343 2188 1678 2259 Apostolus:
1725 2189 1826 2254 Qui
1929 2189 2163 2256 gaudere
2204 2189 2548 2254 mereamini;
2592 2189 2854 2255 largiente
2895 2191 3124 2248 Domino
3165 2205 3365 2268 nostro,
3391 2195 3521 2252 Jesu

243 2275 346 2331 sine
371 2295 540 2334 uxore
561 2289 658 2348 est,
695 2280 950 2335 sollicitus
974 2291 1070 2348 est,
1114 2297 1229 2354 qua:
1272 2292 1394 2336 sunt
1420 2281 1539 2346 Dei,
1572 2283 1827 2355 quomodo
1929 2279 2168 2343 Christo,
2199 2281 2284 2335 cui
2327 2290 2410 2335 est
2436 2280 2632 2346 honor,
2674 2281 2841 2348 gloria
2872 2281 2924 2336 in
2951 2283 3146 2338 sarcula
3175 2286 3512 2345 saeculorum.

243 2369 431 2438 placeat
477 2369 599 2423 Deo
621 2387 640 2424 :
669 2371 755 2442 qui
783 2383 955 2426 autem
983 2389 1097 2426 cum
1124 2388 1291 2428 uxore
1321 2380 1419 2440 est,
1449 2374 1702 2429 sollicitus
1726 2383 1822 2440 est,

1932 2373 2122 2429 Amen.

1554 2488 1894 2552 HOMILIA
1941 2489 2178 2551 LXXX
2195 2535 2208 2549 .

1585 2587 1668 2643 De
1693 2588 1871 2644 eodem
1902 2588 2071 2643 natali
2105 2580 2188 2640 11.

1687 2671 2080 2736 ΑΒΜΟΝΙΤΙΟ.

361 2769 468 2850 59
498 2771 856 2850 lqcodicibus
868 2789 997 2850 _ms_s_.
1015 2775 1253 2850 quinque
1282 2774 1398 2850 hcce
1417 2771 1714 2850 heminas.
1729 2769 1962 2850 Maxirno
1986 2770 2213 2850 ascripta
2235 2771 2394 2850 subs:
2397 2772 2577 2850 quitur
2587 2772 2943 2842 superiorem.
2965 2773 3102 2828 Sunt
3122 2776 3365 2850 autemii
3379 2777 3518 2832 San-

241 2841 509 2916 gallensis,
535 2843 828 2899 Vaticanus
861 2843 1016 2916 #73,
1035 2841 1390 2916 'Veronensis
1417 2843 1505 2910 75,
1540 2842 1970 2916 liatisponensis.
1999 2841 2284 2916 Augiensis
2309 2841 2432 2916 _l_9,‘
2447 2842 2642 2910 quibus
2660 2841 2817 2898 certe
2844 2860 2979 2916 non
3004 2853 3087 2900 est
3114 2860 3218 2916 cur
3234 2845 3516 2916 quisquam

241 2914 753 2993 auctoritate-messe
795 2929 864 2993 ac
888 2913 1044 2993 [idem
1057 2915 1438 2993 denegandam
1473 2911 1792 2993 arbitretur;
1823 2913 2264 2993 cunipnesei-tiin
2287 2911 2422 2993 hate-0
2449 2921 2660 2993 nostra,
2693 2922 2748 2993 u_t
2770 2915 2938 2993 cuivis
2968 2914 3163 2993 lpgenti
3192 2911 3346 2993 facile
3373 2911 3518 2993 'con-

243 2982 415 3056 stabit,
448 2989 567 3056 tam
589 2984 660 3037 sit
680 2986 897 3056 ceteris
925 2985 1156 3042 homiliis
1186 2981 1400 3040 Maximi
1427 2985 1550 3056 styli
1591 2984 1802 3056 ratione
1829 2981 2047 3056 similis,
2075 2981 2209 3056 nihil
2245 2989 2303 3036 ut
2337 2981 2462 3056 tingi
2492 2983 2934 3056 possit_s_imilius.
2963 2981 3169 3056 itaque
3199 2985 3434 3056 codices,
3463 2989 3519 3044 in

241 3052 430 3128 quibus
453 3054 648 3128 eadem
675 3054 790 3128 lucc
813 3066 996 3128 nostra
1018 3055 1237 3128 homilia
1259 3056 1463 3128 omissa
1479 3049 1582 3118 est,
1603 3053 1734 3128 nihil
1758 3067 1962 3128 moror.
1984 3049 2153 3128 Hujus
2173 3060 2353 3128 autem
2381 3049 2436 3108 in
2456 3049 2646 3128 codice
2673 3049 3178 3128 Yaticanohmc'est
3200 3049 3476 3128 inscriptio
3501 3076 3516 3114 :

273 3137 310 3197 n_
325 3123 487 3177 natali
515 3125 580 3180 ὅ.
602 3122 867 3197 Cypriani.
899 3125 956 3181 In
985 3126 1213 3182 aliorum
1237 3126 1554 3196 quibusdam
1589 3142 1601 3178 :
1630 3123 1714 3197 De
1757 3122 2170 3197 eodem__ttatati.
2211 3121 2269 3178 lu
2303 3121 2600 3197 Veronensi
2631 3141 2659 3197 εξ
2679 3122 2814 3179 Item
2843 3125 2982 3197 unde
3008 3142 3194 3197 _s_upra.
3237 3121 3520 3192 Editorurn

243 3187 353 3267 fuit
376 3208 542 3267 neruo
581 3187 840 3267 qui-hanc
869 3197 1038 3267 ipsam
1067 3187 1340 3252 homilialu
1373 3192 2043 3267 ιιι-εει(ξι-ιηἰιιεξῐιειςιῐζῃξὶιιί⁸
2059 3207 2192 3267 esse
2217 3191 2766 3267 putarit._gymniegs
2787 3208 2912 3267 pag.
2956 3187 3220 3267 245'eam
3246 3197 3393 3252 dedit
3415 3187 3522 3256 hoc

243 3259 392 3337 titulo
425 3259 968 3337 {flairiiliarsecun'da
985 3267 1124 3320 unde
1149 3283 1338 3337 supra;
1367 3259 1668 3337 Galesinius
1696 3262 1974 3337 pag.Al63,
1994 3259 2260 3337 _Cum_diiis
2292 3270 2423 3318 tom.
2450 3259 2667 3333 leag.
2703 3259 2833 3330 771,
2867 3259 3194 3336 liaynaudus
3236 3281 3356 3336 pag.
3387 3267 3514 3336 255,

243 3328 571 3401 Margarinus
592 3334 646 3388 in
675 3333 811 3390 Bibl.
846 3335 987 3390 Max.
1020 3350 1144 3407 pag.
1177 3328 1267 3400 4'0.
1299 3328 1401 3392 hac
1428 3328 1721 3407 epigraphé
1755 3328 1881 3388 :‘De
1906 3332 2086 3388 eodem
2113 3334 2264 3403 festo.

242 3474 779 3559 MAnouur-zuyuu
815 3504 886 3559 -π
910 3475 1040 3559 lure
1061 3494 1123 3559 ac
1137 3479 1318 3559 nterifo
1335 3488 1438 3559 toto
1461 3496 1515 3533 in
1542 3478 1663 3559 orbe
1685 3475 1826 3533 ΕΙπὶ-
1853 3477 1894 3538 C
1929 3483 2104 3532 emtas
2122 3483 2180 3530 et
2199 3491 2296 3532 sua
2315 3475 2486 3534 factus
2498 3482 2604 3541 est,
2635 3482 2692 3529 et
2717 3474 2946 3529 aliorum
2973 3481 3147 3528 morte
3169 3477 3520 3546 conspicuus?

307 3545 479 3621 itiano
517 3546 582 3599 de
628 3546 796 3621 gloria
843 3545 904 3602 S.
946 3548 1192 3621 Cypriani
1230 3549 1510 3621 laetandum
1545 3557 1640 3621 cst,
1677 3563 1826 3621 quem

309 3618 558 3670 sanctitas
590 3617 928 3683 sacerdotem,
969 3617 1156 3688 peritia
1203 3618 1462 3674 doctorem
1482 3661 1497 3684 ,
1538 3619 1663 3674 ﬁdes
1689 3617 1835 3673 ’πων-

309 3693 471 3756 tgrem
498 3689 829 3742 consecravit.

307 3831 364 3888 ln
389 3835 651 3908 martyrio
675 3835 971 3893 beatissimi
1001 3837 1255 3911 Cypriani
1285 3840 1532 3896 universa
1555 3842 1832 3898 nobiscum

239 3925 435 3982 Christi
461 3928 697 3984 exsultat
725 3928 989 3999 Ecclesia,
1019 3946 1180 4001 quam
1203 3933 1260 3986 iu
1281 3947 1443 3988 omne
1469 3933 1746 4003 gaudium,
1777 3943 1833 3990 et

239 4017 480 4075 ctelestis
529 4019 831 4075 eruditione
876 4021 1142 4078 sermonis
1191 4023 1466 4089 instruxit,
1513 4033 1569 4081 et
1612 4041 1832 4081 munere

243 4107 589 4178 triumphalis
607 4111 882 4181 sanguinis
909 4111 1214 4180 decoravit;
1245 4113 1343 4170 fuit
1371 4116 1511 4172 enim
1543 4117 1596 4171 in
1625 4130 1722 4184 eo,
1754 4118 1830 4172 si-

238 4207 333 4254 cut
358 4207 699 4270 compertum
749 4200 1008 4258 habemus
1027 4244 1041 4270 ,
1074 4213 1129 4260 et
1167 4214 1357 4261 contra
1387 4221 1604 4264 errores
1631 4206 1828 4264 diaboli

238 4289 502 4361 spiritalis
547 4290 825 4361 sapientia:
863 4293 1173 4364 plenitudo,
1205 4304 1261 4352 et
1287 4296 1547 4354 adversus
1571 4312 1828 4369 persecu-

235 4381 420 4439 tiones
447 4383 632 4438 mundi
672 4383 964 4442 Christiani
994 4388 1234 4458 pectoris
1263 4389 1541 4461 infatigata
1571 4400 1826 4448 constan-

239 4470 334 4528 tia.
357 4472 492 4539 Quis
522 4489 627 4528 non
657 4473 965 4544 huiusmodi
987 4478 1159 4533 virum
1205 4482 1422 4550 quantis
1450 4481 1595 4538 valet
1620 4498 1827 4553 prteco-

240 4562 344 4618 niis
369 4573 748 4634 prosequatur,
771 4566 922 4636 cujus
952 4568 1258 4640 eloquentia
1287 4570 1543 4644 inspirata
1571 4573 1826 4630 divinitus

251 4661 296 4710 ξι
325 4652 598 4710 Ecclesias
618 4655 818 4721 docuit,
852 4668 905 4713 et
929 4660 1181 4715 sarculum
1211 4661 1544 4717 confutavit?
1572 4663 1710 4720 Vere
1737 4666 1826 4722 hic

249 4744 508 4800 mirabilis
545 4754 706 4815 atque
735 4748 977 4803 omnium
1009 4749 1205 4819 ubique
1233 4753 1422 4807 studiis
1447 4753 1822 4818 celebrandas,

1932 3568 2235 3626 Justissime
2263 3569 2348 3626 hic
2367 3583 2492 3626 cum
2512 3567 2816 3639 patriarcha
2836 3565 3001 3620 David
3031 3567 3264 3622 cantavit
3291 3567 3519 3626 Domino

1841 3726 1848 3730 α
1935 3657 2046 3714 Deo
2071 3675 2172 3716 suo
2196 3659 2419 3716 dicens:
2445 3655 2548 3714 Cor
2565 3673 2732 3712 ntettm
2757 3666 2808 3711 et
2845 3671 2969 3711 caro
2997 3673 3108 3711 mea
3135 3657 3520 3732 exultauerunt

1935 3749 2120 3806 iubeo
2147 3751 2256 3806 οξτο
2279 3749 2453 3822 (Psal.
2477 3749 2725 3820 Lxxxut).
2753 3747 3054 3804 Exsultavit
3082 3748 3262 3820 itaque
3279 3766 3376 3807 cor
3401 3751 3521 3822 ejus

1933 3842 1988 3898 in
2015 3841 2128 3898 Deo
2149 3842 2292 3909 vivo,
2322 3856 2466 3908 cum,
2496 3841 2776 3898 morientis
2803 3856 2868 3897 ac
2891 3840 3136 3896 morituri
3157 3843 3338 3898 seculi
3365 3846 3520 3900 vani-

1935 3941 2048 3989 tate
2063 3933 2342 4005 despecta,
2374 3941 2546 3989 totum
2570 3949 2630 3990 se
2655 3933 2850 3990 divinis
2868 3933 3196 4006 mancipavit
3217 3935 3516 4006 obsequiis;

1931 4024 2220 4081 exsultavit
2261 4032 2320 4080 et
2360 4039 2488 4081 caro
2535 4024 2652 4094 ejus
2699 4024 2752 4080 in
2779 4023 2923 4087 Deo.
2947 4041 3068 4096 qua:
3095 4025 3163 4082 de
3189 4026 3292 4084 hoc
3316 4028 3518 4086 mundo

1932 4133 2040 4174 non
2084 4117 2266 4172 miseri
2289 4117 2640 4189 corruptione
2662 4117 2966 4187 languoris,
2995 4118 3090 4174 sed
3128 4118 3230 4190 piis
3263 4136 3363 4191 pro
3391 4122 3520 4179 reli-

1929 4210 2089 4277 gione
2115 4209 2392 4280 suppliciis
2407 4217 2720 4266 consecrata
2741 4209 3009 4278 migravit.
3024 4208 3123 4266 llic
3141 4219 3225 4266 est
3244 4211 3334 4268 ille
3351 4228 3521 4270 evan-

1929 4301 2132 4370 gelicus
2158 4301 2545 4372 paterfamilias
2571 4301 2851 4372 proferens
2870 4301 2942 4358 de
2969 4301 3227 4360 thesauro
3251 4320 3352 4362 suo
3379 4323 3520 4364 nova

1928 4401 1985 4448 et
2030 4401 2216 4450 vetera
2249 4391 2482 4463 (Matth.
2517 4391 2626 4462 tu);
2664 4392 2755 4462 qui
2799 4391 3009 4448 Veteris
3053 4393 3296 4465 Novique
3325 4395 3518 4452 Testa-

1927 4482 2095 4538 menti
2141 4498 2306 4537 unum
2335 4489 2498 4551 atque
2552 4480 2605 4535 id
2647 4481 2820 4550 ipsum
2854 4481 3168 4552 mysterium
3198 4483 3514 4553 prtedicans,

1929 4570 2198 4628 Ecclesias
2225 4571 2424 4626 Christi
2455 4568 2871 4640 locupletissima
2920 4567 3283 4638 disputatione
3308 4571 3515 4629 ditavit.

1929 4661 2354 4732 lncorruptibilis
2381 4669 2544 4729 atque
2573 4657 2872 4714 indefessus
2901 4657 3044 4713 illius
3071 4667 3155 4714 est
3201 4659 3362 4716 hodie
3401 4663 3523 4720 the-

1927 4767 2136 4817 saurus,
2168 4751 2261 4822 qui
2290 4751 2570 4821 pecuniam
2615 4749 2819 4804 domini
2846 4749 2930 4805 sui
2960 4751 3332 4808 nummulariis
3374 4755 3524 4812 fene-

249 4847 410 4902 quem
449 4836 712 4891 sanctitas
745 4838 1104 4905 sacerdotem,
1129 4841 1323 4910 peritia
1357 4841 1658 4912 doctorem,
1698 4843 1826 4900 fides
1855 4846 1906 4905 D
1931 4860 2059 4900 rans
2085 4841 2326 4914 quotidie
2373 4843 2426 4897 in
2477 4841 2640 4898 corde
2686 4839 2920 4896 ﬁdelium
2965 4841 3168 4898 caelesti
3215 4843 3522 4904 divitiarum

249 4935 540 4998 martyrem
565 4929 919 4984 consecravit.
951 4927 1206 4994 Pretiosa.
1232 4932 1403 5008 inquit
1426 4933 1612 4999 David,
1636 4934 1689 4988 in
1711 4951 1834 4988 con-

247 5027 419 5086 spectu
436 5019 648 5074 Domini
663 5036 802 5074 mors
822 5028 1121 5075 sanctorum
1140 5022 1252 5092 ejus
1266 5021 1437 5092 (Psal.
1454 5022 1599 5093 cxv).
1619 5023 1828 5087 Videte,

247 5109 530 5172 carissimi.
547 5111 603 5165 in
617 5119 872 5180 quantam
889 5112 1211 5168 venerabilis
1224 5111 1522 5184 Cyprianus
1535 5114 1695 5168 etiam
1707 5129 1833 5185 pro-

247 5200 517 5269 pbeticam
562 5203 835 5272 ingressus
861 5210 943 5258 est
971 5204 1216 5272 laudem,
1244 5204 1398 5275 cujus
1443 5204 1498 5260 in
1535 5209 1829 5276 conspectu

249 5291 458 5349 Domini
479 5310 588 5350 non
609 5295 782 5350 solum
808 5310 978 5360 mors,
1005 5297 1099 5351 sed
1129 5306 1185 5352 et
1208 5298 1317 5352 vita
1338 5299 1544 5354 exstitit
1571 5299 1828 5369 pretiosa;

249 5386 531 5441 moriendo
557 5401 792 5457 namque
825 5387 1103 5458 pmprium
1143 5387 1362 5444 Christo
1389 5391 1701 5459 sanguinem
1729 5389 1828 5444 de-

250 5473 362 5540 dit;
413 5475 640 5532 vivendo
693 5477 1041 5532 nihilominus
1095 5480 1472 5558 cohortatione
1539 5479 1827 5536 fortissima

249 5566 557 5624 innumeros
583 5569 722 5626 cmlo
755 5578 1018 5643 martyres
1044 5571 1348 5643 acquisivit.
1381 5571 1521 5640 Quid
1568 5574 1674 5629 hoc
1713 5573 1827 5628 cla-

251 5657 357 5712 ri
376 5659 674 5724 saeerdote,
705 5661 796 5729 qui
827 5663 971 5717 inter
989 5663 1266 5718 hominum
1294 5666 1480 5720 turbas
1515 5665 1684 5734 gloria
1711 5679 1824 5721 cm-

253 5747 396 5806 lestis
423 5753 850 5818 conversationis
893 5755 1132 5822 emicuit,
1182 5765 1345 5826 atque
1378 5758 1518 5811 inter
1556 5757 1826 5826 angelicos

493 5847 762 5906 Ρηιιοι..
807 5847 994 5913 M'll.

856 6065 968 6108 ,λ’

1939 4944 2180 4992 sanctam
2211 4934 2480 5004 conquirit
2509 4925 2724 4989 u'suram
2755 4930 2968 5006 (Matth.
3002 4934 3152 5006 xxv).
3185 4934 3321 5002 Quid
3341 4938 3521 5007 igitur,

1937 5028 2152 5095 fratres,
2185 5036 2338 5083 tanto
2367 5027 2661 5098 speciosius
2693 5027 2826 5093 viro,
2871 5025 3025 5096 cujus
3070 5025 3186 5082 lucc
3229 5038 3314 5084 est
3340 5031 3523 5100 regula

1937 5129 1992 5175 et
2019 5134 2267 5176 mensura
2296 5119 2582 5187 sermonis,
2611 5126 2672 5173 ut
2714 5118 2854 5173 inter
2880 5118 3055 5174 varias
3083 5119 3360 5176 hominum
3390 5101 3522 5179 catt-1

1933 5228 2044 5279 sas,
2076 5220 2358 5282 motusque
2386 5211 2646 5274 diversos,
2679 5227 2822 5266 nunc
2845 5209 3127 5266 affectione
3155 5213 3351 5282 patris,
3382 5205 3524 5272 nunc

1937 5305 2259 5361 auctoritate
2311 5303 2550 5359 doctoris
2601 5303 2910 5358 consoletur
2953 5302 3212 5369 humiles.
3261 5305 3524 5374 superbos

1930 5395 2269 5465 comprimat,
2314 5393 2650 5462 negligentes
2695 5399 2904 5460 arguat,
2957 5393 3192 5462 increpet
3245 5393 3524 5450 inﬁdeles?

1932 5497 2188 5555 tantoque
2210 5486 2440 5555 denique
2462 5483 2659 5539 decore
2681 5482 3038 5539 sacerdotium
3067 5483 3338 5552 vitamque
3365 5497 3518 5538 suam

1932 5578 2015 5632 vir
2043 5575 2381 5631 ﬁdelissimus
2405 5571 2709 5635 adornavit,
2740 5579 2797 5626 ut
2829 5571 3126 5626 doctrinam
3151 5586 3304 5625 suam
3333 5570 3523 5626 subse-

1932 5668 2222 5738 quentibus
2268 5666 2612 5720 continuaret
2661 5663 2950 5733 operibns,
2999 5661 3321 5715 dominicam
3371 5661 3520 5718 illaut

1927 5756 2249 5814 sententiam
2300 5764 2487 5812 tenens
2518 5769 2532 5807 :
2567 5750 2666 5817 Qui
2693 5749 2924 5806 docuerit
2955 5757 3004 5803 et
3037 5749 3246 5820 fecerit,
3289 5749 3374 5803 hic
3398 5767 3520 5807 ma-

3225 5837 3300 5913 μ
