4056 6346
489 313 587 369 ιδι

1727 308 1784 365 S.
1824 309 1871 364 Μ
1880 308 2068 363 AXIMI
2109 308 2561 369 TAURINENSIS

491 427 810 483 habentibus
831 441 1016 481 aurqu
1039 422 1315 496 possidere
1330 421 1598 492 prohibet,
1625 435 1729 474 non
1753 420 2067 475 habentium
2098 426 2149 483 Α
2178 430 2202 459 ο
2231 422 2522 487 notionem,
2570 423 2700 477 nihil
2747 438 2811 477 ex
2861 438 2928 479 eo
2974 423 3308 494 proferentes
3355 423 3645 498 aliquando
3690 427 3754 482 ad

490 515 833 587 cupiditatem
858 525 884 554 α
909 530 1029 591 qua:
1054 528 1212 584 pinna
1238 512 1590 568 condemnat?
1609 511 1674 565 Et
1687 511 1732 567 si
1746 512 1837 580 qui
1852 511 2071 581 propria

491 608 724 661 ret'nent
770 605 1017 659 amittere
1047 604 1331 673 jubentur,
1377 602 1450 657 illi
1478 602 1569 671 qui
1604 602 1777 656 aliena
1818 601 2074 671 diripiunt

489 713 651 767 quam
670 696 902 766 graviter
924 693 1390 752 feriuntur?’Sunt
1410 695 1551 750 enim
1576 694 1833 764 plerique,
1859 694 2070 759 fratres,

489 789 579 856 qui
608 802 731 843 cum
750 787 938 842 humili
960 787 1080 842 loco
1108 786 1274 856 geniti
1300 785 1518 851 fuerint,
1545 794 1601 842 et
1627 786 1800 840 nullas
1828 800 1857 839 a
1881 799 2075 854 paren-

490 878 633 933 tibus
659 878 873 933 divitias
890 878 1167 933 consecuti
1186 886 1329 942 sunt,
1355 885 1502 931 tanta
1524 876 1761 931 avarititc
1782 875 2075 945 cupiditate

489 969 777 1038 jactantur,
809 977 866 1024 ut
892 977 1082 1039 putent
1110 984 1168 1024 se
1195 969 1312 1023 sine
1335 983 1495 1023 causa
1534 976 1719 1033 natos,
1752 968 1854 1022 nisi
1883 983 2073 1022 aurum

490 1074 706 1129 quoquo
734 1066 892 1130 pacto
921 1059 1284 1129 possederint;
1330 1059 1701 1114 existimantes
1741 1058 1905 1123 enim,
1935 1058 2074 1113 sicut

486 1151 565 1204 ait
586 1152 847 1221 propheta
871 1150 1025 1221 (Sap.
1052 1152 1184 1218 xv),
1216 1150 1382 1204 vitam
1412 1150 1688 1204 hominum
1719 1148 2072 1218 compositam

490 1241 556 1295 ad
578 1242 804 1305 lucrum,
833 1256 938 1295 non
971 1239 1218 1294 dubitant
1243 1239 1614 1308 undecunque,
1638 1240 1801 1294 etiam
1819 1254 1882 1293 ex
1910 1239 2069 1302 malo,

488 1316 804 1400 acquirere;
834 1337 997 1398 atque
1019 1327 1053 1366 δ
1085 1329 1158 1382 ita
1188 1327 1491 1398 hujusmodi
1532 1327 1809 1393 homines,
1840 1327 1965 1381 dum
1995 1326 2077 1380 ln-

490 1437 638 1476 crum
661 1420 775 1475 auri
796 1428 1060 1489 quzerunt.
1079 1419 1334 1472 damnum
1355 1417 1540 1472 salutis
1561 1417 1857 1472 inveniunt.
1876 1416 2077 1485 Requi-

492 1527 690 1575 ramus,
724 1510 935 1575 fratres,
959 1509 1123 1581 263
1157 1508 1581 1578 quotusquisque
1609 1515 1691 1562 est
1722 1509 1811 1577 qui
1842 1508 1943 1562 hoc
1969 1522 2075 1561 non

494 1603 566 1656 sit
595 1601 870 1656 imbutus?
899 1599 1061 1655 Pauci
1088 1598 1372 1653 admodum
1399 1599 1668 1668 sapientes
1689 1599 1756 1652 ab
1785 1598 1886 1652 hac
1908 1597 2075 1667 pesti-

494 1691 655 1749 lentia
678 1709 737 1749 se
763 1690 1072 1748 defendunt.
1094 1690 1153 1745 Si
1176 1690 1567 1759 negotiatorem
1591 1690 1826 1757 cogites;
1858 1696 2078 1758 pr0pter

2176 528 2365 581 usum,
2416 531 2484 570 ne
2531 516 2740 586 apertio
2788 515 3113 571 latebrarum
3153 515 3224 571 sit
3266 531 3429 572 causa
3472 516 3751 587 prodendi.

2174 600 2401 657 Servant
2420 611 2598 659 autem
2621 604 2748 659 illud
2774 613 2831 658 et
2861 620 2968 660 non
2992 613 3231 671 utuntur,
3255 614 3494 672 servant,
3519 606 3752 676 inquam;

2173 696 2422 751 custodes
2448 710 2577 765 ergo
2622 696 2849 751 dixerim
2895 697 3027 751 istos
3072 711 3223 757 esse.
3256 712 3364 752 non
3405 696 3676 762 dominos,
3702 706 3758 752 et

2175 786 2406 841 alienum
2451 787 2729 842 attendere
2767 786 3067 855 diligenter,
3101 802 3207 841 nou
3253 786 3532 857 proprium
3561 801 3759 841 conve'

2174 875 2386 931 nienter
2434 874 2758 944 expendere.
2803 875 2938 942 Quid
2975 888 3127 943 ergo,
3160 873 3371 941 fratres,
3412 875 3614 946 putatis
3660 876 3757 929 ba-

2175 968 2304 1023 bere
2331 983 2519 1022 aurum
2549 982 2667 1022 esse
2700 966 2946 1021 divitias?
2979 965 3090 1036 Ego
3119 966 3345 1023 dixerim
3380 965 3617 1035 majores
3643 978 3761 1022 esse

2174 1061 2387 1115 divitias
2423 1075 2613 1115 aurum
2649 1076 2756 1115 non
2801 1060 3000 1115 habere
3041 1060 3376 1131 :pretiosior
3422 1060 3568 1115 enim
3610 1074 3764 1123 mens

2184 1152 2201 1189 τ
2246 1151 2391 1220 ejus,
2442 1165 2559 1220 quae
2590 1166 2776 1206 aurum
2817 1150 3043 1220 despicit
3086 1165 3246 1220 quam
3290 1164 3409 1219 qua:
3455 1163 3649 1203 aurum
3676 1164 3764 1204 re—

2176 1242 2380 1311 quirit,
2447 1240 2677 1311 majores
2732 1241 2891 1313 plane
2942 1249 3067 1295 sunt
3126 1241 3324 1295 divitite
3399 1256 3506 1294 non
3561 1240 3763 1295 habere

2178 1348 2387 1400 aurum,
2439 1332 2532 1386 sed
2579 1347 2768 1386 aurum
2818 1332 3140 1388 habentibus
3178 1332 3437 1388 eminere.
3488 1330 3594 1398 Qui
3620 1333 3766 1387 enim

2178 1424 2410 1493 propriis
2437 1422 2670 1477 abundat
2697 1422 2853 1477 bonis
2870 1463 2885 1488 ,
2925 1422 3103 1477 seculi
3132 1423 3416 1477 thesauros
3442 1436 3555 1477 non
3582 1422 3765 1490 requi-

2179 1515 2279 1580 rit;
2311 1514 2451 1569 bona
2482 1523 2508 1562 8
2539 1514 2682 1567 enim
2727 1521 2851 1568 sunt
2889 1513 3127 1583 propria,
3159 1514 3435 1578 honestas,
3478 1512 3765 1575 sobrietas,
3836 1519 3851 1531 '

2177 1604 2572 1669 misericordia,
2602 1606 2822 1660 castitas
2856 1623 2869 1656 :
2900 1620 3021 1675 qua:
3048 1604 3190 1658 bona
3229 1604 3409 1659 omnia
3439 1618 3573 1657 auro
3598 1603 3768 1670 magis

2178 1703 2303 1749 sunt
2348 1696 2616 1765 pretiosa;
2668 1704 2725 1750 ut
2772 1695 2954 1749 sciatis
2994 1696 3086 1763 qui
3135 1695 3216 1749 his
3260 1694 3334 1748 ita
3366 1692 3391 1731 ιι
3426 1694 3614 1748 viliora
3644 1700 3771 1748 sunt

493 1786 771 1841 avaritiam
800 1785 1001 1855 primus
1040 1783 1092 1836 in
1122 1781 1278 1852 culpa
1306 1790 1406 1836 est.
1444 1793 1465 1820 ο
1498 1780 1555 1835 Si
1585 1781 1829 1835 militiam
1871 1788 2076 1835 tantum
2112 1798 2154 1858 Β
2180 1787 2393 1842 metalla
2418 1806 2430 1841 ;
2455 1788 2570 1842 auri
2596 1786 2797 1841 talenta
2823 1786 2927 1842 cmi
2950 1794 3174 1856 possunt
3198 1805 3209 1839 ε
3237 1786 3445 1855 argenti
3474 1800 3601 1840 vasa
3619 1800 3773 1840 com-

491 1875 778 1947 respicias;
808 1873 1073 1943 cupiditas
1104 1880 1214 1928 tota
1237 1880 1320 1926 est
1340 1872 1415 1926 illi
1438 1887 1598 1927 causa
1630 1872 1832 1925 militia:
1884 1872 1941 1926 Si
1968 1871 2082 1926 ofli.

402 1944 407 2008 Ῐ
492 1968 575 2021 cia
603 1966 806 2035 singula
837 1963 1210 2036 perscruteris,
1240 1964 1480 2018 invenies
1505 1963 1752 2021 homines
1782 1978 1887 2017 non
1912 1963 2082 2016 hone-

492 2066 637 2114 state
678 2056 870 2112 adduci
909 2055 975 2110 ad
1001 2055 1337 2125 obsequium,
1369 2054 1464 2110 sed
1494 2053 1669 2126 praeda
1707 2054 1869 2109 veluti
1893 2054 1960 2108 ad
1987 2070 2081 2109 ne-

493 2152 699 2218 gotium
728 2148 1029 2220 provocari.
1073 2146 1272 2203 Omnes
1313 2148 1473 2215 igitur
1501 2142 1646 2217 pene'
1680 2147 1842 2202 lucris
1881 2162 1945 2201 ac
1982 2162 2079 2200 ne-

494 2243 653 2309 gotiis
680 2241 929 2305 student;
960 2250 1016 2295 et
1054 2254 1175 2294 cum
1212 2239 1386 2309 primo
1425 2245 1649 2307 surgunt
1674 2237 1927 2301 diluculo,
1972 2253 2078 2291 non

491 2330 729 2401 cogitat
760 2330 858 2385 nisi
890 2339 946 2385 ut
974 2328 1172 2399 aliquid
1195 2329 1549 2400 undecunque
1578 2327 1892 2398 percipiant.
1924 2326 2079 2394 Quod

490 2424 536 2477 si
567 2430 661 2477 aut
706 2422 961 2476 honestas
987 2420 1312 2481 convicerit,
1362 2427 1456 2474 aut
1493 2418 1753 2474 retuderit
1792 2417 2080 2487 judicantis

461 2516 465 2521 ’
491 2493 799 2578 auctoritas,
831 2527 950 2568 cum
978 2528 1065 2567 res
1098 2512 1301 2567 alienas
1327 2512 1596 2581 diripiant,
1636 2512 1889 2566 damnum
1916 2525 1975 2564 se
2004 2508 2082 2571 fc-

490 2605 626 2660 cisse
671 2612 986 2673 queruntur.
1036 2601 1163 2657 Sine
1209 2618 1389 2666 causa,
1436 2602 1715 2672 inquiunt,
1766 2600 2074 2663 militamus,

490 2699 606 2753 sine
653 2712 815 2752 causa
866 2695 1199 2759 laboramus;
1249 2695 1408 2750 hodie
1453 2694 1671 2749 domum
1710 2692 1910 2747 referre
1948 2693 2079 2747 nihil

491 2787 661 2857 potui,
695 2786 946 2853 iniquitas
972 2783 1165 2852 judicis
1188 2784 1328 2839 male
1356 2799 1443 2839 me
1479 2783 1654 2838 facere
1680 2798 1786 2836 non
1814 2783 2072 2854 permisit.

490 2881 728 2934 Cunctos
758 2878 917 2947 igitur
944 2892 1082 2947 pene
1110 2876 1356 2930 homines
1383 2875 1549 2944 agitat
1579 2874 1833 2936 avaritia,
1872 2873 2077 2928 nullum

493 2972 560 3023 de
584 2970 666 3024 his
692 2969 933 3039 quietum
963 2983 1080 3023 esse
1117 2967 1395 3037 permittit.
1431 2965 1496 3019 Hi
1519 2966 1659 3020 enim
1702 2965 1794 3033 qui
1823 2965 1950 3019 nihil
1979 2965 2077 3018 ha-

494 3064 624 3117 bent
668 3060 961 3131 cupiditate
1001 3066 1350 3131 torquentur;
1401 3058 1476 3113 illi
1516 3059 1608 3128 qui
1648 3058 1859 3113 divitias
1906 3059 2077 3129 possi-

2182 1878 2357 1947 parari
2379 1886 2629 1947 possunt;
2652 1878 2906 1933 honestas
2930 1878 3072 1932 enim
3099 1894 3206 1933 non
3226 1878 3440 1942 emitur,
3463 1876 3560 1931 sed
3581 1876 3770 1944 aequi-

2179 1968 2343 2034 ritur;
2373 1968 2499 2038 quia
2521 1984 2629 2023 non
2655 1976 2869 2023 constat
2891 1969 3084 2039 pretio,
3113 1968 3209 2023 sed
3230 1968 3446 2022 virtute.
3476 1966 3559 2022 Tu
3584 1968 3769 2035 igitur,

2179 2060 2270 2129 qui
2301 2076 2492 2115 aurum
2519 2060 2784 2131 possides,
2805 2061 2852 2115 si
2880 2060 3076 2132 placet,
3096 2060 3239 2114 bona
3268 2058 3497 2113 invicem
3526 2057 3775 2112 contera-

2181 2167 2318 2206 mus.
2345 2150 2424 2204 Tu
2445 2166 2566 2205 cum
2590 2164 2813 2220 peregre
2835 2136 3205 2220 proﬁcisceris,
3232 2148 3463 2204 thesauri
3488 2147 3567 2202 tui
3587 2161 3775 2203 neces-

2179 2244 2323 2299 sario
2346 2244 2503 2315 267
2524 2243 2671 2298 domi
2692 2252 2990 2308 remanent,
3017 2242 3215 2312 quibus
3233 2242 3390 2310 longe
3413 2256 3447 2296 a
3470 2248 3522 2296 te
3549 2239 3768 2311 positis,

2178 2352 2405 2408 semper.
2424 2336 2680 2407 trepidus,
2711 2351 2925 2406 semper
2949 2336 3185 2390 incertus
3206 2350 3283 2398 es,
3307 2350 3373 2389 nc
3394 2349 3516 2389 cum
3545 2331 3771 2386 domum

2179 2429 2423 2497 redieris,
2454 2444 2560 2483 non
2590 2429 2791 2483 habeas
2818 2427 2961 2496 quod
3007 2428 3261 2482 habebas.
3293 2425 3369 2479 Ita
3398 2424 3524 2478 dum
3555 2437 3777 2492 semper

2180 2520 2523 2575 amissionem
2564 2533 2750 2573 eorum
2780 2518 2996 2582 metuis,
3028 2516 3170 2587 apud
3209 2515 3593 2571 conscientiam
3624 2518 3774 2567 tuam

2181 2611 2351 2665 nudus
2398 2618 2452 2666 "et
2496 2625 2703 2681 pauper
2746 2624 2823 2664 es.
2868 2607 2980 2677 Ego
3026 2616 3205 2662 autem
3250 2619 3575 2677 quocunque
3619 2604 3771 2668 iero,

2180 2717 2313 2757 mea:
2340 2701 2536 2755 divitia:
2565 2716 2651 2755 me
2695 2708 3011 2769 sequuntur,
3043 2713 3142 2754 nec
3184 2697 3423 2768 separari
3469 2704 3701 2766 possunt
3727 2711 3763 2748 a

2179 2810 2268 2850 me
2297 2796 2460 2859 bona,
2490 2793 2745 2863 quoniam
2775 2808 2882 2847 non
2914 2800 3130 2847 terreno
3176 2806 3367 2861 specu,
3414 2788 3506 2843 sed
3536 2787 3776 2858 pectoris

2185 2886 2440 2941 thesauro
2469 2884 2788 2939 retinentur.
2823 2883 2901 2937 'l'u
2929 2883 3088 2954 268
3107 2897 3229 2937 cum
3258 2879 3463 2936 recedis
3499 2893 3531 2932 a
3575 2878 3776 2933 smoulo

2180 2974 2551 3044 relinquendo,
2578 2981 2695 3029 tuas
2714 2973 2929 3027 divitias
2957 2971 3261 3042 perﬁidisti;
3287 2984 3387 3038 ego
3417 2977 3618 3030 autem,
3647 2981 3772 3021 cum

2181 3065 2311 3119 mihi
2332 3065 2399 3120 de
2420 3065 2524 3120 hoc
2556 3064 2569 3101 ί
2600 3064 2799 3118 mundo
2823 3064 3052 3132 migrare
3075 3062 3353 3128 contingit,
3382 3058 3597 3114 divitias
3624 3071 3774 3110 meas

494 3155 624 3209 dent
673 3152 1030 3208 sollicitudine
1069 3152 1404 3218 cruciantur;
1443 3165 1543 3205 nec
1584 3150 1711 3221 ipsis
1748 3148 1773 3187 δ
1814 3150 1950 3206 bene
1997 3157 2081 3206 est
2106 3166 2152 3229 ρ
2183 3170 2395 3212 mecum
2413 3153 2479 3209 ad
2500 3154 2803 3225 paradisum
2825 3154 3127 3217 veho;tuas
3142 3152 3354 3206 divitias
3377 3157 3495 3219 post
3518 3157 3771 3206 mortem.

491 3245 581 3314 qui
611 3242 888 3299 recondito
926 3257 1057 3297 auro
1094 3240 1384 3305 i::cubant,
1422 3241 1531 3296 imo
1562 3240 1692 3310 ipsis
1719 3248 1802 3296 est
1841 3241 2074 3308 gravius.

492 3336 715 3407 Semper
739 3334 882 3390 enim
910 3342 1035 3389 sunt
1061 3333 1223 3396 anxii,
1264 3332 1462 3397 incesti,
1492 3332 1704 3388 solliciti
1733 3347 1801 3388 ne
1832 3334 1936 3388 boc
1964 3348 2077 3388 ser-

494 3443 588 3485 vus
616 3429 853 3492 auferat,
897 3444 963 3484 ne
1004 3428 1087 3482 l'ur
1131 3427 1376 3494 ellodiat;
1405 3436 1566 3499 atque
1596 3428 1717 3484 ideo
1741 3430 2079 3485 retrudentes

496 3514 620 3578 illud
652 3523 887 3580 tenebris
914 3523 987 3577 ita
1015 3522 1373 3590 abscondunt,
1396 3530 1455 3576 ut
1474 3522 1709 3577 omnium
1731 3522 2086 3591 subterfugiat

567 3648 589 3708 ἐ
618 3638 751 3708 Cod.
782 3637 959 3708 Casia.
995 3653 1070 3703 Ill,
1099 3653 1197 3708 qua
1227 3652 1376 3706 paena
1411 3635 1755 3690 condemnat?

570 3706 596 3743 δ
622 3707 755 3760 Cod.
792 3706 1002 3759 Martin.
1036 3706 1235 3759 omittit
1262 3708 1355 3760 ita.

2183 3246 2432 3317 exemplo
2469 3246 2608 3300 illius
2632 3246 2909 3315 purpurati
2934 3244 3130 3309 divitis,
3150 3243 3284 3312 ignis
3306 3251 3361 3296 et
3386 3241 3619 3296 tenebrae
3640 3240 3772 3293 sub.

2185 3346 2515 3407 sequentur;
2562 3351 2711 3392 meas
2759 3336 3005 3405 divitias,
3056 3335 3305 3406 exemplo
3360 3332 3576 3395 La'zari,
3622 3332 3775 3385 sinus

2190 3429 2415 3487 Abrahae
2448 3437 2503 3484 et
2527 3428 2804 3484 beatitudo
2833 3429 3108 3500 suscipiet.

2269 3633 2286 3672 ¹
2321 3634 2721 3705 Cod.*~Martin.,
2753 3636 3027 3705 pretiosior
3046 3635 3184 3689 enim
3214 3650 3352 3688 mens
3380 3645 3479 3701 est,
3507 3649 3628 3703 qua,
3658 3641 3766 3687 etc.

2258 3714 2283 3751 ε
2313 3704 2447 3760 Cod.
2478 3703 2690 3760 Martia.
2725 3703 2924 3759 omittit
2949 3706 3103 3759 enim.

3654 297 3859 371 ω’

567 3787 590 3812 ε
622 3775 751 3830 Cod.
785 3776 1018 3836 Martin.,
1045 3776 1103 3829 Si
1126 3777 1425 3839 militantes,
1450 3775 1643 3830 deinde
1664 3787 1739 3829 est
1767 3776 1871 3830 illis
1893 3792 2071 3829 causa.

563 3843 589 3881 δ
621 3843 753 3899 Cod.
783 3844 985 3906 Casin.,
1013 3861 1105 3897 nec
1128 3842 1254 3911 ipsis
1281 3847 1418 3899 enim
1448 3843 1590 3899 bene.

568 3925 591 3951 ⁶
619 3912 753 3968 Cod.
791 3913 1022 3975 Μαι-ηπ..
1069 3913 1403 3985 subterfugiat
1447 3916 1714 3979 notitiam,
1765 3916 1895 3969 nihil
1937 3917 2075 3969 enim

498 4002 561 4041 σε
588 4001 667 4040 εο.

507 4094 1070 4121 PM—

2259 3772 2282 3811 ¹¹
2313 3774 2447 3828 Cod.
2481 3773 2717 3844 Martin.,
2743 3776 2957 3829 meliora
2982 3791 3081 3844 pro
3110 3775 3311 3829 viliora.

2257 3846 2275 3883 ί
2309 3844 2445 3899 Cod.
2475 3843 2682 3899 Martin.
2713 3845 2911 3901 omittit
2934 3843 3156 3908 mando;
3179 3845 3377 3898 omittit
3396 3843 3560 3897 etiam
3581 3856 3768 3897 vocem

2179 3931 2341 3969 meas.
2360 3942 2363 3943 '

1084 4100 1489 4112 —.———————

1436 4154 2058 4262 CLASSIS
2142 4154 2844 4282 ΟΠἉΒΤΑ.

1305 4324 1930 4409 HOMILI/E
2005 4329 2182 4411 DE
2255 4326 2961 4411 DIVERSIS.

1249 4598 1257 4606 '
1320 4622 1350 4649 ι
1751 4608 2093 4672 HOMILIA
2142 4609 2493 4672 LXXXIII.
2745 4651 2749 4655 .
2838 4686 2843 4690 ι

1787 4709 1871 4767 De
1908 4712 2185 4768 tradilione
2222 4712 2476 4782 Symboli.
2893 4724 2953 4755 ’νν
3058 4706 3059 4709 “
3763 4721 3773 4773 i

1932 4798 2324 4856 ADMONITIO.

569 4893 827 4949 Praeclare
852 4892 1101 4947 meritum
1129 4890 1196 4943 de
1216 4888 1453 4962 Ecclesia
1476 4889 1840 4962 jamdiximus
1868 4888 2111 4962 sanctum
2138 4888 2448 4962 Maximum,
2472 4891 2618 4962 quod
2652 4891 2911 4962 imprimis
2938 4905 3045 4947 non
3075 4906 3207 4946 voce
3225 4899 3463 4962 tantum,
3486 4893 3581 4947 sed
3601 4892 3766 4949 etiam

493 4965 725 5035 scriptis
746 4962 1103 5035 suis‘puriora
1142 4957 1865 5035 sanctioraque_Chr_istian:e
1911 4960 2184 5029 religionis
2223 4960 2475 5028 dogmata
2493 4957 2743 5035 ediderit
2772 4977 2835 5015 ac
2882 4961 3284 5035 propagaverit.
3329 4960 3528 5016 Pncter
3574 4963 3765 5035 multa,

495 5029 689 5112 quibus
713 5029 944 5112 homiliae
973 5040 1322 5112 ctusemlqnes
1349 5029 1466 5112 ejus
1492 5030 1880 5112 abundante-sit
1907 5039 2241 5112 argumenti;
2250 5029 2772 5112 commendatissima
2801 5029 3029 5112 symbol}
3057 5031 3343 5100 expositio,
3374 5031 3635 5112 (luamus.
3655 5048 3766 5112 an-

497 5097 649 5160 tistes
676 5103 729 5156 in
758 5103 858 5156 hac
879 5100 1094 5155 homilia
1121 5097 1389 5171 sapienter
1413 5108 1574 5171 atque
1601 5097 2178 5171 eleganter_pr;estitit._
2202 5097 2541 5171 Enumeratis
2570 5101 2801 5171 primum
2828 5097 3108 5171 codicibus
3126 5097 3280 5171 iussn
3307 5097 3406 5169 qui
3426 5101 3494 5155 de
3528 5099 3767 5171 Maximo

499 5175 655 5230 tidem
686 5171 905 5237 faciunt,
932 5171 1139 5240 variam
1164 5169 1309 5240 tituli
1337 5169 1737 5240 inscriptionem
1765 5168 2117 5240 proferemus.
2153 5168 2327 5240 igitur
2347 5168 2842 5240 codiceszaticani
2872 5178 2981 5225 tres
3006 5168 3061 5224 S.
3092 5169 3305 5225 Maximi
3340 5185 3544 5240 nomen
3574 5170 3768 5240 pnefe-

496 5252 638 5307 runt,
670 5236 862 5309 nempe
888 5239 1024 5294 1278
1048 5253 1166 5309 pag.
1200 5237 1323 5309 126,
1354 5236 1641 5309 645ἷρεις.
1669 5236 1965 5309 78,’ν;ιιίρ,
1996 5236 2267 5309 Palatinus
2290 5237 2396 5309 ῥ’ὄῖ
2422 5254 2543 5309 pag.
2569 5238 2693 5302 5%,
2718 5255 2782 5295 ac
2810 5247 3069 5309 pneterea
3096 5240 3319 5309 codices
3336 5236 3678 5309 Novaricnsis
3699 5239 3766 5293 27

496 5328 618 5385 pag.
650 5310 772 5377 240,
797 5307 1082 5366 Brixiensis
1257 5307 1381 5372 2l0,
1407 5307 1691 5390 Augiensis
1713 5325 1816 5390 xiv,
1850 5308 2255 5377 Ratisponensis
2280 5307 2465 5389 Sancti
2493 5307 2965 5433 Emmeramipag.
2990 5307 3077 5374 42,
3109 5324 3173 5363 ac
3201 5307 3415 5363 tandem
3445 5307 3769 5366 Laurentia-

496 5400 632 5433 nus:
663 5380 802 5433 Plut.
828 5397 914 5433 xw
941 5395 1062 5433 uae.
1091 5380 1112 5433 l
1197 5419 1208 5432 .
1235 5377 1419 5432 Nullus
1448 5379 1583 5432 alius
1612 5395 1739 5433 mss.
1767 5378 1919 5433 liber.
1946 5384 2039 5431 aut
2064 5378 2233 5431 codex
2263 5378 2416 5431 nobis
2444 5379 2698 5433 occurrit.
2727 5380 2816 5433 nui
2866 5395 2987 5433 iane
3010 5379 3282 5432 homiliam
3304 5379 3410 5432 alio
3431 5380 3531 5432 sub
3552 5379 3769 5433 nomine

494 5377 632 5439 ἱιιιῖιι
663 5380 802 5451 Plut.
828 5397 914 5451 xiv
941 5395 1062 5451 pag.
1091 5377 1208 5433 [43.
1235 5377 1419 5451 Nullus
1448 5379 1583 5451 alius
1612 5378 1919 5451 mss‘._liber,
1946 5384 2039 5451 aut
2064 5378 2233 5451 codex
2263 5378 2416 5451 nobis
2444 5379 2819 5451 occurrit,_qui
2842 5377 2987 5448 lianc
3010 5379 3282 5451 homiliam
3304 5379 3410 5451 alio
3431 5379 3771 5451 sub‘nomine

494 5453 712 5509 referat.
741 5450 848 5506 Sed
873 5446 1120 5518 magnam
1148 5463 1270 5504 esse
1298 5449 1349 5502 in
1378 5448 1652 5518 codicibus
1678 5447 1834 5518 video
1862 5446 1998 5518 tituli
2029 5447 2370 5518 varietatem.
2394 5447 2666 5518 Incodice
2702 5446 3081 5518 Ratisponensi
3107 5447 3189 5501 his
3223 5448 3366 5502 notis
3389 5447 3725 5518 exprimitur
3751 5466 3767 5501 :

496 5522 728 5580 [familia
756 5521 922 5576 sancti
949 5515 1172 5581 Maximi
1202 5520 1255 5572 in
1286 5516 1563 5586 tradilione
1604 5515 1854 5586 symboli,
1887 5516 1950 5568 de
1977 5515 2293 5586 expositione
2320 5515 2744 5586 ejusdemrzldem
2777 5515 2961 5573 titulus
2999 5518 3182 5572 existit
3221 5517 3272 5570 in
3302 5515 3489 5586 codice
3523 5515 3768 5586 Laure“-

495 5595 675 5657 tiano;
704 5592 1003 5646 breviorem
1031 5589 1193 5643 habet
1226 5586 1401 5657 codeat
1427 5584 1737 5657 Aegiensis,
1786 5599 1978 5657 nempe
2013 5602 2026 5637 :
2073 5584 2507 5657 ﬂomilia‘mngti
2534 5584 2757 5641 Maximi
2787 5590 2841 5641 in
2873 5586 3155 5657 traditione
3176 5584 3425 5657 symboli;
3456 5596 3512 5640 et
3538 5585 3772 5657 similem

494 5650 782 5732 praeferunt
807 5659 1021 5732 codices
1048 5658 1344 5732 V_atieanus_
1370 5650 1539 5732 Palat.
1572 5654 1638 5707 et‘
1662 5650 2020 5732 l‘iovariensis.
2060 5650 2979 5732 ‘Codexgltecvaticanni($152”;
3023 5656 3101 5709 De
3140 5650 3469 5732 expositione
3505 5654 3727 5732 εει-ηεροιί
3748 5671 3768 5706 :

486 5722 660 5789 ianua
686 5732 849 5787 samli
877 5727 1097 5803 Maximi
1123 5726 1365 5799 episcopi.
1398 5722 1504 5779 Sed
1532 5724 1824 5784 speciosior
1852 5732 1933 5780 est
1959 5722 2142 5780 titulus
2170 5724 2372 5781 codicis
2393 5724 2632 5780 Vaticani
2668 5726 2822 5797 1278,
2854 5727 3062 5783 scilicet
3088 5745 3100 5779 :
3131 5722 3360 5780 Sabbura
3390 5735 3512 5788 ante
3538 5722 3765 5782 Palma:
