4056 6346
345 355 452 414 ιω
1619 355 1898 414 HOMILIA
1939 359 1942 409 1

2046 355 2211 412 XXIII.
3507 362 3614 421 454

339 473 398 526 in
428 469 706 528 traditione
729 473 948 544 symboli
972 492 989 530 :
1017 491 1184 532 sermo
1209 475 1376 532 sancti
1417 472 1640 528 Haximi
1666 472 1892 542 episcopi
1921 471 1986 525 de
2011 472 2332 542 expositione
2355 471 2618 594 (clauim;
2648 473 2870 545 ejusque
2897 473 3085 532 similis
3114 475 3386 546 inscriptio
3415 477 3619 536 codicis

340 539 669 594 Brixiensis:
696 543 762 594 In
789 547 1068 594 traditione
1095 545 1312 594 "nuntiati
1333 561 1349 594 :
1370 560 1538 594 sermo
1558 543 1692 594 beati
1717 541 1940 594 Maximi
1967 543 2196 594 enisconi
2217 549 2340 594 ante
2393 543 2669 594 omittimus
2698 543 3020 594 Palmm-um.
3047 544 3206 594 Plura
3233 547 3287 594 in
3311 547 3614 594 huiusmodi

339 539 634 624 prisiensis
655 539 1068 624 g_lrt'traditione
1095 545 1312 624 syiugoli
1333 561 1349 598 :
1370 560 1538 624 sermo
1558 539 1703 623 beati
1717 539 1940 624 Insigni
1967 539 2196 624 episcopi
2217 549 2340 595 ante
2355 539 3024 624 (ΙοιιιὶιιξικιριιῬαζιιιιιιιιιιιιζ
3047 544 3206 624 Plura
3311 547 3616 624 huiusmodi

340 612 784 684 inscriptionibus
803 612 1161 684 continentur.
1205 617 1272 670 Et
1299 613 1523 684 quidem
1557 613 1731 684 primo
1775 612 2107 684 designa_t_ur_
2134 612 2345 684 tempus
2389 627 2498 684 quo
2545 613 2728 669 habita
2773 613 2874 670 fuit
2914 631 2944 670 a
2990 616 3049 670 S.
3091 616 3328 671 antistite
3373 612 3589 672 liomilia

339 659 2890 763 sese"ii—'ga'uaiaf_3'.:g;:§;.1.3;;“eas;usussane;fuissegaianassessua
2914 659 2974 740 ἐι
2991 659 3618 763 ῑξυῐεῑῖίῖῖῑξορῖῑίῑϊι

337 747 614 827 lavacrum
638 755 1070 827 regenerationis
1103 755 1409 827 inpsablgato
1436 747 1624 827 sancto
1665 747 1998 827 admittendi
2023 761 2224 805 essent.
2251 747 2498 827 Secundo
2525 751 2941 827 demonstratur,
2976 747 3089 827 toto
3118 747 3454 827 probationis
3479 765 3617 812 tem-

338 835 479 906 pore
502 821 838 906 baptizandis
863 825 1075 906 nonnisi
1097 825 1268 906 prima
1291 823 1412 906 ﬁdei
1429 824 1580 906 tradi
1600 822 1948 906 consuevisse
1967 821 2308 906 documenta,
2335 821 2477 906 ct‘ad
2501 823 2805 906 augustiora
2829 821 3618 906 secLetioraqueeognoscenda

338 893 599 974 mysteria
626 893 908 977 admissos
936 893 1131 960 fuisse}
1180 896 1272 952 ubi
1316 893 1632 976 Christiana;
1679 905 1942 962 persever:

339 957 596 1018 Ecclesne
623 972 888 1021 institutio
919 965 1160 1021 tradendi
1188 964 1470 1032 neopbyus
1499 961 1621 1018 ﬁdet
1649 961 1887 1032 regulam
1918 975 1942 1032 a

2046 906 2094 945 te
2137 899 2454 956 argumenta
2501 893 2872 962 przebuissent.
2924 893 3107 950 Tertio
3140 893 3353 966 optima
3398 903 3624 967 apparet

2063 968 2187 1015 octo
2211 961 2328 1032 dies
2351 961 2676 1032 baptismum
2704 963 3097 1032 prtecedentes,
3121 973 3180 1020 ut
3200 981 3319 1021 eam
3347 967 3621 1021 memoria:

340 979 596 1018 noctesue
623 979 888 1021 lltSlllulIO
919 979 1160 1021 trauendt
1188 980 1290 1022 neo
1329 979 1470 1035 nyus
1499 979 1621 1018 nne:
1649 979 1887 1029 regulam
1918 979 2042 1016 ante
2063 979 2187 1015 octo
2211 979 2328 1016 mes
2351 979 2676 1032 baptismum
2704 979 3097 1032 przeceuentes,
3121 979 3180 1020 ut
3200 981 3319 1021 eam
3347 979 3621 1021 memoria:

339 1032 682 1118 mandarent,
700 1041 765 1118 _et
793 1050 980 1118 coram
1001 980 1394 1118 Ecclesia_diiim
1417 1033 1771 1118 initiabantur
1785 1030 2115 1118 baptismate
2141 1030 2544 1118 proﬁterentur.
2572 1031 3621 1118 Quarto.recolitur.canon_ecelesiasti-
3673 1037 3697 1110 ,ί

341 1116 442 1157 cus
467 1102 874 1160 administrandi
901 1105 1217 1160 solemniter
1243 1103 1493 1228 bantismi
1531 1103 1585 1156 in
1613 1102 1840 1156 sabbato
1885 1109 2104 1166 sancto,
2136 1102 2228 1168 qui
2273 1117 2392 1156 mos
2436 1111 2684 1157 servatur
2727 1102 2890 1158 etiam
2932 1104 2986 1159 in
3031 1105 3206 1172 vigilia
3248 1103 3620 1172 Pentecostes,

341 1172 794 1242 quemadmodum
834 1175 1048 1242 scripsit
1070 1173 1127 1230 S.
1170 1174 1281 1229 Leo
1367 1213 1381 1230 .
1413 1173 1480 1227 ad
1509 1172 1793 1242 episcopos
1820 1170 2036 1242 Sicilia),
2067 1169 2362 1242 admonens
2392 1187 2488 1242 eos
2524 1187 2596 1227 ne
2635 1173 3014 1242 aliotempore
3055 1182 3241 1229 contra
3270 1175 3623 1242 apostolicam

337 1185 794 1240 quemaomoonm
834 1185 1048 1245 scripsit
1070 1185 1127 1230 δ.
1170 1185 1281 1229 Leo
1310 1185 1381 1230 tl.
1413 1185 1480 1227 ac
1509 1187 1793 1242 episcopos
1820 1185 2036 1236 διειιιω,
2067 1185 2362 1226 amnonens
2392 1187 2488 1227 eos
2524 1187 2596 1227 ne
2635 1185 2742 1228 auo
2773 1185 3014 1242 tempore
3055 1185 3241 1229 contra
3270 1190 3300 1228 a
3341 1185 3623 1230 ostolicam

341 1239 689 1324 traditionem
716 1243 944 1300 solemni
971 1245 1442 1326 rituhaptismum
1475 1241 1804 1324 conierrent.
1829 1239 1906 1294 Ita
1936 1240 1989 1294 in
2017 1256 2106 1310 ep.
2141 1238 2228 1306 l6,
2261 1247 2395 1296 tom.
2437 1241 2477 1306 I,
2500 1255 2644 1367 lpag.
2676 1241 2781 1298 715
2818 1242 2951 1324 edit.
2996 1241 3187 1299 Venet.
3425 1245 3624 1328 Quinto

341 1320 624 1367 msmcttur
651 1329 845 1367 munus
873 1330 992 1367 esse
1020 1329 1397 1367 emscooorum
1436 1312 1682 1367 doctrina
1711 1325 1940 1367 primum
1970 1309 2203 1366 formare
2248 1327 2418 1367 novos
2464 1309 2497 1363 ﬁ
2536 1311 2676 1367 eles.
2716 1312 2938 1367 perinde
2981 1327 3077 1367 eos
3122 1328 3276 1367 anuis
3301 1315 3624 1367 salutaribus

341 1310 624 1381 inspicitur
651 1329 845 1369 munus
873 1330 992 1370 esse
1020 1309 1206 1384 episco
1243 1329 1397 1369 orum
1436 1312 1682 1368 doctrina
1711 1312 1940 1381 primum

340 1381 584 1437 abluere.
615 1380 955 1440 Clarissimus
982 1331 1340 1439 Trombe‘ilius
1362 1383 1430 1438 de
1453 1382 1768 1449 theologieis
1793 1380 1942 1453 studi.

2046 1309 2203 1366 'mare
2248 1327 2418 1367 novos
2464 1309 2676 1376 ﬁdeles,
2716 1311 2938 1383 perinde
2981 1327 3077 1368 eos
3122 1314 3276 1382 aquis
3301 1309 3625 1370 salutaribus

2046 1381 2206 1453 ptime
2227 1381 2450 1453 meritus
2470 1381 2630 1453 docet
2659 1383 2765 1453 hoc
2797 1383 3119 1453 symbolum.
3147 1383 3290 1450 quod
3312 1397 3343 1436 a
3370 1383 3427 1438 S.
3452 1383 3623 1439 Maxi-
3689 1437 3694 1448 ,

338 1467 436 1525 me
455 1453 782 1525 explicatur,
813 1455 989 1525 ipsum
1018 1469 1138 1509 esse
1159 1469 1272 1525 quo
1298 1469 1360 1508 ea
1386 1461 1550 1525 aetate
1593 1453 1874 1525 utebatur_
1887 1449 2127 1525 Ecclesia
2151 1451 2210 1525 in
2233 1449 3021 1525 _ba_pt_ismi“admini_strati_one,
3069 1460 3126 1507 et
3165 1449 3456 1525 convenire
3499 1470 3624 1509 eum

341 1520 470 1577 ﬁdei
513 1519 698 1594 rcgula
737 1519 806 1580 ab
835 1519 1132 1594 'Augustino
1158 1519 1353 1578 tradita
1385 1522 1475 1577 lib.
1505 1521 1572 1594 de
1600 1521 1730 1576 Fide
1759 1529 1815 1574 et
1841 1519 2122 1594 Symbolo.
2144 1519 2291 1594 Fide
2311 1519 2452 1594 illius
2476 1520 2692 1577 dissert.
2717 1520 2752 1574 6
2775 1520 3024 1594 deliapt.
3057 1535 3177 1593 cap.
3209 1522 3261 1594 ip,
3286 1521 3406 1594 Non
3432 1523 3625 1594 immo-

338 1606 528 1663 ramur
555 1588 609 1648 in
638 1588 979 1649 recensendis
1020 1593 1338 1651 editoribus.
1384 1591 1536 1662 Apud
1575 1588 1896 1663 omnesest'
1912 1589 2081 1659 prima
2127 1588 2193 1643 de
2235 1588 2470 1663 Diversis
2517 1588 3072 1663 sagictoque_hiaiimo
3104 1588 3410 1648 ascribitur.
3441 1592 3626 1663 Neque

339 1662 663 1720 coIlectores
692 1663 965 1720 Romanos
985 1679 1179 1734 urgere
1203 1659 1465 1727 volumus,
1496 1661 1588 1731 qui
1619 1676 1738 1716 eam
1770 1660 1910 1714 inter
1938 1673 2216 1714 sermones
2243 1659 2299 1714 S.
2327 1660 2596 1716 Ambrosii
2627 1659 2772 1716 num.
2805 1659 2876 1716 20
2905 1661 3209 1718 ediderunt.

338 1771 508 1844 389
522 1771 1001 1844 Αιιςιιιιειιτιιιιη-
1017 1770 1316 1844 Symbolum
1331 1770 1578 1844 traditum
1599 1767 1664 1844 ab
1685 1767 1933 1844 apostolis
1962 1769 2005 1829 Α
2036 1766 2248 1822 virtutis
2274 1767 2596 1824 ostenditur.
2629 1767 2723 1825 Est
2752 1785 2982 1840 namque
3007 1787 3106 1844 per
3134 1771 3424 1842 ingenitam
3453 1771 3627 1828 deita-

414 1837 513 1922 ῖιιῗι
540 1851 596 1896 ιιι
613 1842 789 1922 eodem
807 1837 1123 1897 credentium
1138 1843 1320 1922 futura
1341 1840 1629 1922 diversitas,
1647 1837 1794 1922 ita”!
1812 1837 1937 1922 ﬁde-

412 1908 510 1980 les,
534 1929 566 1966 α
589 1913 803 1983 perﬁdis
828 1908 1229 1968 secemereutnr.
1257 1910 1371 1975 Quo
1385 1911 1645 1983 explicato
1674 1908 1936 1983 Maximus

413 1979 734 2054 gamma
771 1983 984 2038 veritate
1018 1996 1424 2054 unumquemque
1454 1979 1776 2034 credentium

412 2049 787 2178 C‘I‘n‘iitianam,
820 2055 1039 2108 viventes
1068 2049 1411 2122 sanc'tifica'ri,
1438 2059 1488 2105 et
1514 2061 1741 2105 mortuos
1762 2049 1938 2104 reduci

413 2142 448 2178 a
516 2132 692 2178 utam.
1875 2171 1890 2178 -

413 2125 486 2178 ad
516 2125 692 2178 ritum.

413 2213 553 2272 Cum
581 2214 722 2286 apud
749 2223 934 2286 patres
965 2221 1196 2282 nostros,
1226 2213 1368 2268 sicut
1405 2211 1542 2266 liber
1577 2209 1820 2266 Iudicum
1849 2224 1939 2264 re-

342 2307 469 2371 lert,
508 2306 754 2377 quaedam
795 2303 1102 2359 Israelitica:
1150 2305 1320 2359 tribus
1371 2303 1517 2358 civili
1557 2301 1842 2356 adversum
1880 2314 1940 2355 se

342 2396 532 2468 przelio
559 2395 918 2462 decertarent,
965 2411 1065 2450 nec
1110 2402 1332 2465 propter
1378 2393 1712 2450 consimilem
1757 2390 1940 2462 populi

344 2487 506 2542 unius
532 2485 773 2540 habitum
812 2484 952 2539 inter
993 2484 1256 2540 bellantes
1301 2492 1489 2554 posset
1514 2498 1634 2538 esse
1661 2481 1938 2550 discretio,

344 2578 522 2633 tribus
563 2576 650 2630 illa
696 2575 851 2645 cujus
888 2575 1084 2645 justior
1105 2563 1230 2631 erat
1252 2591 1414 2630 causa
1447 2567 1740 2646 pugnandi,
1771 2581 1794 2610 ⁸
1817 2573 1940 2644 quia

345 2669 544 2724 merito
578 2683 676 2739 per
703 2665 798 2722 Dei
841 2667 1093 2721 auxilium
1130 2667 1411 2722 victoriam
1455 2665 1831 2737 praesumebat,
1865 2664 1940 2720 si-

343 2773 512 2830 gnum
553 2758 652 2812 sibi
690 2767 840 2813 certo
882 2757 934 2812 in
968 2772 1218 2813 sermone
1256 2756 1556 2820 constituit,
1586 2765 1639 2812 ut
1670 2771 1808 2825 quos
1835 2771 1938 2812 una

346 2868 622 2924 armorum
649 2851 810 2906 facies
837 2849 1221 2919 conl‘undehat,
1241 2849 1552 2905 secretioris
1570 2848 1718 2904 verbi
1747 2847 1940 2904 distin-

345 2953 540 3014 gueret
569 2943 596 2983 δ
627 2954 1044 2999 sacramentum.
1089 2941 1243 3011 Quod
1283 2941 1426 2996 beati
1465 2941 1720 3012 apostoli,
1743 2951 1800 2995 ut
1840 2954 1942 3010 ego

349 3053 496 3103 reor,
525 3036 830 3107 exemplum
857 3044 1146 3106 sequentes
1184 3032 1439 3089 Ecclesiae
1473 3044 1494 3070 ε
1525 3031 1644 3100 Dei,
1665 3047 1824 3102 quam
1845 3031 1941 3087 ad-

2042 1866 2149 1914 tem
2178 1859 2538 1932 omnipotens,
2568 1871 2624 1917 et
2653 1877 2750 1934 per
2778 1863 2940 1934 270
2967 1863 3413 1935 omnipotentiam
3439 1861 3626 1928 Pater;

2040 1967 2141 2006 nec
2177 1950 2576 2024 disquirendum
2606 1951 2876 2024 qualiter‘
2909 1955 2981 2010 sit
3020 1953 3208 2021 Pater;
3245 1957 3373 2026 quia
3400 1955 3628 2028 qualiter

2039 2041 2181 2098 Deus
2217 2042 2286 2097 sit
2324 2051 2418 2098 aut
2459 2043 2802 2115 omnipotens
2857 2061 2964 2102 non
3003 2055 3184 2116 potest
3227 2046 3626 2118 comprehendi.

2041 2131 2108 2186 Et
2135 2133 2188 2187 in
2216 2131 2398 2188 Jesum
2423 2133 2716 2200 Christum,
2742 2134 2933 2190 Filium
2956 2135 3072 2205 ejus
3093 2136 3328 2198 unicum.
3347 2137 3634 2192 Domi-un

2041 2233 2303 2281 nostrum.
2335 2224 2490 2292 Quod
2529 2225 2773 2282 Christus
2819 2235 2902 2282 est
2944 2226 3134 2294 factus,
3171 2228 3261 2297 qui
3301 2225 3466 2282 Filius
3495 2236 3628 2292 erat,

2041 2317 2369 2389 dispensatio
2389 2326 2472 2373 est
2493 2317 2876 2389 redemptionis
2903 2317 3184 2384 humanae;
3213 2318 3356 2390 quod
3377 2317 3630 2374 Dominus

2044 2415 2147 2474 est,
2177 2407 2245 2462 de
2289 2407 2618 2478 proprietate
2664 2416 2869 2461 naturae
2910 2415 3019 2472 est;
3070 2407 3258 2462 unicus
3303 2414 3505 2472 autem,
3545 2407 3631 2464 vel

2045 2498 2360 2568 Unigenitus
2394 2497 2742 2553 annuntiatur
2785 2504 2841 2554 et
2886 2497 3140 2563 creditur,
3170 2497 3293 2567 quia
3323 2513 3460 2553 unus
3489 2508 3527 2534 ιη
3559 2499 3631 2554 ita

2041 2597 2124 2645 est
2152 2589 2380 2659 genitus,
2413 2604 2513 2646 nec
2532 2589 2695 2644 habet
2716 2588 2769 2643 in
2795 2587 3072 2644 nativitate
3091 2597 3417 2644 consortem.
3441 2587 3632 2643 Filium

2042 2681 2215 2746 audis,
2243 2695 2353 2735 non
2379 2688 2437 2736 ut
2465 2681 2614 2738 illum
2642 2694 2774 2734 sexu
2812 2679 2992 2748 aliquo
3019 2677 3220 2734 editum
3249 2686 3424 2749 putes,
3450 2677 3546 2734 sed
3577 2686 3632 2735 ut

2041 2773 2230 2829 credas
2269 2772 2794 2845 incomprehensibili
2837 2772 3122 2841 majestate
3163 2770 3328 2826 Deum
3372 2769 3635 2840 prodiisse

2041 2864 2109 2920 de
2138 2864 2270 2932 Deo,
2303 2872 2362 2919 ut
2391 2863 2504 2936 ipse
2524 2864 2600 2919 ait
2625 2881 2638 2918 :
2665 2862 2778 2935 Ego
2807 2879 2839 2916 a
2867 2861 3026 2918 Patre
3045 2863 3200 2928 exiri,
3221 2871 3271 2917 et
3289 2864 3405 2918 veni
3426 2863 3478 2916 in
3503 2863 3633 2916 Ιιιιιίσ

2043 2954 2290 3009 mundum
2316 2952 2495 3026 (Iona.
2527 2954 2659 3023 xvi).
2692 2951 2795 3020 Qui
2824 2961 2982 3008 natus
3007 2960 3090 3008 est
3119 2951 3188 3008 de
3217 2949 3420 3023 Spiritu
3445 2958 3634 3006 sancto

2043 3059 2110 3100 ex
2140 3043 2304 3100 Maria
2333 3039 2558 3114 virgine.
2587 3042 2846 3114 Spiritum
2875 3051 3120 3100 sanctum
3149 3042 3318 3110 audis,
3343 3050 3400 3097 ut
3423 3050 3633 3113 partum

345 3145 562 3184 Versum
591 3127 832 3182 militiam
855 3126 1103 3183 diabOIiCi
1135 3125 1332 3182 fUI‘OI‘iS
1353 3123 1378 3163 ¹¹
1410 3127 1708 3190 armabat“.
1734 3133 1935 3197 myslc-
1970 3137 2012 3197 Β
2043 3135 2188 3190 illum
2225 3135 2526 3190 mirabilem
2557 3134 2714 3190 simul
2743 3143 2798 3190 et
2837 3133 3214 3205 inculpabileln
3256 3146 3634 3202 recognoscas.

348 3222 488 3277 rium
516 3219 744 3294 symboli
782 3219 1150 3286 tradiderunt;
1191 3227 1269 3285 ut,
1299 3219 1422 3289 quia
1461 3219 1560 3274 sub
1602 3235 1708 3273 uno
1739 3217 1940 3273 Christi

348 3311 569 3367 nomine
597 3310 926 3366 credentium
949 3318 1066 3365 erat
1085 3309 1264 3365 futura
1285 3309 1584 3375 diversitas,
1611 3309 1940 3378 signaculum

347 3404 580 3476 symboli
611 3403 750 3460 inter
778 3403 962 3460 ﬁdeles
989 3403 1328 3474 perﬁdosque
1359 3409 1688 3468 secerneret,
1720 3411 1776 3458 et
1808 3403 1940 3458 alie-

350 3515 454 3553 nus
474 3513 503 3550 a
533 3494 635 3552 ﬁde
655 3506 815 3567 atque
834 3497 1006 3552 hostis
1034 3502 1320 3567 appareret
1347 3494 1618 3558 Ecclesiae,
1656 3504 1680 3532 ε
1711 3503 1804 3548 aut
1825 3503 1944 3550 tan-

349 3603 514 3658 quam
560 3589 862 3657 baptizatus
901 3587 1180 3654 nescisset,
1228 3593 1322 3642 aut
1368 3595 1622 3657 tanquam
1662 3585 1945 3642 hzereticus

347 3681 701 3752 corrupisset.
732 3679 939 3746 Credis,
971 3681 1163 3751 inquit,
1203 3679 1218 3717 τ
1255 3680 1308 3734 in
1338 3679 1527 3744 Deum,
1580 3676 1795 3732 Patrem
1828 3693 1944 3732 om-

349 3771 706 3842 nipotentem.
734 3770 1048 3826 Credcndns
1074 3770 1190 3826 sine
1222 3769 1386 3824 dubio
1425 3777 1506 3824 est
1541 3777 1566 3818 α
1599 3769 1755 3835 Deus,
1788 3766 1948 3824 Pater

349 3865 718 3934 omnipotens,
759 3863 913 3932 cujus
954 3862 1035 3917 sic
1081 3863 1248 3917 virtus
1285 3864 1533 3926 sentitur,
1578 3869 1640 3916 ut
1675 3861 1948 3931 quantitas

348 3953 475 4022 ejus
511 3961 567 4008 et
603 3952 838 4022 qualitas
867 3953 1180 4022 ignoretur:
1205 3966 1324 4007 esse
1359 3953 1500 4007 enim
1526 3951 1668 4008 illius
1695 3961 1750 4008 et
1789 3967 1946 4023 posse

347 4061 466 4100 non
504 4042 840 4097 discutiendo
869 4042 1222 4112 assequimur,
1264 4041 1359 4097 sed
1399 4041 1686 4098 credendo.
1721 4041 1747 4080 δ
1774 4042 1944 4112 Quem

349 4145 538 4189 autem
586 4133 806 4190 credere
851 4133 1138 4190 debeamus
1177 4135 1368 4192 edocet
1425 4152 1525 4192 nos
1570 4134 1947 4208 Redemptoris

349 4225 528 4282 nostri
551 4227 857 4290 auctoritas,
891 4225 1117 4283 dicentis
1141 4245 1154 4282 :
1186 4225 1286 4293 Qui
1306 4229 1469 4284 credit
1491 4231 1546 4285 in
1572 4246 1654 4284 me
1679 4240 1732 4285 et
1757 4233 1808 4286 in
1830 4247 1945 4286 eum

347 4319 444 4392 qui
472 4334 553 4371 me
581 4319 739 4385 misit,
761 4317 911 4373 habet
932 4320 1086 4373 vitam
1115 4329 1362 4376 arternam
1385 4319 1563 4392 (Joau.
1595 4337 1674 4392 V);
1700 4331 1755 4376 et
1782 4322 1940 4378 alibi:

359 4409 378 4447 ί
417 4408 639 4466 Creditis
666 4411 722 4464 in
751 4409 934 4476 Deum,
957 4419 1008 4466 et
1035 4412 1086 4464 in
1117 4429 1198 4468 me
1224 4413 1414 4467 credite
1442 4411 1620 4493 (Joan.
1655 4413 1787 4484 xw).
1821 4413 1949 4474 Plus

2048 3233 2073 3261 ι·
2105 3223 2338 3279 leeste
2376 3232 2458 3278 est
2497 3224 2639 3277 enim
2679 3223 2823 3293 quod
2873 3223 3102 3294 Spiritus
3150 3223 3280 3291 agit,
3325 3222 3636 3280 inviolatum

2044 3312 2190 3384 quod
2214 3322 2432 3368 sanctus
2451 3323 2722 3382 operatur.
2747 3311 2879 3366 Nam
2904 3329 3025 3366 cum
3044 3310 3386 3381 Unigenitum
3408 3314 3501 3369 Dei
3523 3313 3636 3368 lleri

2045 3404 2318 3458 hominem
2349 3402 2733 3474 redemptionis
2772 3410 2968 3457 nostra:
3011 3404 3306 3461 necessitas
3341 3403 3634 3473 ﬁag‘taret,

2047 3495 2152 3550 hoc
2176 3493 2442 3548 nativitati
2471 3509 2581 3549 suae
2609 3492 2946 3564 privilegium
2975 3497 3205 3566 propria:
3232 3494 3525 3552 divinitatis
3553 3495 3638 3549 iu-

2046 3588 2210 3653 vexit,
2245 3596 2302 3642 ut
2347 3585 2415 3642 de
2453 3586 2659 3656 virgine
2708 3595 3039 3644 nasceretur.
3070 3587 3170 3656 Qui
3209 3588 3350 3643 enim
3388 3586 3636 3642 veniebat

2046 3679 2398 3733 inveteratam
2441 3679 2676 3750 peccatis
2703 3679 2984 3738 hominum
3026 3690 3050 3716 ο
3084 3695 3339 3736 revocare
3367 3687 3634 3744 naturam,

2048 3783 2242 3824 novam
2270 3769 2442 3838 legem
2471 3769 2643 3826 voluit
2669 3770 2874 3829 habere
2896 3772 3174 3832 nascendi.
3204 3771 3515 3842 Unigenitus
3535 3771 3636 3840 igi-

2049 3872 2136 3918 tur
2164 3862 2259 3918 Dei
2286 3861 2460 3920 tactus
2486 3873 2571 3922 est
2598 3865 2738 3922 ﬁlius
2757 3866 3008 3934 hominis,
3027 3875 3086 3920 ut
3103 3865 3194 3935 qui
3215 3864 3441 3921 Creator
3453 3863 3636 3920 mundi

2046 3964 2162 4012 erat
2193 3956 2346 4011 ﬂeret
2369 3964 2426 4013 et
2453 3956 2802 4029 Redemptor.
2835 3957 2937 4028 Qui
2965 3958 3064 4014 sub
3095 3955 3287 4012 Pontio
3317 3955 3492 4012 Pilato
3515 3970 3636 4011 cru-

2045 4047 2236 4104 ciﬁxus
2263 4059 2349 4107 est
2393 4059 2450 4108 et
2487 4051 2748 4121 sepultus.
2782 4050 2935 4107 Nulla
2982 4049 3138 4106 nobis
3171 4059 3198 4100 ι’
3227 4049 3298 4105 sit
3339 4047 3635 4106 de.Cbristi

2047 4156 2207 4197 cruce
2245 4141 2510 4209 confusio,
2535 4153 2562 4192 (ι
2591 4142 2718 4212 quia
2746 4141 3005 4197 habemus
3033 4141 3100 4196 de
3127 4140 3244 4210 ejus
3280 4139 3532 4211 passione
3557 4138 3638 4192 vi-

2047 4233 2274 4289 ctoriam
2305 4251 2317 4286 :
2345 4233 2484 4288 sicut
2503 4233 2646 4289 enim
2675 4234 3032 4304 sempiternus
3060 4232 3161 4288 Dei
3185 4230 3352 4289 Filius
3380 4247 3487 4286 non
3511 4229 3633 4294 sibi,

2047 4327 2141 4384 sed
2171 4327 2325 4384 nobis
2350 4334 2433 4382 est
2463 4336 2652 4393 natus;
2693 4327 2764 4382 ita
2791 4327 3163 4382 immaculatus
3193 4324 3285 4378 Dei
3316 4326 3495 4393 Agnus
3529 4338 3636 4376 non

2047 4417 2169 4483 sibi,
2197 4417 2292 4474 sed
2317 4417 2472 4473 nobis
2495 4426 2580 4472 est
2606 4433 2814 4487 passus.
2846 4417 2977 4484 Quis
3005 4423 3184 4484 autem
3214 4430 3322 4471 non
3353 4409 3636 4469 miriﬁcum

349 4509 460 4566 est,
490 4500 701 4569 fratres,
731 4503 875 4574 quod
907 4502 1026 4559 ﬁdei
1055 4505 1225 4560 oculis
1253 4505 1540 4572 intuemur,
1570 4521 1732 4577 quam
1760 4523 1949 4566 sensus
1976 4495 2024 4560 C
2053 4510 2297 4564 advertat
2323 4524 2442 4564 esse
2468 4511 2804 4581 mysterium,
2827 4509 2916 4564 ubi
2947 4509 3061 4577 ipse
3097 4507 3260 4561 homo
3295 4503 3633 4574 prmdieatur,

349 4594 528 4664 possit
550 4594 731 4650 videre
759 4595 1008 4650 carnalis.
1038 4592 1242 4662 Credis,
1275 4597 1462 4666 inquit,
1499 4597 1512 4647 i
1553 4597 1605 4653 in
1633 4597 1820 4662 Deum,
1845 4589 1950 4652 Pa-

350 4694 496 4740 trem
523 4687 968 4756 omnipotentem.
1001 4685 1024 4723 ¹ι
1052 4685 1110 4740 In
1141 4686 1254 4742 Deo
1293 4696 1487 4742 natura
1522 4687 1868 4752 innascibilis,
1895 4687 1948 4744 in

356 4773 524 4830 Patre
574 4775 840 4845 Unigeniti
888 4776 1117 4842 veritas,
1147 4775 1202 4830 in
1243 4775 1628 4866 Omnipotente
1671 4777 1950 4848 plenitudo

431 4959 458 4986 "
496 4949 666 5006 Codd.
711 4949 966 5020 Laurent.
1010 4955 1066 5020 et
1102 4946 1369 5020 Drixien.,_
1405 4958 1455 5005 et
1497 4964 1610 5020 quae
1637 4949 1819 5004 merito
1853 4965 1946 5020 per

351 5019 479 5076 Dei.
504 5020 632 5076 Item
657 5019 820 5091 codd:
845 5017 1136 5091 Ῡιιιεβέῦἳ
1155 5026 1216 5091 et
1242 5017 1399 5086 1278,
1425 5029 1474 5076 et
1497 5017 1633 5091 quia
1648 5021 1826 5074 merito
1854 5017 1945 5091 per

351 5037 479 5076 uel.
505 5037 632 5076 Item
657 5037 814 5076 cono.
854 5037 968 5073 vat.
995 5037 1136 5073 osa:
1162 5037 1216 5074 et
1242 5037 1399 5086 uio,
1425 5037 1474 5076 et
1497 5037 1618 5091 quia
1648 5037 1826 5074 meme
1889 5038 1945 5074 er

351 5091 752 5215 Deiqaxilium.
781 5088 915 5145 Cod.
951 5087 1234 5154 Vallicell.,
1265 5097 1314 5143 et
1351 5091 1471 5160 quia
1504 5089 1686 5147 merito
1725 5105 1822 5160 pro.
1849 5037 1948 5148 {lci

351 5171 480 5215 dum:
506 5178 572 5215 ιο.

349 5171 572 5216 duritia.

431 5231 458 5270 ³³
496 5230 628 5285 Cod.
660 5229 782 5285 Vat.
817 5225 974 5294 1278,
1005 5238 1348 5283 sacramento.

435 5313 458 5339 ε
497 5299 628 5356 Cod.
655 5299 890 5355 Brixien.
915 5299 1114 5354 omittit
1136 5298 1252 5353 Dei.

430 5369 455 5408 ἀ
479 5369 612 5426 Cod.
645 5371 812 5435 Brix.,
841 5367 1078 5440 militiam
1108 5369 1346 5424 diabolici
1377 5369 1569 5440 furoris
1592 5386 1895 5425 armareran
1926 5411 1939 5424 .

433 5454 458 5520 ς
652 5441 773 5520 Yat.
810 5438 1090 5520 1⁸278411ιί-
1099 5449 1206 5520 aut
1222 5438 1484 5520 tanquam,
1518 5447 1624 5494 etc.

438 5512 456 5549 ί
489 5511 622 5580 Cod.
654 5510 930 5573 Laurent.,
959 5507 1156 5580 Credis.
1189 5507 1371 5580 inquit,
1406 5507 1586 5580 Deum.

434 5592 461 5629 ις
487 5578 622 5635 Cod.
653 5581 912 5644 Brixien.,
941 5577 1234 5635 Crctlendus
1255 5577 1366 5634 sine
1386 5578 1538 5634 dubio
1558 5588 1634 5636 est
1653 5579 1815 5634 Pater
1835 5598 1944 5636 om-

357 5659 616 5722 nipotens.

435 5724 458 5760 ¹¹
491 5720 624 5775 Cod.
656 5721 776 5773 Val.
808 5719 962 5785 liis,
991 5719 1051 5772 In
1074 5737 1218 5785 quem
1239 5728 1428 5784 autem,
1461 5728 1578 5774 etc-

440 5791 458 5832 ί
483 5791 649 5846 Codd.
673 5791 790 5844 Vat.
824 5790 956 5843 I278
976 5799 1028 5843 ct
1050 5787 1333 5857 Valliccll.,
1351 5787 1553 5845 Credite
1567 5793 1617 5845 iu
1635 5789 1818 5858 Deum,
1837 5801 1942 5848 etc.

2054 4597 2146 4668 qui
2175 4597 2312 4653 Deus
2337 4606 2448 4664 est;
2480 4607 2535 4654 et
2564 4599 2654 4652 ubi
2687 4597 2826 4653 idem
2857 4597 3114 4652 Dominus
3147 4593 3514 4660 annuntiatur,
3541 4593 3636 4663 qui

2051 4689 2306 4750 asseritur
2332 4687 2652 4746 cruciﬁxus?
2697 4703 2798 4743 nec
2833 4687 3121 4756 incogitata
3145 4687 3215 4752 ei,
3245 4684 3390 4755 quod
3419 4700 3635 4757 peremo
3675 4717 3682 4723 -

2048 4786 2173 4848 ptas
2198 4785 2302 4844 est,
2328 4787 2424 4833 aut
2451 4777 2737 4848 improvisa
2759 4790 2845 4832 res
2871 4775 3080 4842 accidit,
3105 4776 3194 4848 qui
3217 4773 3507 4832 divinitatis
3525 4789 3638 4830 sua:
3677 4849 3682 4856 '

2133 4949 2148 4999 i
2194 4947 2283 5020 lid:
2304 4964 2360 5020 In
2385 4947 2565 5020 codd,
2597 4946 2794 5020 credis,
2817 4947 3000 5020 inquit,
3023 4945 3207 5020 Deum.

2123 5018 2144 5057 Ι
2177 5019 2310 5076 Cod.
2343 5019 2600 5085 Brixicn.,
2627 5017 2751 5074 Ideo
2779 5017 2966 5072 natura
2987 5017 3322 5075 innascibilit.

2129 5090 2141 5128 '
2187 5089 2322 5146 Cod.
2361 5107 2396 5145 ιι
2439 5089 2722 5160 νιιηίεεηυ
2754 5085 2893 5142 Deus
2932 5089 3001 5142 sit
3039 5086 3231 5154 Pater;
3257 5089 3381 5160 quia
3412 5089 3633 5160 qualiter

2049 5159 2187 5216 Deus
2217 5163 2282 5216 sit
2311 5161 2648 5227 omnipotens,
2677 5157 2815 5214 Deus
2847 5167 3012 5227 potest
3039 5157 3484 5227 compte/tendere.
3665 5165 3679 5210 τ

2117 5239 2156 5268 ω
2193 5229 2326 5286 Cod.
2353 5223 2608 5286 \‘allicell.
2639 5246 2697 5298 ιι,
2727 5223 2928 5286 omiéso
2953 5223 3054 5295 ita,
3069 5223 3235 5286 habet
3254 5230 3374 5301 quia
3404 5244 3536 5283 unus
3555 5239 3632 5284 est

2079 5301 2262 5354 enitus.

2044 5318 2352 5426 gezuill‘odd.
2387 5369 2636 5426 Laurent.
2669 5377 2724 5425 et
2748 5368 2920 5426 Vatic.
2945 5366 3350 5434 1278,.Cwleste
3387 5377 3462 5423 est
3492 5368 3628 5424 enim

2047 5441 2184 5512 quod
2198 5443 2429 5512 spiritus
2447 5442 2530 5512 agi
2535 5451 2571 5512 1ξ

2125 5520 2150 5548 °
2186 5508 2356 5566 codd.
2388 5508 2511 5566 Vat.
2551 5508 2690 5563 6552
2717 5517 2771 5565 et
2811 5509 3064 5571 Brixien.,
3096 5524 3342 5563 renouare
3365 5514 3626 5562 naturam.

2082 5592 2153 5666 uti
2180 5580 2348 5666 Codd.
2381 5579 2503 5658 vat.
2553 5579 2710 5646 I278,
2753 5577 2909 5646 6452,
2961 5577 3234 5644 Laurent.,
3264 5589 3321 5634 ct
3346 5574 3533 5632 Vallic.
3563 5590 3626 5642 tt,

2047 5653 2332 5778 mqprgo’fl‘:
2351 5721 2472 5777 Vat.
2504 5717 2644 5775 6552
2679 5719 2839 5775 habet
2866 5719 2952 5791 qui
2981 5731 3078 5787 pro
3097 5717 3236 5789 quia.
