4056 6346
488 378 591 439 “3

1733 368 1787 425 s.
1820 364 2072 447 simul
2114 350 2565 422 muniamus

3644 354 3762 412 ια

488 490 742 552 dixerim;
771 492 855 541 est
886 484 1028 539 cnim
1056 480 1349 539 similitudo
1382 496 1490 536 non
1524 495 1706 550 parva.
1741 479 1893 534 Sicut
1918 479 2061 533 enim
2093 484 2136 542 Α
2171 489 2193 517 ε
2225 477 2350 533 Haec
2395 476 2651 532 virtutum
2691 474 2861 532 ﬁdelis
2898 482 2983 531 est
3020 474 3303 539 memoria,
3345 488 3465 545 qua:
3515 462 3653 528 intra
3687 488 3763 530 se

489 579 747 647 Dominus
774 576 841 631 de
879 575 1066 631 matris
1091 574 1247 629 vulva
1273 574 1427 628 vivus
1455 572 1652 637 exivit,
1697 573 1768 625 ita
1796 578 1852 625 et
1879 571 1945 625 de
1971 566 2068 624 Jo-

488 671 622 741 seph
646 668 798 722 vivus
815 666 1090 736 sepultura
1116 664 1351 721 surrexit
1382 682 1395 716 :
1421 671 1476 718 et
1502 663 1641 718 sicut
1667 670 1797 717 tunc
1822 660 1890 715 de
1916 668 2070 715 utero

490 762 556 819 ad
579 758 970 834 prmdieandum
998 766 1158 815 natus
1187 769 1301 825 est,
1355 758 1427 812 ita
1450 764 1506 812 et
1531 770 1675 811 nunc
1702 753 1768 809 ad
1797 752 2071 823 evangelio

490 848 718 909 nandum
745 855 966 906 renatus
986 853 1069 904 est
1095 847 1163 903 de
1186 847 1455 918 sepulcro.
1480 845 1587 901 Nisi
1616 843 1759 915 quod
1787 842 2073 912 gloriosior

492 944 593 1000 ista
627 956 791 1012 quam
835 939 924 995 illa
964 938 1237 994 nativitas.
1284 937 1377 992 Illa
1426 937 1569 991 enim
1608 950 1805 1004 corpus
1847 932 2075 987 mortale

493 1034 696 1107 genuit,
723 1030 837 1088 haec
859 1030 1026 1086 edidit
1053 1029 1389 1085 immortale:
1418 1036 1540 1097 post
1564 1026 1708 1081 illam
1737 1025 2072 1080 nativitatem

496 1122 564 1178 ad
589 1119 791 1179 inferos
819 1130 845 1158 ι
876 1118 1242 1187 descenditur,
1266 1124 1388 1188 post
1412 1116 1549 1171 hanc
1578 1124 1851 1172 remeatur
1875 1113 1939 1169 ad
1972 1128 2097 1193 ραι-ν

496 1216 596 1272 los.
629 1212 951 1284 Religiosior
980 1211 1141 1282 plane
1169 1210 1397 1266 ista‘est
1444 1223 1608 1278 quam
1657 1207 1748 1261 illa
1799 1204 2072 1260 nativitas.

496 1305 588 1361 Illa
606 1304 752 1361 enim
782 1303 950 1359 totius
972 1301 1155 1358 mundi
1185 1300 1469 1355 Dominum
1499 1312 1692 1353 novem
1719 1295 1991 1351 mensibus
2020 1294 2075 1348 in

447 1415 451 1419 ν
496 1405 653 1452 utero
674 1394 923 1451 clausum
942 1392 1134 1458 tenuit,
1166 1392 1485 1445 htec'autcm
1514 1387 1539 1427 ι)
1570 1388 1734 1443 tridui
1762 1395 1969 1441 tantum
1995 1393 2078 1440 tu-

497 1485 625 1553 muli
654 1486 860 1554 gremio
884 1481 1204 1548 custodivit;
1231 1479 1320 1536 illa
1350 1487 1666 1536 cunctorum
1696 1493 1850 1549 spem
1875 1475 2079 1532 tardius

499 1578 723 1649 protulit
751 1617 766 1642 ,
817 1577 933 1631 haec
989 1574 1233 1630 omnium
1294 1573 1524 1629 salutem
1570 1573 1729 1627 citius
1775 1570 2078 1627 suscitavit.

503 1670 516 1698 '
573 1667 703 1735 Quae
758 1664 1092 1737 comparatio
1150 1663 1356 1720 ventris
1410 1671 1467 1718 et
1522 1662 1755 1728 tumuli;
1812 1677 1936 1717 cum
1988 1661 2077 1715 illa

499 1760 659 1831 281
687 1774 753 1813 ex
782 1757 983 1815 intimis
1010 1755 1307 1811 visceribus
1331 1753 1498 1810 edidit
1542 1752 1727 1819 lilium,
1768 1752 1856 1809 hic
1900 1762 2079 1809 autem

2172 572 2455 627 cont-incus
2498 570 2791 633 Christum,
2829 567 2948 623 laedi
2988 582 3112 623 cum
3140 566 3520 622 haretieuruni
3561 580 3764 619 corru-

2170 662 2357 732 ptione
2385 676 2495 716 non
2525 660 2762 730 patitur;
2786 659 2860 715 de
2903 674 3008 730 qua
3052 658 3315 715 memoria
3344 657 3399 712 in
3428 656 3603 733 sacris
3629 654 3791 733 dicit.

2173 730 2469 809 Dominus:
2506 750 2914 822 Quotiescunque
2941 751 3036 806 hoc
3069 748 3089 788 τ
3123 750 3346 821 facietis,
3367 751 3421 803 in
3457 730 3769 803 memoriam

2173 846 2273 899 mei
2301 843 2523 915 facietis,
2546 843 2708 898 donec
2728 842 2926 896 eeuiam
2949 839 3097 913 (Luc.
3130 841 3283 911 mi).
3323 840 3774 909 Quotiescunque

2173 937 2316 993 enim
2336 935 2605 991 Christum
2636 935 2925 1005 loquimur,
2951 934 3113 991 toties
3134 950 3256 989 enin
3287 936 3428 991 sacri
3456 933 3572 989 oris
3603 943 3627 980 ε
3649 948 3775 987 me-

2176 1029 2348 1084 moria
2392 1027 2855 1083 commendamus.
2905 1026 3223 1097 Sepulcrum
3266 1041 3397 1098 ergo
3443 1033 3639 1096 patens
3681 1032 3777 1080 est

2176 1132 2360 1195 guttur
2388 1118 2414 1159 ¹¹
2442 1136 2652 1176 eorum.
2678 1120 2850 1176 Recte
2878 1119 3055 1191 plane
3075 1119 3207 1175 dicit
3250 1120 3551 1190 propheta;
3579 1117 3775 1188 sepul-

2174 1229 2331 1270 crum
2344 1213 2485 1269 enim
2500 1212 2697 1269 Christi
2709 1221 2902 1282 patens
2915 1221 2996 1268 est
3011 1211 3460 1280 evangelistarum
3475 1210 3782 1281 282mm

2178 1313 2289 1360 tum
2318 1310 2517 1375 guttur,
2565 1319 2663 1373 per
2688 1302 2832 1372 quod
2873 1302 3003 1357 illud
3044 1311 3250 1357 :eterno
3291 1301 3597 1355 litterarum
3645 1300 3781 1351 the-

2178 1411 2341 1451 sauro
2390 1394 2764 1450 condiderunt.
2820 1391 3015 1449 Patens
3062 1401 3240 1448 autem
3288 1392 3598 1462 sepulcrum
3651 1390 3783 1445 ideo

2130 1518 2133 1522 ~
2179 1486 2393 1549 dicitur,
2420 1486 2544 1556 quia
2568 1486 2661 1555 qui
2683 1485 2798 1539 vult
2817 1485 2885 1539 ad
2903 1484 3102 1539 Christi
3123 1483 3412 1554 pervenire
3430 1482 3783 1553 mysterium,

2180 1594 2289 1633 non
2318 1577 2620 1647 ingreditur
2651 1576 2719 1631 ad
2750 1575 2929 1663 illud“
2947 1575 3049 1631 nisi
3091 1591 3189 1645 per
3218 1574 3230 1612 ί
3261 1573 3592 1643 evangelica:
3630 1571 3785 1627 δοῖ-ξς

2181 1678 2352 1743 pturae
2374 1677 2663 1725 secretum.
2685 1668 2697 1717 i
2722 1667 2780 1722 In
2804 1663 3126 1722 Litterarum
3150 1666 3294 1721 enim
3317 1680 3598 1720 sacrarum
3621 1664 3785 1732 quasi

2181 1761 2412 1834 quodam
2442 1776 2587 1814 novo
2607 1758 2824 1815 vasculo
2847 1759 2871 1796 ι
2896 1756 3357 1813 commendandus
3379 1764 3464 1811 est
3497 1754 3785 1810 Dominus.

498 1848 837 1911 solummodo
887 1847 1062 1904 locum
1096 1846 1411 1917 pmstilOrit
1456 1845 1778 1916 sepultum?
1817 1848 1837 1876 ²
1869 1845 1935 1898 At
1981 1859 2081 1914 ego
2114 1853 2161 1913 Β
2186 1850 2437 1920 Quisquis
2466 1850 2627 1920 igitur
2654 1844 2783 1903 illud
2802 1847 2983 1903 videre
3004 1847 3293 1910 desiderat,
3328 1846 3398 1901 ibi
3429 1853 3484 1901 et
3508 1846 3786 1916 passionis

499 1938 650 2002 dico,
701 1953 807 1992 non
855 1936 1120 1991 minorem
1165 1933 1365 2005 Joseph
1412 1933 1665 1989 allectum
1724 1933 1886 1989 fuisse
1912 1949 2083 2003 quam

500 2029 697 2084 Moriar.
746 2026 1022 2105 Siquidem
1072 2025 1161 2081 illa
1209 2032 1363 2081 utero
1404 2023 1688 2080 Dominum
1713 2068 1728 2091 ,
1786 2023 1872 2080 hic
1922 2024 2085 2079 corde

500 2118 812 2190 conceperit
842 2128 896 2184 ¢;
928 2116 1018 2172 illa
1054 2113 1317 2171 Salvatori
1346 2114 1708 2170 membrorum
1749 2129 1968 2170 suorum
1996 2129 2085 2169 se-

501 2219 707 2269 cretum
753 2209 1022 2281 praestitit,
1053 2205 1081 2246 ά
1111 2207 1201 2263 hic
1243 2214 1512 2265 secretum
1558 2204 1640 2259 sui
1688 2205 1933 2275 corporis
1976 2219 2085 2259 non

503 2303 748 2372 negavit;
779 2302 868 2357 illa
889 2300 1171 2357 Dominum
1197 2298 1389 2370 pannis
1411 2297 1633 2353 involvit
1652 2313 1773 2353 cum
1803 2305 1961 2352 natus
1981 2304 2083 2363 est,

501 2393 589 2449 hic
615 2391 793 2448 linteis
814 2406 937 2448 cum
963 2391 1213 2456 recessit;
1248 2388 1337 2444 illa
1365 2388 1618 2460 perunxit
1644 2388 1862 2444 beatum
1890 2403 2088 2459 corpus

503 2484 646 2549 oleo,
676 2482 766 2538 hic
792 2479 1123 2538 aromatihus
1141 2478 1447 2536 honoravit.
1468 2477 1813 2534 Conveniunt
1835 2492 1962 2548 ergo
1983 2479 2085 2534 sibi
2146 2476 2168 2499 °

502 2574 777 2644 obsequia,
807 2574 1061 2630 convenit
1106 2578 1164 2629 et
1209 2571 1461 2639 atl‘ectus;
1493 2570 1635 2627 unde
1661 2587 1881 2627 necesse
1922 2581 2089 2628 estet

503 2666 753 2721 meritum
797 2664 1104 2731 convenire,
1145 2663 1250 2718 nisi
1295 2662 1439 2732 quod
1485 2661 1707 2731 angelus
1754 2660 1972 2718 Mariam
2019 2662 2087 2717 ad

502 2761 818 2831 obsequium
841 2759 1151 2825 admonuit,
1178 2758 1377 2829 Ioseph
1400 2766 1580 2814 autem
1602 2759 1719 2817 sola
1734 2759 1942 2831 justitia
1963 2778 2086 2833 per-

502 2852 694 2918 suasit;
725 2849 927 2923 .loseph
958 2850 1013 2907 in
1040 2866 1140 2908 suo
1164 2851 1414 2923 sepulcro
1442 2854 1623 2924 posuit
1644 2853 1948 2910 Dominum.
1983 2852 2086 2909 Le-

476 2929 678 3013 gimus
706 2942 759 2997 in
788 2943 1057 3014 propheta
1083 2961 1095 2997 :
1129 2943 1437 3013 Sepulcrum
1477 2955 1659 3015 patens
1683 2956 1758 3000 est
1783 2954 1960 3017 guttur
2001 2964 2087 3002 eo-

503 3052 619 3089 rum
647 3034 821 3106 (Psal.
853 3035 929 3105 v).
961 3033 1017 3091 Si
1047 3049 1176 3105 ergo
1217 3033 1520 3105 sepulcrum
1558 3044 1747 3106 patens
1787 3045 1869 3091 est
1907 3045 2090 3105 guttur

504 3125 808 3191 hominum;
838 3126 959 3181 vide
995 3141 1065 3181 ne
1111 3125 1253 3182 forte
1280 3125 1574 3182 secundum
1608 3126 1751 3183 hanc
1786 3127 2089 3183 similitudi-

2188 1943 2304 2010 ejus
2345 1937 2786 1995 sacramentuml
2823 1936 3049 1999 invenit,
3096 1943 3150 1991 et
3195 1935 3617 1990 resurrectionis
3660 1933 3787 2005 glo-

2188 2033 2322 2088 riam
2351 2030 2708 2100 recognoscit.
2736 2027 2933 2085 Patens
2958 2032 3091 2098 ergo
3113 2036 3297 2099 guttur
3316 2034 3630 2081 sanctorum
3657 2035 3788 2088 est;

2190 2124 2330 2179 unde
2355 2122 2644 2194 Apostolus
2677 2122 2744 2176 ad
2788 2120 3101 2176 Corinthios
3128 2121 3202 2174 ait
3226 2138 3239 2173 :
3275 2118 3350 2173 0s
3375 2127 3612 2173 nostrum
3635 2126 3788 2186 patet

2189 2215 2258 2267 ad
2286 2231 2393 2279 ros,
2420 2230 2450 2268 ο
2479 2211 2732 2267 Corinthii
2755 2211 2808 2283 tl
2830 2211 2954 2266 Cor.
2982 2211 3055 2279 γι)
3083 2228 3095 2263 :
3122 2210 3353 2265 inritans
3380 2224 3477 2264 eos
3500 2215 3556 2263 ut
3577 2207 3788 2278 prardi-

2191 2305 2421 2361 cationis
2465 2321 2575 2361 sua:
2616 2320 2831 2374 semper
2870 2311 3111 2372 apertam
3149 2301 3368 2370 januam
3410 2299 3791 2371 ingrcdiantu:

2192 2408 2228 2434 ηι
2245 2398 2444 2453 Christi
2465 2404 2672 2454 secreta
2695 2396 2969 2467 mysteria.
2997 2395 3054 2449 In
3083 2395 3182 2449 hac
3213 2393 3373 2462 igitur
3400 2394 3641 2463 pectoris
3660 2407 3793 2445 me-

2191 2491 2361 2547 moria
2401 2490 2703 2547 collocatur
2732 2488 2988 2544 Dominus
3016 2503 3045 2542 a
3080 2486 3300 2555 Joseph,
3330 2494 3357 2521 ι
3389 2493 3447 2539 ut
3476 2485 3531 2540 in
3554 2483 3791 2551 iustitio

2188 2583 2317 2639 sede
2346 2583 2670 2652 requiescat,
2703 2589 2758 2637 et
2784 2581 2981 2635 habeat
3006 2579 3175 2635 Filius
3202 2577 3435 2633 hominis
3476 2576 3564 2630 ubi
3612 2583 3790 2645 capm

2188 2672 2433 2729 reclinet.
2466 2670 2754 2728 Videamus
2795 2669 2955 2741 igitur
3002 2683 3168 2739 quare
3210 2666 3460 2721 Salvator
3500 2666 3553 2719 in
3601 2665 3791 2719 aliena

2188 2764 2463 2836 sepultura
2494 2763 2755 2834 'ponatur,
2784 2777 2852 2817 ac
2881 2776 3034 2817 suam
3063 2776 3171 2815 non
3202 2759 3400 2814 habeat
3420 2756 3787 2828 sepulturam.

2190 2857 2315 2913 Ideo
2357 2856 2411 2912 in
2455 2855 2630 2910 aliena
2670 2854 2942 2925 sepultura
2972 2853 3205 2923 ponitur,
3238 2852 3362 2920 quia
3404 2865 3503 2921 pro
3545 2849 3791 2902 aliorum

2190 2950 2520 3005 moriebatur
2546 2948 2749 3012 salute;
2779 2940 2973 3002 "mors
3020 2946 3163 3002 enim
3206 2946 3307 3000 ista
3358 2961 3465 2999 non
3514 2943 3586 2997 illi
3629 2942 3787 2996 illata

2190 3048 2290 3107 est,
2322 3041 2418 3096 sed
2443 3040 2599 3096 nobis
2626 3039 2831 3104 delata;
2863 3053 3009 3093 mors
3038 3038 3137 3093 ista
3171 3052 3278 3091 non
3308 3035 3383 3089 illi
3421 3033 3647 3098 accidit,
3678 3031 3789 3088 sed

2191 3129 2347 3186 nobis
2375 3129 2605 3202 prolicit.
2632 3126 2704 3184 Ut
2724 3128 2854 3197 quid
2881 3144 3010 3198 ergo
3039 3128 3091 3183 ei
3119 3127 3333 3197 propria
3357 3125 3653 3196 sepultura,
3678 3123 3786 3193 qui

505 3232 627 3273 nem
654 3217 936 3274 Dominum
963 3217 1164 3289 Ioseph
1193 3234 1302 3274 non
1330 3216 1444 3273 tam
1475 3219 1530 3274 in
1567 3219 1843 3290 sepultura
1874 3228 2088 3276 terrena
2116 3230 2161 3291 (ζ
2193 3224 2249 3279 in
2277 3240 2337 3279 se
2365 3216 2596 3279 mortem
2647 3222 2921 3293 propriam
2967 3236 3077 3275 non
3125 3219 3391 3275 habebat?
3432 3227 3489 3272 ut
3533 3215 3663 3286 quid
3702 3215 3767 3267 ill

506 3309 766 3378 posuerit,
787 3325 948 3381 quam
971 3310 1025 3364 in
1047 3315 1397 3364 monumento
1418 3308 1501 3365 sui
1525 3310 1762 3379 pectoris
1786 3310 2087 3373 collocarit,

505 3408 560 3455 et
587 3400 997 3457 custodiendum
1025 3401 1173 3455 illum
1196 3401 1519 3472 susceperit,
1552 3416 1660 3457 non
1691 3410 1800 3456 tam
1830 3403 2091 3464 memoria

507 3490 677 3562 fragili
698 3492 1108 3559 elementorum,
1133 3507 1294 3563 quam
1315 3493 1574 3549 memoria
1600 3502 1787 3551 sancta
1808 3494 2087 3551 virtutum.

579 3680 606 3708 λ
640 3668 775 3741 ϐοά.
803 3668 985 3741 Casio.
1019 3668 1142 3736 108,
1174 3670 1244 3724 ad
1266 3671 1456 3741 inferos
1487 3669 1773 3738 descendit,
1807 3681 1922 3740 post
1951 3671 2085 3727 hanc

511 3740 751 3792 remeauit
776 3739 845 3792 ad
870 3740 1043 3795 celos.

581 3803 609 3843 δ
644 3805 779 3862 ϐοά.
809 3808 987 3864 Casin.
1014 3807 1117 3861 108
1141 3816 1196 3864 et
1224 3809 1345 3864 Vat.
1380 3808 1538 3872 1270,
1567 3810 1760 3867 triduo.

586 3885 608 3952 ξ
636 3874 957 3952 CoddLVat.
988 3876 1146 3952 ιῇςιρ,
1170 3887 1227 3952 _e_t
1252 3877 1433 3933 Casio.
1467 3878 1586 3944 108,
1618 3884 1867 3952 concepit.

580 3941 610 3984 δ
638 3942 773 4000 ϐοά.
794 3944 976 4000 Casin.
1011 3941 1140 4011 108,
1161 3947 1242 4000 hic
1270 3959 1319 4001 et
1347 3941 1610 4003 secretum.

584 4024 610 4053 ο
637 4012 811 4070 Codd.
850 4014 918 4070 S.
937 4015 1126 4073 Crucis
1153 4017 1207 4070 in
1235 4017 1370 4080 .ler.,
1399 4027 1455 4072 et
1486 4017 1544 4072 S.
1574 4017 1763 4074 Crucis
1809 4019 1999 4076 Minor.
2034 4024 2084 4076 iu

516 4083 793 4150 Laurent.,
821 4083 950 4140 Han:
971 4086 1108 4140 enim
1135 4087 1395 4141 uirtutum.

592 4151 609 4191 ί
639 4151 771 4208 Item
797 4154 971 4226 codd.
1000 4155 1060 4210 S.
1097 4153 1285 4226 Crucis
1311 4156 1525 4223 Minoe,
1558 4167 1613 4212 et
1639 4157 1918 4226 Laurent.,
1952 4158 2090 4226 Quo-

516 4203 1283 4296 uescenti—ve'ddchfec'wﬁf'
1311 4203 1472 4213 ”“”””
1488 4203 1525 4223 “’
1548 4203 1613 4289 1⁸⁷
1639 4203 1890 4215 ἠ’-’νην-
1905 4203 1918 4228 ν

550 4316 553 4317 ⁷
588 4302 613 4341 κ
641 4291 777 4348 ϐοά.
809 4292 1085 4349 Lateran..
1115 4297 1391 4349 πιεηιονίω,

550 4316 553 4317 ν
588 4310 613 4341 ις
641 4310 777 4348 uno.
809 4310 1085 4361 Lateran.,
1115 4310 1391 4352 memorat.

586 4360 614 4400 ιι
643 4361 811 4421 Codd.
853 4362 921 4418 90
949 4364 1006 4420 S.
1033 4360 1224 4421 Crucis
1256 4367 1311 4421 in
1338 4365 1654 4431 Jerusalem,
1682 4376 1737 4423 et
1765 4368 2064 4425 Lateranen

516 4435 606 4509 sis,
638 4433 1113 4509 gutturjiominum.
1140 4432 1291 4509 Quod
1312 4446 1451 4491 recte
1470 4447 1621 4509 atque
1640 4440 1797 4509 plane
1817 4439 1959 4505 dicit,
1983 4449 2091 4496 etc.

2188 3313 2425 3376 tumulus
2460 3313 2515 3367 in
2544 3313 2724 3376 terris,
2754 3310 2905 3381 cujus
2932 3309 3088 3367 sedes
3128 3304 3379 3364 manebat
3421 3308 3474 3362 in
3505 3306 3691 3363 oculis?
3718 3314 3787 3358 ut

2188 3404 2317 3475 quid
2334 3404 2406 3459 illi
2420 3404 2720 3475 sepultura,
2737 3414 2762 3454 ιι
2777 3403 2870 3473 qui
2887 3401 3046 3456 tridui
3067 3409 3276 3456 tantum
3298 3400 3556 3469 temporis
3575 3397 3784 3467 spatio,

2191 3514 2300 3555 non
2328 3506 2439 3553 tam
2484 3499 2539 3551 in
2580 3496 2828 3568 sepulcro
2859 3500 3108 3550 mortuus
3126 3494 3314 3563 jacuit,
3348 3506 3511 3561 quam
3542 3491 3690 3544 velut
3721 3489 3786 3543 in

2187 3672 2326 3727 enim
2355 3671 2617 3726 sacrario.

2262 3740 2287 3780 ι
2309 3739 2481 3798 Codd.
2510 3739 2568 3796 S.
2593 3739 2781 3795 Crucis
2800 3737 3018 3801 Minon,
3045 3746 3101 3792 et
3118 3737 3175 3792 S.
3196 3734 3386 3791 Crucis
3411 3734 3463 3789 in
3486 3734 3621 3799 εἶεν..
3650 3752 3731 3788 no-
3748 3752 3783 3787 ο

2188 3813 2396 3868 vasculo
2427 3810 2813 3867 commendatus
2832 3817 2909 3863 est
2936 3807 3209 3861 Dominus.

2266 3882 2283 3922 ι
2316 3882 2453 3938 ϐοά.
2485 3881 2543 3936 S.
2574 3880 2760 3937 Crucis
2789 3878 3004 3943 Minch,
3047 3884 3428 3932 sacramentum
3458 3875 3698 3942 inrcniet,
3725 3885 3782 3928 et

2195 3952 2587 4023 resurrectionis
2600 4022 2603 4023 ν
2614 3952 2852 4023 gloriant_
2861 3957 3206 4023 recognoscet.

2264 4033 2302 4060 ιη
2329 4021 2464 4077 ϐοά.
2487 4018 2690 4085 Casiiu,
2721 4019 2791 4073 ad
2812 4018 3008 4074 Christi
3027 4027 3247 4072 secreta.

2269 4102 2295 4129 η
2325 4092 2456 4147 ϐοά.
2483 4091 2696 4146 Sancta:
2719 4090 2908 4145 Crucis
2933 4087 3085 4154 Min”
3107 4097 3165 4140 ut
3189 4088 3261 4141 ibi
3285 4087 3504 4158 jnstitia:
3526 4085 3671 4140 sedes
3698 4103 3784 4139 re-

2198 4172 2474 4286 “ficum.
2501 4229 2621 4285 cod.
2666 4229 2722 4285 S.
2762 4228 2947 4284 Crucis
2974 4226 3126 4290 Min”
3147 4242 3286 4281 mors
3327 4242 3432 4280 non
3462 4227 3539 4282 illi
3569 4227 3781 4281 occidi!-

2202 4301 2454 4356 Somnum
2502 4302 2672 4371 potius
2700 4301 2869 4371 fuisse
2895 4313 3049 4371 quam
3089 4304 3352 4371 7115”!me
3363 4312 3504 4371 mors
3528 4299 3671 4371 enini
3694 4299 3735 4349 is
3763 4298 3783 4349 i

2200 4371 2352 4425 illata
2376 4379 2474 4436 est,
2500 4364 2647 4425 nobis
2673 4364 2878 4432 delata;
2909 4364 3044 4424 'eod.
3093 4364 3162 4420 99
3206 4365 3263 4421 S.
3314 4366 3503 4421 Crucis
3550 4369 3603 4422 in
3641 4366 3735 4421 Jer
3766 4407 3783 4429 ,

2203 4458 2343 4497 mors
2367 4441 2504 4496 enim
2541 4442 2643 4495 ista
2683 4456 2789 4496 non
2821 4439 2899 4494 illi
2934 4438 3084 4492 illata
3123 4446 3229 4505 est,
3260 4437 3350 4492 sed
3388 4436 3536 4493 nobis
3575 4437 3783 4498 idola;

592 4502 607 4541 ί
639 4501 775 4559 Cod.
807 4501 1085 4569 Lateran.,
1111 4506 1215 4559 nisi
1243 4524 1334 4578 per
1355 4501 1764 4579 evangélicdrum
1793 4501 2094 4581 Scriptura-
2127 4503 2174 4563 Ι)
2198 4510 2534 4581 οοάεϐοείη.
2566 4510 2689 4576 108,
2711 4510 2802 4565 sed
2830 4507 2975 4581 nobis
2998 4506 3204 4581 oblata.

516 4591 627 4629 rum
654 4583 871 4628 secreta.

559 4657 604 4711 ,ι
637 4644 773 4701 ϐοά.
807 4644 925 4699 Vat.
957 4643 1113 4709 1270,
1165 4645 1233 4701 In
1281 4645 1596 4703 Litterarum
1642 4651 1779 4703 enim
1829 4666 2100 4705 sacrarum

518 4716 781 4784 mysterio.
812 4713 944 4771 Cod.
976 4714 1043 4769 90
1082 4713 1140 4770 S.
1170 4716 1360 4774 Crucis
1402 4719 1455 4773 in
1501 4716 1635 4785 Jer.,
1678 4717 1746 4773 In
1786 4718 2098 4776 Litterarum

591 4864 621 4949 ξ,
649 4863 803 4949 Ap'ud
840 4865 1074 4949 editores
1109 4882 1305 4949 omnes
1344 4870 1470 4949 haec
1510 4871 1731 4949 humilia
1770 4872 2099 4949 habet_titu-

520 4931 629 5015 lum
657 4949 669 4984 :
699 4931 1050 5015 Defessione
1074 4945 1124 4989 et
1142 4940 1405 5015 sepultura
1426 4939 1671 5015 Domini,
1700 4950 1864 5015 atque
1886 4943 2095 5015 initium

496 5000 851 5085 huiusmodi.
882 5002 1134 5085 Fortasse
1172 5000 1301 5085 quis
1320 5010 1463 5085 dicat
1484 5011 1551 5066 de
1579 5000 1790 5085 pri'oris'
1812 5014 2098 5069 dominicae

521 5070 921 5145 praedicatione,
940 5073 993 5127 in
1014 5090 1119 5145 qua
1141 5070 1546 5145 pﬁedieavimus
1570 5070 1673 5136 non
1697 5083 1957 5139 minorem
1978 5098 2099 5139 esse

524 5113 901 5139 l..wu.vuvnvuv
941 5113 993 5127 ιιι
1015 5113 1119 5143 sinu
1142 5113 1192 5145 γι
1203 5113 1546 5137 inungatur-unua
1570 5113 1673 5136 IIUII
1697 5113 1957 5139 IIIIIIUI'CIII
1978 5113 2093 5139 cant:

521 5140 768 5210 gloriam,
782 5113 925 5217 quod
948 5144 1184 5200 tumulus
1205 5145 1403 5217 Joseph
1424 5150 1763 5204 suscitaverit
1793 5152 2093 5217 Dominum,

520 5225 682 5279 quam
705 5211 851 5282 quod
877 5227 999 5266 eum
1028 5222 1231 5269 sancta:
1260 5211 1440 5273 Maria:
1469 5222 1652 5275 uterus
1683 5224 2001 5282 procrearit.

592 5283 612 5313 ²
642 5282 843 5361 At__ego_
862 5282 975 5336 dico
1004 5299 1107 5337 non
1135 5288 1383 5361 minorem
1408 5287 1601 5361 (οδερῄ
1640 5282 1879 5359 aﬂ'ectmn
1920 5294 2107 5361 fuisse;

555 5368 671 5405 nam
703 5351 909 5415 Μάνεω,
941 5361 1047 5419 etc.
1071 5384 1139 5394 —
1162 5356 1397 5413 Assumit
1428 5357 1517 5414 hic
1534 5351 1807 5414 Maximus
1834 5351 2099 5415 exornati;

562 5437 647 5475 am
662 5420 871 5497 AJoseph
894 5421 963 5476 ab
984 5423 1301 5497 Arimathu-a
1323 5427 1663 5497 dilectionem
1684 5442 1806 5497 erga
1830 5430 2099 5485 Christum

521 5485 825 5575 Dominum,
854 5508 1082 5575 eamque
1119 5496 1328 5575 caritati
1375 5496 1552 5575 Μεινίῳ
1600 5485 1821 5575 Virginis
1862 5501 2100 5575 aquipa-

520 5577 642 5619 rare
684 5563 912 5640 videtur.
952 5563 1147 5640 Verum
1185 5567 1479 5640 s_i_quae_in
1517 5563 1723 5640 iosepli
1761 5563 2102 5640 commendat

520 5634 937 5705 perpendantur,
969 5634 1172 5705 patebit
1202 5634 1414 5692 Maiimi
1462 5634 1673 5693 animus
1713 5638 1978 5693 laudantis
2005 5637 2098 5693 Jo-

522 5703 655 5770 scpli
684 5703 753 5756 ob
782 5703 1020 5776 extrema
1051 5705 1225 5762 oflicia
1260 5721 1386 5776 erga
1413 5706 1614 5772 Jesmn,
1645 5710 1731 5763 cui
1774 5716 1987 5763 mortuo
2015 5708 2097 5763 di-

524 5783 685 5838 gnari
732 5775 951 5845 puebuit
997 5775 1348 5847 sepulturam,
1376 5794 1580 5849 suoque
1611 5780 1661 5833 iu
1694 5795 1835 5834 novo
1864 5779 2100 5835 condidit

2273 4591 2301 4631 ν
2320 4580 2454 4636 Cod.
2486 4580 2763 4651 Lateran.,
2792 4580 2876 4651 qui
2907 4577 3087 4651 triduo
3102 4585 3304 4651 tantum
3331 4593 3450 4651 non_
3478 4586 3586 4651 tam
3611 4577 3664 4630 in
3695 4592 3813 4633 se-.

2203 4652 2381 4722 pulcro
2407 4660 2637 4707 mortuus
2658 4647 2862 4721 jacens,
2892 4648 3046 4703 retuli
3070 4649 3125 4702 in
3153 4647 3338 4702 lectulo
3364 4648 3569 4717 quievit.

2202 4881 2571 4930 monumento.
2600 4871 2810 4928 Similia
2841 4871 3077 4928 nascenti
3103 4870 3157 4926 in
3185 4869 3435 4927 humanis
3465 4867 3558 4924 Dei
3587 4868 3724 4923 Filio
3750 4884 3783 4923 a

2203 4942 2367 4998 Maria
2413 4944 2664 5014 praestita,
2694 4941 2858 5014 fuisse
2894 4940 3783 5014 dicuntur._Sanguinem_seilicet,

2200 5014 2366 5068 vitam
2415 5008 2470 5068 et
2508 5013 2748 5069 membra
2778 5012 2830 5067 in
2872 5025 2972 5066 suo
3001 5008 3286 5080 purissimo
3318 5008 3783 5080 uteroSalvatoi-i

2200 5082 2366 5150 dedit,
2402 5082 2625 5152 ejusque
2652 5081 2932 5138 infantiam
2959 5076 3091 5152 aluit
3117 5088 3286 5152 atque
3319 5076 3783 5152 curavit.__l"rinci7

2203 5148 2506 5223 pium'er'go
2530 5148 2852 5223 dilectionis,
2881 5158 2935 5208 et
2965 5151 3087 5205 linis
3115 5150 3167 5203 iu
3196 5156 3437 5223 utroque
3452 5148 3656 5223 similis,
3688 5148 3782 5203 sed

2206 5217 2311 5277 non
2338 5217 2558 5293 mqualis
2586 5217 2846 5288 intentio,
2864 5231 3026 5293 atque
3054 5220 3295 5274 extensio
3330 5219 3586 5293 caritatis.
3621 5217 3785 5272 Amor

2204 5294 2346 5347 enim
2374 5289 2501 5361 erga
2531 5293 2716 5355 Deum,
2756 5306 2866 5361 quo
2908 5289 3110 5361 purior,
3141 5298 3197 5361 et
3222 5289 3461 5361 sanctior
3487 5291 3689 5361 anima,
3717 5302 3786 5342 eo

2204 5357 2521 5431 perfectior;
2550 5378 2669 5417 eum
2698 5357 2790 5417 illo
2818 5357 2940 5429 igne
2968 5376 2998 5415 a
3029 5359 3140 5431 Deo
3167 5359 3284 5428 ipso
3306 5358 3469 5411 corda
3501 5357 3787 5431 incendan—

2204 5427 2309 5495 tur,
2343 5440 2493 5493 tanto
2525 5427 2893 5487 vehementior
2935 5438 3018 5486 est
3063 5427 3297 5493 ﬂamma,
3338 5440 3448 5495 quo
3488 5427 3661 5495 major
3702 5436 3786 5481 est

2202 5502 2484 5569 dispositio
2512 5501 2577 5556 ad
2608 5517 2726 5557 eam
2766 5500 3149 5569 recipiendam.
3201 5497 3506 5569 Laudabilis
3533 5510 3660 5564 ergo
3686 5496 3784 5569 .Io-

2199 5566 2355 5642 seph,
2383 5573 2474 5642 qui
2519 5572 2651 5626 nihil
2689 5566 2965 5642 omisit'ut
3005 5567 3349 5642 Redemptori
3381 5569 3643 5642 honorem
3667 5566 3785 5621 rul-

2205 5636 2421 5712 tuinque
2447 5650 2752 5712 praestaret;
2779 5640 2874 5695 scd
2902 5637 3258 5712 venerabilior
3284 5636 3470 5712 Maria,
3495 5652 3612 5707 quae
3636 5652 3788 5689 mun-

2202 5707 2840 5835 gobetlidliSttl\'al01'Cltt,
2889 5726 3061 5779 neque
3093 5709 3156 5762 .iu
3201 5724 3266 5761 eo
3305 5707 3574 5773 diligente
3603 5721 3787 5775 parem

2243 5798 2270 5833 a
2314 5790 2409 5835 tut.
3184 5790 3187 5791 '

2243 5790 2409 5835 ποιιςι.
3184 5790 3187 5791 ⁷
