4056 6346
464 383 496 436 4
513 378 566 431 i7
1685 368 1740 426 S.
1781 366 2024 424 ιιΑωιι
2063 366 2068 388 ¹

2169 357 2516 427 DRlNENSlS
2663 421 2692 455 ,
3646 375 3767 433 us

476 485 721 540 erunibus
771 481 994 554 puerulo
1026 499 1040 536 :
1074 477 1370 553 Quicunque
1425 479 1770 559 humiliauerit
1818 497 1875 535 se
1915 481 2048 535 sicut
2077 485 2123 542 Α
2157 479 2173 518 ι
2206 481 2652 552 pervidens,folio
2681 481 2926 552 pudenla
2949 483 3214 540 contexit.
3234 479 3390 541 Prius
3410 483 3558 540 enim
3578 500 3769 556 quant

476 593 602 646 puer
629 577 745 640 iste,
774 575 856 628 hic
883 575 1051 646 major
1094 576 1192 628 erit
1239 575 1294 628 in
1344 590 1500 644 regno
1545 572 1786 628 cwlorum
1815 571 2042 644 (Matth.
2155 583 2407 646 peccaret
2435 574 2736 630 honestatis
2761 584 2880 630 erat
2927 575 3114 631 colore
3143 579 3398 643 vestitus;
3429 583 3596 644 atque
3621 573 3768 631 ideo

479 667 654 737 XVIII);
684 667 824 722 unde
860 666 1204 736 intelligimus
1230 665 1374 735 quod
1402 665 1703 737 humilitate
1741 665 2051 736 pervenitur
2155 666 2449 722 nuditatem
2497 665 2841 724 inhonestam
2871 682 2980 721 non
3009 675 3204 722 natura
3235 667 3486 734 instituit,
3520 667 3620 722 sed
3649 666 3768 724 de-

477 759 543 814 ad
587 769 613 796 ⁸
661 773 918 828 regnum,
967 757 1311 829 simplicitate
1365 764 1680 826 penetratur
1721 755 1790 810 ad
1833 754 2048 811 caelum.
2155 758 2266 814 licti
2295 766 2476 814 reatus
2497 757 2717 813 invenit.
2753 755 2883 812 Nam
2911 769 2967 812 et
2993 759 3168 814 sancti
3199 759 3376 830 angeli
3415 759 3473 814 in
3498 757 3769 830 splendi—

477 852 730 922 Quisquis
749 865 878 921 ergo
906 852 1053 922 cupit
1081 850 1385 906 Divinitatis
1412 859 1596 904 tenere
1614 847 1842 918 fastigia,
1873 848 2052 902 humi-
2157 846 2378 906 d‘ssimo
2405 849 2590 905 habitu
2617 849 2918 917 constituti,
2947 850 3190 920 nunquid
3235 850 3434 906 tunicis
3482 851 3769 921 operiun-

479 943 646 997 litatis
674 943 780 998 ima
805 951 1074 1009 sectetur;
1117 942 1422 1010 quicunque
1452 940 1564 994 vult
1591 935 1810 994 fratrem
1849 954 2054 1010 prtevc-
2158 948 2248 994 tur
2287 948 2343 996 et
2387 939 2603 1010 palliis?
2631 939 2739 995 Sed
2765 955 2887 995 cum
2935 941 3004 995 sit
3053 941 3108 996 in
3155 942 3258 998 illis
3285 942 3590 998 nativitatis
3636 957 3768 998 sua!

481 1039 598 1089 nire
623 1032 914 1103 regnando,
939 1033 1086 1104 prius
1115 1033 1262 1088 illum
1285 1033 1572 1102 praeveniat
1592 1032 1960 1101 obsequendo,
1983 1031 2056 1088 si-
2157 1030 2299 1086 nuda
2328 1030 2650 1097 substantia,
2680 1031 2859 1086 vestiti
2885 1031 3136 1087 videntur
3187 1048 3326 1100 esse,
3378 1033 3527 1104 quod
3575 1035 3774 1090 sancti

482 1136 573 1183 cut
616 1127 692 1180 ait
742 1126 1032 1196 Apostolus
1085 1143 1096 1178 :
1159 1124 1370 1181 Honore
1416 1125 1630 1179 invicem
1688 1125 2055 1195 prwuenienles
2157 1128 2303 1175 sunt.
2325 1119 2415 1176 Sic
2435 1121 2598 1192 igitur
2617 1127 2673 1176 et
2699 1120 2873 1177 Adam
2903 1121 3213 1180 custodiens
3239 1125 3549 1180 honestatis
3587 1138 3772 1195 ange-

484 1216 661 1288 (Ilom.
707 1217 835 1288 xu),
879 1217 1060 1272 vincat
1112 1231 1234 1271 eum
1283 1213 1490 1279 ofllciis,
1523 1223 1580 1269 ut
1627 1216 1798 1285 possit
1843 1215 2060 1270 vincere
2108 1284 2118 1296 ‘
2161 1211 2276 1268 liae
2303 1211 2638 1282 dignitatem,
2665 1219 2789 1267 erat
2825 1213 3242 1282 quidemnudus
3270 1213 3563 1270 mundanis
3589 1215 3774 1269 vesti-

481 1307 786 1363 sanctitate.
817 1305 875 1362 Si
905 1307 1050 1362 enim
1080 1315 1132 1362 te
1159 1322 1269 1361 non
1295 1305 1430 1362 lazsit
1459 1305 1485 1344 ιι
1515 1305 1706 1371 frater,
1739 1305 2058 1374 obsequium
2159 1303 2286 1370 bus,
2313 1303 2410 1358 sed
2437 1303 2856 1360 immortalitatis
2893 1313 3013 1360 erat
3060 1305 3349 1377 splendore
3377 1307 3631 1362 vestitus.
3667 1305 3774 1360 Ni-

483 1405 746 1464 meretur,
769 1404 828 1451 ut
854 1396 1042 1466 diligas
1075 1414 1088 1450 :
1121 1396 1265 1466 quod
1283 1396 1326 1450 si
1356 1394 1582 1451 forsitan
1609 1395 1763 1463 lmsit,
1785 1397 1957 1466 magis
1979 1393 2061 1451 of-

485 1486 662 1542 licium
683 1494 938 1550 meretur,
969 1493 1026 1540 ut
1049 1485 1248 1540 vincas.
1271 1483 1399 1540 Haec
1419 1487 1562 1540 enim
1586 1493 1782 1541 nostra:
1801 1483 2062 1541 Christia-

485 1578 669 1635 nitatis
695 1594 903 1635 summa
937 1585 1020 1634 est
1048 1586 1106 1632 ut
1133 1579 1433 1635 amantibus
1463 1578 1881 1635 vicissitudinem
1905 1618 1922 1644 ,
1965 1578 2060 1634 la:-

487 1671 735 1726 dentibus
751 1671 1062 1740 patientiam
1081 1681 1104 1711 ε
1122 1671 1496 1742 rependamus.
1516 1671 1616 1738 Qui
1637 1687 1766 1743 ergo
1781 1670 1942 1727 fuerit
1967 1687 2064 1744 pa-

489 1761 706 1816 tientior
724 1759 792 1814 ad
819 1760 1088 1829 injuriam,
1108 1761 1380 1832 potentior
1399 1763 1760 1817 constituetur
1779 1763 1834 1818 in
1863 1779 2058 1834 regno;

2161 1393 2236 1448 hil
2250 1403 2288 1431 ω
2305 1410 2526 1464 pravum
2538 1395 3023 1466 respiciebantejus
3037 1397 3200 1463 oculi;
3223 1413 3333 1452 non
3346 1414 3446 1454 cor
3465 1397 3585 1467 ejus
3600 1406 3777 1466 turpe

2163 1487 2365 1558 aliquid
2404 1487 2706 1559 cogitabat;
2738 1499 2856 1544 erat
2883 1488 3026 1560 apud
3063 1489 3320 1544 honestas
3355 1497 3570 1544 mentes
3593 1487 3774 1544 nudi-

2165 1585 2246 1633 tas
2271 1579 2385 1649 ipsa
2417 1579 2627 1633 vestita.
2658 1577 2810 1650 Sicut
2835 1580 2982 1635 enim
3016 1579 3162 1650 apud
3211 1594 3448 1650 nequam
3503 1579 3776 1634 homines

2167 1669 2336 1739 turpis
2363 1670 2624 1741 cogitatio
2647 1685 2679 1724 a
2707 1670 3146 1740 concupiscentia
3185 1671 3428 1725 vestibus
3457 1686 3569 1725 non
3593 1685 3777 1726 arce-

2168 1769 2284 1828 tur,
2314 1760 2386 1816 ita
2434 1760 2576 1832 apud
2617 1767 2835 1816 sanctos
2869 1761 3019 1815 viros
3047 1761 3275 1816 honesta
3323 1759 3648 1830 simplicitas
3703 1757 3778 1816 ad

485 1874 596 1913 non
623 1857 767 1912 enim
795 1858 863 1912 ad
893 1857 1172 1929 imperium
1193 1857 1450 1912 caelorum
1466 1857 2058 1929 pervenitursuperbia,
2090 1849 2140 1910 Β
2163 1854 2652 1925 concupiscendum
2673 1853 2916 1929 nuditate
2941 1869 3051 1908 non
3086 1852 3348 1919 trahitur;
3380 1850 3474 1906 sed
3501 1851 3649 1907 sicut
3681 1849 3777 1905 vi-

488 1947 706 2012 divitiis,
719 1947 1062 2018 praafectura,
1073 1948 1170 2004 sed
1189 1948 1513 2016 humilitate,
1527 1949 1804 2019 pauperie,
1820 1949 2062 2004 lenitate.

489 2041 645 2093 Arcta
666 2036 693 2076 ά
725 2041 863 2120 enim
889 2048 938 2093 et
958 2049 1179 2111 angusta
1202 2048 1278 2093 est
1298 2040 1380 2094 via
1402 2055 1517 2110 qua:
1543 2039 1683 2093 ducit
1709 2039 1779 2092 ad
1803 2049 1825 2076 °
1856 2029 2066 2111 regnum

489 2133 508 2200 (
535 2130 722 2184 Matth.
753 2145 824 2184 vn
847 2129 888 2201 ).
911 2129 1162 2200 Quisquis
1189 2145 1318 2199 ergo
1339 2129 1633 2185 honoribus
1653 2127 1866 2186 inflatus
1887 2129 2065 2197 fuerit,

487 2233 543 2277 ct
563 2221 678 2276 auri
710 2221 974 2276 thesauris
999 2221 1276 2284 dilatatus,
1309 2227 1567 2289 tanquam
1601 2227 1856 2276 onustum
1879 2228 1935 2274 et
1961 2220 2066 2275 im-

487 2312 724 2382 peditum
767 2311 998 2374 animal,
1029 2325 1128 2380 per
1154 2319 1438 2380 angustum
1489 2311 1638 2380 regni
1693 2311 1797 2366 iter
1841 2311 2070 2366 transire

486 2419 595 2456 non
626 2402 856 2473 poterit;
888 2402 1048 2456 simul
1074 2401 1236 2458 etiam
1264 2409 1324 2456 ut
1351 2417 1410 2456 se
1435 2403 1710 2458 existimat
1737 2403 2066 2474 pervenisse,

485 2495 754 2550 sarcinam
777 2493 894 2564 ejus
919 2495 1108 2564 exigua
1133 2501 1285 2564 porta
1306 2510 1416 2549 non
1436 2493 1674 2564 capiens,
1707 2492 1726 2532 ί
1752 2508 2070 2565 repercusso

486 2585 694 2652 limine,
721 2571 1018 2642 retrorsum
1062 2585 1211 2640 abire
1253 2593 1508 2657 cogetur;
1536 2595 1645 2642 tam
1675 2586 1819 2646 enim
1845 2595 2070 2658 angusta

489 2685 571 2732 est
590 2677 742 2733 diviti
767 2685 924 2746 porta
951 2677 1204 2741 caelestis,
1235 2692 1399 2747 quam
1425 2685 1510 2732 est
1536 2668 1750 2733 camelo
1770 2693 1900 2732 acus
1928 2676 2072 2733 fora-

493 2783 616 2821 men
665 2767 950 2848 exiguum;
981 2767 1122 2822 unde
1161 2767 1235 2820 ait
1280 2769 1446 2839 283
1499 2767 1757 2832 Dominus
1788 2785 1801 2821 :
1835 2767 2073 2824 Facilius

489 2867 566 2914 est
594 2862 848 2914 camelum
875 2876 964 2930 per
991 2861 1226 2932 foramen
1256 2877 1380 2913 acus
1410 2862 1664 2924 transire,
1693 2878 1848 2932 quam
1868 2860 2074 2916 divitem

486 2952 684 3004 intrare
732 2951 786 3006 in
813 2967 1032 3022 regnum
1058 2951 1301 3006 calorum
1329 2951 1544 3023 (Matth.
1577 2952 1710 3024 xxx).
1757 2951 1908 3008 Sicut
1929 2953 2074 3008 enim

486 3041 769 3106 camelum,
811 3043 1007 3096 animal
1037 3051 1339 3098 tortuosum
1379 3049 1540 3112 atque
1578 3041 1850 3109 deforme,
1882 3046 2070 3114 exigua

489 3140 514 3178 8
545 3146 772 3186 caverna
800 3133 1076 3202 praeterire
1104 3150 1211 3188 non
1237 3134 1472 3204 patitur;
1502 3135 1578 3188 ita
1608 3141 1664 3190 et
1691 3135 1911 3192 divitem
1939 3153 2072 3192 ava-

2171 1921 2420 2001 tiosis—ad
2447 1921 2808 2015 corruptelam
2830 1943 2970 2000 nuda
2992 1949 3116 1998 sunt
3136 1941 3349 2007 omnia,
3383 1941 3456 1995 ita
3486 1939 3780 2010 religiosis

2169 2035 2238 2090 ad
2265 2036 2635 2092 castimoniam
2666 2043 2888 2105 operata
2926 2042 3052 2088 sunt
3080 2033 3354 2088 universa.
3387 2031 3528 2099 Quid
3573 2040 3780 2086 autem

2170 2128 2246 2182 ait
2270 2126 2577 2196 evangelica
2622 2125 2823 2181 lectio?
2851 2122 2951 2189 Qui
2999 2124 3437 2179 scandalizarerit
3480 2141 3644 2177 unum
3711 2124 3781 2176 de

2169 2219 2372 2292 pusillis
2401 2219 2558 2293 287
2590 2218 2732 2284 istis,
2762 2218 2848 2289 qui
2871 2218 2926 2271 in
2955 2234 3036 2271 me
3061 2216 3276 2271 credunt
3309 2234 3321 2270 :
3353 2216 3562 2287 expedit
3587 2215 3635 2269 ei
3657 2256 3678 2281 ,
3721 2224 3780 2269 ut

2168 2312 2514 2385 suspendatur
2536 2312 2675 2366 mola
2703 2311 2936 2364 asinaria
2965 2311 3019 2364 in
3043 2310 3176 2365 collo
3195 2309 3327 2380 ejus,
3357 2318 3382 2346 ¹²
3420 2317 3468 2362 et
3490 2317 3782 2380 mergatur

2168 2407 2224 2460 in
2252 2403 2564 2478 profundum
2593 2405 2754 2458 maris
2799 2404 2817 2473 (
2841 2401 3029 2456 Matth.
3051 2400 3242 2477 avni).
3274 2399 3502 2456 Pusillos
3527 2401 3619 2456 hic
3647 2417 3782 2456 non

2168 2504 2330 2553 aetate
2354 2511 2572 2566 pueros,
2604 2493 2700 2550 sed
2727 2493 2928 2549 malitia
2971 2492 3226 2563 parvulos
3253 2491 3418 2557 dicit;
3451 2491 3594 2547 sicut
3613 2491 3784 2562 Apo-

2170 2587 2341 2642 stolus
2367 2588 2444 2640 ait
2473 2603 2486 2638 :
2531 2583 2738 2640 Malitia
2766 2585 2967 2655 paruuli
2993 2592 3175 2648 estote,
3201 2592 3258 2636 ut
3285 2581 3514 2637 sensibus
3539 2585 3784 2654 perfecti

2172 2677 2287 2731 sitis
2309 2687 2334 2712 ο
2367 2677 2385 2747 (
2411 2675 2436 2730 1
2469 2675 2588 2730 Cor.
2620 2691 2726 2739 xrv,
2758 2671 2827 2727 20
2850 2673 2890 2744 ).
2923 2673 3024 2740 Qui
3053 2681 3178 2728 sunt
3205 2673 3294 2727 isti
3317 2673 3418 2728 nisi
3445 2673 3630 2730 clerici
3653 2672 3766 2726 ido

2174 2769 2292 2837 nei,
2322 2767 2575 2824 monachi
2611 2766 2876 2836 religiosi,
2904 2766 2992 2821 vel
3015 2765 3172 2822 laici?
3199 2765 3452 2837 Quisquis
3479 2765 3640 2834 igitur
3683 2765 3784 2822 his

2173 2863 2500 2930 irrevercns,
2515 2869 2608 2916 aut
2634 2857 3058 2922 contumeliosus
3077 2859 3370 2924 exstiterit,
3400 2857 3500 2912 hac
3518 2857 3781 2912 belluina

2173 2971 2334 3026 paena
2363 2955 2652 3025 plectetur,
2686 2961 2745 3008 ut
2771 2953 2990 3008 informi
3018 2967 3152 3008 saxo
3180 2952 3418 3023 relegan
3443 2951 3514 3006 illi
3542 2951 3616 3007 ad
3641 2952 3783 3006 eol-

2175 3045 2284 3100 lum
2314 3045 2684 3120 pmcipitptur
2712 3043 2767 3098 in
2795 3058 2966 3100 mare.
2987 3042 3097 3099 Sed
3123 3042 3397 3099 videamus
3426 3058 3520 3098 cur
3549 3052 3578 3091 ι’
3604 3055 3784 3098 scan-

2177 3135 2536 3191 dalizantibus
2562 3132 2904 3193 Christianos
2946 3133 3045 3189 ista
3091 3149 3252 3204 poena
3296 3133 3511 3200 decreta
3536 3132 3638 3196 sit,
3663 3141 3784 3188 aut

487 3237 604 3277 rum
634 3231 797 3292 atque
837 3223 1152 3280 mendacem
1192 3234 1340 3280 arcta
1375 3225 1498 3281 caeli
1530 3225 1695 3295 janua
1732 3226 1952 3282 minime
1993 3227 2072 3291 in-
2101 3216 2148 3278 C
2175 3227 2308 3300 quid
2348 3228 2450 3283 sibi
2475 3227 2601 3282 velit
2641 3227 2756 3296 ipsa
2786 3227 3083 3292 sententia;
3109 3235 3242 3296 puto
3286 3225 3432 3280 enim
3461 3235 3488 3275 «ι
3531 3224 3780 3296 aliquod

487 3324 632 3368 trare
656 3315 936 3385 permittit.
968 3315 1100 3370 Nam
1140 3315 1262 3372 ideo
1297 3316 1424 3372 nudi
1457 3318 1508 3372 in
1551 3318 1748 3374 sarculo
1780 3319 2068 3388 nascimur,

487 3404 614 3460 nudi
643 3405 803 3461 etiam
833 3405 902 3462 ad
947 3407 1218 3464 lavacrum
1257 3409 1594 3477 accedimus,
1627 3399 1654 3448 5
1683 3419 1738 3466 et
1780 3411 1910 3467 nudi
1935 3429 2072 3483 quo-

485 3513 591 3567 que
609 3537 624 3565 ,
655 3505 710 3554 et
735 3499 973 3570 expediti
1011 3499 1079 3556 ad
1106 3501 1226 3557 coeli
1252 3501 1471 3571 januam
1501 3519 1872 3574 properamus.
1899 3504 2071 3572 Quam

485 3600 664 3646 autem
692 3592 1041 3662 incongruum
1067 3601 1122 3649 et
1145 3595 1434 3650 absurdum
1469 3604 1552 3651 est
1585 3605 1661 3664 ut,
1687 3612 1847 3668 quem
1870 3599 2070 3653 nudum

488 3691 664 3737 mater
690 3686 892 3752 genuit,
925 3685 1121 3741 nudum
1143 3688 1367 3758 suscipit
1388 3687 1626 3745 Ecclesia
1645 3729 1660 3753 ,
1690 3689 1840 3744 dives
1867 3691 2073 3744 intrare

486 3771 616 3826 velit
649 3771 704 3826 in
744 3773 977 3830 cmlum?
1002 3785 1293 3846 propterea
1329 3777 1343 3815 ί
1377 3778 1705 3835 adolescenti
1735 3780 1808 3835 illi
1839 3780 1988 3836 diviti
2017 3780 2072 3836 in

486 3857 780 3932 Evangelia
801 3879 832 3917 a
855 3863 1134 3922 Salvatore
1156 3867 1350 3924 dicitur
1384 3887 1397 3920 :
1431 3871 1445 3920 ι
1479 3869 1540 3926 Si
1563 3872 1634 3924 vis
1653 3873 1912 3943 perfectus
1938 3889 2067 3938 esse,

486 3954 646 4007 vende
671 3954 845 4008 omnia
872 3963 982 4022 tua,
1007 3966 1058 4010 et
1077 3957 1144 4010 da
1164 3959 1472 4030 pauperibus
1495 3959 1542 4014 ιε.
1571 3961 1746 4030 Usque
1773 3963 1910 4017 adeo
1926 3963 2070 4018 enim

488 4043 629 4098 nuda
645 4043 814 4098 virtus
833 4052 956 4114 apta
972 4045 1108 4101 cmlo
1123 4055 1226 4115 est,
1251 4057 1327 4114 ut,
1351 4043 1593 4118 quamvis
1607 4051 1804 4120 justus,
1826 4053 2072 4120 quamvis

488 4131 735 4198 sanctus,
759 4151 948 4191 aurum
968 4138 1054 4192 Vel
1075 4137 1289 4196 divitias
1315 4143 1614 4212 possidens,
1639 4161 1744 4201 non
1771 4149 2070 4216 possitesse

487 4225 778 4296 perfectus.
801 4228 989 4284 Talem
1015 4233 1160 4286 enim
1184 4234 1354 4288 voluit
1373 4234 1774 4311 adolescentem
1799 4241 1949 4296 illum
1972 4241 2072 4297 Do-

489 4319 667 4375 minus
687 4319 756 4375 ad
770 4321 1078 4400 paradisum
1097 4325 1298 4396 redire,
1319 4328 1495 4396 qualis
1506 4326 1676 4386 Adam
1703 4330 1879 4387 fuerat
1895 4333 1963 4390 de
1981 4349 2072 4404 pa-

487 4407 650 4473 radisi
671 4411 1002 4470 sublimitate
1025 4415 1296 4485 dejectus;
1330 4419 1502 4475 nudus
1527 4421 1668 4476 enim
1698 4423 1866 4479 Adam
1893 4427 2068 4482 incola

485 4499 717 4568 paradisi
741 4499 840 4557 fuit
863 4520 874 4556 :
899 4503 1131 4576 denique
1152 4515 1274 4578 post
1295 4517 1577 4579 peccatum
1599 4512 1892 4570 nuditatem
1914 4532 2066 4572 suam

2174 3321 2486 3394 mysterium
2516 3321 2796 3376 continere
2838 3337 2851 3372 :
2896 3319 3050 3388 quasi
3075 3333 3202 3374 vero
3248 3334 3358 3372 non
3385 3317 3655 3374 suﬂlceret
3709 3318 3778 3374 in

2172 3428 2322 3468 mare
2361 3411 2567 3467 homini
2613 3409 2974 3478 demergendo
3002 3424 3192 3464 saxum
3219 3409 3608 3478 qualecumque
3646 3423 3780 3466 non

2172 3519 2421 3574 magnum
2451 3511 2542 3558 aut
2568 3517 2810 3566 enorme,
2840 3502 2937 3556 sed
2964 3501 3120 3556 molae
3146 3500 3392 3558 asinaria:
3431 3498 3563 3569 lapis
3581 3498 3644 3553 ei
3667 3514 3779 3554 re-

2172 3598 2380 3669 legetur
2424 3595 2490 3651 ad
2535 3595 2730 3651 collum
2751 3637 2766 3662 ,
2797 3600 2856 3648 ut
2883 3609 3004 3650 cum
3051 3593 3294 3665 perituro
3321 3591 3539 3648 homine
3565 3598 3776 3663 pereat

2171 3705 2260 3744 res
2287 3687 2406 3746 usui
2450 3686 2772 3743 necessaria.
2807 3685 2915 3742 Sed
2942 3693 3072 3756 puto
3107 3685 3212 3740 hcc
3250 3684 3420 3754 magis
3445 3698 3585 3752 esse,
3611 3683 3775 3754 quod

2173 3782 2228 3836 in
2273 3779 2564 3852 Scripturis
2591 3779 2728 3834 asini
2775 3778 2942 3847 figura
2969 3777 3203 3849 populus
3227 3777 3504 3846 gentilium
3546 3790 3777 3831 nuncu-

2172 3884 2350 3945 patur,
2382 3873 2474 3945 qui
2496 3872 2690 3928 clausis
2719 3869 2888 3927 oculis
2915 3871 3059 3926 circa
3092 3868 3406 3940 ignorantia:
3443 3867 3640 3924 molam
3667 3883 3772 3926 er-

2140 4017 2147 4023 .
2173 3967 2312 4024 roris
2340 3967 2422 4023 sui
2451 3981 2584 4038 gyro
2613 3963 2960 4036 pertrahitur,
2989 3970 3045 4018 et
3070 3963 3186 4020 sine
3213 3961 3319 4017 ulla
3345 3977 3533 4018 cursus
3581 3959 3772 4016 direc-

2175 4061 2324 4116 tione
2351 4059 2593 4129 vestigiis
2639 4058 2694 4112 in
2739 4071 2799 4112 se
2847 4071 2992 4126 saepe
3023 4053 3370 4110 redeuntibus
3416 4053 3616 4107 invitus
3637 4052 3767 4106 usui

2173 4152 2384 4206 laborat
2421 4150 2620 4205 alieno.
2653 4147 2843 4202 Nonne
2871 4147 3014 4202 enim
3055 4147 3150 4202 tibi
3181 4145 3394 4201 videtur
3417 4144 3618 4200 molam
3645 4145 3766 4199 asi-

2171 4243 2378 4298 nariam
2407 4241 2626 4297 volvere
2653 4239 2884 4310 populus
2911 4238 3126 4307 gentilis
3149 4280 3164 4306 ,
3189 4235 3429 4306 quandiu
3458 4245 3480 4274 τ
3512 4237 3674 4308 288
3701 4235 3768 4290 in

2171 4332 2452 4404 imperitia:
2479 4346 2589 4387 sua:
2617 4329 2801 4386 labore
2828 4329 3118 4384 versatur?
3147 4335 3356 4382 natura:
3381 4325 3600 4396 quidem
3637 4323 3768 4379 vin-

2171 4427 2305 4483 culis
2348 4426 2618 4497 alligatus,
2647 4431 2705 4478 ut
2740 4421 2971 4477 verbum
3021 4420 3115 4476 Dei
3147 4429 3170 4458 ³
3227 4419 3418 4486 molat,
3469 4417 3768 4473 Dominum

2171 4519 2291 4576 cmli
2320 4525 2546 4588 quierat,
2589 4515 2686 4572 sed
2731 4522 2932 4585 operta:
2982 4512 3179 4568 mentis
3215 4511 3459 4568 czccitate
3510 4507 3768 4566 subfusus

1145 4686 1230 4776 ait.
1250 4688 1457 4776 caelum,
1485 4689 1696 4748 omissis
1737 4693 1916 4751 verbis
1943 4696 2066 4751 sim-
2099 4701 2145 4761 D
2171 4699 2500 4776 amentem}.
2527 4693 2585 4750 S.
2617 4692 2804 4776 Crucis
2833 4693 2884 4776 in
2913 4692 3022 4776 Jer.
3055 4696 3167 4751 hare
3190 4695 3462 4776 habentur
3489 4710 3508 4748 :
3535 4694 3762 4776 dicitur;

486 4749 717 4823 plicityte
739 4749 1152 4823 penetratur'ad,
1182 4765 1290 4814 etc.

559 4818 747 4902 f’Cod.
769 4820 886 4875 Vat.
921 4821 1088 4902 6130,Δ
1101 4818 1163 4882 Si
1191 4830 1331 4902 enim
1355 4837 1404 4883 te
1425 4847 1530 4884 non
1559 4831 1694 4888 lwsit
1722 4835 1903 4902 fratris
1921 4836 2069 4891 obse-

486 4895 680 5012 Ttium,
711 4902 932 4971 meretur
959 4903 1014 4946 ut
1042 4897 1235 4973 vincas.
1287 4895 1524 4970 Uterque
1553 4903 1676 4956 cod.
1709 4895 1766 4958 S.
1799 4904 1986 4962 Crucis
2013 4907 2066 4960 in

521 4973 598 5012 er.
633 4958 757 5012 Iesu
785 4971 1024 5012 meretur-
1053 4973 1107 5012 ut
1152 4968 1356 5012 (lilium,
1389 4971 1526 5012 ηηηιι
1563 4971 1608 5012 .5
1641 4974 1858 5012 fas-siluas
1901 4976 2032 5012 ιηηει

521 4973 598 5012 er.
618 4958 757 5044 Oleg'it
785 4971 1024 5044 meretur,
1053 4968 1126 5018 ut'
1152 4968 1358 5040 diligas,
1383 4958 1526 5044 quod
1563 4971 1608 5044 si
1637 4974 1858 5044 forsitan
1880 4958 2065 5038 laesit,

489 5029 655 5112 magiis
678 5028 970 5112 obsequium
988 5028 1323 5112 mereturfut
1347 5028 1542 5112 uincas.
1569 5028 1648 5096 Ita
1675 5052 1730 5097 et
1759 5028 1949 5099 Vallic.
1979 5028 2067 5112 iii,

489 5098 588 5168 qui
611 5098 822 5174 deinde:
839 5099 1160 5174 habetpllaee
1185 5098 1262 5163 est
1281 5111 1436 5174 enim,
1466 5120 1574 5166 etc.

563 5179 586 5248 ξ
617 5167 750 5248 Qad.
782 5169 900 5226 Vat.
933 5172 1102 5248 ὅρὃ,
1126 5167 1438 5248 pendamus;

406 5256 453 5318 1'"
557 5236 584 5276 ά
620 5236 1164 5318 Uterque_eod.__le}gi't
1189 5250 1346 5301 Art-ta
1373 5259 1564 5304 autem.

564 5319 588 5395 ς
619 5309 750 5395 ρςκι.
788 5310 1053 5395 ιιειιιιιοεειιᾹ
1073 5309 1160 5395 (εξ,
1189 5318 1259 5395 ait
1287 5319 1441 5395 vitae:
1469 5336 1568 5395 pre
1597 5321 1667 5395 ad
1693 5339 1922 5395 ream"-

566 5378 597 5461 τ’
621 5376 855 5463 Uterque
875 5383 998 5438 cod.
1021 5376 1363 5463 S.‘_Crucis_in
1399 5376 1509 5463 Jul}.
1542 5389 1668 5463 legit
1688 5376 2015 5463 repercussus
2035 5411 2067 5446 α

487 5449 663 5516 limine
693 5449 971 5531 retrorsum
996 5456 1164 5510 redire
1199 5457 1414 5527 cogitur.
1445 5449 1755 5531 CodfﬁVat.‘
1773 5459 1914 5514 6450
1943 5463 2068 5531 legit

489 5537 747 5590 repressus
776 5540 807 5576 a
841 5525 1036 5579 limine.

559 5602 584 5680 ξ
876 5593 937 5680 Sr.‘
965 5594 1152 5680 qrttcis
1181 5599 1232 5676 in
1261 5593 1390 5680 leta,
1423 5599 1611 5680 exigua
1639 5617 2028 5680 arusﬂcarerrra.
2087 5587 2094 5597 ’

559 5661 583 5698 ¹¹
613 5661 748 5716 Cod.
781 5665 872 5716 cit.
905 5663 961 5718 S.
986 5665 1174 5719 Crucis
1213 5667 1264 5718 in
1285 5664 1395 5720 Jer.
1425 5661 1548 5736 legit
1577 5681 1629 5723 ut
1659 5671 1848 5724 nudi...
1883 5689 2068 5726 mone-

490 5747 679 5784 remus.

569 5799 750 5856 iCod.
801 5801 920 5858 Vat.
971 5803 1145 5868 6450,
1197 5805 1506 5862 adolescenti
1547 5811 1710 5866 diviti.
1758 5811 1811 5866 Ιιι
1844 5821 2068 5882 utroque

2170 4768 2254 4840 qui
2304 4769 2398 4823 sibi
2441 4769 2613 4840 justus
2642 4764 2926 4830 uidebatur,
2957 4775 3007 4818 et
3050 4774 3281 4831 sanctus,
3310 4774 3360 4818 et
3407 4765 3584 4820 omnia
3629 4765 3764 4837 legis

2170 4837 2421 4891 mandata
2461 4836 2757 4891 complesse.

2170 4851 2421 4893 mandata
2461 4851 2757 4893 complesse.

2245 4853 2421 4893 maata
2461 4853 2757 4906 complesse.

2245 4907 2258 4956 i
2299 4907 2432 4963 Cod.
2463 4905 2724 4962 Vallicell.
2755 4903 2841 4968 l5,
2872 4905 3018 4966 vade,
3050 4905 3228 4970 vende,
3255 4911 3361 4959 etc.

2244 4974 2268 5014 ιι
2301 4977 2464 5033 Iidem
2495 4975 2655 5031 cadd.
2705 4972 2762 5028 S.
2793 4971 2982 5030 Crucis
3023 4976 3074 5030 in
3097 4973 3204 5030 Jer.
3239 4973 3444 5030 addunt
3469 4982 3518 5029 et
3549 4973 3763 5029 habebis

2173 5047 2466 5118 thesaurum
2495 5048 2548 5101 in
2578 5047 2805 5118 eq:l_q,~_et
2829 5046 2944 5118 ueni
2969 5047 3177 5118 sequere
3203 5061 3302 5099 me.

2248 5113 2266 5154 ¹
2297 5117 2430 5174 Cod.
2468 5119 2584 5172 Vat.
2614 5114 2786 5186 6450,
2805 5111 3087 5170 nuditatem
3111 5131 3260 5168 suam
3286 5115 3596 5186 promittens.
3619 5111 3758 5171 Cod.

2171 5185 2386 5260 Vallig,
2417 5188 2554 5260 foliis
2582 5184 2840 5260 pudenda.

2248 5267 2287 5294 ’π
2318 5252 2554 5328 Uterque
2581 5252 2703 5328 fcod-
2736 5255 2850 5328 si!“
2884 5252 2938 5307 Ν
2943 5255 3036 5328 ΗΜ
3046 5257 3374 5328 armti?“-

2245 5335 2271 5362 ¹³
2300 5323 2688 5383 οοάειῖνοιιιρ.
2735 5323 2822 5389 15,
2853 5334 2909 5378 et
2933 5323 3116 5380 Casia.
3169 5323 3300 5388 102,
3329 5334 3381 5379 et
3410 5327 3759 5389 demergatur.

2247 5406 2270 5519 εἰ
2303 5396 2430 5453 Post
2473 5399 2587 5452 hau:
2634 5395 2924 5466 Scriptura:
2966 5396 3128 5451 verba
3157 5395 3354 5450 desinit
3382 5395 3764 5452 Vallicellanus

2247 5483 2361 5519 rex.

2173 5481 2304 5522 00116
2311 5483 2338 5521 Χ
2347 5508 2361 5521 .

2247 5547 2273 5586 ιι
2303 5537 2434 5591 Cod.
2467 5537 2674 5599 Cas'n...
2702 5533 3014 5590 Christianis
3051 5535 3543 5600 scandalisantibus,
3573 5543 3686 5592 etc.

2247 5617 2272 5655 ⁴ι
2307 5605 2542 5676 Uterque
2583 5606 2718 5676 cod.
2735 5613 3064 5676 trtemoratns
3084 5647 3098 5669 ,
3130 5616 3252 5674 puto
3277 5607 3415 5676 enim
3443 5607 3611 5662 illam.

2249 5687 2270 5712 τ
2303 5677 2434 5729 Cod.
2459 5674 2583 5731 Vat.
2617 5674 2776 5739 6-450,
2807 5675 3080 5742 imperilia:
3105 5691 3212 5729 sua'
3239 5675 3435 5731 labare.

2249 5753 2268 5780 "
2305 5746 2446 5800 Ilem
2477 5746 2619 5808 (fut...
2661 5743 2880 5797 Verbum
2917 5742 3010 5798 Dei
3039 5744 3194 5800 mola.
