4056 6346
1074 188 1129 199 -ψο

205 299 297 354 “9

1534 274 1827 336 I'OMILIA‘
1854 273 2127 334 LXXXVI.
2176 234 2183 241 ’

3333 274 3436 329 ιῢθ

204 414 392 470 vultum
417 404 576 461 animi
602 406 807 476 erigere
836 407 903 463 ad
944 405 1135 474 Deum,
1167 415 1191 444 ι
1237 403 1413 462 cordis
1457 402 1643 458 oculos
1681 400 1754 453 Ie—
1788 401 1830 460 Α
1859 410 2009 463 spem
2037 391 2174 460 gerit
2205 389 2431 445 laboris:
2464 390 2550 445 cui
2581 405 2702 445 vera
2729 388 2869 445 mola
2899 388 3126 447 asinaria
3149 388 3217 445 ad
3239 390 3434 445 collqu

206 518 320 561 vare
341 514 445 557 non
472 497 638 568 possit
655 497 725 552 ad
751 497 962 553 caelum.
991 497 1099 553 Sed
1127 497 1382 566 quoniam
1410 493 1552 548 mola
1580 492 1755 547 asina-

1856 484 2226 555 suspenditur,
2271 490 2452 554 portat
2491 482 2753 553 lapidem,
2785 483 2877 552 qui
2925 491 3140 554 portare
3175 482 3437 537 debuerat

174 591 273 652 ’ῆι
297 591 324 631 ι)
350 567 531 645 saxum
553 602 673 643 esse
699 595 937 652 constat;
959 587 1235 642 videamus
1261 586 1306 641 si
1337 592 1393 640 et
1426 594 1754 654 paganorum
1852 576 2038 644 jugum
2064 571 2283 628 Christi.
2315 571 2511 629 Asinus
2524 567 2660 641 'ergo
2689 572 2759 628 ad
2784 573 2981 628 molam
3003 612 3018 637 ,
3053 587 3229 629 cacus
3256 570 3325 626 ad
3353 572 3435 626 la-

206 683 312 739 talis
334 686 411 736 est
438 678 596 733 mola.
627 676 772 734 Talis
798 685 881 733 est
907 678 1033 747 plan
1045 692 1100 742 .·;
1130 691 1292 733 saxea
1322 674 1465 729 enim
1493 671 1634 726 mola
1673 675 1757 723 est

205 789 509 852 paganorum
528 772 754 844 Jupiter,
783 773 1143 842 Herculesque
1174 770 1432 841 lapideus,
1454 768 1596 823 circa
1619 778 1755 833 quos

210 883 229 912 ε
255 868 403 926 caecis
427 865 596 921 oculis
636 860 902 933 frequenti
929 878 1112 918 errore
1147 861 1494 916 circumeunt.
1525 855 1713 911 Caecus
1735 892 1751 915 ,

206 961 427 1029 inquam,
450 954 674 1011 dixerim
710 969 897 1009 eorum
934 952 1120 1009 oculos
1155 951 1247 1020 qui
1275 953 1465 1020 putant
1492 961 1551 1002 se
1574 943 1756 998 videre

205 1048 334 1121 quod
358 1062 462 1103 non
495 1045 707 1110 vident;
749 1044 1068 1114 aspicientes
1094 1041 1235 1097 enim
1264 1053 1451 1096 saxum
1492 1035 1659 1089 Deum
1696 1047 1756 1088 se

205 1139 371 1195 videre
399 1134 689 1191 confidunt.
734 1135 980 1188 Attamen
1017 1132 1108 1200 qui
1154 1130 1350 1185 molam
1390 1125 1583 1191 volvit,
1625 1137 1758 1179 con-

206 1227 480 1289 summandi
529 1223 811 1293 aliquando
857 1221 1014 1276 linem
1061 1220 1240 1290 operis
1293 1216 1475 1281 habet,
1525 1211 1755 1268 exeundi

1858 666 2069 738 pidem,
2114 666 2329 735 gentilis
2375 665 2442 720 ad
2481 680 2666 721 saxum
2690 707 2705 732 ,
2743 665 2835 733 qui
2887 665 3077 720 adorat
3120 680 3244 720 eum
3274 678 3435 733 quem

1859 774 1969 813 non
2012 757 2159 813 videt
2186 772 2286 812 nec
2316 755 2577 824 agnoscit.
2612 755 2753 810 Deus
2777 756 2919 809 enim
2947 771 3053 809 non
3084 754 3137 809 in
3165 751 3438 809 manufac-

1859 852 1928 907 tis
1946 850 2174 913 habitat,
2205 865 2303 904 nec
2333 849 2385 902 in
2416 847 2633 902 metallo
2655 855 2748 901 aut
2784 862 2917 903 saxo
2943 846 3305 917 cognoscitur.
3339 843 3437 900 Hic

1856 955 2007 1011 ergo
2025 940 2242 1010 gentilis
2269 938 2497 1008 populus
2524 952 2645 991 cum
2674 938 3103 1006 persecutionem
3132 935 3437 991 Christiano

1858 1032 2117 1098 intulerit,
2147 1031 2248 1085 hac
2274 1044 2433 1099 paena
2470 1027 2742 1097 plectitur,
2784 1035 2843 1080 ut
2870 1042 2993 1082 cum
3039 1043 3135 1082 sua
3176 1027 3435 1094 sacrilega

1857 1121 1999 1176 mola
2022 1119 2294 1189 judieandi
2324 1118 2503 1173 saeculi
2530 1117 2774 1172 fluctibus
2803 1116 3159 1185 demergatur.

1447 1301 1789 1364 HOMILIA
1839 1299 2193 1360 LXXXVI.

1546 1398 1622 1452 De
1643 1398 1822 1452 bellico
1852 1403 2092 1449 tumultu.

1630 1485 2017 1540 ADMONITIO.

267 1594 580 1651 Muratorius
604 1592 842 1647 omnium
863 1590 1068 1661 primus
1091 1588 1235 1661 hanc
1248 1580 1695 1661 liomli‘liamjnter
1714 1591 1995 1661 scrin-ones
2022 1575 2077 1629 S.
2113 1575 2412 1661 Ambrosii"
2428 1586 2738 1661 usurpatam
2754 1577 2825 1660 _S.
2857 1576 3088 1633 Maximo
3117 1575 3432 1661 Taurinensi

208 1645 459 1725 restituit:
473 1645 783 1718 Eat—nvenim
815 1645 1014 1730 reperit
1042 1658 1095 1711 in
1118 1656 1303 1711 codice
1334 1652 1400 1705 98
1431 1648 1804 1708 Ambrosiano,
1837 1645 1904 1699 de
1919 1661 2047 1726 quo.
2063 1660 2206 1768 saepe
2250 1645 2576 1702 mentionem
2607 1648 2905 1712 habuimus,
2939 1657 2992 1702 et
3020 1664 3140 1702 cum
3171 1647 3289 1702 aliis
3317 1649 3433 1717 plu.

208 1738 337 1768 .:...:..
367 1734 556 1768 οηιιοπη
580 1750 641 1768 ο.
676 1748 782 1768 unca
834 1727 1163 1768 dom-munita
1187 1726 1237 1768 in
1270 1734 1402 1768 tnm-
1433 1735 1484 1768 ιν
1510 1718 1760 1768 Αηεσιιοι.
1784 1714 2093 1768 publicavit.
2164 1714 2254 1768 lue
2280 1729 2447 1768 nsuue
2472 1716 2577 1768 hoc
2604 1731 2724 1768 cum
2755 1719 3063 1768 testimonio
3087 1719 3138 1768 in
3168 1717 3433 1768 seuuentL

207 1714 800 1793 Hiiié‘éédérﬁ'éx'iﬁ's’s.
818 1714 1238 1798 depromptisin
1264 1734 1403 1798 tom.
1433 1735 1484 1775 tv
1510 1718 1760 1798 Anecclot.
1784 1714 2093 1798 publicavit.

2190 1732 2254 1769 uc
2280 1729 2447 1786 usque
2472 1716 2577 1771 hoc
2604 1731 2724 1770 cum
2740 1719 3063 1786 testimonio
3087 1719 3138 1771 in
3168 1717 3437 1786 sequenti~

206 1783 778 1864 iii'iiiiiriiidariﬁﬁ
808 1783 1031 1869 operum
1059 1783 1381 1869 editionibus
1423 1796 1678 1869 exornata
1709 1785 1973 1869 apparuit.
2009 1783 2116 1869 [rios
2136 1785 2467 1869 auctoritate
2504 1786 2729 1869 codicis;
2731 1784 2799 1840 99
2913 1786 3099 1868 Crucis
3129 1788 3180 1840 in
3221 1783 3439 1841 Jerusa-

207 1852 1043 1942 Ῐθῖἧ,’ίιῖιῖ’ξξίῇέίέῖῖὶὶοζἐει-ιιιο
1071 1865 1158 1928 95,
1188 1863 1432 1942 eamdem
1462 1852 1801 1942 “lustramus,
1828 1868 1998 1927 neque
2020 1852 2331 1908 hmsitamus
2357 1852 2413 1908 S.
2451 1855 2665 1937 prtesuli
2687 1854 3002 1912 Taurincnsi
3030 1871 3293 1919 asserere,
3318 1871 3437 1910 cum

207 1927 480 2002 cit—dicendi
504 1927 670 2007 ratio:
694 1927 880 2009 reique
906 1927 1278 2007 argumentum
1308 1932 1409 2002 ipsi
1436 1927 1739 1984 conveniat.

209 2044 581 2117 Aacuueu'ruu.
612 2084 683 2095 ——
705 2050 783 2104 Ad
811 2050 1153 2117 Taurinenses
1181 2044 1311 2098 ciues
1336 2040 1398 2095 ob
1427 2038 1763 2117 barbarorum
1795 2045 1838 2102 Β
1869 2030 1887 2070 τ
1920 2042 2186 2103 praeparat
2212 2033 2509 2089 animabus.
2535 2034 2817 2092 Cernimus
2841 2037 3038 2091 armari
3060 2036 3291 2093 civitatis
3320 2054 3440 2108 por-

265 2110 609 2196 inproximas
636 2122 922 2196 prouincias
966 2113 1304 2196 irruptionem
1334 2110 1765 2196 trepidantem“?

268 2180 530 2251 tuiiionem
560 2180 1003 2261 defensionemque
1036 2180 1189 2261 Urbis
1217 2180 1460 2261 parantes
1484 2180 1617 2232 hanc
1645 2192 1767 2261 oraf

266 2268 448 2321 tionem
492 2251 674 2316 habuit
712 2258 772 2321 S.
807 2251 1086 2311 Maiimus.
1132 2251 1322 2307 Eorum
1348 2251 1531 2323 quippe
1569 2251 1767 2299 animos

268 2318 458 2407 erigere
487 2332 560 2385 ad
578 2318 904 2407 spemvdiriui
932 2324 1159 2407 pra’sidii
1185 2318 1421 2407 conatur,
1438 2318 1727 2407 admo‘neus
1749 2357 1765 2407 Ζ

267 2386 545 2475 utamur-os
573 2386 738 2454 mores
766 2386 1077 2475 corrigentes
1110 2394 1202 2446 Dei
1223 2391 1508 2475 uindictam
1552 2386 1771 2441 ulterius

267 2460 543 2545 prouocare
565 2479 796 2545 caueant2
835 2460 984 2537 atque
1008 2464 1154 2519 illam
1182 2463 1281 2532 piis
1324 2460 1612 2529 sanctisque
1658 2471 1774 2525 ope-

270 2538 405 2600 ribus
432 2543 652 2614 placare
676 2538 932 2593 studeant.

270 2679 442 2734 Movet
472 2676 702 2729 fortasse
730 2684 844 2734 vos,
877 2666 1102 2728 fratres,
1131 2662 1272 2741 quod
1318 2660 1572 2716 tumultus
1600 2657 1768 2711 bello-

211 2782 320 2825 rum
346 2778 400 2822 et
428 2762 767 2820 incursiones
792 2757 1096 2828 praeliorum
1120 2753 1233 2808 lteri
1275 2751 1521 2807 audimus
1542 2748 1773 2814 assidue,

208 2867 259 2914 et
296 2874 390 2912 cur
418 2853 621 2910 nostris
661 2847 990 2918 temporibus
1017 2843 1148 2898 fiant
1174 2842 1514 2898 dilectionem
1542 2845 1774 2893 vestram

209 2952 429 3007 fortasse
458 2947 584 3017 plus
614 2948 812 2997 movet.
843 2938 947 2993 Sed
972 2938 1083 2992 haec
1110 2950 1269 2991 causa
1297 2942 1380 2988 est
1400 2933 1542 3001 quia,
1572 2938 1776 3001 quanto

210 3043 371 3111 magis
396 3036 630 3112 proximi
658 3048 841 3089 sumus
863 3030 1044 3086 mundi
1076 3028 1308 3090 excidio,
1332 3034 1484 3080 tanto
1510 3024 1678 3090 magis
1697 3037 1779 3076 re-

210 3147 308 3202 gno
333 3147 523 3188 sumus
571 3128 799 3203 proximi
843 3125 1152 3181 Salvatoris.
1184 3122 1302 3192 Ipse
1338 3120 1495 3175 ‘enim
1528 3117 1780 3171 Dominus

211 3225 311 3291 ait,
342 3223 488 3295 quod
520 3223 576 3275 in
620 3218 908 3275 novissimis
949 3218 1123 3270 diebus
1162 3221 1401 3284 exsurget
1446 3228 1570 3282 gens
1599 3219 1781 3264 contra

211 3321 429 3385 gentem,
455 3318 505 3366 et
531 3326 743 3381 regnum
769 3306 1014 3361 adversus
1040 3319 1253 3375 regnum
1280 3300 1470 3373 (Marc.
1512 3298 1659 3367 xxxi)
1689 3316 1701 3350 :
1726 3308 1781 3351 et

1866 2133 1970 2188 tas,
2014 2122 2271 2180 debemus
2316 2126 2479 2179 etiam
2522 2126 2669 2195 prius
2716 2126 2769 2181 in
2815 2128 2970 2183 nobis
3012 2136 3196 2198 portas
3235 2144 3444 2185 armare

1860 2214 2098 2283 justitite,
2131 2214 2197 2268 de
2222 2215 2414 2284 quibus
2452 2216 2509 2269 S.
2556 2219 2819 2285 propheta
2845 2217 2982 2272 dixit
3019 2235 3033 2271 :
3075 2218 3287 2289 Aperite
3321 2220 3449 2272 mihi

1868 2315 2047 2376 portas
2087 2307 2307 2376 justitite
2337 2307 2515 2378 (Psut.
2545 2308 2741 2379 cxvu).
2793 2308 2944 2365 Tunc
2989 2316 3170 2364 autem
3216 2309 3449 2364 civitatis

1868 2405 2022 2467 porta
2068 2398 2269 2451 munita
2299 2413 2418 2453 esse
2466 2399 2682 2467 poterit,
2715 2399 2936 2469 siprius
2982 2399 3034 2454 in
3082 2399 3238 2455 nobis
3280 2407 3449 2470 porta:

1865 2488 2085 2558 justitim
2114 2489 2439 2543 muniantur.
2474 2488 2684 2543 Etenim
2708 2490 2841 2545 nihil
2865 2491 3087 2560 prodest
3116 2506 3299 2546 muros
3328 2507 3448 2545 mu-

1870 2579 1988 2633 nire
2017 2581 2448 2649 propugnaculis,
2476 2587 2531 2633 e‘t
2560 2580 2726 2634 Deum
2746 2596 3042 2651 provocare
3068 2582 3323 2651 peccatis.
3354 2581 3448 2635 Illa

1872 2672 2389 2727 enim'constituitur
2417 2669 2578 2736 ferro,
2609 2671 2753 2726 saxis
2794 2677 2847 2726 et
2874 2672 3112 2737 sudibus,
3138 2673 3251 2727 haec
3277 2686 3452 2725 arma-

1875 2770 1962 2816 tur
1998 2760 2395 2827 misericordia,
2436 2761 2767 2828 innocentia,
2799 2763 3071 2828 castitate;
3104 2762 3191 2816 illa
3223 2762 3451 2817 telorunt

1876 2849 2215 2905 multitudine
2258 2850 2587 2914 custoditur,
2638 2850 2751 2906 htec
2796 2851 3115 2905 orationum.
3152 2848 3452 2919 frequentia

1873 2940 2192 2998 defenditur.
2237 2926 2303 2994 Et
2350 2941 2417 2995 ad
2465 2941 2679 3010 plenam
2722 2941 3004 2997 tuitionem
3036 2941 3244 2995 urbium
3274 2948 3453 3011 portas

1876 3035 2176 3106 principum
2198 3034 2372 3089 solent
2392 3025 2541 3103 signa
2565 3033 2868 3102 praecedere
2893 3052 2905 3084 :
2930 3034 3225 3087 animarum
3247 3042 3455 3088 nostra-

1877 3142 1996 3180 rum
2019 3134 2201 3195 portas
2221 3126 2430 3193 signum
2449 3124 2745 3179 Salvatoris
2762 3126 3038 3196 anticipet.
3060 3124 3218 3193 Ergo,
3243 3125 3452 3190 fratres,

1864 3203 2103 3285 ‘pr0pter
2130 3214 2363 3269 futurum
2388 3214 2645 3283 judicium
2685 3215 2846 3269 armis
2874 3232 2971 3270 nos
3008 3216 3313 3271 cmlestibus
3340 3231 3458 3269 mu-

1879 3310 2106 3370 niamus,
2147 3308 2486 3378 accingamur
2508 3308 2673 3363 lorica
2691 3305 2842 3370 ‘Ildei,
2874 3307 3059 3361 salutis
3100 3308 3249 3374 galea
3280 3314 3460 3376 prote-

211 3405 331 3459 alibi
364 3423 377 3456 :
410 3404 541 3457 Cum
586 3399 815 3454 videritis
865 3396 1018 3461 bella,
1049 3405 1097 3448 et
1143 3400 1484 3456 terrmnotus,
1514 3399 1562 3442 et
1593 3392 1780 3459 fames,
1807 3406 1853 3469 ρ
1884 3415 2090 3470 εδιτιον,
2130 3399 2297 3453 verbo
2344 3398 2439 3452 Dei
2484 3397 2710 3467 ερίτίωιί
2756 3398 2932 3466 81δάίο
2962 3397 3337 3459 defendamur;
3368 3398 3459 3466 qui

211 3495 386 3549 scitote
423 3493 670 3559 quoniam
705 3492 759 3544 in
788 3489 1025 3560 proximo
1054 3495 1131 3539 est
1178 3500 1389 3555 regnum
1438 3481 1530 3535 Dei
1562 3477 1776 3551 (Matth.

211 3583 374 3652 xxxv).
423 3581 570 3651 Ergo
618 3580 864 3635 vicinitas
894 3578 992 3631 ista
1033 3575 1297 3630 bellorum
1325 3573 1559 3628 vicinum
1612 3568 1782 3638 magis

211 3676 364 3731 nobis
391 3667 663 3728 Christum
689 3685 809 3725 esse
835 3670 1185 3723 demonstrat.
1219 3665 1388 3732 Atque
1417 3662 1541 3717 ideo
1569 3661 1785 3715 venien-

210 3776 319 3822 tem
347 3764 716 3820 adversarium
745 3762 936 3814 timere
981 3773 1088 3811 non
1135 3756 1327 3817 debeo,
1375 3755 1498 3822 quia
1528 3767 1628 3822 per
1671 3751 1785 3804 haec

206 3859 358 3927 signa
391 3856 577 3910 venire
629 3853 808 3922 petitis
858 3848 1097 3916 intelligo
1143 3846 1494 3908 Salvatorem,
1545 3842 1788 3913 quamvis

206 3948 351 4000 enim
405 3946 507 3998 iste
555 3950 753 3997 mrtum
784 3939 1009 3993 incutiat
1061 3935 1440 4005 temporalem,
1474 3934 1562 3988 ille
1609 3941 1787 3986 tamen

202 4036 442 4091 salutem
488 4031 662 4087 defert
692 4022 1087 4100 sempiternam.
1124 4025 1321 4081 Potens
1364 4026 1526 4097 239
1571 4031 1655 4078 est
1692 4038 1785 4077 au-

203 4135 315 4181 tem
352 4125 500 4178 idem
530 4122 802 4183 Dominus,
846 4128 905 4173 ut
941 4126 996 4174 et
1040 4118 1285 4173 hostilem
1314 4132 1345 4171 a
1383 4117 1538 4172 nobis
1565 4113 1790 4185 repellat

200 4230 469 4289 pavorem
491 4252 504 4276 ,
550 4221 604 4268 et
640 4228 789 4267 suam
833 4211 987 4266 nobis
1023 4208 1357 4280 praesentiam
1386 4209 1659 4277 largiatur.
1690 4206 1793 4261 Per

204 4309 306 4362 hos
359 4306 526 4372 ig’tur
570 4303 829 4358 bellorum
884 4301 1138 4356 tumultus
1190 4297 1372 4354 mundi
1407 4298 1676 4368 quoddam
1713 4298 1788 4352 si-

205 4392 497 4464 gnificatur
551 4391 844 4455 excidium;
908 4389 1141 4445 futurum
1194 4389 1335 4444 enim
1387 4389 1641 4458 judicium
1694 4387 1790 4442 Dei

209 4488 322 4542 luce
352 4482 673 4553 inquietudo
714 4481 981 4551 prmcedit.
1002 4480 1108 4535 Est
1129 4488 1309 4535 autem
1334 4480 1602 4549 quoddam
1637 4494 1790 4535 com-
1833 4500 1838 4506 ι

211 4575 472 4633 motionis
522 4573 776 4642 judicium
832 4573 925 4627 Dei
981 4572 1163 4627 videre
1207 4572 1349 4641 quod
1383 4580 1607 4627 metuas.
1656 4571 1790 4625 Dum

213 4669 355 4723 enim
404 4666 551 4724 cauti
594 4680 781 4720 sumus
825 4663 892 4718 ad
938 4678 1001 4718 ea
1043 4678 1163 4732 qua:
1200 4662 1486 4727 cernimus,
1525 4662 1794 4717 cautiores

1881 3494 2024 3549 enim
2049 3492 2133 3547 his
2166 3490 2328 3547 armis
2355 3492 2649 3546 instructus
2678 3490 2834 3544 fuerit
2869 3506 2968 3544 nec
2996 3497 3311 3559 pnusentem
3340 3504 3462 3559 per-
3528 3506 3543 3514 ο

1882 3582 2238 3639 turbationem
2268 3580 2475 3644 metuit,
2509 3594 2609 3634 nec
2631 3579 2867 3633 futurum
2888 3578 3163 3648 judicium
3203 3578 3460 3647 pertime-

1882 3674 2001 3730 scit.
2048 3671 2321 3741 Siquidem
2367 3679 2583 3727 sanctus
2629 3669 2796 3723 David
2843 3670 2941 3724 hac
2988 3669 3273 3724 deretione
3303 3668 3464 3740 29o

1893 3769 2170 3833 protectus
2195 3761 2405 3817 Goliam
2434 3760 2581 3815 illum
2616 3759 2961 3815 fortissimum
3005 3766 3264 3812 amiatum
3296 3760 3457 3814 etiam

1886 3852 2109 3909 inermis
2138 3852 2423 3915 occiderit,
2456 3860 2510 3905 et
2537 3851 2707 3905 virum
2729 3833 3049 3905 bellicosum
3077 3850 3464 3907 munitionibus

1887 3943 2120 4013 undique
2147 3944 2560 4012 circumseptum
2587 3942 2699 3997 sola
2725 3940 2842 3996 Ildei
2874 3941 3069 3996 virtute
3092 3940 3459 4011 prostraverit.

1887 4035 2017 4090 Cum
2046 4036 2188 4088 enim
2233 4033 2293 4088 S.
2335 4026 2502 4087 David
2529 4048 2638 4087 non
2662 4033 2962 4102 operiretur
2989 4032 3160 4102 galea,
3189 4046 3298 4085 non
3327 4045 3465 4101 pne.-

1887 4126 2191 4195 cingeretur
2242 4134 2266 4170 ει
2314 4123 2522 4193 gladio,
2564 4138 2673 4176 non
2722 4124 2907 4177 lancea
2955 4107 3242 4187 uteretur,
3271 4121 3467 4176 occidit

1889 4219 2066 4270 autem
2113 4215 2263 4268 illum
2313 4228 2419 4267 non
2466 4214 2574 4267 telo
2622 4212 2815 4276 lerreo,
2859 4212 2955 4266 sed
2997 4212 3173 4282 gladio
3214 4211 3462 4281 spiritali.

1890 4305 2143 4373 Quamvis
2192 4305 2334 4360 enim
2390 4305 2607 4360 inermis
2650 4305 2819 4361 oculis
2859 4303 3134 4359 hominum
3178 4303 3465 4369 videretur,

1890 4396 2021 4451 satis
2048 4404 2227 4449 tamen
2271 4402 2386 4448 erat
2429 4394 2597 4463 gratia
2628 4394 2929 4449 Divinitatis
2969 4403 3223 4448 armatus.
3266 4394 3467 4450 Verum

1894 4486 2005 4555 ipse
2052 4485 2305 4555 spiritalis
2353 4483 2559 4551 gladius
2607 4499 2714 4537 non
2763 4484 2860 4536 luit
2906 4484 3141 4551 gladius;
3190 4499 3297 4536 non
3327 4485 3469 4537 enim

1893 4574 2068 4647 gladio
2094 4574 2309 4637 Colias,
2341 4572 2436 4627 sed
2483 4572 2657 4642 lapide
2687 4580 2985 4641 prostratus
3013 4574 3279 4641 occubuit.
3313 4573 3469 4642 Legi-

1895 4680 2014 4720 mus
2058 4665 2111 4717 in
2155 4662 2446 4731 Scripturis
2476 4661 2666 4730 lapidis
2694 4661 2955 4715 vocabulo
2982 4659 3252 4716 Christum
3278 4662 3471 4732 figura-

214 4757 280 4812 ad
307 4758 397 4812 illa
426 4753 691 4810 efﬁcimur
735 4768 855 4823 qua:
896 4768 1193 4822 speramus.
1228 4752 1319 4806 Vir
1364 4760 1541 4806 autem
1581 4752 1795 4821 sapiens
1824 4759 1870 4817 D
1897 4755 2019 4809 liter
2045 4741 2344 4822 designarii
2394 4751 2533 4806 sicut
2578 4750 2653 4803 ait
2699 4751 2999 4821 propheta:
3032 4749 3277 4821 Lapidem
3323 4768 3470 4823 quem

215 4849 295 4904 his
316 4848 529 4905 actibus
563 4847 788 4901 terrenis
810 4845 1089 4900 instruitur
1114 4843 1561 4914 quemadmodum
1580 4841 1605 4881 δ
1629 4841 1791 4897 futuri

217 4936 395 4992 szeculi
426 4935 621 4990 debeat
643 4933 898 5003 judicium
919 4932 1212 4996 declinare,
1234 4932 1358 4986 dum
1379 4932 1520 4987 enim
1542 4933 1794 5002 perspicit

219 5028 270 5079 in
298 5028 404 5081 hac
432 5025 704 5082 communi
734 5022 1138 5094 perturbatione
1167 5022 1430 5091 primores
1456 5021 1601 5076 viros
1631 5029 1656 5059 ο
1686 5021 1795 5074 tui.

220 5117 394 5173 tiones
416 5118 474 5171 in
494 5116 761 5175 manibus
790 5129 1112 5185 praeparare,
1137 5113 1251 5183 ipse
1270 5113 1585 5168 admonetur
1607 5127 1795 5182 quem-

220 5207 511 5262 admodum
561 5206 613 5260 in
659 5204 833 5259 futura
882 5204 1161 5260 eversione
1206 5201 1385 5257 mundi
1432 5201 1794 5259 defensionem

291 5384 317 5410 ι·
347 5371 488 5427 Cod.
516 5370 585 5424 90
605 5370 784 5441 cit.S.
810 5370 995 5424 Crucis
1020 5370 1071 5423 in
1093 5368 1208 5425 Jer.
1235 5371 1361 5439 legit
1380 5387 1647 5441 cornuque
1673 5387 1797 5424 acu-

226 5444 298 5495 tos
327 5460 434 5495 non
463 5443 621 5495 nossit
648 5440 714 5492 ad
733 5441 933 5493 uelum.

294 5511 320 5550 δ
360 5509 498 5564 Cod.
529 5509 734 5573 C:tsin.,
761 5510 916 5562 etiam
944 5523 1127 5561 saxum
1153 5524 1264 5562 esse
1284 5518 1499 5562 constat.

299 5592 320 5618 ε
351 5580 500 5632 Idem
530 5579 650 5632 cod.
686 5578 827 5637 Vat..
859 5579 980 5633 caeci
1009 5578 1160 5632 oculi.

294 5647 323 5687 δ
347 5647 467 5704 Cod
521 5648 576 5701 S.
606 5647 792 5702 Crucis
813 5648 865 5704 in
892 5646 1023 5709 Jer.,
1045 5649 1276 5709 futurum
1297 5648 1470 5701 δωρισιί
1499 5649 1675 5702 debent
1704 5651 1795 5702 de-

1890 4841 2291 4915 reprobaverunt
2313 4842 2650 4911 ccdi/icantes,
2669 4842 2751 4895 hic
2772 4842 2936 4912 {actus
2957 4853 3031 4895 est
3050 4843 3103 4895 in
3124 4849 3276 4908 caput
3296 4843 3472 4913 anguli

1896 4933 2070 5004 (Psat.
2116 4932 2302 5000 cxvn).
2351 4931 2516 5001 Igitur
2562 4945 2684 4984 cum
2714 4930 2887 5000 lapide
2929 4929 3111 4986 Colias
3155 4931 3468 5001 percutitur,

1896 5024 2092 5080 Christi
2117 5024 2312 5078 virtute
2340 5024 2714 5094 prosternitur.
2747 5023 2813 5077 Et
2834 5023 2886 5077 in
2913 5039 3016 5094 qua
3045 5025 3257 5079 tandem
3281 5041 3474 5095 corpo-

1895 5114 1970 5170 ris
1997 5123 2151 5184 parte
2178 5114 2563 5184 prosternitur?
2593 5113 2648 5167 In
2678 5114 2855 5168 fronte
2890 5115 3120 5179 scilicet;
3152 5115 3362 5183 gentilis
3392 5125 3475 5171 est

1898 5207 2185 5276 sacrilegus
2214 5206 2394 5268 homo,
2430 5205 2501 5259 ibi
2529 5205 2826 5274 percutitur
2852 5220 2882 5259 a
2912 5205 3142 5271 Christo,
3174 5207 3261 5261 ubi
3290 5207 3475 5263 deerat

1901 5375 2100 5445 clinare
2120 5375 2394 5445 judicium.

1976 5455 2000 5483 ε
2025 5444 2170 5499 Idem
2199 5445 2347 5511 cod.,
2374 5445 2636 5498 tuitionem
2665 5444 2924 5501 moenibus.

1980 5514 1999 5553 τ
2034 5513 2178 5568 Idem
2201 5515 2349 5577 cod.,
2382 5523 2653 5583 prwparet.

1976 5594 1999 5630 ε
2030 5583 2175 5639 Idem
2206 5584 2327 5639 cod.
2354 5584 2409 5638 S.
2438 5584 2623 5639 Crucis
2654 5585 2704 5639 in
2728 5584 2859 5650 Jer.,
2885 5585 3079 5655 clypeo.
