4056 6346
667 336 765 394 451

1893 324 1949 388 si
1993 331 2227 389 MAXIM]
2270 312 2710 387 TAlIRINENSlS
3763 341 3835 398 ne

664 450 935 515 Christus;
967 459 1021 505 et
1045 449 1113 503 ibi
1135 448 1182 503 ei
1205 448 1426 505 infertur
1450 449 1636 503 mortis
1656 448 1896 511 exitium,
1922 448 2009 502 ubi
2031 450 2240 515 signum
2272 458 2318 512 Α
2348 448 2524 515 gravis
2561 456 2616 501 et
2645 446 2947 517 impeditus,
2980 446 3051 500 ita
3074 437 3425 501 nt'amhnlare
3451 449 3533 503 vix
3567 461 3743 518 posset,
3767 470 3833 509 ea.

664 540 849 595 salutis
892 555 1001 594 non
1050 539 1332 593 invenitur.
1381 537 1635 605 Quamvis
1680 538 1823 593 enim
1869 545 2012 592 esset
2052 534 2235 591 Golias

664 631 897 699 undique
926 645 1195 684 armorum
1226 630 1559 700 protectione
1585 612 1840 690 munitus,
1873 627 2019 682 frons
2056 637 2237 681 tamen

661 718 777 787 ejus
802 719 1019 788 patebat
1047 718 1113 772 ad
1137 726 1382 784 mortem,
1413 718 1539 787 quia
1567 719 1896 788 signaculum
1935 715 2238 771 Salvatoris

658 822 769 862 non
795 808 1057 878 gestabat.
1097 808 1270 876 Atque
1298 808 1418 863 ideo
1447 809 1517 863 ibi
1545 792 1857 878 percutitur,
1886 807 1976 861 ubi
2002 805 2176 861 nudus
2202 821 2237 860 a

661 897 756 951 Dei
784 898 953 969 gratia
976 898 1258 967 reperitur.
1284 898 1406 953 llaec
1427 907 1603 953 autem
1634 898 1689 951 in
1710 907 1739 936 ι
1759 897 1924 967 ligura
1951 896 2091 951 facta
2116 911 2237 953 esse

658 1003 821 1042 uerno
846 998 927 1043 est
954 990 1043 1057 qui
1074 989 1297 1043 neseiat.
1328 988 1460 1042 Nam
1504 997 1558 1042 et
1585 988 1753 1042 David
1786 1002 2059 1041 armorum
2087 986 2240 1041 indu-

662 1078 855 1133 mentis
895 1094 1015 1134 sese
1060 1088 1187 1133 ante
1230 1079 1610 1148 prosi-inserat;
1644 1078 1736 1133 scd
1764 1093 1882 1131 cum
1924 1085 2068 1131 esset
2096 1076 2148 1128 in
2179 1077 2245 1130 iis

2339 536 2459 590 dem
2490 537 2606 592 sine
2634 537 2971 592 cunctatione
3010 537 3233 607 projeeit
3252 575 3266 600 ,
3314 538 3605 607 signiﬁcans
3629 557 3753 604 anna
3773 546 3834 601 illa

2339 626 2639 695 huiusmodi
2680 642 2811 681 vana
2854 634 2908 681 et
2950 627 3220 681 luxuriosa
3265 643 3382 683 esse
3411 644 3583 699 opera,
3612 631 3660 684 in
3691 634 3835 700 qullm

2340 716 2429 783 qui
2459 730 2579 770 sese
2608 717 2928 786 permiscere
2948 716 3196 781 voluerit,
3222 724 3469 786 tanquam
3506 720 3664 787 gravis
3686 731 3729 774 et
3749 737 3835 791 gra-

2341 806 2517 861 diendi
2546 806 2613 861 ad
2641 807 2834 862 cmlnm
2857 820 3072 863 cursum
3096 807 3318 862 liberum
3348 821 3452 863 non
3475 808 3687 865 habebit.
3710 810 3835 871 Simul

2341 903 2394 950 et
2434 895 2563 950 illud
2603 912 2702 951 nos
2728 895 2911 951 docuit
2946 897 3092 967 quod
3120 912 3228 951 non
3258 898 3309 951 in
3349 899 3509 954 annis
3545 908 3724 953 tantum
3744 916 3833 970 spe-

2342 986 2511 1040 randa
2532 988 2752 1043 victoria
2777 998 2890 1055 est,
2922 988 3017 1044 sed
3044 989 3096 1042 in
3128 990 3343 1043 nomine
3369 988 3643 1046 Salvateris
3665 993 3831 1049 oranda.

1918 1166 2259 1227 HOMILIA
2304 1166 2683 1229 LXXXVII.

1915 1267 1991 1321 De
2017 1267 2243 1320 hostibus
2274 1283 2377 1320 non
2409 1269 2667 1321 (intendis.

1922 1410 1929 1415 .
2090 1355 2476 1411 ADMONlTiO.

730 1451 876 1505 lianc
904 1466 1116 1520 quoque
1147 1452 1415 1505 homiliam
1460 1450 1820 1515 Mabillonius,
1868 1456 2074 1502 erutam
2120 1462 2186 1500 ex
2227 1447 2413 1501 codice
2453 1447 2783 1517 Sangallensi
2815 1451 2866 1504 in
2897 1447 3075 1505 Museo
3108 1449 3293 1505 Italico
3323 1451 3595 1520 publicavit
3649 1453 3830 1506 OSltllm

733 1521 1043 1572 ccedentcs.
1077 1520 1524 1572 unemadmodnm
1570 1520 1759 1572 fecisse
1786 1517 2119 1572 Gallandium
2154 1522 2368 1570 constat
2396 1531 2465 1570 ex
2492 1528 2621 1572 tom.
2662 1518 2730 1571 IX
2761 1519 2892 1572 Bibl.
2919 1528 3086 1572 veter.
3131 1518 3367 1572 Patrum.
3392 1535 3510 1572 nan.
3678 1520 3830 1572 Titulus

657 1517 1044 1602 prmcedentcs,
1077 1520 1759 1602 quemadmodum"fecisse
1786 1517 2119 1602 Gallandinm
2154 1522 2373 1602 copsta't‘
2396 1531 2465 1602 es
2492 1528 2621 1602 tom.
2662 1518 2730 1571 IX
2761 1519 2892 1601 Bibl.
2919 1528 3086 1602 veter.
3131 1517 3514 1602 Ριιῑξίιηὶιιηεἶ

3642 1560 3655 1574 .
3678 1520 3831 1576 Titulus

657 1585 801 1671 apud
840 1590 957 1671 illos
981 1599 1069 1671 est
1097 1585 1400 1671 sequenda,
1431 1590 1678 1671 qualisin
1720 1587 2161 1671 mss..reperitur.
2178 1585 2300 1651 ,Nos
2326 1585 2403 1671 De
2431 1586 2659 1671 hostibus
2688 1606 2790 1671 non
2808 1590 3064 1671 timendis
3086 1585 3722 1671 cassideminsc‘ripsimus;
3744 1607 3830 1671 tota

656 1654 742 1715 hic
770 1658 828 1712 S.
857 1658 1113 1729 Maximus
1135 1654 1466 1714 Christianos
1488 1660 1555 1729 ad
1574 1658 1800 1729 agenda
1820 1654 2079 1711 virtutum
2116 1670 2280 1729 opera
2309 1654 2644 1722 adhortetur,
2677 1667 2733 1711 ut
2773 1659 2840 1713 ab
2870 1658 3097 1729 inimicis
3136 1659 3446 1729 liberentur.
3475 1654 3659 1715 Nullius
3680 1654 3831 1729 codicis

656 1729 963 1785 testimonio
1003 1728 1346 1798 Sangallense
1386 1745 1488 1782 ms.
1534 1725 1886 1793 illustramus,
1928 1741 2049 1798 cum
2079 1725 2293 1795 penitus
2317 1741 2381 1798 ea
2422 1735 2643 1798 careant
2669 1744 2888 1798 onmes;
2937 1728 3029 1784 sed
3071 1727 3190 1796 quis
3218 1728 3487 1795 ambigere
3514 1731 3686 1798 poterit
3719 1728 3830 1796 hujis

654 1800 856 1873 pariter
883 1795 1167 1873 Maximum
1198 1798 1456 1854 orationis
1501 1805 1783 1853 auctorem
1808 1795 2133 1852 censendum
2184 1795 2339 1849 esse?
2381 1796 2812 1866 quandoquidem
2861 1798 2948 1851 vix
2991 1795 3220 1873 exorsus
3261 1795 3599 1868 princedentis
3629 1795 3831 1852 summam

652 1868 1061 1938 complectitur?

655 1961 811 2036 291
842 1958 1229 2036 Anconsnrnu.
1256 1990 1323 2000 ——
1363 1956 1775 2036 Incipugnabile
1810 1965 1886 2010 est
1924 1970 2228 2036 propugna-

2267 1957 2305 2014 Ιι
2333 1968 2494 2021 quam
2520 1969 2639 2024 qum
2672 1955 2725 2009 in
2752 1969 2815 2009 ea
2847 1963 2971 2033 sunt
2995 1962 3217 2023 peccata
3243 1962 3538 2009 serventur.
3576 1953 3830 2024 Ergoquiia

724 2025 890 2083 Eii—lum
929 2028 1314 2097 contraAhostes
1344 2025 1584 2097 resistere
1617 2025 1880 2097 precibus,
1907 2025 2125 2097 jejuniis
2168 2041 2229 2097 ne

722 2099 1069 2168 elemosynis.
1104 2094 1202 2159 Qui
1247 2098 1356 2150 sine
1400 2094 1495 2149 Dei
1542 2094 1713 2167 gratia
1759 2094 2099 2168 munitionem
2133 2094 2231 2147 sibi

722 2166 1015 2223 continere
1057 2175 1326 2231 conantur,
1372 2166 1593 2235 vulpium
1624 2182 1763 2219 more
1802 2166 2035 2218 videntur
2075 2166 2233 2233 {orate

725 2237 822 2291 sibi
853 2236 1117 2291 latibulum
1150 2252 1467 2304 orwparare.

724 2412 962 2467 Meminit
996 2420 1169 2487 vestra
1209 2412 1425 2467 dilectio
1469 2413 1569 2472 hoc
1610 2430 1708 2468 nos
1744 2400 2023 2491 superiore
2053 2413 2226 2468 domi-

653 2504 773 2559 nica
794 2486 1133 2571 praedicasse,
1154 2510 1212 2557 ut
1231 2502 1388 2557 bonis
1407 2504 1632 2566 actibus,
1653 2486 1878 2561 assiduis
1898 2502 2233 2559 orationibus

654 2600 840 2669 portas
886 2592 1039 2647 nobis
1078 2590 1299 2661 iustitia:
1346 2608 1735 2656 reseraremus,
1768 2608 1831 2648 ac
1867 2590 2233 2661 frequentibus

542 2688 551 2697 ‘
654 2683 1030 2755 eleemosynis,
1076 2683 1223 2739 velut
1264 2680 1403 2741 vallo
1440 2700 1538 2741 nos
1578 2684 1955 2740 misericordia:
1995 2685 2228 2741 munire-

656 2787 792 2833 ειυς.
824 2767 1005 2830 Murus
1032 2774 1172 2829 enim
1217 2775 1435 2845 quidam
1476 2774 1902 2847 inexpugnabilis
1926 2783 2009 2830 est
2040 2782 2231 2831 contra

654 2861 1011 2921 adversarium
1041 2863 1289 2920 resistere
1317 2863 1691 2935 eleemosynis,
1712 2864 1965 2920 dimicare
1988 2863 2222 2933 jejuniis.

655 2951 909 3017 Quamvis
953 2954 1096 3007 enim
1146 2954 1346 3007 inimici
1392 2969 1539 3008 arma
1594 2955 1705 3009 sint
1744 2953 1956 3020 valida,
2005 2954 2225 3010 fortiora

654 3050 828 3097 tamen
861 3043 973 3097 haec
1012 3059 1159 3098 arma
1189 3054 1313 3098 sunt
1338 3042 1634 3101 Salvatoris
1668 3063 1679 3096 :
1723 3045 1913 3117 quibus
1951 3046 2041 3116 qui
2073 3046 2225 3103 indu-

658 3141 745 3191 tus
796 3133 973 3201 fuerit,
1002 3135 1128 3191 licet
1168 3135 1385 3190 inermis
1431 3135 1599 3192 oculis
1642 3135 1917 3191 hominum
1962 3136 2220 3203 videatur,

652 3223 783 3297 satis
810 3231 991 3283 tamen
1017 3232 1255 3281 armatus
1279 3233 1393 3292 est,
1421 3226 1545 3294 quia
1573 3241 1696 3283 eum
1730 3226 1990 3283 Divinitas
2015 3234 2250 3285 summa‘

2332 2042 2552 2097 nomine
2579 2041 2791 2097 Domini
2822 2030 3170 2099 munitionem
3214 2051 3491 2113 pmtaret
3525 2043 3726 2106 civitati,
3759 2044 3830 2098 iste

2333 2148 2459 2189 vere
2485 2134 2831 2188 securitatem
2875 2134 3082 2189 civibus
3126 2142 3300 2202 parat.
3352 2132 3479 2188 Nam
3522 2133 3607 2201 qui
3637 2132 3733 2187 sine
3762 2132 3828 2186 Dei

2330 2226 2501 2297 gratia
2529 2226 2883 2283 munitionem
2908 2226 3024 2280 urbi
3055 2234 3373 2282 construere
3402 2235 3627 2290 conatur,
3654 2226 3725 2279 hic
3743 2225 3827 2279 vul-

2333 2318 2475 2388 pium
2499 2332 2648 2374 more
2673 2318 2881 2375 videtur
2905 2318 3071 2373 fovea:
3093 2320 3191 2373 sibi
3216 2319 3491 2374 latibulum
3514 2320 3656 2391 393
3675 2331 3828 2389 prope

2330 2422 2469 2462 rare.
2495 2407 2683 2465 Nonne
2703 2409 2845 2465 enim
2866 2409 2967 2464 iste
2988 2420 3245 2477 tanquam
3262 2409 3436 2479 volpis
3455 2411 3513 2464 in
3532 2424 3592 2464 ea
3616 2410 3825 2469 loream.

2329 2498 2421 2565 qui
2442 2506 2639 2554 terram
2664 2498 2863 2568 jugiter
2889 2498 3039 2563 ﬁndit,
3066 2501 3261 2555 molitm
3286 2501 3503 2555 oninino
3521 2515 3618 2555 non
3640 2499 3828 2569 respicit?

2330 2590 2418 2643 Ait
2447 2590 2588 2645 enim
2620 2590 2892 2655 Dominus,
2932 2592 3069 2645 sicut
3114 2592 3314 2647 lectum
3352 2608 3520 2663 nuper
3554 2591 3824 2646 audivimus:

2338 2678 2522 2750 Vulpes
2545 2681 2715 2751 [oms
2741 2679 2945 2743 habent,
2970 2689 3017 2733 et
3044 2670 3269 2737 volucres
3290 2682 3402 2737 mli
3423 2682 3567 2737 nidos
3584 2680 3658 2735 ubi
3682 2681 3826 2750 mp?-

2326 2780 2501 2827 scant:
2517 2771 2656 2839 [ilius
2676 2780 2845 2827 autem
2867 2771 3089 2826 Morinis
3109 2788 3215 2827 non
3234 2772 3386 2831 habet
3409 2773 3492 2827 ubi
3508 2783 3652 2843 caput
3668 2770 3825 2825 reclinet

2330 2859 2541 2928 (Matth.
2572 2862 2683 2930 vna)
2706 2879 2717 2914 :
2741 2875 2861 2929 qum
2893 2862 3161 2917 sententia
3178 2877 3342 2932 quem
3362 2862 3667 2919 intellectum
3686 2860 3827 2915 habeat

2326 2950 2613 3019 diligenter
2641 2950 2999 3009 intendamus.
3044 2951 3161 3007 Non
3190 2953 3337 3011 enim
3363 2953 3430 3011 de
3458 2954 3568 3023 ipso
3592 2949 3828 3023 specialiter

2326 3041 2541 3097 animali
2579 3041 2786 3099 loeutus
2808 3048 2893 3097 est
2922 3041 3178 3099 Dominus
3208 3061 3220 3097 :
3250 3044 3350 3099 sed
3372 3044 3439 3100 de
3466 3044 3546 3099 his
3568 3039 3828 3099 bonum

2325 3131 2415 3199 qui
2438 3131 2637 3187 versuti
2665 3146 2878 3201 semper
2902 3139 2958 3187 et
2982 3132 3179 3195 (allici,
3223 3133 3410 3204 vulpes
3435 3133 3654 3189 moribus
3670 3143 3828 3199 scalper

2324 3222 2519 3277 imitari
2558 3223 2800 3288 student;
2842 3222 2966 3279 dum
2993 3223 3169 3281 aliena
3215 3223 3577 3289 fraudulenter
3608 3222 3826 3292 diuipiuttk

651 3313 902 3383 custodit.
928 3314 1135 3373 Benum
1156 3326 1239 3373 est
1260 3316 1424 3385 igitur
1440 3316 1494 3371 in
1513 3316 1859 3373 tribulatione
1880 3332 2055 3381 orare,
2081 3318 2222 3387 jeju-
2247 3322 2291 3382 ρ
2324 3315 2531 3370 foveam
2551 3330 2659 3369 sine
2689 3313 3003 3384 perditionis
3042 3313 3330 3382 eli‘odiunt;
3363 3317 3483 3373 ideo
3500 3323 3645 3385 caput
3660 3311 3827 3373 librili.

652 3420 799 3469 nare,
832 3406 1078 3477 psallere,
1124 3407 1384 3465 misereri.
1429 3407 1524 3466 llis
1551 3409 1691 3466 enim
1719 3409 1859 3475 telis,
1899 3410 2035 3466 sicut
2061 3410 2230 3467 David

651 3495 953 3565 exemplum
981 3504 1169 3551 contra
1197 3496 1403 3555 Goliam
1449 3500 1787 3569 protulimus,
1819 3501 1995 3556 solent
2035 3501 2226 3558 adver-

649 3584 819 3640 sarios
863 3600 991 3640 suos
1035 3585 1250 3642 vincere
1297 3587 1615 3654 Christiani,
1665 3591 1746 3645 his
1791 3591 1955 3649 annis
1999 3591 2231 3651 civitatis

652 3672 849 3731 mantia
873 3674 1164 3730 custodire.
1195 3675 1335 3733 Dicit
1362 3677 1504 3732 enim
1533 3686 1750 3735 sanctus
1774 3679 2075 3751 propheta»:
2107 3678 2228 3733 Nisi

651 3762 903 3817 Dominus
931 3766 1225 3820 custodierit
1254 3768 1545 3833 civitatem,
1579 3770 1639 3822 in
1674 3785 1858 3825 uanum
1898 3770 2111 3842 uigilant
2141 3771 2227 3839 qui

649 3853 946 3905 custodiunt
964 3870 1077 3905 eam
1099 3854 1267 3925 (Psat.
1291 3860 1492 3928 cxxvt).
1526 3858 1581 3912 In
1606 3874 1798 3913 vanum
1819 3874 1948 3927 ergo
1970 3860 2069 3914 iste
2090 3860 2226 3927 vigi-

651 3942 728 3998 lat
753 3944 844 4014 qui
873 3951 1027 4014 putat
1074 3959 1133 4000 se
1179 3961 1391 4001 armare
1433 3948 1727 4013 civitatem,
1772 3964 1892 4005 cum
1940 3949 2053 4020 ipse
2104 3948 2228 4005 fidei

649 4047 798 4085 arma
827 4048 932 4085 non
962 4033 1178 4093 habeat.
1222 4033 1281 4089 In
1306 4051 1503 4095 vanum
1544 4038 1701 4107 plane
1728 4038 1935 4095 laborat
1958 4040 2051 4109 qui
2076 4041 2223 4094 resti—

651 4129 767 4179 mat
791 4136 848 4175 se
878 4122 1156 4179 tuitionem
1184 4124 1273 4179 alii
1302 4140 1493 4197 parare
1520 4142 1699 4197 posse,
1729 4144 1852 4185 cum
1892 4129 2009 4198 ipse
2032 4130 2102 4186 sit
2130 4120 2225 4189 Dei

649 4209 820 4277 gratia
841 4209 1143 4265 destitutus.
1177 4211 1264 4266 Ait
1289 4213 1542 4269 Dominus
1572 4216 1624 4269 in
1645 4215 1935 4286 Evangelia
1960 4236 1972 4269 :
1998 4218 2223 4287 Medico,
2258 4277 2266 4283 _

649 4298 773 4354 cura
801 4311 851 4353 te
878 4303 1044 4374 ipsum
1077 4302 1223 4374 (Luc.
1250 4304 1344 4374 Iv).
1378 4303 1489 4360 Hoc
1517 4308 1762 4378 exemplo
1790 4309 2070 4367 dicendum
2098 4320 2181 4365 est
2205 4330 2218 4362 :

654 4391 801 4463 prius
848 4401 927 4457 tu,
957 4392 1139 4457 homo,
1172 4404 1274 4451 tuae
1311 4397 1532 4453 consule
1560 4399 1740 4467 saluti,
1772 4408 1829 4455 ut
1856 4402 2028 4470 possis
2063 4402 2224 4457 saluti

649 4482 929 4563 providere
953 4484 1262 4541 multorum.
1295 4487 1557 4544 Caeterum
1582 4504 1703 4545 cum
1733 4499 1785 4546 te
1821 4492 2138 4549 imbecillem
2167 4503 2223 4549 et

648 4573 917 4631 inlirmum
949 4573 1191 4640 videam,
1221 4592 1283 4631 ac
1323 4576 1631 4635 Divinitatis
1659 4583 1856 4637 auxilio
1885 4583 2217 4648 destitutum,

2329 3404 2475 3474 quod
2500 3413 2585 3459 est
2624 3404 2781 3469 Deus,
2811 3404 3255 3474 habitaculumin
3298 3407 3385 3462 bis
3420 3421 3523 3461 nou
3550 3411 3701 3475 potest
3722 3402 3828 3456 im-

2329 3495 2446 3559 nire
2468 3495 2559 3563 qui
2589 3494 2831 3551 habitant
2858 3495 2911 3549 in
2940 3494 3187 3551 defossis.
3229 3495 3372 3563 Quid
3399 3505 3575 3553 autem
3590 3492 3830 3564 specialius

2329 3586 2567 3643 heretici
2605 3585 2849 3655 vulpibus
2874 3597 3257 3656 comparantur
3308 3588 3449 3643 nulla
3487 3585 3726 3642 cuucsalio
3754 3589 3826 3635 est.

2327 3674 2462 3730 Sunt
2489 3677 2653 3739 enirn,
2675 3676 2811 3732 sicut
2841 3678 3042 3747 vulpes,
3074 3678 3267 3743 dolosi,
3308 3679 3587 3749 importuni
3611 3687 3659 3732 ct
3682 3672 3828 3734 liulili;

2328 3766 2418 3821 ubi
2443 3766 2681 3835 quietem
2705 3768 2988 3829 senserint,
3029 3768 3098 3823 ibi
3128 3769 3332 3825 rabiem
3361 3785 3469 3825 sine
3492 3766 3697 3827 levitatis
3718 3776 3828 3821 eser-

2325 3864 2477 3919 cesll;
2501 3857 2588 3911 ubi
2612 3857 2934 3925 Vigilantiam
2956 3858 3273 3926 repererit»,
3300 3859 3493 3915 exinde
3511 3857 3679 3913 dolosa
3694 3848 3830 3905 [Im

2327 3945 2627 4015 dilfuginnt.
2660 3946 2793 4001 Nam
2821 3948 2961 4002 sicut
2984 3955 3339 4005 memoratum
3366 3948 3557 4004 animal
3576 3958 3753 4013 semper
3771 3942 3830 3994 eti

2326 4035 2509 4100 fallax,
2533 4052 2746 4106 semper
2767 4038 3046 4103 incertum,
3071 4053 3171 4094 nec
3188 4039 3478 4107 aliquando
3497 4050 3685 4091 nunqu
3700 4032 3831 4102 potui

2324 4136 2531 4183 ululare
2576 4129 2883 4194 versutiam,
2936 4129 3009 4183 ita
3051 4138 3107 4187 et
3152 4129 3330 4184 omnis
3370 4129 3636 4185 lueretiws
3672 4131 3829 4189 εαῐψα

2324 4218 2501 4283 fallax,
2540 4234 2752 4289 semper
2781 4220 3016 4275 incertus
3052 4229 3163 4283 est;
3208 4229 3266 4276 et
3304 4236 3423 4275 cum
3467 4229 3627 4275 tecum
3649 4212 3830 4269 videatur

2323 4307 2636 4378 simpliciter
2664 4309 2807 4378 loqui
2827 4352 2843 4374 ,
2874 4318 3042 4369 mutat
3065 4311 3254 4376 verba,
3285 4311 3381 4365 sed
3419 4326 3524 4365 non
3552 4319 3723 4367 moles,
3744 4315 3829 4355 no-

2322 4399 2546 4457 dostiam
2573 4416 2821 4457 sermone
2848 4404 3140 4471 promittit,
3175 4397 3388 4458 rabiem
3426 4401 3581 4461 corde
3606 4392 3829 4468 ἀθνῐοιὶίίσ

2324 4489 2508 4560 Vulpis
2554 4491 2723 4547 cauda
2771 4491 2934 4558 fallit,
2980 4493 3261 4549 haereticus
3305 4494 3482 4563 lingua
3519 4483 3830 4547 circulum:

2320 4584 2493 4653 volpis
2521 4585 2981 4641 mansuetudinem
3019 4586 3340 4643 animalibus
3385 4585 3564 4654 lingit,
3598 4590 3650 4639 ut
3669 4575 3831 4645 capiat;

648 4682 754 4720 non
784 4667 955 4727 solum
1004 4668 1254 4734 civitatis,
1294 4685 1413 4747 qua:
1457 4686 1553 4741 per
1595 4682 1648 4728 te
1696 4683 1937 4743 paratur,
1984 4677 2224 4735 custodia
2256 4686 2304 4744 Ι)
2328 4674 2608 4733 haereticus
2637 4675 3060 4731 moderationem
3083 4676 3389 4739 hominibus
3416 4672 3833 4745 pronuntient”-

647 4775 752 4812 non
783 4758 1016 4825 confido,
1044 4761 1138 4818 sed
1173 4779 1362 4825 vereor
1387 4780 1456 4819 ne
1479 4769 1884 4825 conturbet'tua
1913 4769 2218 4840 desperatio

646 4848 938 4905 civitatem.
972 4849 1121 4907 Tunc
1145 4866 1272 4922 ergo
1301 4854 1489 4911 civitas
1513 4856 1716 4913 munita
1738 4867 1841 4924 est,
1863 4860 2078 4928 quando
2099 4875 2227 4917 eam-

647 4939 817 5007 magis
848 4938 986 4994 Deus
1016 4939 1127 5009 ipse
1154 4942 1385 4999 custodit
1421 4962 1433 4996 :
1467 4954 1594 5003 tunc
1622 4958 1801 5009 autem
1832 4964 1950 5005 eam
1986 4951 2222 5009 custodit

648 5025 790 5081 Deus
810 5029 1216 5099 sicutscriptum
1246 5042 1345 5097 est,
1366 5036 1582 5103 quando
1604 5038 1908 5095 habitantes
1926 5040 1980 5093 in
2006 5054 2071 5099 ea
2096 5050 2223 5097 sunt

649 5133 838 5174 omnes
863 5119 1145 5185 moderati,
1176 5137 1393 5191 graves,
1434 5125 1726 5183 Christiani
1752 5138 1914 5198 atque
1942 5133 2213 5189 catholici.

649 5204 875 5263 Necesse
915 5216 996 5261 est
1038 5210 1212 5277 enim,
1260 5220 1317 5266 ut
1361 5214 1633 5269 civitatem
1672 5227 1956 5273 conservet
1983 5219 2124 5277 Deus
2160 5222 2219 5277 in

647 5313 752 5366 qua
779 5298 846 5352 de
869 5302 1145 5368 pneceptis
1182 5304 1292 5357 suis
1332 5304 1566 5359 inveniat
1592 5308 1734 5375 quod
1757 5318 2011 5365 reservet.
2042 5311 2216 5365 Crete-

646 5403 763 5443 rum
787 5389 875 5443 ubi
893 5397 975 5443 est
1005 5390 1210 5444 luxuria
1230 5430 1244 5452 ,
1273 5394 1490 5461 perlidia
1514 5403 1673 5462 atque
1693 5397 2045 5464 blasphemia,
2071 5400 2221 5455 illam

576 5470 621 5513 δέ
645 5477 916 5533 civitatem
952 5494 1058 5533 non
1087 5489 1263 5535 servat
1292 5480 1578 5545 Dominus;
1627 5499 1695 5537 ne
1722 5501 1830 5538 non
1871 5495 1981 5539 tam
2007 5489 2212 5555 civitas,

719 5715 742 5742 ⁸
772 5704 916 5759 Idem
941 5704 1062 5758 cod.
1091 5706 1144 5757 S.
1179 5704 1362 5760 (Irut‘is
1386 5694 1443 5755 in
1475 5703 1603 5763 Jun,
1631 5706 1679 5756 in
1710 5706 1950 5773 ﬁgurant.

2322 4775 2472 4832 eoat;
2497 4767 2784 4825 illaautem
2806 4768 3041 4837 proludit
3067 4778 3126 4824 ut
3145 4767 3381 4836 iugulet,
3406 4768 3492 4825 hic
3517 4764 3654 4835 prius
3675 4752 3832 4819 blndi-

2324 4867 2411 4919 tur
2447 4867 2505 4913 ut
2531 4859 2811 4928 esspoliet.
2864 4858 3148 4915 Familiam
3194 4867 3374 4915 autem
3404 4857 3540 4925 vulpi
3578 4861 3654 4909 est
3675 4846 3833 4918 galli”

2324 4966 2536 5021 semper
2584 4950 2820 5009 insidiari
2862 4959 2918 5009 et
2957 4952 3145 5021 pullis,
3189 4960 3248 5005 ut
3284 4952 3389 5006 sia
3428 4956 3592 5005 matre
3626 4937 3832 5013 quitpitlm

2325 5041 2534 5110 longius
2556 5043 2778 5108 abierit,
2817 5043 2873 5098 in
2902 5043 3018 5113 eius
3046 5043 3276 5112 produn
3303 5049 3571 5112 captetan';
3601 5037 3669 5091 ita
3689 5040 3733 5087 et
3753 5029 3832 5081 ιτς

2323 5134 2521 5189 relicua
2564 5134 2721 5189 matri
2754 5132 3003 5205 Ecclesia:
3032 5148 3248 5203 semper
3277 5132 3559 5193 insidiatur
3578 5134 3631 5183 et
3658 5120 3772 5181 ﬁliis.
3794 5120 3833 5166 ιιι

2324 5224 2370 5279 si
2394 5223 2531 5280 forte
2567 5225 2799 5294 aliquem
2828 5225 3271 5294 negligentiorem
3298 5220 3581 5284 invenerit,
3609 5227 3694 5268 sua
3725 5205 3833 5260 ium“

2326 5316 2473 5369 rabie
2501 5317 2922 5371 circumscribat.
2954 5315 3104 5382 Quod
3140 5324 3318 5370 autem
3347 5313 3551 5382 gallina:
3576 5311 3703 5361 recte
3723 5307 3833 5353 οοω·

2324 5413 2545 5474 paretur
2570 5407 2827 5469 Ecclesia,
2861 5408 2927 5460 ini
2945 5406 3240 5475 Evangelia
3268 5398 3489 5473 legimus
3505 5442 3520 5465 ,
3545 5399 3730 5454 dicetne
3752 5388 3831 5440 θο-

2325 5498 2469 5550 mino
2499 5499 2562 5550 ad
2592 5498 2887 5552 Jerusalem
2924 5518 2933 5551 :
2967 5497 3275 5564 Jerusalem,
3305 5497 3495 5569 quoties
3523 5489 3645 5547 rolui
3668 5490 3831 5550 conari“
