4056 6346
625 343 731 404 ιῖῢ

1842 341 1896 398 S.
1939 339 2181 398 MAXIMI
2221 338 2669 400 TAURINENSIS

3737 343 3820 406 ιω

623 460 800 517 facere
825 457 1123 516 consuevit.
1171 455 1424 512 Armenta
1469 453 1720 527 diripiet‘t
1765 451 1911 510 Istud
1947 454 2199 510 damnum
2227 463 2276 519 Α
2301 457 2678 511 contaminatis.
2709 454 2843 510 Cum
2875 454 3016 510 enim
3041 449 3387 525 jojunandum
3414 451 3644 523 dicimus,
3662 465 3820 526 praeter

624 550 905 606 abactores
928 547 1208 604 tolerando
1229 545 1341 615 jam
1361 544 1562 600 didicit.
1585 543 1761 615 Ipsum
1790 543 2032 600 fortassis
2051 553 2075 582 ⁸
2095 560 2206 601 non

477 615 496 636 ⁸
539 637 541 639 ’
623 639 700 694 illi
723 639 974 693 admovet
1000 637 1175 704 uedla,
1205 636 1300 692 sed
1321 643 1592 702 removet;
1621 635 1727 690 hoc
1747 633 1889 690 enim
1911 631 1986 688 illi
2005 633 2204 702 intulit,

624 726 766 796 quod
797 729 1004 796 majore
1031 742 1152 782 cum
1181 725 1426 780 molestia
1453 725 1616 780 febris
1638 723 1852 781 allerret
1869 761 1884 790 ,
1909 725 2207 795 praesertim

623 835 742 876 cum
770 819 913 874 dicat
940 819 1195 876 Dominus
1235 835 1248 872 :
1294 815 1473 874 Nolite
1513 819 1688 872 timere
1721 835 1806 872 eos
1845 819 1930 889 qui
1971 817 2209 872 occidunt

622 929 826 982 corpus,
845 914 1074 966 animum
1095 919 1266 965 autem
1285 927 1391 965 non
1411 918 1626 980 possunt
1645 908 1876 963 occidere
1893 907 2106 978 (Matth.
2127 909 2204 980 χ).

621 1001 702 1058 Illi
731 1003 892 1072 igitur
919 1001 1226 1072 spirituales
1253 1001 1388 1071 plus
1401 1000 1675 1054 metuendi
1710 1000 1898 1069 piratte
1933 1008 2088 1063 sunt,
2117 1001 2208 1071 qui

624 1111 736 1150 non
761 1093 936 1149 solum
966 1107 1193 1162 corpora
1215 1091 1512 1154 hominum,
1545 1088 1640 1144 sed
1667 1096 1724 1144 et
1750 1089 1956 1143 animas
1976 1089 2210 1158 spoliare

623 1191 1052 1241 consueverunt;
1083 1181 1176 1251 qui
1205 1196 1316 1236 non
1345 1188 1452 1234 tam
1482 1195 1672 1234 aurum
1705 1179 1889 1234 mundi
1917 1194 2078 1248 quam
2113 1194 2211 1235 au-

624 1289 743 1328 rum
773 1271 896 1331 lidei
925 1271 1137 1328 auferre
1165 1273 1435 1336 nituntur;
1461 1269 1553 1338 qui
1580 1285 1688 1326 non
1731 1277 1838 1323 tam
1868 1269 2047 1325 sazculi
2087 1268 2211 1324 sub-

623 1365 876 1422 stantiam
902 1378 1066 1432 quam
1093 1361 1292 1418 Christi
1319 1360 1638 1430 sapientiam
1657 1358 2051 1430 deprtedantur.
2076 1359 2210 1414 Nam

625 1457 728 1526 ipsi
767 1455 924 1510 nobis
947 1452 1256 1524 spirituales
1279 1452 1464 1507 hostes
1491 1451 1592 1506 hos
1612 1449 1855 1504 carnales
1895 1449 2207 1513 immittunt,

624 1555 685 1603 ut
713 1547 1004 1618 probemur
1033 1545 1085 1598 in
1127 1543 1470 1598 tribulatione
1506 1541 1668 1612 positi
1695 1555 1858 1610 quam
1885 1541 2052 1596 simus
2077 1557 2210 1596 con-

629 1637 854 1694 ﬁdentes
883 1637 936 1692 in
962 1635 1092 1701 Deo,
1123 1635 1216 1707 qui
1253 1634 1322 1691 de
1359 1634 1477 1690 solo
1505 1634 1622 1704 ipso
1653 1633 1945 1689 remedium
1975 1633 2214 1702 postule-

629 1744 770 1784 mus.
813 1726 950 1782 Sunt
993 1727 1135 1781 enim
1167 1725 1383 1794 quidam
1412 1723 1528 1793 qui,
1571 1724 1626 1778 in
1657 1723 2000 1778 tribulatione
2031 1723 2243 1793 positi,-

2309 561 2509 616 paucos
2547 562 2707 603 nemo
2745 545 2986 616 jejunat;
3032 562 3160 602 cum
3204 545 3548 620 eleemosynae
3591 545 3817 614 faciendae,

2305 634 2482 705 major
2505 636 2728 691 avaritia
2753 653 2848 693 vos
2876 625 3213 704 constringit.
3253 633 3417 691 Orare
3439 644 3606 690 autem
3626 646 3674 692 et
3697 651 3820 706 agere

2308 723 2666 794 Deo'gratias,
2709 726 2837 796 quid
2885 727 2973 791 sit,
3027 727 3310 796 plerosque
3349 725 3416 780 de
3461 725 3602 780 vobis
3638 727 3822 782 arbitror

2308 816 2586 888 ignorare;
2643 819 2735 889 qui
2778 829 3062 888 surgentes
3087 819 3264 889 primo
3295 817 3524 874 diluculo
3560 819 3744 875 nonnisi
3771 819 3822 876 de

2307 909 2534 979 prandio
2559 911 2826 980 cogitent:
2853 926 2974 965 cum
2999 909 3332 980 pranderint,
3362 924 3546 964 somno
3564 924 3620 964 se
3636 909 3821 977 tradam,

2307 1015 2582 1070 nunquam
2624 1001 2897 1056 Divinitati
2939 1002 3140 1072 gratias
3185 999 3502 1065 referentes,
3541 1015 3648 1072 quae
3680 1000 3766 1055 illis
3781 1010 3824 1056 et

2309 1067 2589 1164 prandium
2639 1093 2705 1148 ad
2751 1067 3135 1159 refectionem,
3182 1100 3237 1146 et
3280 1106 3522 1146 somnum
3558 1067 3744 1146 dederit
3774 1092 3824 1144 ad

2310 1186 2568 1256 quietem.
2589 1182 2804 1253 Utique,
2831 1192 2888 1240 tu
2906 1181 3230 1250 Christiane,
3252 1183 3298 1238 si
3317 1197 3375 1238 es
3395 1181 3553 1246 utilis,
3579 1181 3826 1238 meminisse

2312 1275 2476 1331 debes
2502 1275 2654 1354 cujus
2683 1289 2890 1344 panem.
2908 1273 3166 1338 comedis,
3208 1282 3263 1328 et
3298 1272 3350 1327 ei
3387 1271 3586 1327 laudem
3611 1271 3748 1342 236
3767 1270 3826 1330 di-

2311 1381 2454 1422 cere.
2487 1366 2581 1421 Dic
2608 1365 2736 1420 mihi
2763 1381 2910 1430 num,
2941 1365 2986 1420 si
3019 1363 3218 1433 aliquid
3242 1363 3314 1416 de
3339 1371 3434 1416 tuo
3457 1363 3721 1432 cuicunque
3743 1361 3824 1416 lar-

2311 1455 2462 1526 giris,
2505 1462 2788 1526 exspectas
2837 1464 2897 1510 ut
2939 1455 3035 1510 tibi
3077 1455 3278 1523 gratias
3321 1461 3466 1523 agat,
3513 1459 3566 1506 ut
3599 1451 3826 1510 benedicat

2313 1545 2525 1600 demum
2550 1544 2618 1600 de
2645 1560 2754 1615 quo
2782 1545 2832 1600 ei
2859 1545 3168 1600 humanitas
3195 1545 3264 1598 sit
3293 1544 3519 1599 tributa?
3553 1542 3641 1597 Cui
3664 1542 3702 1597 si
3725 1541 3826 1598 forte

2313 1639 2514 1708 gratias
2560 1653 2667 1692 non
2707 1638 2852 1707 agit,
2882 1637 3334 1707 quemadmodum
3357 1654 3388 1692 a
3406 1643 3468 1692 1c
3495 1637 3748 1694 denotatur
3769 1638 3827 1692 in-

2315 1731 2534 1799 gratus?
2577 1729 2654 1784 ita
2681 1745 2811 1800 ergo
2839 1737 2894 1783 et
2922 1745 2952 1783 a
2981 1720 3138 1784 nobis
3163 1736 3440 1798 exspectat
3466 1727 3553 1796 qui
3590 1742 3678 1782 nos
3698 1726 3828 1796 pascit

627 1822 811 1877 dicant
837 1821 993 1875 malis
1018 1819 1225 1874 artibus
1253 1819 1438 1874 hostes
1462 1817 1708 1882 vincere,
1741 1814 1930 1869 iisdem
1961 1829 2054 1869 eos
2083 1814 2213 1880 a_rti-
2247 1827 2288 1884 ιι
2320 1821 2477 1886 Deus,
2502 1829 2560 1875 ut
2580 1837 2679 1891 pro
2705 1821 2955 1891 prmstitis
2973 1821 3042 1875 ab
3062 1835 3128 1875 eo
3154 1820 3292 1876 escis
3313 1816 3338 1856 d
3361 1819 3554 1888 gratias
3570 1817 3826 1885 referamus,

627 1915 726 1968 bus
754 1911 950 1967 debere
971 1909 1236 1980 superari,
1258 1909 1608 1980 desperantes
1634 1907 1702 1962 de
1740 1907 1873 1970 Deo,
1900 1921 1930 1961 a
1952 1903 2210 1960 (lannoni-

627 2007 729 2067 bus
759 2005 1038 2060 victoriam
1066 2002 1396 2074 ﬂagitantes;
1443 1999 1629 2054 miseri
1674 1998 1922 2053 homines
1965 1997 2214 2053 nesciunt

624 2095 754 2166 quid
783 2095 1006 2162 faciunt,
1047 2093 1179 2164 quid
1223 2093 1530 2161 loquantur.
1575 2090 1710 2144 Dum
1737 2090 1882 2144 enim
1918 2089 2079 2144 rebus
2103 2089 2214 2144 suis

625 2196 889 2254 metuunt,
913 2187 1064 2242 obliti
1084 2193 1210 2242 sunt
1233 2182 1508 2254 religionis
1528 2199 1591 2238 ac
1616 2181 1754 2249 ﬁdei,
1779 2181 1980 2255 quires
1997 2182 2212 2250 quidem

625 2295 752 2337 suas
776 2279 914 2335 forte
937 2280 1098 2351 295
1129 2293 1236 2332 non
1259 2274 1286 2314 1³
1309 2274 1559 2346 perdunt,
1583 2274 1674 2329 sed
1703 2273 1848 2343 quod
1877 2285 1960 2328 est
1987 2274 2215 2343 amplius

628 2386 756 2427 suas
783 2371 992 2425 animas
1013 2367 1382 2440 perdiderunt.
1418 2365 1555 2419 Dicit
1583 2363 1932 2420 sanctusJob
1958 2383 1968 2416 :
2000 2364 2059 2419 Si
2083 2365 2218 2418 bona

631 2474 654 2502 ο
683 2463 967 2534 excipimus
992 2461 1054 2514 de
1079 2475 1234 2514 manu
1259 2457 1492 2520 Domini,
1525 2473 1688 2528 quare
1721 2472 1824 2510 non
1853 2456 1992 2509 mala
2023 2457 2214 2510 tolera-

625 2557 790 2611 bimus
821 2554 960 2626 (Job.
998 2554 1093 2623 u)?
1141 2551 1254 2606 lIoc
1296 2559 1380 2604 est
1418 2551 1464 2604 si
1514 2549 1670 2603 bonis
1715 2549 2216 2618 supervenientibus

625 2649 1014 2719 jucundamur,
1071 2661 1248 2717 quare
1294 2661 1402 2701 non
1459 2652 1514 2700 et
1563 2644 1803 2698 adversis
1849 2644 2212 2699 accidentibus

624 2739 1025 2794 confortcmur?
1047 2737 1283 2793 Adversa
1317 2735 1550 2790 tolerare
1581 2735 1808 2804 sapienti
1834 2735 2045 2790 virtutis
2065 2751 2214 2790 exer-

625 2831 844 2899 citium,
895 2829 1166 2900 insipienti
1207 2827 1669 2898 prmvaricationis
1696 2837 1780 2882 est
1809 2829 2043 2883 occasio.
2095 2826 2212 2882 Dixi

624 2935 726 2991 ego
774 2921 1082 2992 frequenter
1127 2929 1186 2976 ut
1233 2919 1286 2974 in
1334 2919 1436 2974 hac
1479 2920 1589 2974 vita
1640 2919 1788 2974 brevi
1831 2919 1996 2974 vitam
2057 2919 2213 2975 vobis

626 3012 947 3083 providentis
999 3020 1289 3078 aeternam,
1337 3009 1482 3080 quod
1532 3009 1692 3064 doleo
1742 3025 1840 3065 cur
1884 3007 2004 3064 hoc
2034 3009 2212 3065 facere
2299 3001 2313 3015 ⁵

2317 1921 2372 1968 et
2399 1912 2624 1967 saturati
2651 1911 2808 1968 donis
2847 1911 3015 1981 ipsius
3057 1910 3242 1965 laudes
3281 1909 3539 1965 dicamus.
3583 1907 3692 1964 [hcc
3723 1907 3828 1964 enim

2320 1999 2702 2058 beneﬁciorum
2723 2009 2805 2057 est
2826 2002 3110 2058 retributio
3131 2003 3454 2069 divinorum,
3477 2009 3534 2055 ut
3554 2017 3664 2056 cum
3689 1997 3829 2054 reiecti

2319 2095 2594 2158 l‘uerimus,
2625 2095 2762 2149 bene
2793 2110 2890 2148 nos
2917 2093 3273 2149 conliteamur
3301 2091 3568 2164 acceptos.
3597 2091 3826 2152 Cancrum,

2317 2187 2363 2242 si
2407 2186 2734 2256 accipientes
2768 2185 2948 2240 divina
2977 2201 3200 2240 munera
3222 2228 3236 2253 ,
3288 2185 3437 2242 taciti
3476 2194 3528 2239 et
3555 2185 3830 2238 immemores

2323 2275 2598 2342 fuerimus,
2628 2287 2884 2347 tanquam
2927 2277 3120 2346 ingrati
3149 2286 3203 2331 ct
3227 2276 3430 2344 indigni
3471 2290 3643 2331 eorum
3675 2271 3828 2328 submi-

2321 2369 2639 2424 nistratione
2681 2367 3076 2434 fraudabitnur;
3122 2375 3178 2422 ut
3207 2367 3394 2432 Deum,
3425 2383 3577 2436 quem
3613 2362 3831 2418 bcneliciis

2317 2477 2424 2514 non
2449 2460 2831 2528 cognovimus,
2856 2459 3010 2513 malis
3057 2459 3431 2528 ingruentibus
3469 2457 3773 2535 requiramus,
3791 2460 3831 2507 et

2317 2551 2384 2605 ad
2424 2552 2559 2606 crsis
2581 2551 2923 2605 stimulemur
2944 2548 3014 2604 ad
3039 2548 3371 2618 rogandum,
3403 2559 3425 2587 ο
3449 2547 3586 2617 quol
3617 2545 3828 2618 prosperis

2315 2643 2514 2711 gratias
2542 2657 2649 2696 non
2672 2641 2880 2710 egimus
2908 2639 2975 2695 ad
3017 2639 3321 2702 fruendum,
3351 2639 3488 2694 sicut
3523 2653 3651 2693 nunc
3687 2635 3702 2674 ί
3733 2649 3829 2690 con-

2318 2733 2494 2802 tingit,
2528 2740 2586 2787 ut
2605 2733 2694 2802 qui
2726 2733 2778 2786 in
2803 2747 2934 2801 pace
2973 2731 3110 2802 pigri
3152 2729 3412 2784 luerinnus
3451 2729 3522 2784 ad
3546 2727 3709 2783 laudes
3730 2724 3831 2780 refe-

2312 2823 2540 2887 rendas,
2585 2821 2748 2877 modo
2791 2823 2844 2876 in
2890 2821 3232 2878 tribulatione
3274 2819 3468 2893 trepidi
3507 2817 3760 2875 existumas
3780 2813 3830 2870 ad

2313 2915 2550 2986 pericula
2584 2913 2938 2986 deploranda.

1893 3091 2236 3162 HOMILIA
2292 3101 2626 3164 LXXXIX

1900 3197 1979 3252 De
2007 3200 2182 3254 eodem
2222 3212 2524 3272 argumcnfo
2556 3199 2638 3254 II.

2067 3287 2459 3344 ADSIOMTIO.

697 3381 856 3462 297
887 3381 1054 3462 Cum
1089 3381 1203 3434 hmc
1257 3379 1474 3462 Iro-milia
1496 3381 1566 3435 sit
1585 3378 1922 3462 continuatio
1963 3381 2336 3462 praecedentis,
2360 3381 2512 3462 cujus
2538 3383 2846 3462 meminisse
2887 3399 3210 3462 sennamum
3238 3401 3492 3462 uiximus,
3536 3396 3831 3462 «agnoscen-

621 3449 1058 3522 tes—[letiedictini
1085 3450 1337 3505 monachi
1365 3465 1621 3520 congreg.
1657 3451 1713 3504 S.
1739 3449 1908 3522 Mauri
1931 3449 2174 3522 ejusdem
2202 3449 2508 3506 auctoritati
2537 3453 2897 3508 adhaeserunt.
2931 3455 3006 3509 Ita
3037 3451 3268 3522 in‘pnet‘.
3301 3457 3369 3512 ad
3398 3469 3554 3512 serm.
3578 3449 3645 3509 Sf
3659 3453 3833 3522 Arbitru-

619 3521 702 3578 sii.
730 3521 930 3594 Eorum
958 3522 1310 3594 assertionem
1339 3519 1663 3594 conﬁrmant
1691 3521 2000 3594 testimonia
2029 3519 2256 3594 duorum
2287 3521 2534 3594 codicum
2575 3538 2732 3591 mss.,
2761 3539 2958 3594 nempe.
2985 3523 3073 3590 99,
3106 3519 3164 3581 S.
3195 3523 3387 3582 Crucis
3418 3543 3471 3584 tn
3497 3525 3624 3589 Jer.,
3651 3533 3700 3578 et
3721 3520 3833 3575 Vati-

620 3593 741 3648 cani
790 3591 945 3656 I268,
975 3593 1067 3666 qui
1112 3591 1168 3645 S.
1198 3590 1454 3666 antistitis
1509 3588 1854 3666 Tauriuensis
1901 3591 2120 3666 nomine
2170 3607 2288 3646 eam
2317 3592 2670 3666 adornarunt,
2697 3588 2754 3648 et
2783 3588 3037 3663 tanquam
3061 3588 3390 3666 concionem
3418 3613 3534 3652 cum
3559 3588 3715 3666 priore
3737 3605 3834 3666 can-

619 3677 814 3716 nexam
834 3733 844 3736 _
863 3658 1179 3736 retulerunt.
1232 3660 1288 3712 In
1337 3659 1523 3736 codice
1564 3659 1924 3736 Laurentiano
1955 3677 1990 3715 χ
2009 3658 2158 3736 Plut.
2203 3661 2438 3736 xw_h:cc
2467 3658 2686 3717 homilia
2717 3673 2799 3736 est
2827 3658 3092 3736 anonymo
3113 3705 3129 3730 ,
3159 3665 3276 3734 ejus
3300 3678 3482 3736 tamen
3504 3658 3672 3721 tit'ulus
3698 3681 3708 3716 :
3737 3661 3834 3715 Item

619 3733 899 3804 sequentia,
931 3731 998 3804 ad
1026 3746 1143 3804 eam
1173 3744 1291 3804 qua:
1327 3730 1375 3783 ei
1419 3729 1680 3804 praecedit
1697 3739 1961 3804 spectare
1991 3730 2250 3786 declarat.
2283 3731 2624 3804 Quapropter
2649 3729 3361 3804 collectores'homiliarum,
3389 3735 3832 3804 Cumdiniexcepto,

621 3798 711 3870 qui
737 3801 1024 3866 separatim
1043 3800 1130 3852 vnl
1187 3800 1278 3851 ινίι
1308 3807 1438 3854 tom.
1455 3799 1492 3863 l,
1519 3815 1638 3870 pag.
1665 3798 1781 3865 I5),
1815 3811 2099 3868 utramque
2125 3798 2428 3858 successive
2449 3798 2752 3870 ediderunt,
2775 3802 3067 3874 Gymnicus
3094 3806 3298 3874 scilicet
3321 3821 3443 3876 pag.
3461 3798 3834 3869 27!,Galesinius

621 3886 740 3940 pag.
768 3869 887 3935 I72,
915 3814 1236 3940 Ilayniuﬁus
1266 3884 1386 3940 pag.
1417 3869 1502 3934 4|,
1527 3869 1860 3940 Margarinus
1890 3871 1944 3925 iu
1973 3869 2108 3924 Bibl.
2161 3871 2301 3926 Max.
2355 3879 2484 3926 tum.
2518 3872 2604 3938 IV,
2631 3889 2754 3940 pug.
2789 3873 2876 3939 44,
2900 3876 3148 3940 appOsitu
3179 3877 3337 3932 titulo
3363 3894 3377 3929 :
3413 3877 3634 3932 Humilia
3657 3869 3833 3928 seruatis

621 3868 740 3941 pag.
763 3869 887 3941 I72,
915 3868 1064 3938 Ilayn
1080 3885 1132 3922 ιιι

620 3940 850 4011 ejusdem
867 3942 1004 3993 unde
1023 3955 1200 4009 supra.

1173 3883 1236 3922 us
1266 3884 1386 3940 pag.
1417 3865 1860 3940 4|,Margarinus
1890 3871 1944 3925 iu
1973 3865 2108 3924 Bibl.
2161 3871 2301 3926 Max.
2355 3879 2484 3926 tum.
2518 3872 2604 3938 IV,
2631 3865 2754 3944 pug.
2789 3865 2876 3939 4'4,
2900 3876 3148 3946 appOsitu
3179 3865 3338 3932 titulo
3363 3865 3634 3932 :"ﬂomiliu
3657 3869 3833 3928 seruatis

566 4100 574 4106 ~
625 4035 1114 4108 Ascensuruu._—-
1139 4031 1200 4086 S.
1237 4031 1425 4108 Doctor
1451 4030 1630 4102 ﬁdeles
1658 4030 1916 4108 hortatur,
1948 4038 2003 4083 ut
2033 4047 2208 4108 omnes
2237 4037 2280 4096 ί]
2311 4034 2356 4090 si
2396 4050 2584 4091 servus
2622 4050 2710 4100 cs,
2751 4034 2914 4090 redde
2957 4036 3184 4092 Domino
3216 4037 3426 4098 timoris
3465 4035 3768 4108 obsequium;
3802 4027 3836 4084 si

689 4105 916 4156 actiones
941 4119 973 4154 a
999 4100 1108 4155 Deo
1131 4100 1478 4173 auspicantur,
1509 4112 1558 4154 et
1578 4119 1672 4173 pro
1701 4101 1920 4173 singulis
1947 4102 2208 4172 quotidia-

693 4173 774 4226 uis
811 4173 960 4226 donis
997 4174 1196 4243 gratias
1221 4171 1268 4226 ei
1309 4175 1572 4243 referant;
1601 4171 1753 4243 idque
1780 4178 1839 4243 ut
1862 4171 2092 4243 faciant,
2121 4188 2208 4224 eos

694 4258 795 4364 utin
825 4239 1182 4364 solvunt—itacui
1211 4239 1432 4306 ratione,
1456 4241 1548 4296 sed
1565 4239 1724 4294 etiam
1743 4239 2014 4294 admoueri
2043 4256 2210 4295 exem-

699 4329 730 4364 n
755 4328 815 4364 ιδ.
846 4320 989 4364 osten
1031 4313 1096 4364 it.’

695 4328 815 4382 pus,
846 4328 1088 4366 ostenau.

691 4488 838 4544 Satis
877 4488 1198 4556 abundeque
1223 4487 1421 4542 dixisse
1452 4500 1537 4540 me
1575 4484 1742 4540 credo
1782 4483 2062 4554 superiore
2103 4483 2210 4537 Do-

621 4585 815 4640 minica
844 4584 910 4640 ad
949 4582 1348 4652 correptionem
1378 4593 1565 4634 eorum
1593 4578 1704 4647 qui,
1745 4578 1942 4632 divinis
1971 4576 2210 4630 muneri-

621 4675 722 4730 bus
757 4672 1112 4744 perfruentcs,
1150 4670 1350 4740 gratias
1394 4684 1498 4724 non
1543 4665 1786 4722 referunt
1828 4665 2110 4732 Creatori;
2154 4674 2208 4719 ct

622 4775 832 4823 utentes
860 4763 1134 4820 beneﬁciis
1158 4761 1486 4826 ctelcstihus,
1518 4768 1775 4830 tanquam
1803 4752 1999 4830 ingrati
2036 4767 2092 4814 et
2121 4759 2206 4813 in-

619 4856 763 4926 digni
810 4853 1215 4914 benetlciorum,
1262 4867 1371 4904 non
1418 4860 1835 4938 remunetzantur
1880 4855 2196 4912 auctorem;

621 4945 835 5016 ingrati,
867 4946 1115 5013 inquam,
1147 4943 1238 5012 qui
1275 4941 1444 4998 Deum
1472 4943 1575 4998 nec
1603 4941 1756 5010 quasi
1787 4939 1928 4996 servi
1957 4947 2204 4994 metuunt

623 5036 938 5101 Dontinum,
959 5047 1062 5089 nec
1093 5033 1244 5103 quasi
1273 5030 1362 5086 lilii
1401 5029 1762 5088 honorilicant
1798 5040 1858 5086 ut
1898 5038 2198 5100 parentem.

622 5125 758 5181 Dicit
777 5140 874 5194 per
900 5124 1218 5194 prophetam
1239 5122 1381 5178 Deus
1405 5140 1417 5176 :
1440 5122 1502 5178 Si
1521 5121 1774 5178 Dominus
1789 5138 1922 5186 sum,
1945 5121 2031 5196 ubi
2048 5122 2204 5174 timor

621 5217 803 5270 meus?
834 5215 876 5270 si
896 5223 1062 5284 pater,
1087 5211 1174 5266 ubi
1193 5229 1338 5268 amor
1369 5229 1510 5268 meus
1553 5211 1808 5282 (Malach.
1841 5213 1880 5280 ι)
1905 5211 1928 5264 ?
1957 5209 2071 5266 IIoc
2097 5218 2199 5275 est,

696 5357 720 5383 η
749 5347 880 5402 Cod.
908 5347 1011 5400 Vat
1039 5386 1054 5412 ,
1085 5343 1261 5416 Ipsum
1285 5345 1520 5414 fortassis
1549 5341 1861 5395 acciditnon
1885 5339 1979 5399 illi.

694 5416 723 5456 δ
745 5417 876 5472 Cod.
910 5415 1053 5486 Vat.,
1088 5415 1318 5486 perdent.

575 5498 604 5525 ο
699 5501 720 5527 ε
752 5488 895 5543 Idem
924 5485 1046 5540 cod.
1085 5483 1223 5546 Vat.,
1247 5483 1554 5552 ercepimus.

571 5551 580 5559 ’
695 5555 722 5595 δ
747 5557 892 5611 Idem
931 5553 1088 5609 codd.
1111 5552 1171 5608 S.
1199 5544 1384 5607 Crucis
1425 5552 1475 5603 in
1503 5547 1612 5601 .Ier.
1641 5555 1696 5601 et
1724 5547 1868 5613 Vah,
1900 5544 1979 5600 illi
2003 5548 2200 5616 gratias

623 5631 928 5701 referamus.
1007 5693 1018 5701 _
1078 5693 1107 5701 Η
1184 5692 1216 5701 Α
1321 5691 1330 5701 ⁸
1411 5689 1421 5699 ⁸

700 5710 722 5736 ε
755 5697 892 5748 Idem
921 5693 1043 5748 cod.
1077 5693 1134 5746 S.
1178 5691 1363 5745 Crucis
1409 5689 1462 5742 in
1503 5687 1636 5754 Jcr.,
1667 5695 1742 5741 et‘
1767 5687 1883 5742 Vat.
1927 5687 2074 5754 legit,
2115 5688 2202 5758 qui

626 5765 904 5827 urosueris,
934 5771 1036 5816 etc.

2315 4123 2474 4192 lilins,
2504 4126 2700 4182 exhibe
2743 4137 2835 4196 pat
2867 4125 3114 4184 ifamilias
3149 4129 3422 4186 allectum.
3467 4130 3542 4186 Tu
3568 4137 3724 4184 autem
3747 4136 3834 4178 cum

2311 4217 2512 4285 gratias
2540 4234 2650 4272 non
2671 4219 2806 4286 ag's,
2835 4217 3000 4274 Deum
3031 4233 3134 4274 nec
3160 4218 3359 4289 diligis,
3381 4236 3484 4276 nec
3503 4217 3713 4281 vereris;
3732 4210 3835 4268 unde

2312 4313 2404 4358 aut
2432 4313 2723 4360 contumax
2759 4323 2967 4369 servus,
3009 4315 3104 4361 aut
3131 4309 3399 4378 superbus
3437 4325 3496 4364 es
3537 4309 3680 4362 titius.
3708 4313 3730 4350 ε
3761 4298 3834 4366 Qui

2313 4404 2396 4451 est
2435 4395 2596 4463 igitur
2633 4396 2778 4452 utilis
2823 4393 3161 4455 Christianus
3204 4415 3422 4470 semper
3459 4399 3612 4455 debet
3645 4392 3764 4448 Patri
3792 4403 3838 4444 ac

2316 4485 2544 4541 Domino
2567 4501 2668 4541 suo
2707 4487 2893 4542 laudes
2916 4487 3120 4552 dicere,
3151 4497 3207 4544 et
3233 4491 3289 4544 in
3327 4491 3446 4561 ejus
3465 4489 3676 4561 gloriam
3698 4481 3836 4540 omnia

2315 4591 2637 4646 procurare;
2667 4577 2806 4632 sicut
2835 4579 2911 4632 ait
2937 4579 3127 4634 beatus
3167 4579 3483 4653 Apostolus,
3524 4575 3725 4639 dicens:
3749 4572 3838 4628 Sir:

2313 4663 2661 4734 manducetis,
2692 4670 2796 4724 sive
2821 4667 3012 4735 bibitis,
3042 4669 3068 4708 ¹³
3099 4671 3203 4727 sive
3235 4673 3384 4728 aliud
3415 4673 3605 4746 facitis,
3633 4663 3836 4724 omniain

2314 4756 2536 4828 gloriam
2563 4755 2664 4812 Dei
2685 4761 2842 4831 facite
2867 4758 2921 4830 (1
2935 4759 3055 4815 Cor.
3073 4761 3348 4831 x).V_idete
3371 4757 3530 4832 quale
3565 4761 3579 4800 ί
3606 4760 3692 4818 viri
3715 4753 3835 4812 Chri-

2309 4848 2469 4906 stiani
2499 4847 2788 4918 Apostolus
2812 4850 2985 4906 voluit
3003 4865 3126 4907 esse
3150 4853 3479 4922 convivium,
3497 4860 3554 4908 ut
3571 4850 3724 4920 magis
3739 4843 3838 4898 ﬁdet

2308 4937 2504 5000 Christi
2535 4955 2697 5010 quam
2727 4941 2935 5013 prandii
2956 4943 3140 5012 sagina
3169 4945 3504 5011 comedatur,
3535 4953 3586 4999 et
3614 4941 3719 5012 plus
3741 4931 3835 4991 reﬂ-

2310 5031 2419 5088 ciat
2455 5031 2729 5086 hominem
2768 5032 3025 5088 dominici
3060 5035 3296 5092 nominis
3334 5032 3586 5104 frequens
3619 5023 3836 5086 invocatio

2310 5135 2470 5190 quam
2495 5121 2776 5190 epularum
2817 5122 3096 5192 multiplex
3137 5132 3194 5178 et
3237 5125 3456 5194 copiosa
3501 5122 3718 5180 collatio,
3751 5125 3838 5168 Ille-

2311 5210 2521 5282 Iiusque
2549 5207 2736 5282 pascat
2760 5211 3088 5267 esurientem
3127 5213 3314 5284 religio
3345 5229 3504 5282 quam
3528 5211 3715 5281 sagina.
3737 5201 3836 5257 0m-

2385 5340 2404 5378 ί
2439 5339 2576 5412 Cod.
2596 5340 2758 5412 ﬂat”
2783 5343 3027 5412 concipit.

2360 5419 2406 5492 .8
2427 5410 2561 5465 Cod.
2595 5411 2714 5465 Vat.
2746 5405 2888 5465 I968
2909 5405 3067 5480 legit:
3092 5411 3233 5478 Quid
3259 5425 3334 5468 est
3353 5413 3546 5486 igtur?
3569 5414 3698 5467 utilis
3721 5405 3838 5462 Ciri-

2307 5489 2527 5545 sltumts,
2557 5492 2661 5535 etc.

2379 5547 2408 5636 ξ’
2433 5550 2510 5636 ξε]
2529 5553 2566 5636 1·
2601 5549 2860 5636 {armata
2885 5551 2959 5636 ,ω
2989 5552 3162 5636 ιθδίιβ
3190 5557 3236 5636 εξ
3273 5553 3483 5636 alia?!
3498 5552 3651 5636 ,ἐπείξει
3673 5545 3837 5636 leti??-

2389 5617 2402 5657 ί
2433 5617 2512 5692 Cl)
2533 5620 2567 5692 I.
2602 5620 2720 5673 Vat.
2745 5638 2764 5678 ,ε
2799 5621 2977 5692 Videte
3011 5617 3164 5692 q'mle
3190 5627 3312 5680 riris
3339 5617 3639 5678 Clu-intimus
3658 5617 3838 5688 Ᾱρυαυο

2307 5688 2390 5743 lus
2409 5689 2570 5743 uoluit
2595 5705 2712 5743 esse
2738 5688 3041 5746 conuiuium;
