4056 6346
258 303 354 363 ιετ

1720 289 2005 353 HOMILIA
2039 286 2129 352 XC
2142 334 2156 349 .

3418 291 3526 351 ωε

259 421 361 486 nia,
391 415 582 487 inquit,
609 414 666 471 in
688 412 908 486 gloriam
934 410 1032 468 Dei
1066 411 1241 486 facile.
1287 408 1488 469 Omnes
1521 422 1650 480 ergo
1689 418 1843 468 actus
1869 414 1920 475 Α
1946 408 2275 484 plis.Nonne
2291 417 2314 446 ο
2334 405 2577 463 videmus
2591 414 2646 464 et
2663 407 3046 464 minutissimas
3070 421 3222 470 aves,
3253 420 3377 463 cum
3401 405 3524 461 illn-

261 521 288 552 ι
307 515 512 565 nostros
540 502 756 563 Christo
788 505 936 562 velut
971 505 1122 562 socio
1141 503 1230 560 vel
1256 512 1392 560 teste
1411 502 1667 574 compleri
1685 543 1699 569 ,
1731 503 1833 558 hac

260 601 456 662 scilicet
482 599 715 668 ratione,
746 608 804 655 ut
825 599 966 656 bona
996 599 1114 670 ipso
1139 595 1668 664 auctorefaciamus;
1691 595 1833 650 mala

259 701 474 764 propter
501 691 666 762 ipsius
691 691 1104 747 contubernium
1132 690 1483 746 declinemus.
1516 689 1679 761 293
1705 686 1837 741 Eru-

259 781 421 839 bescit
448 782 590 836 enim
621 783 762 837 mala
791 783 970 839 facere
998 782 1090 854 qui
1121 782 1222 837 scit
1248 778 1521 836 Christum
1549 795 1608 836 se
1635 779 1836 834 habere

259 875 586 946 participem.
616 873 864 930 Christus
891 883 1072 930 autem
1118 875 1172 929 in
1199 874 1356 929 bonis
1384 872 1598 942 adjutor
1634 878 1735 935 est,
1781 869 1836 924 in

258 966 410 1021 malis
429 974 614 1022 noster
637 973 720 1021 est
745 974 1114 1021 conservator.
1147 963 1286 1034 Ergo
1309 961 1692 1018 cum.diluculo
1716 977 1836 1016 sur-

222 1111 234 1150 ι
258 1059 446 1128 gimus,
476 1057 753 1123 debemus,
787 1058 1098 1128 priusquam
1125 1057 1482 1128 procedamus
1510 1072 1540 1112 e
1569 1055 1835 1122 cubiculo,

257 1151 448 1224 gratias
477 1163 639 1218 agere
668 1149 955 1216 Salvatori,
989 1158 1046 1204 et
1085 1157 1212 1204 ante
1240 1165 1430 1204 omnes
1453 1157 1606 1204 actus
1635 1149 1836 1214 satculi,

257 1255 404 1302 actus
428 1244 628 1300 habere
649 1244 884 1315 pietatis,
909 1245 1001 1314 qui
1023 1260 1123 1299 nos
1144 1245 1486 1312 quiescentes
1506 1249 1560 1298 et
1580 1241 1844 1297 dormien-

259 1345 337 1394 tes
375 1338 426 1392 in
463 1337 676 1392 lectulis
716 1336 1028 1393 custodivit.
1061 1335 1192 1402 Quis
1220 1336 1364 1391 enim
1392 1335 1497 1390 nisi
1538 1334 1680 1390 Deus
1717 1333 1843 1388 dor-

255 1431 506 1487 mientem
563 1429 798 1484 custodit
841 1428 1161 1483 hominem?
1210 1428 1302 1497 qui
1351 1429 1424 1482 ita
1474 1426 1742 1481 resolutus
1787 1425 1843 1479 in

254 1539 526 1592 somnum,
552 1532 608 1577 et
635 1521 833 1578 oblitus
862 1522 945 1578 sui
978 1521 1175 1589 vigoris
1203 1520 1458 1588 humani,
1491 1534 1518 1572 a
1549 1534 1608 1575 sc
1636 1518 1844 1573 alienus

255 1616 503 1684 efﬁcitur,
539 1623 599 1669 ut
623 1615 831 1670 nesciat
851 1613 977 1683 quid
1006 1615 1121 1683 ipse
1145 1613 1234 1676 sit,
1267 1612 1485 1666 ubinam
1510 1611 1838 1674 demoretur,

254 1708 438 1764 adesse
475 1705 582 1762 sibi
621 1713 770 1761 certe
798 1705 912 1776 ipse
942 1720 1049 1761 non
1078 1704 1266 1775 possit.
1309 1701 1656 1757 Necessarius
1685 1701 1845 1770 igitur

1937 510 2240 560 cescentem
2270 500 2412 556 diem
2436 516 2630 557 aurora
2650 501 2918 572 producit,
2950 502 3004 556 in
3032 499 3348 571 quibusdam
3377 499 3528 555 nido-

1936 610 2057 650 rum
2087 593 2346 649 cubiculis
2373 593 2525 648 varia
2571 593 2855 649 dulcedine
2883 608 3195 664 personare,
3228 599 3285 649 et
3311 592 3364 647 id
3410 601 3528 649 stu-

1937 688 2088 743 diose
2124 702 2302 757 agere,
2337 686 2648 757 priusquam
2701 685 3034 756 procedant,
3090 694 3149 740 ut
3211 683 3528 739 Creatorem

1937 794 2113 846 suum,
2164 780 2292 848 quia
2343 778 2556 847 loquela
2606 793 2713 831 non
2757 785 2999 847 possunt,
3031 776 3297 832 suavitate
3325 776 3534 832 demul-

1938 883 2126 937 ceant;
2151 879 2205 926 et
2225 868 2674 940 quemadmodum
2695 883 3030 937 unaquthue
3050 883 3256 935 earum,
3277 867 3530 939 quoniam

1939 962 2277 1020 confessione
2325 963 2540 1032 nequit,
2572 959 2804 1016 modulis
2841 961 3035 1031 prodat
3081 960 3427 1030 obsequium;
3460 959 3534 1013 ita

1941 1066 2001 1114 ut
2028 1057 2274 1113 videatur
2300 1057 2402 1112 sibi
2445 1055 2692 1110 devotius
2720 1053 2919 1132 gratias
2957 1067 3138 1121 agere,
3179 1067 3300 1122 qua:
3327 1051 3536 1107 dulcius

1941 1151 2274 1224 personavit,
2303 1151 2410 1207 hoc
2437 1149 2622 1215 etiam,
2650 1155 2873 1219 peracto
2917 1145 3021 1200 diei
3069 1160 3257 1211 cursu,
3286 1143 3536 1200 similiter

1941 1243 2156 1301 facere?
2172 1242 2311 1310 Quid
2334 1256 2462 1311 ergo
2492 1240 2594 1296 sibi
2622 1239 2736 1295 vult
2761 1239 2863 1293 ista
2885 1236 3049 1312 certis
3068 1235 3400 1307 temporibus
3427 1233 3540 1289 dis-

1942 1338 2121 1410 posita
2166 1334 2436 1390 cantilena
2477 1341 2531 1388 et
2581 1332 2723 1403 jugis
2779 1329 3026 1393 intentio,
3083 1327 3185 1382 nisi
3238 1327 3534 1396 gratiarum

1944 1427 2191 1500 quaedam
2211 1428 2280 1482 sit
2305 1424 2659 1480 immoderata
2688 1419 2992 1478 confessio?
3021 1417 3232 1473 Pastori
3260 1418 3406 1472 enim
3434 1431 3536 1472 suo

1945 1522 2059 1575 avis
2113 1519 2356 1587 innoxia,
2387 1518 2512 1587 quia
2561 1530 2814 1571 sermone
2868 1529 2976 1568 non
3027 1518 3226 1582 potest,
3275 1510 3542 1565 suavitate

1943 1611 2254 1676 blanditur;
2285 1607 2490 1664 habent
2509 1608 2653 1663 enim
2681 1614 2736 1661 et
2755 1620 2882 1660 aves
2901 1611 3175 1674 pastorem
3204 1614 3381 1666 suum,
3405 1601 3546 1654 sicut

1946 1705 2022 1760 ait
2046 1703 2308 1758 Dominus
2342 1719 2354 1754 :
2392 1699 2652 1771 Respicite
2679 1696 2913 1752 volatilia
2951 1693 3083 1758 caeli,
3115 1683 3361 1763 quoniam
3397 1690 3414 1727 ί
3443 1705 3548 1742 non

253 1802 390 1860 Deus
411 1803 571 1858 adest
592 1801 1002 1869 dormientibus,
1027 1800 1153 1870 quia
1182 1798 1514 1853 dormientes
1532 1796 1630 1852 sibi
1655 1794 1844 1850 adesse
1873 1791 1921 1851 Β
1952 1805 2150 1863 serunt,
2181 1810 2343 1865 neque
2363 1800 2579 1857 metunt,
2611 1797 2660 1844 et
2689 1787 2849 1842 Pater
2875 1795 3062 1854 vester,
3095 1785 3180 1857 qui
3200 1784 3256 1837 in
3281 1781 3423 1835 caelis
3451 1789 3547 1847 est,

252 1911 358 1953 non
381 1903 615 1966 possunt
642 1911 656 1960 ;
683 1901 740 1949 et
768 1909 799 1948 a
827 1892 1108 1948 nocturnis
1137 1881 1344 1946 insidiis
1371 1904 1544 1959 genus
1565 1887 1842 1943 hominum

257 1989 370 2061 ipse
399 1988 708 2054 custodiat;
740 1987 867 2057 quia
889 1985 942 2041 id
970 1984 1232 2056 temporis
1256 1983 1284 2022 δ
1313 1999 1474 2038 nemo
1503 1982 1639 2036 alter
1666 1979 1846 2052 pervi-

255 2083 398 2154 gilat,
425 2081 604 2136 debeo
625 2095 755 2150 ergo
781 2079 856 2133 illi
889 2079 1117 2147 gratiam
1146 2076 1258 2146 qui,
1286 2084 1344 2130 ut
1366 2090 1466 2144 ego
1485 2088 1706 2129 securus
1725 2070 1851 2125 dor-

254 2177 435 2243 miam,
463 2175 559 2230 ille
584 2173 888 2244 pervigilat.
911 2169 1031 2241 lpse
1060 2170 1203 2225 enim
1226 2184 1327 2224 nos
1355 2168 1498 2222 Deus
1520 2167 1690 2220 ituros
1709 2163 1854 2218 cubi-

254 2275 362 2323 tum
406 2267 649 2338 quodam
703 2265 908 2336 gremio
953 2263 1169 2334 quietus
1209 2261 1453 2330 suscipit,
1498 2268 1553 2314 et
1597 2259 1853 2312 thesauro

253 2363 400 2434 pacis
425 2360 715 2416 recondito
737 2365 936 2421 servat,
965 2365 1020 2412 et
1043 2355 1331 2426 caliginum
1365 2352 1595 2424 quadam
1627 2351 1856 2405 tuitione

252 2453 306 2510 in
347 2452 533 2508 lucem
563 2449 832 2515 defendit;
863 2458 923 2503 ut
966 2447 1170 2502 malitia
1203 2444 1540 2500 inimicorum
1579 2442 1855 2496 hominum

252 2545 556 2618 repellatur
589 2543 847 2608 tenebris,
890 2555 1011 2612 qua:
1042 2555 1151 2595 non
1191 2546 1372 2609 potest
1394 2535 1730 2607 benignitate
1759 2532 1856 2588 de-

251 2641 376 2714 pelli
402 2658 415 2707 ;
449 2649 512 2696 et
546 2654 734 2710 pacem
763 2636 918 2692 fessis
947 2642 1169 2706 praestet
1196 2631 1519 2698 obscuritas,
1559 2643 1720 2698 quam
1749 2642 1858 2680 non

253 2735 555 2806 pmstabat
581 2731 930 2793 humanitas;
974 2729 1101 2785 dum
1145 2728 1290 2784 enim
1327 2725 1501 2780 nescit
1538 2724 1702 2778 homo
1768 2719 1859 2773 ubi

252 2844 407 2887 suum
433 2825 808 2882 adversarium
832 2830 1209 2896 persequatur,
1243 2832 1455 2890 pacem,
1489 2829 1649 2885 quam
1672 2811 1861 2865 volens

253 2931 515 2994 prmstarc
539 2918 730 2983 noluit,
763 2923 986 2987 praestat
1028 2915 1246 2969 invitus.
1278 2910 1547 2964 Debemus
1573 2921 1706 2975 ergo
1735 2918 1860 2959 sur-

253 3023 442 3083 gentes
471 3011 679 3082 gratias
714 3020 736 3050 °
768 3009 882 3064 Deo
921 3022 1102 3078 agere,
1134 3015 1190 3062 et
1217 3020 1378 3060 omne
1406 3002 1512 3057 diei
1541 3015 1677 3071 opus
1707 2999 1760 3053 in
1787 2996 1862 3052 si-

254 3120 360 3175 gno
390 3104 580 3160 facere
608 3101 923 3159 Salvatoris.
957 3101 1146 3156 Nonne
1184 3115 1306 3154 cum
1334 3097 1509 3164 adhuc
1537 3093 1752 3164 gentilis
1781 3106 1865 3146 es-

1950 1890 2116 1963 pascit
2144 1889 2238 1943 illa
2261 1885 2476 1955 (Matth.
2502 1885 2598 1954 vi).
2625 1883 2694 1936 At
2713 1881 2907 1951 quibus
2933 1878 3146 1933 tandem
3167 1875 3303 1932 cibis
3323 1889 3554 1945 pascun-

1951 1991 2039 2037 tur
2067 1981 2227 2036 aves?
2248 1976 2522 2034 vilissimis
2550 1973 2758 2030 scilicet
2787 1979 2846 2026 et
2865 1969 3122 2025 terrenis:
3143 1982 3271 2021 aves
3284 1979 3415 2035 ergo
3436 1978 3555 2035 pro-

1953 2084 2076 2148 pter
2104 2073 2266 2144 300
2292 2071 2424 2124 viles
2453 2083 2605 2124 escas
2630 2065 2829 2134 gratias
2850 2069 3034 2132 agunt,
3067 2069 3122 2114 tu
3153 2055 3555 2130 pretiosissimis

1953 2166 2127 2237 epulis
2147 2162 2405 2234 pasceris,
2437 2168 2493 2214 et
2533 2159 2774 2226 ingratus
2802 2170 2878 2209 es.
2911 2152 3042 2219 Quis
3096 2150 3258 2219 igitur
3285 2164 3394 2203 non
3433 2160 3556 2200 eru-

1954 2261 2159 2321 bescat,
2190 2268 2408 2310 sensum
2442 2249 2676 2306 hominis
2700 2246 2926 2307 habens,
2959 2243 3076 2298 sine
3105 2240 3436 2311 psalmorum
3469 2251 3557 2290 ce-

1957 2349 2206 2406 lebritate
2235 2345 2380 2400 diem
2407 2341 2685 2404 claudere;
2715 2353 2835 2393 cum
2858 2337 2986 2407 ipsa:
3009 2348 3138 2388 aves
3157 2332 3225 2386 ad
3251 2329 3558 2399 gratifican—

1959 2443 2087 2498 dum
2139 2437 2377 2511 psalterii
2407 2434 2674 2491 suavitate
2701 2429 3033 2501 persultent;
3064 2434 3118 2480 et
3172 2423 3288 2493 ejus
3334 2421 3560 2491 gloriam

1959 2549 2068 2589 non
2099 2544 2352 2587 versuum
2382 2525 2662 2580 dulcedine
2690 2534 3005 2593 personare,
3037 2516 3189 2586 cujus
3227 2513 3440 2568 laudem
3464 2526 3555 2566 vo-

1960 2627 2137 2682 lucres
2161 2619 2437 2678 modulata
2465 2615 2734 2673 cantilena
2760 2610 3146 2684 pronuntiant?
3171 2607 3385 2660 imitare
3409 2617 3560 2671 ergo,

1963 2718 2150 2783 frater,
2180 2712 2567 2788 minutissimas
2594 2722 2723 2762 aves
2752 2719 2911 2760 mane
2947 2711 3004 2758 et
3048 2716 3275 2770 vespere
3316 2697 3563 2752 Creatori

1962 2811 2162 2880 gratias
2185 2804 2498 2869 referendo;
2531 2810 2585 2856 et
2605 2800 2649 2855 si
2679 2814 2740 2854 es
2757 2797 3006 2853 devotior
3026 2795 3240 2849 imitare
3258 2790 3561 2854 lusciniam,

1963 2904 2049 2960 cui
2079 2901 2334 2972 quoniam
2372 2897 2437 2952 ad
2468 2893 2722 2951 dicendas
2751 2889 2937 2945 laudes
2963 2889 3080 2944 dies
3114 2886 3229 2942 sola
3265 2900 3372 2940 non
3409 2881 3562 2938 suffi-

1966 2997 2058 3062 cit,
2083 3003 2346 3050 noctnrna
2369 2989 2543 3061 spatia
2575 2983 2817 3057 pervigili
2839 2981 3108 3038 cantilena
3127 2977 3396 3042 decurrit;
3425 2982 3481 3030 et
3509 2983 3567 3028 tu

1967 3091 2128 3161 igitur
2152 3085 2399 3141 laudibus
2429 3082 2534 3136 tuis
2562 3079 2705 3134 diem
2733 3077 2956 3132 vincens
2985 3072 3136 3143 Operi
3181 3078 3277 3126 tuo
3303 3067 3442 3124 adde
3471 3082 3569 3120 no-

256 3215 368 3264 ses,
397 3199 622 3288 solebas
659 3198 810 3267 signa
841 3196 1175 3267 perquirere,
1209 3207 1328 3262 qua:
1356 3190 1528 3259 signa,
1560 3189 1755 3258 quibus
1776 3201 1865 3240 re-
1895 3176 1942 3240 C
1973 3193 2161 3242 cturna
2185 3177 2456 3236 currentia
2486 3171 2774 3238 curricula,
2807 3177 2864 3225 et
2893 3169 3193 3223 insomnem
3223 3161 3458 3232 suscepti
3495 3159 3570 3214 la-

1267 3287 1272 3288 ,
1311 3287 1315 3288 ,
1516 3285 1568 3288 ___
1715 3285 1731 3288 _
1757 3281 1773 3288 -
1972 3277 1985 3288 .
2074 3275 2084 3287 .
2148 3273 2158 3284 ο
2219 3269 2460 3288 [ΛΑ-2-..-
2487 3264 2723 3288 _....I.....::
2745 3261 2885 3288 μιαί..
2913 3257 3195 3288 ..Ληρηιηνο
3249 3254 3313 3288 Fs
3344 3252 3468 3288 ηιιίο
3500 3250 3568 3288 (In

255 3281 563 3365 busjess'eut
577 3307 854 3364 prospera,
869 3304 1060 3359 magna
1083 3287 1432 3358 inquisitione
1448 3281 1864 3353 colligere‘Ham

257 3402 406 3443 nunc
435 3387 569 3441 nolo
599 3399 748 3441 erres
789 3385 844 3439 in
876 3398 1132 3448 numero;
1165 3381 1300 3436 scito
1339 3377 1463 3450 quia
1493 3379 1546 3432 in
1577 3393 1683 3431 uno
1713 3375 1867 3442 signo

258 3479 469 3536 Christi
501 3479 745 3534 omnium
793 3492 974 3532 rerum
1005 3482 1088 3530 est
1133 3482 1249 3530 tuta
1286 3471 1636 3544 prosperitas.
1670 3467 1772 3535 Qui
1814 3467 1869 3521 in

258 3571 367 3627 hoc
389 3572 552 3641 signo
580 3570 846 3624 seminare
875 3568 1118 3638 cmperit,
1149 3566 1272 3620 vitae
1301 3563 1533 3618 fructum
1566 3575 1869 3630 conseque-

262 3672 354 3718 tur
383 3671 640 3729 mternze,
673 3661 764 3731 qui
795 3661 848 3714 in
885 3660 990 3714 hoc
1019 3658 1173 3728 signo
1203 3657 1304 3711 iter
1333 3653 1510 3710 facere
1539 3651 1868 3721 aggreditur,

258 3756 330 3812 ad
361 3757 536 3828 299
563 3755 759 3811 caelum
789 3766 959 3820 usque
982 3749 1279 3820 perveniet.
1303 3747 1359 3800 In
1380 3746 1490 3800 hoc
1509 3745 1670 3814 igitur
1699 3741 1874 3797 nomi-

257 3863 333 3905 ne
374 3854 576 3904 omnes
617 3853 769 3900 actus
817 3841 988 3897 nostri
1036 3838 1298 3907 dirigendi
1328 3843 1472 3902 sunt,
1506 3841 1561 3888 et
1590 3833 1658 3888 ad
1701 3832 1874 3902 ipsum

257 3941 441 3996 totius
473 3938 599 3992 vitae
629 3944 829 3991 nostra:
866 3930 1160 3988 commotio
1203 3925 1526 3992 referenda;
1557 3924 1704 3996 quia,
1735 3923 1876 3978 sient

254 4032 340 4087 ait
371 4027 720 4099 Apostolus:
756 4024 822 4079 In
868 4025 981 4094 ipso
1027 4021 1262 4086 vivimus,
1308 4035 1568 4074 movemur
1608 4027 1658 4072 et
1699 4032 1876 4070 sumus

257 4123 415 4195 (Act.
451 4136 585 4186 xvn,
613 4119 727 4190 28).
751 4116 858 4172 Sed
886 4123 942 4171 et
960 4130 1078 4171 cum
1101 4128 1328 4184 vespera
1357 4111 1499 4166 diem
1520 4111 1738 4177 claudit,
1773 4109 1877 4180 ipsi

256 4214 544 4272 debemus
574 4227 672 4284 per
716 4209 1030 4282 psalterium
1075 4205 1288 4260 laudem
1316 4203 1518 4269 dicere,
1549 4211 1605 4257 et
1649 4201 1876 4272 gloriam

258 4308 389 4380 ejus
421 4305 702 4360 modulata
733 4301 998 4358 suavitate
1025 4299 1337 4363 concinere,
1362 4310 1491 4367 quo,
1524 4309 1747 4366 operum
1780 4308 1878 4348 no-

259 4410 525 4460 strorum
572 4401 943 4452 consummato
978 4390 1291 4455 certamine,
1317 4388 1484 4444 veluti
1513 4386 1744 4442 victores
1785 4381 1875 4440 r'e-

263 4493 466 4566 quiem
497 4488 525 4526 d
556 4489 919 4559 acquiramus,
952 4493 1006 4540 et
1045 4484 1245 4540 laboris

264 4555 501 4658 s-oporis
529 4555 748 4636 oblivio.
773 4573 888 4634 Hoc
913 4584 1095 4632 autem
1122 4583 1182 4630 ut
1210 4574 1487 4640 faciamus,
1518 4572 1730 4639 fratres,
1774 4587 1882 4627 non
1909 4555 1962 4618 Ῑ)
1990 4577 2246 4637 tanquam
2274 4566 2404 4616 noct

266 4679 460 4738 solum
485 4674 743 4732 docemur
771 4673 1000 4740 ratione,
1025 4669 1120 4727 sed
1141 4669 1304 4725 etiam
1325 4666 1679 4723 admonemur
1698 4681 1883 4721 exem-

1970 3275 2118 3331 boris
2146 3269 2464 3326 industriam
2487 3264 2725 3335 psalterii
2745 3261 2886 3316 serie
2911 3257 3216 3314 consolare.
3249 3254 3317 3307 Et
3344 3252 3472 3321 quia
3500 3250 3569 3306 de

1969 3367 2053 3422 his
2083 3364 2272 3420 avibus
2290 3360 2625 3416 mentionem
2647 3354 2746 3410 feci
2773 3368 2892 3424 qua:
2921 3350 3172 3406 noctibus
3194 3347 3438 3414 vigilant,
3470 3358 3572 3398 no-

1971 3460 2025 3516 lo
2054 3468 2108 3514 te
2138 3457 2466 3512 imitatorem
2495 3463 2615 3505 esse
2657 3452 2899 3509 noctum,
2931 3456 3051 3511 qua:
3078 3439 3205 3495 licet
3229 3453 3328 3509 per
3356 3444 3571 3491 noctem

1971 3553 2175 3622 vigilet,
2202 3565 2300 3620 per
2327 3547 2468 3601 diem
2498 3552 2680 3598 tamen
2709 3539 2861 3610 pigra
2893 3536 2976 3590 vel
2999 3551 3137 3591 unca
3159 3541 3263 3601 est,
3281 3546 3400 3602 qua:
3423 3545 3574 3600 gran-

1975 3645 2132 3702 dibus
2161 3641 2331 3698 oculis
2363 3637 2706 3694 tenebrarum
2734 3631 2993 3700 caligines
3016 3628 3206 3698 diligit,
3226 3624 3575 3698 splendorem

1976 3737 2107 3793 solis
2121 3732 2410 3799 horrescit,
2424 3729 2620 3784 mirum
2640 3726 2784 3780 enim
2807 3724 2860 3778 in
2883 3720 3102 3777 modum
3123 3718 3455 3774 illuminatur
3475 3715 3575 3770 ob-

1977 3828 2256 3889 scuritate,
2283 3825 2402 3879 luce
2431 3826 2685 3878 caecatur.
2711 3815 2856 3872 Istud
2880 3812 3077 3870 animal
3108 3809 3484 3865 haereticorum
3513 3807 3575 3859 fl-

1978 3935 2109 3991 gura
2140 3925 2222 3974 est
2258 3923 2419 3986 atque
2446 3910 2746 3982 gentilium,
2778 3908 2868 3978 qui
2899 3901 3578 3972 tenebrasamplectuntur

1978 3989 2198 4075 diaboli,
2229 4009 2403 4063 lucem
2423 4001 2720 4059 Salvatoris
2744 3999 3082 4057 horrescunt,
3097 4001 3154 4049 et
3182 3991 3476 4061 grandibus
3501 3989 3579 4044 di-

1978 4103 2341 4176 sputationum
2363 4096 2536 4153 oculis
2555 4098 2784 4148 cernunt
2804 4104 2940 4145 vana
2956 4129 2971 4153 ,
2994 4101 3102 4140 non
3119 4083 3418 4154 respiciunt
3438 4095 3580 4135 sem-

1979 4173 2209 4268 piterna.
2242 4192 2319 4247 De
2363 4190 2449 4245 his
2474 4188 2549 4242 ait
2576 4184 2835 4240 Dominus
2868 4199 2880 4234 :
2918 4176 3110 4232 Oculos
3149 4173 3360 4240 habent,
3388 4179 3579 4268 etn’non

1979 4251 2265 4345 uidebunt:
2316 4284 2371 4337 in
2419 4278 2643 4335 tenebris
2691 4273 2960 4329 ambulant
3015 4265 3188 4340 (Psal.
3223 4263 3394 4334 cxnt).
3443 4251 3582 4316 Sunt

1983 4385 2127 4441 enim
2161 4379 2305 4436 acuti
2351 4375 2419 4431 ad
2447 4369 2845 4443 superstitiosa,
2873 4363 3099 4418 hebetes
3127 4357 3194 4413 ad
3223 4357 3449 4443 divina;
3483 4351 3576 4422 qui

1291 4481 1534 4552 quaedam
1576 4481 1752 4552 palma
1809 4479 1881 4534 sit
1983 4468 2131 4533 dum'
2164 4488 2224 4528 se
2277 4474 2470 4541 putant
2526 4475 2550 4512 ε
2607 4457 2890 4517 sublimius
2939 4451 3157 4508 evolare
3219 4442 3578 4509 sermonibus,

2407 4574 2488 4613 uae
2509 4554 2622 4610 veri
2652 4547 2869 4606 luminis
2895 4542 3182 4616 splendore
3206 4537 3507 4625 turbantur.

1670 4758 2018 4822 HOMILIA
2063 4753 2195 4817 XC.

1362 4862 1441 4919 De
1467 4862 1766 4935 paenitentia
1794 4870 1844 4915 et
1858 4858 2076 4931 jejuniis
2105 4849 2460 4908 Ninivitarum
2483 4841 2533 4897 1.

1756 4948 2150 5008 ADMONlTlO.

348 5065 528 5140 θοι
556 5062 612 5118 Si
641 5061 708 5117 de
735 5057 969 5116 homiliaa
997 5063 1219 5112 auctore
1246 5054 1336 5110 hic
1359 5051 1533 5109 solum
1558 5049 1824 5122 agendum
1851 5052 2014 5112 esset,
2043 5060 2110 5100 ex
2163 5037 2442 5097 codicibus
2469 5048 2599 5117 mss.
2630 5044 2750 5086 eam
2915 5022 3150 5108 Maximo
3178 5016 3591 5104 decernentibus

407 5139 418 5145 -
553 5135 563 5145 .
734 5132 747 5145 .
806 5130 822 5145 .
923 5138 935 5145 .
1075 5136 1117 5145 _-
1301 5125 1463 5145 _-__..-
1500 5123 1563 5145 -2.
1593 5123 1643 5145 :--
1679 5121 1832 5145 .ε...ι,.
1866 5113 2222 5145 ,ιιηηηηηηηιςη
2255 5109 2320 5145 ιιι-1
2351 5109 2646 5145 Innmnmm
2691 5112 2934 5145 pnmmur
2959 5096 3426 5145 discenmttonem.
3485 5090 3591 5145 Co‘

277 5153 373 5196 res

359 5377 390 5407 ι
419 5364 564 5422 Cod.
595 5361 851 5417 Laurent.
885 5357 1052 5426 habet
1083 5373 1096 5409 :
1141 5353 1334 5409 Omnes
1373 5369 1496 5426 ergo
1522 5359 1666 5405 actus
1696 5349 1900 5406 Christo

282 5439 397 5495 vult
419 5437 588 5491 socio.

363 5491 394 5548 li
423 5505 607 5562 Codd.
636 5503 694 5558 S.
725 5501 910 5558 Crucis
939 5499 992 5556 in
1035 5499 1172 5564 Jer.,
1218 5496 1472 5553 Laurent.
1525 5492 1592 5548 lO
1621 5501 1675 5550 et
1702 5491 1898 5564 Vatic.,

284 5583 416 5657 quia
474 5577 538 5632 id
581 5575 818 5645 temporis
856 5571 926 5626 ad
964 5563 1354 5627 custodiendum
1396 5567 1527 5622 alter
1555 5582 1703 5620 nemo
1733 5563 1905 5634 pervi—

288 5653 452 5726 ένὶιαετ

367 5704 398 5764 εί
432 5704 612 5777 Codd.
653 5717 712 5774 s.
741 5715 929 5772 Crucis
973 5715 1026 5771 in
1053 5713 1163 5772 Jer.
1196 5721 1254 5768 et
1278 5711 1404 5768 Vat.
1434 5710 1618 5781 legunt
1651 5725 1663 5761 ε
1696 5704 1905 5760 Christo

291 5811 483 5873 agere.

607 5887 882 5952 Ρηιιοι.
933 5882 1123 5947 υἰι.

403 5090 1841 5195 iii-3vii:&ﬁi33f§i§:;uiiuéﬁr§2113K;
1850 5090 2225 5195 EEEVeiSntié
2238 5090 2934 5195 wadllongiorem“cogimur
2952 5094 3426 5195 disceptatignem.
3455 5090 3591 5195 ..Ξο-

1067 5163 2481 5269 ﬁjiiniii"NsEiEEEJrZEfBommata
2510 5163 2843 5238 inscribunt;
2875 5167 2969 5240 qui
3017 5163 3144 5224 sunt
3196 5163 3589 5220 vetustissimus

2079 5340 2105 5381 δ
2134 5340 2271 5397 Cod.
2304 5338 2426 5393 Vat.
2458 5332 2616 5402 1268,
2646 5340 2701 5390 et
2719 5329 3021 5387 Galesinins
3048 5327 3178 5397 legit
3209 5344 3221 5381 :
3255 5323 3424 5380 Veluti
3446 5325 3593 5378 victm

2004 5432 2087 5470 res
2117 5413 2347 5484 requieta
2364 5421 2672 5484 mereamur.

2084 5496 2108 5524 ο
2137 5470 2270 5539 de.
2304 5480 2450 5543 Vat.,
2485 5475 2677 5532 Nonne
2704 5475 2841 5530 enim
2875 5470 3122 5543 videmus.

2083 5555 2102 5594 τ
2136 5536 2306 5611 Codd.
2337 5551 2395 5607 S.
2420 5536 2608 5606 Crucis
2643 5548 2697 5601 in
2746 5544 2856 5600 Jer.
2893 5552 2948 5598 et
2986 5539 3110 5596 Vat.
3155 5536 3410 5592 omittunt
3439 5541 3598 5602 nequi

2009 5636 2204 5685 serunt.

2084 5673 2270 5751 εἷ
2303 5693 2360 5748 S.
2391 5692 2579 5748 Crucis
2603 5690 2655 5743 in
2685 5685 2819 5751 Jer.,
2847 5693 2902 5740 et
2922 5678 3226 5737 Galesinins
3249 5718 3264 5744 ,
3295 5675 3381 5750 qui
3402 5673 3520 5729 dum
3548 5686 3602 5728 se
3687 5713 3690 5716 .

2010 5777 2192 5847 putant
2218 5763 2486 5822 subtilibus
2514 5761 2716 5816 evolare
2743 5752 3080 5813 sermonibus.

3285 5839 3364 5902 15
