4056 6346
555 316 663 374 465

1779 314 1838 372 S.
1877 311 2118 370 MAXIM!
2154 310 2604 370 TAURINENSIS

3735 313 3837 374 461

553 435 696 504 fuge.
721 431 779 488 Si
809 440 867 488 tu
885 445 1112 504 peccare
1129 428 1372 498 desieris,
1398 429 1570 486 victus
1597 436 1679 486 est
1706 429 1971 485 inimicus.
2003 427 2141 484 Dicit
2167 429 2216 491 Α
2243 447 2377 488 neos
2400 400 2646 489 libertate
2673 434 2911 490 victurus
2931 434 3027 489 es?
3047 433 3237 490 Nonne
3259 447 3380 490 cum
3408 434 3558 504 loqui
3585 435 3833 506 cmperis,

555 527 625 581 ad
652 527 920 581 Abraham
967 523 1244 595 Scriptura
1279 523 1459 578 divina
1484 539 1581 594 per
1627 522 1813 578 decem
1852 521 2027 591 iustos
2049 537 2143 592 pa-

552 617 711 672 triam
740 631 902 686 posse
925 615 1142 672 salvari.
1172 615 1340 686 Igitur
1367 615 1415 670 si
1449 615 1579 684 iusti
1628 621 1753 671 sunt
1797 613 1888 684 qui
1938 611 2144 668 salvam

548 709 753 765 faciunt
781 709 1030 780 patriam,
1079 709 1264 779 utique
1310 708 1493 779 iniusti
1519 717 1644 764 sunt
1670 708 1762 778 qui
1804 707 2140 776 relinquunt;

548 810 606 857 et
625 801 670 858 si
699 801 776 856 illi
803 809 1024 872 propter
1050 802 1393 874 praesentiam
1421 817 1571 857 suam
1594 809 1996 872 consequuntur
2021 814 2143 870 gra?

549 893 701 956 tiam,
747 907 970 948 necesse
1005 901 1088 948 est
1116 902 1175 948 ut
1202 894 1256 948 hi
1285 902 1507 965 propter
1548 891 1727 963 fugam
1751 893 2140 949 desolationem

549 992 882 1040 mereantur.
916 984 1336 1056 3061niustus
1375 985 1535 1056 plane
1563 993 1618 1040 et
1657 984 1849 1055 impius
1877 991 1960 1039 est
1980 983 2140 1049 filius,

519 1091 521 1094 ‘
551 1079 643 1148 qui
671 1077 1073 1148 periclitantem
1101 1077 1303 1133 deserit
1343 1085 1588 1132 matrem.
1621 1076 1793 1132 Mater
1830 1076 1972 1132 enim
2001 1091 2140 1146 quo-

550 1171 842 1227 dammodo
870 1171 1042 1226 dulcis
1070 1179 1154 1226 est
1182 1171 1374 1241 patria,
1404 1186 1523 1240 qum
1573 1178 1628 1225 te
1669 1170 1875 1238 genuit,
1923 1185 2042 1238 qua:
2089 1177 2142 1223 te

549 1262 795 1328 nutrivit,
819 1277 958 1332 qum,
987 1269 1047 1314 ut
1076 1259 1260 1330 fugere
1290 1262 1481 1332 possis,
1516 1270 1569 1316 te
1589 1261 1808 1316 divitem
1834 1261 1976 1316 fecit.
2008 1260 2139 1314 Nam

549 1355 599 1412 si
625 1371 733 1410 non
762 1354 860 1409 tibi
889 1362 1202 1426 suppeteret
1225 1363 1536 1425 sumptuum
1564 1356 1784 1425 copiosa
1820 1355 2137 1420 substantia,

548 1445 689 1516 fuga:
710 1446 1016 1518 prrcsidium
1037 1462 1144 1501 non
1172 1446 1429 1511 haberes;
1459 1454 1620 1517 atque
1649 1447 1770 1502 ideo
1801 1446 2022 1501 avaritia
2053 1446 2145 1500 du-

549 1548 688 1607 ctus,
731 1539 857 1595 dum
905 1539 1101 1594 metuis
1147 1538 1360 1592 divitias
1399 1547 1521 1593 tuas
1551 1539 1795 1608 perdere,
1845 1539 2040 1608 impius
2071 1537 2142 1590 in

549 1641 780 1689 matrem
808 1647 926 1688 esse
953 1647 1063 1686 non
1092 1631 1322 1688 dubitas.
1366 1629 1520 1686 Unde
1555 1631 1901 1699 intelligimus
1941 1639 1995 1686 te
2024 1631 2142 1701 plus

485 1717 492 1724 ’
548 1725 793 1798 pecuniae
825 1731 928 1778 tua:
955 1722 1238 1778 consulere
1257 1736 1417 1791 quam
1445 1718 1732 1776 saluti.Dic
1756 1722 1906 1787 mihi,
1938 1737 1971 1776 o
2001 1721 2144 1776 bone

2249 525 2533 594 obiiciatur
2553 527 2668 590 tibi,
2701 527 2841 582 unde
2872 527 2971 582 iste
2999 528 3229 594 exsulat,
3258 529 3399 583 unde
3449 529 3553 584 iste
3587 527 3836 596 fugitivus

2249 617 2500 672 advenit?
2527 617 2660 672 Nam
2690 627 2745 673 et
2790 628 3030 675 nostram
3075 620 3352 675 civitatem
3381 618 3690 690 opprimere
3714 621 3837 677 niti-

2249 716 2361 773 tur,
2395 717 2454 763 ut
2477 709 2708 780 patriam
2737 726 2890 767 suam
2913 712 3215 782 oppressit?
3233 711 3262 751 ι)
3283 711 3362 766 Ita
3384 712 3739 782 aporiaberis,
3768 713 3837 769 ita

2246 801 2678 870 conturbaberis,
2710 809 2772 858 ut
2799 801 3188 860 libertati‘tuaz
3217 814 3464 862 metuens
3492 806 3736 861 verearis
3771 821 3839 862 ne

2246 892 2564 961 ingenuitati
2612 904 2718 951 tua:
2767 896 2838 952 ibi
2881 914 2991 952 non
3039 897 3281 954 invenias
3332 906 3680 954 assertorem.
3714 897 3837 954 Mihi

2245 986 2435 1052 crede;
2461 987 2514 1041 in
2544 987 2718 1042 aliena
2739 989 2912 1058 patria
2953 997 3099 1044 tanta
3131 991 3407 1046 auditurus
3436 991 3522 1053 esi,
3555 999 3758 1060 quanta
3785 989 3836 1044 in

2245 1086 2335 1134 tua
2360 1078 2534 1148 patria
2565 1079 2683 1135 aliis
2710 1095 2854 1150 stupe
2875 1079 3074 1135 dixisti.
3105 1080 3238 1136 Illud
3259 1089 3438 1137 autem
3477 1081 3611 1137 nolo‘
3637 1081 3832 1148 dicere,

2241 1169 2388 1239 quod
2409 1171 2654 1239 quamvis
2681 1171 2832 1226 dives
2855 1171 2928 1226 sis
2949 1172 3002 1226 in
3030 1173 3203 1242 patria
3232 1181 3352 1239 tua,
3384 1173 3630 1242 quamvis
3657 1174 3827 1244 copiis

2242 1259 2572 1330 perfruaris;
2603 1261 2787 1316 statim
2817 1272 2876 1315 ut
2895 1262 3091 1317 exieris
3116 1262 3182 1317 de
3201 1262 3362 1318 domo
3390 1273 3510 1332 tua,
3547 1264 3836 1331 mendicus,

2244 1360 2300 1407 et
2327 1366 2627 1423 pauper-es.
2642 1352 2781 1408 Dicit
2802 1367 2930 1422 ergo
2956 1353 3099 1410 Deus
3127 1355 3195 1408 ad
3226 1355 3496 1410 Abraham
3524 1370 3624 1426 per
3653 1355 3837 1410 decem

2237 1444 2414 1515 iustos
2443 1447 2714 1514 civitatem
2732 1462 2891 1518 posse
2918 1449 3134 1503 salvari.
3171 1447 3310 1504 Male
3339 1449 3498 1517 igitur
3526 1449 3594 1504 de
3623 1456 3680 1504 te
3711 1464 3839 1504 sen-

2243 1540 2332 1605 tis,
2363 1539 2561 1609 p0pule
2585 1539 2910 1606 Christiane,
2939 1541 2984 1596 si
3034 1541 3088 1595 in
3135 1550 3287 1596 tanto
3335 1550 3480 1598 cmtu
3533 1550 3725 1597 nostro
3776 1541 3841 1596 ad

2243 1631 2553 1687 salvandam
2600 1632 2756 1703 307
2806 1631 3077 1688 civitatem
3129 1632 3315 1688 decem
3355 1632 3534 1702 iustos
3561 1648 3683 1689 esse
3733 1647 3840 1686 non

2245 1723 2439 1779 credis.
2466 1722 2603 1777 Dum
2641 1723 2783 1777 enim
2812 1724 3019 1780 deseris
3045 1724 3295 1794 patriam,
3328 1722 3602 1794 profiteris
3647 1739 3761 1778 non
3789 1724 3840 1776 in

551 1819 705 1884 civis,
732 1832 828 1872 cur
848 1815 1034 1885 fugere
1057 1815 1334 1886 disponis?
1363 1814 1472 1870 Cur
1516 1815 1748 1886 patriam
1780 1815 2142 1890 derelinquis?
2175 1819 2218 1878 Β
2246 1829 2311 1869 ea
2345 1829 2464 1870 esse
2501 1814 2690 1883 dignos
2718 1830 2948 1886 quorum
2967 1816 3173 1872 meritis
3200 1815 3481 1870 liberetur.
3515 1815 3585 1868 At
3613 1829 3717 1883 ego
3746 1828 3840 1868 ve-

550 1909 935 1980 Captivitatem
965 1906 1196 1964 fortasse
1226 1907 1454 1974 metuis,
1477 1916 1500 1944 ει
1531 1906 1660 1961 dare
1687 1906 1899 1961 veniam
1927 1922 2035 1962 non
2065 1906 2148 1960 in-

548 2001 778 2070 telligis?
805 1999 992 2055 Nescis
1012 1999 1156 2070 quod
1178 2000 1294 2056 hzec
1314 2007 1398 2053 est
1421 1999 1593 2068 prima
1615 1999 1899 2068 captivitas
1917 2000 2146 2070 patriam

549 2107 662 2147 non
692 2091 894 2156 videre,
926 2098 1001 2155 et,
1035 2089 1183 2159 quod
1211 2089 1426 2158 gravius
1453 2097 1536 2144 est
1562 2089 1708 2144 omni
1738 2089 1910 2156 malo,
1938 2089 2149 2146 hostilis

548 2184 999 2257 peregrinationis
1026 2183 1274 2238 exsilium
1302 2183 1609 2238 sustinere?
1629 2181 1802 2251 Solet,
1827 2183 1918 2252 qui
1947 2183 2148 2252 aliquid

548 2276 769 2330 sceleris
795 2274 1088 2340 admiserit,
1112 2272 1418 2342 huiusmodi
1449 2288 1609 2343 paena
1649 2273 1915 2339 damnari,
1947 2282 2005 2328 ut
2031 2275 2146 2344 pel-

548 2366 692 2422 latur
718 2366 914 2436 patria,
941 2364 1254 2434 regionibus
1279 2364 1564 2432 incognitis
1590 2365 1876 2433 relegetur.
1910 2364 2025 2421 Hoc
2052 2366 2145 2434 igi-

549 2470 640 2515 tur
667 2459 861 2513 malum
887 2458 1106 2529 propria
1138 2458 1234 2512 tibi
1269 2457 1522 2529 provides
1550 2459 1846 2526 voluntate,
1885 2459 2027 2530 quod
2055 2475 2144 2516 so-

549 2550 625 2608 let
645 2551 894 2621 supplicii
923 2566 1086 2607 causa
1115 2551 1400 2606 damnatus
1428 2553 1697 2622 excipere.
1727 2552 1837 2608 Sed
1879 2569 2147 2624 ponamus

552 2655 608 2701 te
659 2645 786 2701 forti
813 2660 935 2705 sse
976 2645 1176 2709 animo,
1226 2652 1282 2700 et
1305 2645 1678 2715 aequanimiter
1725 2647 1958 2702 tolerare
1987 2663 2148 2718 posse

554 2739 1001 2811 peregrinationis
1027 2736 1303 2808 iniuriam;
1335 2738 1423 2795 dic
1450 2740 1614 2807 mihi,
1647 2755 1753 2812 qua
1782 2742 1924 2798 inter
1967 2751 2143 2798 extra-

2246 1922 2374 1962 reor
2395 1921 2482 1973 ne,
2514 1906 2766 1962 omnibus
2812 1906 2868 1960 in
2895 1921 2961 1961 ea
2984 1905 3142 1976 iustis
3169 1905 3374 1961 relictis
3397 1949 3411 1974 ,
3464 1915 3521 1960 tu
3549 1905 3718 1972 solus,
3752 1904 3842 1972 qui

2248 1998 2474 2064 deseris,
2499 1997 2792 2052 inveniaris
2832 1996 3081 2066 iniustus.
3127 1995 3236 2052 Sed
3261 1996 3389 2052 nolo
3418 1995 3485 2050 de
3511 1995 3702 2050 decem
3727 1993 3844 2062 jus-

2248 2100 2424 2146 torum
2445 2106 2671 2146 numero
2701 2098 2754 2145 te
2783 2090 3084 2160 perturbes.
3125 2088 3376 2159 Legimus
3406 2095 3586 2142 autem
3615 2085 3765 2157 quod
3779 2084 3844 2138 de

2251 2182 2651 2240 Sodomitarum
2698 2180 2912 2237 excidio
2952 2181 3115 2252 308
3151 2180 3358 2236 meritis
3378 2179 3488 2234 suis
3515 2177 3656 2232 Loth
3695 2176 3845 2232 solus

2252 2277 2557 2333 liberaverit
2579 2275 2855 2330 civitatem
2888 2292 2900 2327 :
2943 2273 3088 2344 quod
3113 2273 3234 2343 plus
3255 2273 3486 2327 valuerit
3529 2270 3597 2324 ad
3623 2269 3845 2325 salvan-

2245 2375 2370 2430 dum
2401 2372 2559 2426 unius
2574 2369 2765 2438 gratia,
2796 2382 2958 2438 quam
2986 2365 3054 2421 ad
3087 2365 3436 2421 evertendum
3457 2371 3684 2434 peccata
3713 2360 3848 2414 mul-

2246 2476 2443 2522 torum.
2475 2461 2704 2517 Exeunti
2727 2459 2888 2514 enim
2911 2458 2987 2512 illi
3026 2458 3092 2512 de
3131 2456 3383 2513 Sodomis
3428 2453 3649 2525 hospitii
3678 2467 3848 2507 causa

2246 2559 2419 2626 Segor
2445 2570 2610 2626 parva
2635 2552 2974 2609 conceditur.
3008 2550 3163 2617 Quod
3190 2550 3235 2604 si
3257 2549 3406 2618 justo
3435 2547 3633 2617 hospiti
3667 2545 3847 2600 dona-

2250 2659 2339 2706 tur
2393 2648 2604 2714 civitas,
2639 2651 2848 2714 quanto
2897 2643 3070 2711 magis
3109 2641 3256 2713 iusto
3307 2640 3482 2712 patria
3528 2635 3849 2694 conoeditur

2248 2739 2582 2814 possessori?
2617 2735 2867 2808 Explicit.

1907 2835 2258 2900 HOMILIA
2301 2832 2496 2897 XCII.

1300 2934 1379 2990 De
1401 2935 1634 2992 barbaris
1663 2953 1765 2992 non
1797 2896 2412 3014 timendisei—WDeum
2439 2938 2602 3004 timet,
2626 2896 2676 2989 ei
2700 2932 2762 2988 de
2785 2932 2845 2988 S.
2879 2930 3073 2987 Eliswo
3106 2930 3159 2988 1.

1985 3028 2377 3087 ADMONITIO.

628 3117 985 3193 Mabillonius,
1009 3119 1103 3193 qui
1147 3117 1292 3172 hanc
1317 3125 1376 3193 et
1395 3126 1713 3193 sequentem
1737 3119 2011 3193 homiliam
2052 3123 2256 3192 reperit
2283 3123 2337 3176 in
2367 3119 2568 3193 celebri
2591 3133 2718 3171 mss.
2744 3115 3100 3193 Sangallensi,
3128 3114 3362 3193 priorem
3390 3105 3532 3193 inter
3557 3125 3848 3193 sermones

558 3191 829 3264 Ambrosii
851 3183 1262 3264 iam'vulgatain
1301 3183 1490 3264 digiti
1519 3190 1746 3264 alteram
1787 3193 1840 3246 in
1872 3192 2052 3248 Musca
2096 3183 2282 3249 italico
2332 3200 2467 3246 tom.
2499 3189 2728 3264 I,_par_te
2757 3187 2810 3264 2,
2843 3183 2898 3241 et
2939 3183 3168 3257 primam
3199 3200 3268 3264 ex
3283 3184 3575 3264 duodecim
3604 3183 3852 3264 homiliis

554 3263 615 3319 S.
644 3251 1436 3335 Maximiineditispublicavit:
1456 3251 1732 3335 Admonet
1758 3268 1940 3335 tamen
1962 3265 2014 3319 in
2045 3266 2386 3335 praefatione;
2412 3251 2558 3332 quod
2572 3251 2632 3335 :si
2663 3251 3098 3335 Μοιιὶιῃυβξειηηρ
3137 3256 3326 3335 salutis
3370 3253 3493 3320 420,
3520 3253 3671 3335 iuxta
3695 3251 3852 3335 Geu-

554 3332 872 3415 nadium‘ad
899 3324 1372 3415 superos-evectus
1410 3329 1746 3415 fuisset,non
1786 3324 2265 3415 invenirenturuco
2299 3324 2547 3415 tempore
2572 3329 2788 3415 barbari
2813 3328 3028 3415 Italianm
3056 3324 3853 3415 invadentes,‘cu'mcyamitas

555 3405 648 3460 illa
678 3403 848 3457 multo
875 3395 1050 3458 serius
1077 3402 1338 3470 contigit;
1364 3416 1536 3471 quare
1576 3395 1667 3455 aut
1696 3405 1933 3459 concidit
1959 3405 2226 3461 Gennadii
2275 3395 2645 3460 testiinonium
2674 3398 2741 3454 de
2776 3399 2928 3471 obitu
2957 3397 3431 3471 S.‘Ma;imi,_aut
3446 3397 3578 3471 alius
3605 3395 3852 3471 homilizc

556 3482 748 3530 auctor
775 3482 858 3529 est
886 3465 1254 3542 inquirendus.
1279 3465 1416 3526 Huic
1435 3470 1739 3527 difﬁcultati
1759 3475 2086 3532 satisfecisse
2110 3476 2353 3532 videmur
2381 3475 2434 3528 in
2451 3471 2844 3542 commentario
2865 3470 3000 3542 Vitae
3028 3468 3086 3542 S.
3110 3469 3349 3542 Maximi,
3382 3469 3471 3542 ubi
3501 3483 3595 3538 per
3621 3465 3850 3542 longam

556 3545 902 3600 homiliarum
923 3537 979 3599 ei
999 3558 1313 3600 sermonum
1340 3543 1538 3599 seriem
1566 3542 2054 3602 demonstravimus
2098 3554 2312 3601 tetatem
2358 3545 2414 3599 S.
2448 3542 2705 3598 antistitis
2735 3539 3083 3596 Taurinensis
3117 3537 3258 3596 circa
3285 3537 3630 3595 medietatem
3661 3537 3852 3591 smcuh

556 3616 730 3686 quinti
752 3630 872 3669 esse
899 3614 1290 3682 collocandam,
1322 3622 1381 3668 ut
1407 3628 1528 3736 (suae
1555 3613 1622 3668 de
1645 3630 1710 3668 eo
1738 3617 1902 3673 certis
1931 3617 2268 3673 documentis
2316 3615 2616 3677 traduntur,
2662 3612 2814 3665 firma
2854 3613 3172 3667 consistant.
3199 3609 3402 3664 Eadem
3441 3616 3696 3663 recenset
3729 3607 3853 3689 ipse

559 3685 924 3736 Mabillonius.
955 3693 1189 3736 suntaue
1218 3684 1325 3736 duo
1354 3683 1432 3736 sci
1455 3685 1562 3736 icet
1589 3686 1815 3736 concilia
1836 3727 1850 3736 .
1881 3687 2283 3736 Mediolanense
2312 3693 2474 3736 atoue
2504 3683 2828 3736 Romanum.
2853 3682 3047 3736 auibus
3071 3691 3276 3736 certum
3299 3691 3380 3736 est
3401 3687 3644 3736 sanctum
3673 3677 3853 3732 Maxi-

559 3677 924 3750 h'labillonius,
955 3693 1189 3753 suntque
1211 3677 1325 3755 duo
1354 3677 1562 3739 scilicet
1589 3686 1815 3740 concilia
1836 3727 1850 3751 ,
1881 3687 2283 3743 Mediolanense
2312 3693 2474 3755 atque
2504 3683 2828 3749 Romanum,
2853 3682 3047 3755 quibus
3071 3691 3276 3755 certum
3299 3691 3380 3736 est
3401 3687 3644 3755 sanctum
3673 3677 3853 3755 Maxi-

557 3769 708 3828 mum
735 3749 1061 3828 intgrfdiSse.
1088 3749 1165 3809 Ne
1190 3754 1391 3828 diutius
1419 3769 1548 3823 ergo
1578 3755 1630 3809 in
1654 3749 1935 3826 explorata
1959 3759 2166 3828 epocha
2201 3759 2258 3814 S.
2284 3749 2503 3812 Maiimi
2530 3749 2900 3828 immoremur,
2933 3753 3210 3808 homiliam
3242 3752 3383 3828 hanc
3406 3751 3504 3828 ipsi
3532 3749 3853 3828 conceden-

557 3824 684 3879 dam
712 3824 1048 3895 profltemur,
1075 3824 1422 3895 suadentibus
1462 3819 1570 3880 n'on
1614 3819 1850 3880 tam'aevi
1883 3819 2023 3883 illius
2051 3829 2489 3892 circumstantiis,
2521 3841 2682 3894 quam
2725 3825 2897 3895 tribus
2918 3840 3142 3895 summm
3173 3819 3509 3895 auctoritatis
3534 3819 3846 3895 codicibus,

557 3892 768 3950 scilicet
793 3894 1178 3959 Ambrosiano,
1208 3893 1544 3962 Sangallensi
1574 3896 1760 3951 homil.
1796 3897 1892 3961 75,
1924 3907 1980 3952 et
2023 3898 2078 3953 S.
2126 3899 2314 3955 Crucis
2344 3899 2396 3952 in
2429 3892 2727 3953 Jerusalem
2755 3894 2824 3949 99
2854 3895 3039 3950 homil.
3070 3893 3161 3948 2|.
3218 3893 3417 3948 Eorum
3460 3892 3646 3946 titulus
3678 3907 3854 3960 penes

559 3965 664 4021 hos
685 3967 820 4041 duos
848 3965 1178 4041 posteriores
1223 3965 1779 4041 codicesconfogmis,
1807 3968 1905 4041 sed
1946 3969 2291 4039 imperfectus
2321 3971 2496 4041 (deest
2536 3967 2679 4041 enim
2703 3965 2831 4041 illis)
2864 3967 2942 4020 sic
2972 3965 3204 4041 habetur
3236 3984 3249 4019 :
3281 3962 3624 4041 De_b_arbaris
3653 3978 3764 4015 non
3789 3963 3853 4015 ti-

561 4036 783 4099 mendis,
815 4033 902 4106 qui
928 4035 1088 4088 Deum
1109 4038 1308 4102 timent,
1339 4044 1390 4089 et
1427 4036 1493 4106 de
1529 4038 1589 4090 S.
1623 4035 1839 4093 Ειὶεωο.
1871 4037 1988 4094 Duo
2017 4033 2234 4097 codices
2263 4033 2548 4096 Ambrosio
2591 4033 2868 4091 homiliam
2915 4036 3250 4092 ascribcntcs
3286 4034 3446 4090 nobis
3472 4033 3852 4106 adversantur,

561 4120 794 4174 quorum
823 4102 961 4161 unus
989 4113 1071 4161 est
1098 4105 1388 4161 Vaticanus
1437 4105 1572 4159 1277
1601 4122 1720 4176 pag.
1755 4108 1849 4174 60,
1895 4111 2033 4165 alter
2053 4109 2448 4167 Laurentianus
2477 4128 2511 4165 x
2542 4107 2684 4162 Plut.
2713 4123 2802 4161 xw
2828 4121 2950 4176 pag.
2982 4106 3116 4173 3M;
3149 4116 3204 4162 at
3233 4114 3605 4176 argumentum
3637 4102 3715 4176 dc
3741 4119 3852 4176 quo

561 4173 674 4252 agit
711 4176 931 4252 homilia
958 4190 1073 4252 ξιξνο
1093 4175 1367 4252 Ambrosii
1407 4173 1819 4252 nonponveuit,
1837 4173 1976 4234 cum
2005 4181 2105 4236 sub
2135 4181 2556 4252 imperatoribus
2585 4173 3159 4252 Theodosio'Seniore
3192 4185 3248 4233 et
3275 4173 3665 4252 Valentiniano
3696 4173 3854 4228 Italia

559 4245 618 4324 in
647 4261 779 4324 pace
816 4247 1051 4324 quievit;
1075 4245 1267 4324 deinde
1295 4247 1460 4324 dictio
1499 4245 1824 4324 Maximiest
1846 4253 2098 4324 propria;
2132 4245 2301 4324 atque,
2323 4251 2468 4324 apud
2493 4263 2689 4324 omnes
2718 4248 2935 4324 criticos
2965 4255 3323 4324 vetustate__et
3352 4247 3722 4324 aestimatione
3744 4260 3845 4299 co-

561 4315 709 4390 dices
737 4315 1123 4390 Ambrosianus
1151 4315 1594 4390 et__San_gallﬁensis
1621 4315 1878 4388 maiorem
1924 4315 2094 4377 fidem
2126 4315 2229 4377 sibi
2256 4315 2549 4377 vindicant.
2586 4318 2694 4373 Nos
2724 4319 2936 4374 titulum
2960 4320 3116 4390 iuxta
3147 4319 3388 4374 codicem
3420 4316 3850 4390 Ambrosianum

559 4385 977 4463 designavimus.
1001 4386 1314 4463 Callandius
1336 4387 1621 4445 lectionem
1652 4385 1963 4462 Mabillonii,
1988 4393 2101 4448 sive
2128 4393 2331 4449 codicis
2358 4389 2724 4463 Sangallensis
2753 4385 2976 4447 secutus
2990 4395 3102 4458 est;
3116 4405 3278 4462 quam
3299 4387 3569 4458 nosiuxta
3591 4387 3857 4442 meliores

560 4457 775 4514 codices
803 4458 1188 4530 supplevimus.

559 4545 954 4605 Ancuusuruu.
976 4579 1049 4628 -—_-
1077 4547 1345 4628 Populum.
1362 4565 1511 4628 suum
1540 4551 1848 4628 adhortatur
1878 4555 1939 4628 S.
1960 4555 2156 4628 episco-
2181 4562 2227 4626 ο
2257 4554 2622 4628 protegendos
2646 4555 2875 4612 famulos
2901 4570 3027 4611 suos
3047 4553 3307 4621 Christus,
3335 4568 3493 4623 quam
3516 4551 3767 4608 diabolus
3787 4549 3856 4607 ad

629 4635 724 4686 pus
755 4628 809 4672 ut
855 4636 919 4674 ne
947 4619 1282 4674 adventantes
1327 4619 1573 4678 barbaros
1619 4625 1811 4689 timeat,
1853 4627 1897 4679 si
1934 4619 2141 4680 dimicet

629 4690 888 4767 oratione,
909 4690 1263 4767 misericordia
1295 4697 1446 4762 atque
1463 4692 1687 4767 jejunio,
1714 4711 1829 4767 quia
1847 4704 1968 4750 sunt
1997 4713 2144 4750 arma

630 4758 1064 4836 Christianorum.
1091 4759 1260 4836 Alfert
1295 4758 1584 4836 exemplum
1616 4758 1814 4836 sum,
1845 4767 1951 4836 qui,
1977 4784 2009 4819 a
2030 4785 2147 4836 rege

630 4829 803 4912 Syria:
821 4832 1075 4912 appetitus
1096 4831 1165 4912 ad
1192 4841 1428 4912 mortem,
1444 4829 1525 4887 'de
1545 4835 1717 4890 divino
1740 4829 1910 4892 certus
1939 4829 2147 4892 auxilio

629 4901 743 4969 ejus
764 4901 984 4954 insidias
1010 4916 1115 4956 non
1138 4902 1454 4974 formidavit.

627 5012 786 5084 Saepe
815 5023 837 5053 ε
861 5013 1062 5070 dixisse
1084 5029 1170 5070 me
1196 5016 1415 5070 memini
1443 5017 1588 5087 quod
1621 5018 1720 5074 hos
1747 5019 2008 5075 tumultus
2029 5019 2146 5075 bel-

557 5105 691 5163 licos
719 5107 912 5165 timere
939 5107 1160 5162 minime
1183 5107 1473 5164 debeamus
1512 5125 1612 5165 nec
1639 5111 1932 5181 quamlibet
1957 5112 2146 5182 copio-

558 5213 673 5253 sam
703 5199 937 5256 hostium
964 5200 1363 5257 multitudinem
1385 5200 1704 5269 formidare;
1727 5205 1983 5273 quoniam
2011 5205 2152 5260 sicut

557 5289 634 5344 ait
656 5286 684 5327 ά
715 5289 994 5361 Dominus,
1025 5290 1206 5364 Major
1233 5301 1328 5360 est,
1360 5294 1445 5365 qui
1484 5294 1540 5346 in
1569 5294 1715 5349 nobis
1743 5305 1838 5362 est,
1863 5314 2037 5369 quam,
2066 5298 2152 5370 qui

554 5383 610 5436 in
652 5383 746 5438 hoc
773 5385 962 5440 mundo
995 5384 1062 5457 (Ι
1088 5385 1246 5441 Joan.
1280 5383 1377 5458 Iv).
1421 5383 1537 5440 Hoc
1576 5393 1660 5442 est
1686 5389 1959 5457 potentior
1977 5399 2060 5446 est
2088 5390 2156 5446 ad

634 5509 658 5535 λ
698 5499 831 5554 Cod.
854 5501 914 5556 S.
947 5499 1133 5556 Crucis
1163 5501 1216 5555 in
1254 5499 1362 5555 Jer.
1381 5499 1712 5556 Emendatur
1741 5503 1906 5559 editio
1931 5505 2151 5561 Callan-

555 5568 652 5653 dii,
687 5571 772 5653 ubi
795 5571 1031 5653 habetur
1057 5571 1126 5624 da
1156 5572 1362 5653 veniant
1378 5587 1482 5653 non
1509 5573 1778 5653 intelligis.

632 5642 658 5679 δ
697 5638 831 5695 Cod.
866 5640 931 5694 10
961 5641 1244 5707 Laurent.,
1273 5641 1365 5712 qui
1397 5641 1450 5696 iu
1480 5638 1698 5702 cmteris'
1717 5649 2032 5718 concordat,
2064 5648 2150 5704 Ita

558 5720 728 5782 autem
751 5711 1114 5782 aporiaberis,

637 5793 659 5822 ο
699 5780 928 5840 ιιιιέοὰ.
975 5781 1034 5840 S.
1088 5781 1276 5842 Crucis
1304 5784 1359 5842 in
1396 5783 1532 5857 εἰει..
1563 5787 1692 5847 edit.
1724 5789 1896 5849 Paris.
1929 5791 1984 5848 S.
2019 5791 2149 5851 Am-

2245 4649 2576 4719 instigandos
2603 4648 2866 4704 inimicos.
2904 4658 2927 4687 °
2950 4646 3204 4715 Quamvis
3231 4647 3375 4702 enim
3402 4645 3546 4701 idem
3581 4643 3842 4700 diabolus

2248 4747 2467 4815 colligat
2495 4747 2598 4803 sibi
2652 4747 2857 4815 turbas,
2889 4755 2945 4804 et
2999 4746 3230 4804 crudelis
3257 4761 3350 4804 eas
3400 4753 3574 4802 armet
3614 4746 3856 4810 insania,

2257 4847 2436 4894 tamen
2483 4839 2639 4895 facile
2666 4839 3035 4907 destruuntur,
3067 4840 3192 4911 quia
3238 4839 3554 4896 melioribus
3588 4837 3858 4910 populum

2256 4945 2411 4986 suum
2428 4929 2677 4987 Salvator
2693 4931 2990 4987 circumdat
3009 4932 3252 4999 auxiliis;
3283 4933 3360 4988 ait
3386 4932 3527 4988 enim
3545 4931 3817 5002 propheta
3839 4945 3854 4981 :

2258 5023 2511 5079 Immittet
2537 5027 2753 5096 angelus
2780 5025 2997 5082 Domini
3026 5029 3081 5083 in
3111 5029 3327 5083 circuitu
3350 5029 3635 5083 timentium
3656 5045 3775 5082 eum
3806 5036 3859 5080 et

2253 5118 2433 5188 eripiet
2475 5134 2563 5172 eos
2594 5116 2778 5189 (Psal.
2833 5119 3051 5191 xum).
3086 5118 3241 5187 Quod
3269 5121 3315 5176 si
3364 5120 3589 5190 angelus
3631 5114 3862 5175 Domini

2255 5207 2506 5264 timentes
2553 5224 2675 5264 eum
2705 5210 2775 5266 de
2820 5211 3071 5282 periculis
3099 5212 3280 5284 eripit,
3312 5227 3420 5268 non
3448 5220 3630 5284 potest
3660 5212 3864 5266 timere

2257 5300 2582 5367 barbarum,
2622 5302 2715 5372 qui
2749 5302 2991 5359 timuerit
3017 5303 3374 5373 Salvatorem,
3404 5319 3503 5360 nec
3521 5311 3703 5374 potest
3730 5318 3863 5357 me-

2262 5400 2414 5448 tuere
2434 5393 2605 5449 hostis
2626 5393 2877 5466 impetus,
2904 5395 2997 5466 qui
3023 5392 3223 5451 Christi
3240 5404 3510 5467 pneeepta
3529 5397 3863 5471 servaverit.

2259 5509 2404 5586 liros.
2440 5510 2578 5565 £569
2597 5512 2763 5586 habet
2796 5531 2808 5567 :
2843 5513 2996 5585 Saepe
3017 5531 3098 5569 me
3121 5515 3320 5570 dixisse
3338 5516 3570 5581 mmini,
3603 5515 3743 5586 quod
3766 5517 3867 5570 lio-

2258 5581 2413 5635 stium
2444 5583 2711 5639 tumultus.

2327 5649 2353 5687 ί¹
2394 5651 2540 5729 ﬁdit.
2568 5652 2872 5729 G_a_lland_ii_,
2889 5657 3022 5729 sicut
3037 5658 3116 5729 ait
3129 5657 3438 5729 Apostolus.

2256 5723 2561 5865 “agtCodd.
2610 5725 2735 5782 Vat.
2782 5726 2918 5783 1277
2943 5735 2997 5784 et
3026 5728 3094 5785 99
3117 5723 3391 5788 S.'Crucis
3429 5731 3485 5786 in
3509 5727 3616 5786 Jer.
3659 5729 3736 5787 ita
3772 5728 3870 5789 le-
