4056 6346
325 221 431 278 465

1669 219 1953 305 neum
1990 225 2192 284 xcm.

3517 243 3624 299 466

323 337 599 411 Ρτωρθριθ
621 337 765 395 enim
786 336 983 395 Christi
1008 353 1159 394 arma
1173 345 1296 394 sunt
1315 309 1667 430 Christianis;
1698 346 1755 395 et
1780 340 1915 396 divi-
1945 347 1991 404 Α
2022 346 2212 402 adesse
2239 347 2444 405 diceret
2471 349 2805 418 defensores,
2838 353 2983 412 neet
3013 362 3192 413 metus
3214 357 3282 413 ab
3310 358 3403 415 illo
3435 325 3623 430 posset

323 450 428 491 nus
459 435 620 489 timor
659 440 920 489 terrorem
950 448 982 487 a
1022 432 1180 488 nobis
1206 415 1728 504 expellit'hostilem.
1759 433 1924 489 Arma

319 535 505 582 autem
527 526 642 580 haec
669 533 854 580 nostra
884 532 1010 580 sunt
1037 524 1232 594 quibus
1249 540 1347 580 nos
1375 524 1622 579 Salvator
1649 525 1921 587 instruxit,

321 617 522 683 oratio,
553 615 942 682 misericordia,
975 627 1136 686 atque
1161 615 1458 685 jejunium:
1487 615 1752 685 jejunium
1779 615 1925 670 enim

320 710 519 766 melius
543 725 705 779 quam
750 723 936 763 murus
977 716 1188 773 tuetur;
1219 707 1587 763 misericordia
1617 705 1824 762 facilius
1859 706 1926 761 li-

319 804 481 860 berat
529 816 692 872 quam
743 801 966 871 rapina;
1017 800 1193 856 oratio
1239 800 1450 868 longius
1479 799 1725 853 vulnerat
1763 813 1926 868 quam

320 897 541 964 sagitta.
574 893 781 963 Sagitta
829 893 973 948 enim
1023 892 1238 949 nonnisi
1286 891 1532 962 proxime
1574 899 1923 962 conspectum

320 989 560 1062 percutit
603 988 1004 1060 adversarium;
1045 989 1222 1044 oratio
1272 997 1454 1042 autem
1500 987 1664 1042 etiam
1712 987 1925 1054 longius

320 1084 563 1155 positum
591 1083 840 1138 vulnerat
889 1082 1183 1139 inimicum.
1230 1080 1319 1136 Sic
1348 1096 1582 1150 namque
1611 1079 1668 1134 S.
1701 1079 1924 1135 Elisaaus

321 1177 607 1248 prOpheta,
644 1192 766 1231 cum
787 1175 950 1230 vellet
970 1189 1092 1230 eum
1114 1189 1210 1228 rex
1231 1173 1400 1244 Syria:
1421 1174 1697 1243 captivare
1727 1188 1790 1228 ac
1815 1188 1925 1227 sum

318 1268 556 1324 subdere
581 1267 803 1333 ditioni,
825 1267 1115 1335 multisque
1147 1281 1270 1321 eum
1300 1273 1630 1320 armatorum
1659 1265 1917 1320 cinxisset

319 1359 646 1430 agminibus,
680 1375 790 1415 non
821 1367 905 1415 est
951 1359 1191 1424 territus,
1225 1375 1334 1413 non
1385 1358 1678 1429 turbatus;
1705 1359 1802 1413 sed
1849 1358 1925 1412 ait

321 1455 597 1512 nuntianti
626 1470 796 1526 puero
831 1473 842 1507 :
877 1452 1006 1508 Noli
1035 1456 1212 1509 timere
1243 1470 1261 1508 :
1289 1454 1464 1524 plures
1483 1455 1620 1508 enim
1658 1454 1924 1508 uobiscum

321 1559 444 1606 sunt
472 1565 626 1622 quam
655 1565 769 1603 cum
793 1547 898 1602 illis
928 1545 1036 1616 (IV
1071 1547 1202 1618 Reg.
1226 1563 1298 1613 Vl,
1333 1546 1446 1617 16).
1474 1555 1500 1584 λ
1525 1545 1570 1599 0
1593 1545 1726 1610 fides
1752 1547 1923 1601 sancti

320 1641 637 1716 prophetae!
671 1641 790 1696 Non
834 1640 988 1696 timet
1014 1639 1374 1704 adversarios,
1405 1653 1544 1708 quos
1586 1637 1613 1677 ιι
1643 1639 1916 1709 perspicit,

2029 440 2258 509 auferri;
2297 450 2425 500 tunc
2455 446 2633 500 oravit
2661 447 2729 502 ad
2770 448 3080 516 Dominum,
3111 450 3296 507 dicens
3329 471 3342 505 :
3375 452 3619 521 Domino,

2028 535 2174 604 aperi
2194 536 2367 591 oculos
2389 538 2498 608 ejus
2530 549 2584 591 ut
2611 541 2797 594 videat.
2831 540 2901 596 Et
2921 544 3091 614 aperti
3111 555 3230 599 sunt
3251 547 3386 602 oculi
3408 549 3540 618 ejus,
3571 556 3624 604 et

2027 627 2168 693 vidit,
2195 637 2245 680 et
2273 645 2388 682 ecce
2409 647 2557 684 mons
2589 640 2721 686 totus
2744 633 2930 704 plenus
2955 645 2980 683 8
3011 639 3238 709 equitatu
3259 638 3367 710 (IV
3391 639 3518 713 Reg.
3546 659 3619 707 vl,

2029 719 2141 790 17),
2173 730 2229 775 et
2255 722 2482 791 reliqua.
2506 721 2692 779 Oratio
2721 739 2850 793 ergo
2882 725 3167 799 Propheta:
3195 733 3406 801 aperuit
3435 735 3623 790 oculos

2027 814 2201 883 pueri.
2227 813 2342 870 Non
2374 817 2566 870 mirum
2595 817 2640 871 si
2669 820 2844 874 oratio
2873 823 3081 892 aperuit
3103 825 3308 893 oculos,
3329 833 3388 881 ut
3415 827 3624 883 videret

2026 905 2345 973 exercitum,
2375 922 2495 976 qua:
2523 909 2737 979 aperuit
2763 910 2980 978 co-lum,
3010 922 3070 968 ut
3097 916 3304 972 veniret
3327 920 3617 974 exercitus.

2027 995 2142 1051 Non
2173 998 2386 1064 mirum,
2432 999 2669 1071 inquam,
2702 1003 2747 1058 si
2776 1019 2944 1060 novos
2975 1003 3004 1043 ξι
3028 1009 3259 1065 senserit
3287 1011 3449 1082 310
3487 1027 3612 1067 ocu-

2027 1087 2128 1152 los,
2153 1090 2244 1158 qui
2275 1107 2413 1146 nova
2446 1103 2788 1163 promeretur
2807 1097 3025 1152 auxilia.
3067 1099 3082 1136 ί
3118 1101 3224 1156 Aut
3250 1117 3348 1157 cur
3375 1119 3482 1159 non
3505 1104 3623 1160 acie

2026 1181 2292 1249 producat
2345 1184 2620 1249 obtutum,
2651 1187 2743 1255 qui
2783 1187 2928 1243 acies
2975 1189 3226 1246 instruxit
3271 1195 3621 1264 angelorum?

2027 1272 2152 1340 Cur,
2187 1275 2426 1344 inquam,
2460 1294 2567 1333 non
2590 1280 2838 1337 oratione
2865 1297 2964 1337 sua
2994 1282 3007 1333 i
3055 1285 3417 1342 habitudinem
3443 1289 3622 1360 pupil-

2027 1365 2197 1422 larqu
2227 1367 2524 1437 detegeret,
2549 1372 2641 1440 qui
2669 1375 2876 1429 meritis
2896 1375 3180 1444 caliginem
3213 1379 3428 1434 nubium
3451 1397 3620 1450 pene-

2026 1462 2225 1516 travit?
2247 1459 2561 1519 NecesSario
2581 1478 2710 1533 ergo
2725 1464 2782 1520 8.
2809 1465 3032 1523 Ειίεωυε
3060 1467 3167 1523 hoc
3193 1467 3337 1525 factu
3366 1471 3618 1528 ministro

2026 1554 2378 1612 formiduloso
2408 1558 2659 1628 prmstitit
2686 1560 3030 1616 securitatem
3048 1602 3063 1627 ,
3096 1561 3182 1617 cui
3206 1561 3319 1631 jam
3348 1562 3622 1620 refuderat

2026 1649 2346 1715 claritatem,
2398 1657 2454 1704 et
2501 1651 2735 1707 removit
2781 1653 2848 1707 ab
2895 1669 2961 1708 eo
3009 1653 3351 1710 formidinem
3397 1655 3618 1722 cordis,

320 1738 490 1809 309
514 1733 773 1806 quoniam
794 1733 896 1789 scit
915 1733 1139 1802 angelos
1166 1747 1346 1788 secum
1369 1746 1510 1795 esse,
1540 1746 1680 1802 quos
1705 1731 1910 1795 credit;

2026 1758 2051 1795 a
2108 1758 2217 1812 quo
2277 1751 2584 1798 removerat
2632 1744 2853 1800 visionis
2901 1747 3232 1813 cmcitatem;
3288 1746 3625 1816 geminoqud

321 1848 436 1889 non
467 1829 660 1886 metuit
709 1837 954 1884 terrenas
1000 1826 1254 1890 insidias,
1286 1826 1410 1896 quia
1458 1825 1700 1882 cmlestia
1730 1824 1921 1880 adesse

317 1924 429 1981 sibi
458 1922 611 1978 novit
637 1920 854 1975 auxilia.
887 1918 1076 1993 Plures
1103 1920 1241 1973 enim
1282 1919 1549 1973 nobiscum
1600 1924 1739 1981 sunt,
1768 1932 1924 1988 quam

317 2033 438 2070 cum
463 2014 589 2069 illis.
621 2013 752 2068 Mira
781 2012 900 2066 res!
928 2011 1114 2068 Plures
1143 2011 1210 2067 de
1239 2011 1377 2067 caelo
1399 2011 1714 2068 defensores
1741 2025 1921 2066 mere-

229 2093 232 2096 ’
327 2119 420 2164 tur
445 2107 735 2171 sanctitas,
767 2120 930 2174 quam
960 2104 1015 2158 in
1054 2104 1215 2158 terris
1255 2112 1656 2174 oppugnatores
1702 2102 1925 2159 adduxit

319 2199 658 2272 improbitas.
710 2196 896 2252 Plures
945 2195 1211 2251 nobiscum
1253 2205 1401 2261 sunt,
1447 2213 1600 2268 quam
1637 2211 1757 2250 cum
1795 2195 1919 2250 illis.

323 2304 352 2334 α
372 2291 562 2348 Videte
586 2289 934 2346 beatitudinis
953 2289 1225 2344 meritum.
1245 2286 1518 2358 Propheta
1534 2289 1746 2344 nuntiat
1759 2289 1924 2344 etiam

317 2386 390 2442 de
410 2382 772 2448 multitudine,
790 2397 914 2436 cum
943 2396 1079 2452 puer
1093 2379 1269 2435 adhuc
1287 2379 1526 2435 incertus
1539 2379 1611 2435 sit
1631 2379 1699 2435 de
1727 2379 1920 2434 salute.

317 2476 610 2549 Spiritales
637 2474 780 2530 oculi
808 2472 1116 2528 carnalibus
1143 2478 1348 2540 quanto
1385 2471 1508 2542 plus
1534 2472 1794 2528 cernunt!
1827 2471 1928 2526 Hic

316 2569 582 2642 perspicit
608 2573 938 2622 armatorum
992 2580 1297 2630 numerum,
1331 2572 1386 2619 et
1435 2563 1526 2619 ille
1575 2579 1686 2619 non
1742 2565 1918 2620 cernit

318 2660 656 2719 defensionis
685 2658 960 2714 indicium.
985 2657 1198 2724 Quanta
1227 2665 1312 2712 est
1329 2655 1509 2712 divina
1532 2656 1919 2714 misericordia!

322 2753 579 2810 Defertur
607 2751 915 2808 hominibus
937 2749 1261 2805 beneficium
1283 2790 1298 2815 ,
1330 2765 1432 2806 nec
1480 2748 1691 2804 videtur
1721 2767 1734 2801 :
1767 2748 1924 2803 auxi-

320 2849 457 2904 lium
507 2846 877 2918 periclitantes
922 2850 1363 2914 consequuntur,
1394 2850 1452 2897 et
1498 2842 1765 2897 nesciunt.
1800 2839 1926 2898 Haec

319 2940 467 2996 enim
495 2945 579 2995 est
598 2938 772 3009 pietas
809 2935 1126 2999 Salvatoris,
1152 2943 1214 2990 ut
1241 2935 1566 2990 interveniat
1598 2934 1779 3001 saluti,
1804 2931 1830 2971 ἀ
1861 2949 1926 2990 ac

321 3048 388 3088 se
435 3047 546 3087 non
577 3029 772 3101 prodat
799 3037 1052 3100 aspectu,
1081 3027 1348 3084 sentiatur
1394 3025 1700 3093 beneficiis,
1733 3034 1788 3082 et
1816 3042 1925 3082 non

2026 1849 2152 1888 eum
2191 1849 2546 1890 remunerans
2594 1834 2895 1902 beneficio,
2946 1837 3177 1892 absolvit
3215 1838 3332 1908 ejus
3380 1847 3621 1904 metum.

2025 1932 2084 1979 et
2135 1924 2366 1980 absolvit
2425 1926 2691 1981 obtutum.
2742 1927 2918 1983 Minus
2970 1929 3161 1984 timere
3218 1930 3420 2000 carpit,
3471 1928 3644 2000 post-'

2025 2031 2187 2085 quam
2215 2016 2334 2084 plus
2362 2017 2546 2072 videre
2586 2020 2918 2088 promeruit;
2950 2037 3076 2075 nam
3103 2029 3159 2076 et
3201 2037 3390 2092 pacem
3420 2023 3625 2092 pariter

2026 2107 2348 2178 promeruit,
2376 2105 2402 2144 ¹ι
2431 2115 2489 2162 et
2517 2109 2708 2163 visum.
2741 2109 2800 2164 In
2835 2112 3106 2166 montibus
3149 2125 3280 2180 ergo
3327 2119 3625 2168 cernuntur

2028 2199 2244 2253 armati.
2275 2198 2514 2269 Apparet
2553 2215 2648 2255 eos
2677 2217 2804 2256 vere
2826 2201 3172 2258 descendisse
3195 2203 3263 2259 de
3289 2203 3448 2268 cmlo,
3479 2217 3620 2274 quo-

2029 2306 2146 2345 rum
2175 2287 2452 2346 adventus
2484 2290 2717 2360 primum
2765 2291 2820 2345 in
2865 2293 3140 2348 montibus
3167 2309 3288 2349 esse
3328 2294 3618 2363 reperitur.

2027 2383 2146 2453 Ipsa
2174 2383 2320 2438 enim
2350 2383 2592 2439 locorum
2615 2384 2932 2453 proximitas
2960 2386 3063 2441 hoc
3089 2385 3446 2451 demonstrat,
3476 2385 3624 2454 quod

2026 2474 2420 2530 descendentes
2440 2474 2509 2530 de
2532 2475 2669 2531 cmlo
2695 2476 2908 2531 nonnisi
2925 2477 3052 2546 juga
3077 2477 3295 2532 collium
3316 2477 3418 2532 sibi
3446 2477 3625 2533 vicina

2027 2567 2372 2624 calcaverint.
2407 2567 2556 2623 Tunc
2607 2569 2772 2638 igitur
2815 2569 2994 2624 oravit
3020 2569 3268 2635 Elismus,
3302 2578 3358 2624 et
3403 2585 3625 2625 omnem

2029 2661 2280 2719 hostilem
2303 2662 2600 2718 exercitum
2624 2664 2865 2718 caecitate
2891 2664 3173 2733 percussit.
3207 2663 3323 2736 Ngo
3353 2664 3546 2717 mirum
3575 2661 3624 2716 si
3673 2709 3681 2716 .

2028 2754 2348 2809 adversariis
2375 2756 2669 2811 caecitatem
2700 2755 2898 2821 intulit,
2931 2756 3022 2825 qui
3051 2755 3252 2811 famulo
3291 2755 3512 2824 largitus
3539 2762 3626 2809 est

2027 2846 2360 2914 claritatem;
2387 2856 2442 2903 et
2470 2847 2514 2901 si
2543 2847 2789 2902 hostibus
2821 2846 2841 2884 ι
2875 2848 3110 2902 auferret
3132 2847 3320 2912 visum,
3351 2847 3443 2916 qui
3465 2846 3625 2901 mini-

2027 2949 2142 2996 stro
2195 2940 2444 3010 prmstitit
2480 2925 2778 3010 aspectum.
2815 2939 2918 2995 Ubi
2963 2947 3089 2994 sunt
3127 2940 3219 3010 qui
3275 2939 3460 2995 dicunt
3502 2939 3626 3009 plus

2027 3047 2189 3102 quam
2221 3047 2409 3102 preces
2437 3039 2745 3086 sanctorum
2765 3030 3045 3084 hominum
3076 3025 3226 3084 arma
3258 3030 3454 3100 posse?
3481 3026 3626 3083 Ecce

317 3135 590 3184 cernatur.
605 3124 902 3181 obtutibus.
936 3121 1090 3178 Unde
1117 3131 1263 3178 errat
1291 3121 1383 3191 qui
1416 3129 1599 3194 putat,
1638 3137 1762 3178 cum
1791 3136 1919 3192 pro-
1949 3144 1996 3207 ρ
2028 3141 2134 3182 una
2177 3125 2353 3180 oratio
2401 3123 2578 3178 Elis:ei
2619 3132 2791 3179 totum
2849 3123 3148 3179 exercitum
3200 3121 3533 3186 vulneravit,
3567 3129 3626 3176 et

318 3234 481 3290 spere
493 3216 692 3287 aliquid
707 3216 951 3286 gesserit,
971 3215 1188 3286 propria
1209 3230 1268 3270 se
1290 3212 1602 3270 fortitudine
1614 3229 1916 3285 superasse.

319 3311 473 3368 Scire
495 3310 638 3366 enim
653 3309 815 3365 debet
834 3307 980 3379 quod
1000 3306 1293 3362 adversarii
1325 3307 1532 3362 meritis
1563 3307 1736 3376 magis
1761 3322 1923 3376 quam

319 3403 524 3460 virtute
553 3403 871 3465 vincuntur,
899 3394 1086 3456 etnon
1115 3407 1226 3453 tam
1254 3399 1452 3455 virtute
1472 3415 1636 3469 quam
1662 3401 1922 3455 sanctita-

321 3506 382 3553 te
410 3503 764 3568 superantur;
787 3495 928 3551 sicut
945 3492 1002 3550 S.
1018 3492 1243 3549 Eliszeus
1254 3493 1442 3549 hostes
1471 3509 1601 3550 suos
1619 3510 1728 3551 non
1750 3495 1915 3550 armis

319 3587 764 3661 superabat,.sed
785 3587 1032 3643 oratione
1058 3586 1326 3642 vincebat.
1369 3583 1503 3640 Nam
1531 3601 1655 3642 cum
1687 3597 1712 3626 ο
1739 3585 1915 3642 eidem

319 3681 573 3742 ministro
615 3697 736 3747 suo,
782 3679 853 3735 ad
879 3677 1261 3750 depellendum
1289 3676 1407 3746 ejus
1433 3677 1702 3745 timorem,
1735 3677 1916 3748 plures

2027 3217 2186 3272 unius
2213 3215 2495 3286 prOpheue
2542 3214 2746 3268 meritis
2777 3223 2815 3250 ιη
2845 3214 3087 3269 omnium
3117 3221 3203 3268 est
3245 3213 3480 3267 hostium
3521 3227 3624 3265 nu-

2025 3327 2207 3368 merus
2236 3309 2556 3380 captivatus.
2589 3307 2719 3373 Qua:
2761 3317 2994 3362 caterva:
3019 3321 3228 3374 regum,
3253 3321 3373 3375 qua:
3396 3315 3422 3340 ιι
3450 3303 3624 3358 turbas

2024 3404 2255 3459 militum
2285 3402 2448 3457 talem
2479 3401 2762 3455 victoriam
2797 3408 3204 3470 perpetrarunt,
3249 3407 3308 3454 ut
3337 3399 3410 3453 ita
3436 3398 3623 3452 hostes

2022 3501 2428 3566 prosternerent
2451 3499 2511 3546 ut
2531 3491 2599 3546 de
2620 3491 2751 3561 ipsis
2775 3491 2951 3547 nullus
2971 3491 3356 3546 occumberet?
3379 3488 3505 3544 Haec
3532 3498 3618 3544 est

2022 3602 2149 3641 vera
2181 3595 2227 3650 ο,
2260 3585 2374 3640 lucc
2415 3585 2699 3639 incruenta
2740 3583 2986 3645 victoria,
3019 3582 3110 3637 ubi
3153 3582 3233 3637 sic
3281 3579 3622 3638 adversarius

2024 3677 2274 3742 vincitur,
2306 3683 2364 3730 ut
2401 3675 2468 3730 de
2496 3673 2837 3730 vincentibus
2874 3687 3033 3732 nemo
3074 3672 3319 3730 laedatur.
3362 3671 3612 3744 Explicit.

1649 3787 1997 3852 HOMILIA
2041 3789 2265 3850 XCIII.

1610 3887 1690 3943 De
1717 3889 1896 3944 eodem
1927 3890 1990 3946 S.
2014 3889 2210 3946 Elistco
2242 3887 2269 3942 Ι
2277 3887 2304 3942 1
2312 3928 2325 3942 .

1764 3980 2161 4036 ADMONITIO.

396 4083 556 4162 3.11

587 4073 931 4148 Consulenda
957 4082 1080 4129 sunt
1106 4091 1225 4146 qua:
1264 4074 1498 4148 diximus
1526 4077 1580 4130 in
1626 4075 1995 4148 admonitione
2031 4077 2332 4148 superiore.
2375 4075 2687 4134 Ostendunt'
2716 4078 2862 4133 enim
2903 4077 3046 4148 hanc
3086 4091 3302 4148 quoque
3341 4076 3621 4148 homiliam

319 4147 554 4208 attribui
576 4147 815 4218 Maximo
840 4161 1128 4218 oportere;
1161 4161 1333 4218 eaque
1379 4147 1573 4218 legitur
1601 4148 1655 4201 in
1703 4147 1894 4202 iisdem
1947 4147 2252 4214 codicibus,
2302 4149 2642 4217 Sangallensi
2697 4149 2883 4203 homil.
2920 4147 3011 4214 74,
3045 4147 3426 4211 Ambrosiam,
3468 4156 3525 4218 et
3548 4147 3620 4202 99

317 4223 382 4278 S.
417 4219 621 4288 Crucis
637 4219 692 4273 in
712 4217 1011 4288 Jerusalem
1041 4217 1228 4272 homil.
1261 4218 1350 4272 71.
1378 4217 1612 4273 Duorum
1643 4219 1883 4288 priorum
1913 4219 2102 4274 titulus
2130 4227 2212 4275 est
2239 4237 2250 4273 :
2299 4218 2370 4274 Se

2469 4221 2608 4290 mia,
2643 4219 2804 4288 hujus
2829 4218 3093 4290 postremi
3125 4219 3446 4290 inscriptio;
3482 4217 3622 4290 Item

314 4293 576 4364 sequitur.
609 4287 739 4372 Post
768 4287 1134 4372 Mabillonium
1162 4289 1483 4372 novis'typis
1506 4283 1659 4344 hanc'
1674 4289 1958 4369 exornavit
1986 4289 2264 4345 homiliam
2281 4283 2522 4346 Andreas
2549 4283 2860 4347 Gallandius
2890 4298 3024 4346 tom.
3052 4288 3142 4343 XI.
3174 4283 3452 4371 Bibl'..PP'.
3484 4287 3616 4368 edit.

317 4363 519 4413 Venet.
545 4359 913 4413 Scriptoribus
940 4359 1191 4413 codicum
1221 4359 1394 4413 Vattc.
1442 4359 1578 4413 1277
1606 4373 1727 4413 uae.
1761 4360 1851 4413 bl.
1882 4367 1939 4413 et
1964 4359 2217 4413 Laurent.
2250 4378 2285 4413 x
2317 4360 2458 4413 Plut.
2513 4378 2624 4413 xw.
2654 4375 2778 4413 natz.
2814 4360 2951 4413 543.
2985 4360 3044 4413 8.
3085 4360 3429 4413 Ambrosium
3458 4359 3616 4413 huius

317 4359 519 4418 Venet.
545 4359 913 4430 Scriptoribus
940 4359 1191 4415 codicum
1221 4359 1394 4414 Vatic.
1442 4359 1578 4413 1277
1606 4373 1727 4430 pag.
1761 4359 1851 4420 61.
1882 4372 1921 4414 e1

317 4433 490 4491 etiam
518 4431 755 4488 homilizc
783 4438 1063 4487 auctorem
1092 4431 1479 4495 asserentihus,
1501 4431 1632 4488 satis
1652 4446 1921 4514 responso

2026 4370 2217 4417 mrent.
2250 4378 2285 4416 x
2317 4360 2458 4416 Plut.
2513 4378 2624 4429 xiv,
2654 4375 2778 4431 pag.
2814 4360 2951 4429 543,
2985 4360 3044 4415 8.
3085 4359 3429 4417 Ambrosium
3458 4359 3620 4425 hujus

2026 4433 2376 4492 [dmonitione
2405 4433 2690 4502 superiore
2719 4447 2750 4485 a
2770 4431 2927 4487 nobis
2953 4437 3228 4501 putamus.
3671 4435 3682 4446 ‘

401 4665 429 4696 ⁸
464 4655 543 4711 Ita
569 4655 731 4713 codd.
759 4656 883 4712 Vat.
917 4655 1075 4724 1277,
1107 4657 1166 4712 S.
1197 4655 1389 4714 Crucis
1417 4657 1470 4713 in
1493 4657 1632 4722 Jer.,
1661 4654 1918 4711 Laurent.

323 4736 390 4786 et
419 4727 667 4785 Ambros.

403 4798 430 4839 δ
470 4797 844 4870 EademAedit"
877 4815 1004 4870 quos
1022 4801 1288 4870 prospicit.

405 4882 427 4911 ε
470 4869 638 4925 Codd.
672 4868 728 4923 S.
753 4867 941 4924 Crucis
968 4867 1032 4924 in'
1067 4867 1202 4933 Jer.,
1236 4870 1356 4924 Vat.
1394 4869 1551 4936 1277,
1584 4869 1833 4925 Ambros.
1867 4877 1922 4924 et

320 4944 590 5001 Laurent.
622 4940 656 4994 4
684 4941 1031 4995 consentiunt
1058 4939 1113 4993 in
1141 4941 1242 4995 hac
1269 4941 1531 4994 variante.

403 5011 430 5051 τι
472 5011 595 5077 Alii,
644 5019 706 5066 ut
746 5007 1016 5074 Galland.,
1058 5011 1288 5080 aﬂ'ectui,
1319 5019 1374 5066 et
1419 5011 1509 5065 alii
1560 5012 1809 5080 aspectui.
1841 5010 1920 5066 Ita

321 5083 487 5168 codd.
523 5080 776 5138 Laurent.
807 5080 839 5134 4
866 5088 922 5136 et
944 5080 1218 5148 Ambros.,
1248 5098 1309 5135 ac
1336 5098 1439 5136 non
1470 5098 1524 5136 se
1551 5082 1739 5152 prodat
1765 5099 1920 5154 aspe-

323 5165 607 5281 mfcw.
631 5223 752 5278 Vat.
784 5221 946 5290 1277,
970 5221 1114 5278 Nam
1142 5224 1433 5287 cumidem,
1456 5231 1562 5280 etc.

408 5297 428 5338 ι
471 5295 604 5352 Cod.
632 5293 755 5350 Vat.
789 5293 949 5363 1277,
1003 5311 1095 5350 nec
1140 5305 1329 5350 metum
1375 5294 1440 5348 ab
1482 5296 1576 5350 illo
1627 5303 1794 5366 posset
1823 5311 1922 5350 au-

324 5373 551 5494 fergelta
576 5437 698 5494 cod.
727 5435 784 5492 8.
810 5435 998 5493 Crucis
1033 5437 1086 5493 in
1115 5435 1224 5494 Jer.
1250 5435 1562 5492 Gallandius
1583 5437 1748 5491 habet
1781 5440 1921 5509 equi-

326 5523 646 5640 wTCOdd.
675 5581 930 5638 Laurent.
965 5581 1000 5635 4
1048 5590 1103 5636 et
1131 5581 1378 5637 Ambros.
1403 5623 1418 5651 ,
1449 5582 1493 5634 si
1535 5596 1694 5635 novos
1741 5581 1923 5635 inserit

326 5657 635 5784 acutulidem
655 5724 810 5783 codd.
840 5724 896 5781 S.
929 5725 1117 5784 Crucis
1146 5725 1201 5781 in
1247 5724 1379 5793 Jer.,
1412 5723 1666 5781 Laurent.
1699 5729 1756 5779 et
1793 5721 1922 5780 Am-

1947 4967 2002 5030 D

2023 4656 2196 4718 bros.,
2226 4657 2329 4710 Aut
2355 4672 2448 4709 cur
2472 4655 2638 4708 aciem
2664 4669 2766 4707 non
2785 4653 3040 4722 producat
3066 4650 3371 4722 obtutuum?

2101 4729 2114 4777 i
2164 4727 2333 4782 Codd.
2365 4727 2613 4780 Ambros.
2640 4732 2695 4778 et
2722 4721 2844 4777 Vat.
2880 4721 3044 4785 1277,
3074 4721 3428 4777 hebetudine»:
3448 4724 3620 4794 pupil.

2025 4799 2194 4882 larunt
2242 4797 2562 4882 detergeret,
2595 4795 2681 4868 qui
2733 4794 2930 4848 meritis
2963 4795 3071 4847 suis
3098 4793 3376 4866 caliginem
3406 4793 3620 4851 nubium

2024 4877 2329 4938 penetrarit.

2098 4938 2123 4977 ιι
2154 4939 2418 5010 Supplent
2457 4937 2721 5010 coddLS.
2752 4934 2946 5010 Crucis
2989 4935 3044 4990 in
3085 4935 3220 5010 Jer.,
3259 4936 3617 5010 Laurent),

2027 5006 2284 5066 Ambros.
2299 5019 2354 5065 et
2373 5009 2499 5065 Vat.
2524 5007 2683 5072 1277,
2713 5006 3154 5078 concordantque
3177 5007 3230 5062 in
3259 5008 3363 5064 hoc
3401 5008 3620 5078 supple-

2025 5091 2232 5208 minii);
2257 5151 2413 5209 codd.
2466 5151 2722 5205 Laurent.
2754 5149 2806 5216 4,
2837 5150 3116 5216 Ambros.,
3149 5157 3205 5205 et
3340 5147 3396 5204 8.
3430 5146 3619 5206 Crucis

2026 5225 2082 5279 in
2106 5223 2238 5290 Jer.,
2265 5232 2316 5278 et
2342 5224 2387 5278 si
2415 5219 2646 5277 hostibus
2686 5223 2853 5294 aufert
2874 5223 3055 5289 visum,
3087 5222 3174 5293 qui
3202 5221 3438 5275 ministro
3476 5238 3618 5290 pra-

2025 5303 2432 5422 statl‘aép‘eifitums.

2209 5384 2242 5423 0
2319 5405 2333 5420 .

2027 5447 2123 5504 est,
2155 5447 2259 5495 etc.

2099 5519 2126 5546 ¹¹
2155 5509 2288 5584 Cod.
2323 5508 2446 5584 _Vat.
2474 5509 2632 5577 1277,
2655 5525 2770 5584 qua
2799 5508 2966 5562 turba.
3234 5577 3244 5584 _
3453 5581 3460 5584 Α
3571 5573 3583 5584 ο

2099 5581 2288 5663 °.Cod.
2321 5578 2610 5646 Laurent.,
2669 5577 2800 5637 Htcc
2846 5589 2923 5635 est
2965 5595 3081 5634 vera
3132 5585 3180 5631 et
3226 5577 3496 5629 incruenta
3535 5577 3613 5628 oi-

2027 5661 2209 5710 ctorta.

2505 5365 2693 5422 Crucis
2740 5366 2793 5421 in
2835 5364 2942 5422 Jer.
2983 5373 3040 5420 et
3084 5364 3206 5420 Vat.
3242 5363 3398 5430 1277,
3449 5364 3616 5419 omnis
