4056 6346
1712 268 1771 324 s.
1811 262 2057 321 num
2091 258 2544 335 TAURINENSIS

3671 257 3779 319 ωε

505 362 1673 457 Ακυιέιιιηυιι.-Βννωηιόοεριιοιο,ιζιξεωο
1684 380 2088 457 agitllamianur,
2116 379 2170 439 Α
2196 377 2359 433 ritum
2381 344 2650 449 duplicem
2678 377 2731 434 ei
2759 390 2870 434 sint
2896 377 3083 448 gratim
3109 374 3413 447 dereliquit.
3454 372 3593 432 Cum
3634 378 3770 437 extim

576 468 880 537 patrataque
899 474 1014 537 ηραν
1058 474 1174 537 eum
1218 474 1252 511 α
1294 454 1404 510 Deo
1433 450 1671 527 prodigia
1717 450 1931 537 narrat,
1976 450 2090 537 Po-

529 535 537 547 '
576 524 761 589 'rtremo
789 524 1014 601 explicat
1053 530 1315 585 veritatem
1358 524 1534 581 eorum
1564 524 1676 599 cium
1722 535 1838 578 tunc
1868 524 2089 595 ﬁgurate

576 606 916 676 contigerunt.
1198 640 1199 643 η

575 757 771 817 Hiram
794 754 1019 813 forsitan
1042 764 1067 793 ³
1090 754 1322 821 videtur,
1351 754 1496 827 quod
1525 761 1650 810 ante
1680 754 1796 809 dies
1824 755 1882 809 S.
1914 752 2090 809 ΕΗεωί

503 849 729 920 gratiam
749 847 1115 905 describentes
1150 847 1403 913 diximus,
1436 848 1489 902 in
1515 845 1880 902 defensionem
1921 847 2090 918 ipsius

504 943 573 1006 de
599 944 761 1000 caelis
779 943 975 999 auxilia
992 941 1355 1005 descendisse,
1386 949 1443 996 et
1464 949 1699 995 armatos
1720 942 1948 1012 equites,
1979 942 2092 997 sive

504 1036 791 1106 quadrigas
820 1036 871 1091 ei
898 1034 1153 1090 divinitus
1182 1032 1449 1099 adfuisse;
1490 1033 1725 1088 astitissc
1752 1033 1914 1088 etiam
1944 1034 2088 1089 circa

506 1130 680 1200 ipsum
723 1127 1038 1199 quadrigam
1064 1127 1295 1196 igneam.
1325 1127 1517 1195 Magna
1539 1127 1757 1197 quidem
1795 1142 1902 1193 res,
1937 1126 1964 1166 δ
1994 1122 2101 1183 εθὰι

505 1223 559 1284 in
582 1223 698 1281 viro
725 1228 915 1279 sancto
952 1219 1263 1275 admiranda
1300 1235 1411 1276 non
1439 1229 1539 1275 est.
1556 1220 1693 1287 Quid
1723 1221 1869 1276 enim
1893 1221 2088 1277 mirum

503 1316 551 1371 si
576 1314 775 1375 auxilia
809 1320 1049 1369 meretur
1075 1327 1106 1368 c
1134 1312 1271 1368 cmlo
1304 1323 1325 1351 ο
1368 1311 1521 1381 cujus
1557 1313 1768 1368 animus
1793 1310 2006 1384 semper
2032 1315 2089 1369 in

501 1406 643 1471 cole
668 1406 786 1463 est?
812 1403 962 1463 Sicut
993 1405 1070 1459 ait
1097 1402 1294 1460 Paulus
1333 1404 1607 1475 apostolus
1640 1422 1652 1456 :
1686 1402 1887 1459 Nostra
1920 1416 2088 1460 autem

502 1500 822 1558 mentio
856 1500 915 1555 in
957 1499 1098 1556 eatis
1124 1506 1202 1554 est
1242 1496 1261 1571 (
1288 1496 1485 1570 Philip.
1517 1498 1617 1568 ιι).
1670 1497 1812 1568 Ergo
1840 1498 1883 1553 si
1906 1506 2089 1555 nostra

501 1593 841 1651 conversatio
887 1599 973 1649 est
1023 1591 1076 1648 in
1119 1590 1291 1655 cmlis,
1329 1598 1392 1647 et
1420 1590 1719 1648 cmlestium
1749 1592 2087 1647 conversatio

501 1682 530 1724 ἀ
556 1692 741 1756 putent
764 1699 881 1739 esse
909 1683 1222 1741 nobiscum:
1250 1683 1483 1749 honest,
1516 1691 1578 1739 ut
1602 1683 1699 1754 qui
1721 1682 1831 1738 vita
1860 1684 2086 1740 vivimus

2193 472 2317 527 data
2365 480 2511 527 esset
2556 471 2783 527 facultas
2830 470 3025 529 Elisreo
3063 478 3122 527 ut
3167 478 3379 542 peteret
3415 471 3557 542 quod
3584 472 3768 541 vellet,

2193 573 2484 636 antequam
2513 565 2583 621 ab
2629 580 2696 621 eo
2724 574 3006 637 raperetur
3031 564 3209 630 Elias,
3250 565 3441 635 petivit
3476 572 3538 619 ut
3581 563 3770 636 duplex

2192 661 2411 731 spiritus
2439 659 2570 715 Elim
2592 659 2747 716 ﬁeret
2766 660 2820 714 in
2850 660 2987 730 ipso.
3011 657 3164 715 Tunc
3183 658 3319 714 dixit
3349 658 3492 715 Elias
3524 678 3537 712 ε
3577 662 3589 709 l
3629 659 3771 715 Dura

2190 757 2383 825 petisti,
2412 755 2505 810 sed
2526 755 2619 825 ﬁet
2637 753 2730 809 tibi
2756 752 2872 825 (IV
2903 753 3033 825 Reg.
3066 770 3121 818 ιι,
3140 752 3249 825 10).
3275 753 3319 808 0
3346 754 3629 809 hmreditas
3658 771 3771 826 pre-

2192 848 2359 904 tiosa!
2386 848 2439 902 in
2467 862 2573 916 qua
2601 847 2720 918 plus
2756 845 2959 902 haeredi
2991 846 3311 915 relinquitur
3336 860 3497 915 quam
3524 846 3765 914 habetur,

2189 941 2310 1011 plus
2338 940 2686 1010 consequitur
2714 939 2807 1008 qui
2850 939 3064 1010 accipit,
3104 953 3267 1008 quam
3298 938 3319 975 ι
3351 939 3653 1010 possederit
3684 941 3775 1012 qui

2190 1036 2432 1104 largitur.
2462 1034 2705 1090 Pretiosa
2732 1034 2893 1105 plane
2921 1033 3221 1097 haereditas,
3264 1049 3383 1103 quae
3411 1036 3537 1089 dum
3567 1051 3597 1089 a
3624 1044 3769 1106 patre

2189 1126 2508 1184 transfertur
2532 1127 2601 1183 ad
2635 1126 2819 1191 lilium,
2850 1127 3168 1182 meritorum
3196 1127 3429 1197 quodam
3461 1126 3648 1184 tenore
3675 1132 3769 1184 du-

2188 1224 2439 1294 plicatur.
2490 1221 2657 1290 Igitur
2700 1220 2867 1287 Elias,
2919 1219 3091 1276 cum1
3127 1220 3425 1290 simplicem
3474 1223 3769 1278 sanctitatis

2191 1315 2307 1384 ipse
2334 1314 2562 1369 haberet
2589 1312 2857 1383 Spiritum,
2883 1310 3082 1367 Elismo
3120 1312 3386 1382 duplicem
3419 1314 3657 1382 reliquit.
3682 1313 3771 1367 Mi-

2188 1424 2305 1462 rum
2362 1419 2492 1476 ergo
2538 1408 2592 1462 in
2648 1406 2893 1462 modum!
2925 1405 3070 1462 Elias
3118 1408 3236 1477 plus
3264 1412 3452 1476 gratim
3491 1408 3694 1463 dimisit
3720 1411 3770 1465 in

2188 1501 2347 1556 terris
2383 1512 2545 1570 quam
2607 1514 2794 1555 secum
2857 1500 3092 1569 portavit
3154 1500 3220 1554 ad
3275 1501 3443 1556 caelos
3463 1544 3478 1567 ,
3545 1510 3602 1556 et
3655 1502 3770 1558 licet

2187 1596 2303 1665 ipse
2357 1596 2425 1649 ad
2477 1594 2670 1648 altiora
2722 1593 2864 1648 latus
2928 1601 3074 1649 totus
3130 1592 3453 1650 transfertur
3507 1609 3767 1665 corpore,

2187 1687 2349 1760 313
2377 1686 2518 1757 apud
2548 1684 2713 1741 ﬁlium
2744 1692 2923 1740 tamen
2949 1695 2990 1723 ω
3019 1685 3226 1755 majore
3252 1696 3437 1741 manet
3465 1686 3766 1742 sanctitate.

500 1777 811 1847 angelorum
840 1781 989 1832 recte
1012 1790 1199 1845 eorum
1224 1776 1559 1831 consortium
1578 1790 1900 1831 mereamur.
1939 1786 1961 1813 ο
1993 1775 2088 1831 Est
2119 1761 2166 1821 Β
2190 1779 2268 1836 De
2312 1779 2489 1834 Elisazi
2526 1786 2705 1834 autem
2746 1778 2953 1833 meritis
2990 1777 3119 1847 quid
3152 1777 3432 1832 dicamus?
3465 1777 3627 1847 cuius
3664 1778 3771 1834 hac

499 1883 633 1932 sane
678 1875 860 1924 sancte
906 1866 1209 1924 viventibus
1245 1868 1488 1936 quadam
1535 1866 1677 1922 inter
1714 1881 1777 1922 se
1802 1867 2082 1937 cognatio,

497 1962 704 2033 iunctio
741 1969 904 2031 atque
943 1960 1177 2018 societas
1209 1979 1221 2013 :
1254 1974 1360 2017 nec
1396 1960 1623 2016 interest
1643 1967 1825 2016 utrum
1850 1960 1907 2015 in
1935 1961 2087 2017 caelis

503 2062 761 2112 maneant
812 2069 883 2109 an
920 2053 978 2112 in
1007 2054 1188 2124 terris,
1217 2053 1443 2123 angelici
1488 2053 1595 2113 sint
1632 2053 1849 2109 habitus
1883 2069 1953 2109 an
1980 2055 2082 2109 hu-

497 2148 667 2214 mani,
712 2147 1004 2205 dummodo
1028 2147 1085 2203 in
1113 2147 1199 2203 his
1227 2148 1298 2203 sit
1321 2147 1509 2203 eadem
1531 2148 1640 2203 vita
1668 2147 1757 2203 vel
1784 2148 2041 2203 sanctitas
2066 2166 2079 2201 :

498 2241 838 2299 conversatio
859 2240 1138 2298 connectit
1153 2254 1293 2310 quos
1318 2248 1535 2310 separat
1560 2240 1907 2306 elementum,
1932 2247 1991 2295 et
2014 2239 2082 2293 li-

498 2339 590 2390 cet
609 2330 630 2375 ί
647 2332 845 2390 diversi
864 2333 1185 2405 corporibus
1201 2332 1524 2397 dividantur,
1544 2332 1733 2389 iisdem
1749 2341 1929 2388 tamen
1950 2333 2085 2388 acti-

496 2427 599 2484 ιω
625 2427 1048 2499 coniunguntur.
1102 2426 1277 2497 Atque
1308 2427 1431 2483 ideo
1451 2428 1510 2480 ιιι
1537 2435 1597 2481 ut
1616 2428 1787 2483 sancti
1820 2428 1919 2483 sibi
1948 2441 2083 2496 quo-

496 2517 621 2575 dam
647 2520 925 2576 consortio
954 2520 1289 2576 coherentes
1317 2535 1349 2575 a
1378 2535 1440 2575 se
1492 2520 1722 2576 invicem
1763 2534 1873 2576 non
1910 2521 2084 2575 disce-

495 2611 653 2681 dant;
685 2622 741 2669 et
768 2614 933 2670 modo
962 2615 1138 2685 angeli
1159 2616 1231 2670 ad
1254 2622 1429 2672 terras
1455 2616 1693 2682 veniant,
1724 2616 1886 2672 modo
1916 2616 2084 2672 homi-

471 2717 597 2761 .nes
626 2704 694 2760 ad
723 2706 963 2762 omlcstia
989 2705 1411 2775 transferantur;
1444 2724 1510 2765 ac
1550 2709 1795 2779 profectu
1834 2709 2081 2776 meliore,

497 2796 695 2867 quibus
736 2797 849 2852 vita
894 2800 1197 2855 communis
1250 2806 1361 2867 est,
1404 2801 1669 2871 incipiunt
1708 2801 1813 2856 illis
1865 2801 2081 2857 vivendi

497 2888 663 2945 etiam
711 2889 977 2947 elementa
1026 2907 1147 2950 esse
1181 2893 1516 2965 communia.
1545 2893 1654 2951 Sed
1680 2894 1811 2950 dicit
1837 2894 2030 2965 aliquis
2063 2913 2077 2947 :

495 2979 833 3054 Frequenter
859 2984 1160 3042 audivimus
1194 2987 1416 3055 angelos
1436 2985 1504 3041 ad
1533 2987 1585 3058 3
1598 2991 1697 3058 [2
1718 2987 1966 3043 homines
1985 2987 2085 3042 de-

495 3075 770 3133 sccndisse
802 3096 815 3131 :
841 3062 1028 3134 audire
1061 3079 1224 3134 etiam
1261 3077 1505 3149 cupimus
1533 3079 1807 3149 quomodo
1834 3080 2079 3136 homines

2187 1871 2359 1941 prima
2386 1869 2504 1926 laus
2531 1876 2644 1937 est,
2687 1868 2835 1938 quod
2856 1877 3067 1938 patrem
3093 1868 3265 1923 voluit
3291 1869 3463 1938 gratia
3494 1884 3766 1940 superare,

2187 1962 2312 2018 dum
2340 1961 2459 2017 dari
2483 1960 2587 2016 sibi
2611 1961 2837 2031 amplius
2860 1961 3130 2031 postulat,
3165 1976 3326 2030 quam
3354 1963 3457 2018 scit
3486 1957 3635 2033 apud
3656 1980 3769 2022 cum

2186 2069 2306 2111 esse
2362 2054 2456 2124 qui
2499 2053 2759 2124 possidet.
2817 2055 3026 2110 Avarus
3065 2055 3281 2123 quidem
3324 2065 3409 2112 est
3434 2057 3488 2111 in
3514 2061 3768 2129 petendo,

2185 2146 2283 2202 sed
2306 2147 2534 2204 idoneus
2566 2147 2622 2202 in
2654 2147 3031 2218 promerendo.
3077 2147 3214 2203 Dum
3243 2150 3385 2204 enim
3415 2165 3443 2203 a
3474 2159 3643 2221 patre“
3659 2154 3769 2224 plus

2186 2240 2352 2310 exigit
2394 2253 2557 2309 quam
2604 2240 2857 2307 habebat,
2910 2238 3035 2295 fecit
3082 2256 3205 2297 eum
3253 2242 3460 2297 meritis
3507 2244 3624 2299 suis
3660 2246 3769 2315 plus

2184 2339 2440 2403 praestare
2459 2346 2621 2403 quam
2648 2339 2881 2403 poterat.
2925 2332 3059 2388 Nam
3088 2349 3209 2390 cum
3239 2335 3379 2391 idem
3408 2320 3636 2395 Eliszeus
3657 2342 3770 2410 post

2184 2439 2466 2479 ascensum
2494 2424 2736 2493 magistri
2764 2424 2845 2479 sui
2872 2426 3112 2481 venisset
3142 2425 3376 2494 Iericho,
3410 2438 3465 2482 et
3493 2439 3715 2500 rogatus
3738 2446 3767 2487 a

2184 2514 2387 2572 civibus
2410 2555 2425 2581 ,
2455 2523 2517 2570 ut
2558 2516 2612 2569 in
2657 2515 2847 2572 eadem
2876 2518 3197 2573 Consisteret
3223 2519 3472 2588 civitate,
3522 2522 3771 2578 dixerunt

2184 2609 2254 2666 ad
2272 2610 2421 2665 illum
2445 2628 2456 2662 :
2488 2609 2837 2667 Commoratio
2857 2613 3033 2684 oppidi
3055 2613 3189 2668 bona
3207 2623 3303 2681 est,
3324 2615 3417 2670 sed
3445 2632 3599 2688 aqua:
3627 2618 3768 2674 nulla

2185 2710 2239 2757 et
2262 2703 2461 2758 steriles
2499 2711 2621 2756 sunt
2661 2701 2771 2775 (IV
2803 2702 2929 2777 Reg.
2974 2720 3031 2771 ιι,
3066 2704 3200 2775 l9);
3232 2713 3362 2762 tunc
3388 2710 3651 2780 praecepit
3673 2711 3766 2765 sibi

2183 2796 2300 2850 dari
2327 2811 2422 2851 vas
2451 2794 2631 2861 fictile,
2663 2804 2691 2832 ιι
2721 2804 2776 2851 et
2801 2797 3081 2853 recondito
3111 2800 3165 2853 in
3207 2815 3275 2855 eo
3311 2800 3425 2855 sale
3448 2802 3679 2859 veniens
3703 2803 3765 2857 ad

2182 2889 2358 2944 exitus
2386 2901 2644 2960 aquarum
2670 2889 2898 2959 projecit
2921 2891 2975 2945 in
3003 2905 3186 2961 aquas,
3214 2893 3397 2949 dicens
3423 2913 3434 2947 :
3463 2905 3488 2930 ο
3522 2894 3655 2951 Haec
3690 2896 3766 2950 ᾶ-

2181 2982 2253 3035 cit
2278 2980 2571 3036 Dominus:
2603 2984 2784 3037 sanari
2812 2999 2973 3054 aquas
2996 2985 3143 3050 istas,
3170 3000 3273 3039 non
3314 2986 3415 3039 erit
3437 3001 3505 3040 ea:
3543 2989 3625 3041 eis
3661 3003 3762 3042 mo-

2180 3076 2340 3139 riens,
2371 3090 2463 3130 nec
2486 3075 2697 3130 sterilis.
2727 3073 2799 3129 Et
2817 3083 3167 3152 emacuerunt
3187 3092 3337 3149 aqua:
3370 3094 3533 3149 usque
3551 3080 3617 3134 in
3642 3080 3765 3135 hanc

496 3167 567 3223 ad
594 3169 833 3225 coelestia
859 3181 880 3217 ε
912 3172 1364 3240 transmigrarint.
1391 3170 1670 3228 Manifesta
1699 3188 1787 3229 res
1806 3180 1906 3238 est,
1940 3181 1994 3227 et
2024 3173 2081 3227 in
2104 3154 2149 3216 Ο
2181 3167 2319 3222 diem
2339 3165 2555 3239 (Ποία.)-
2601 3165 2793 3223 Videte
2825 3180 2958 3237 ergo
2986 3166 3161 3223 Elismi
3190 3177 3389 3238 quanta
3419 3170 3530 3225 sint
3556 3173 3793 3239 merita.‘

495 3272 751 3333 promptu
773 3263 970 3332 posita.
1004 3262 1149 3320 Elias
1176 3266 1435 3334 magister
1462 3264 1640 3322 Elisrei
1672 3282 1850 3322 nonne
1878 3268 2080 3336 angelis

495 3350 815 3423 ducentibus
847 3363 1034 3425 raptus
1080 3355 1147 3411 ad
1176 3357 1370 3414 cmlum
1413 3366 1512 3425 est,
1545 3367 1600 3414 et
1629 3360 1885 3430 quadriga
1924 3362 2081 3430 ignea

495 3443 794 3516 impositus,
808 3448 964 3516 quasi
985 3447 1041 3501 in
1059 3449 1292 3517 quodam
1319 3450 1592 3521 triumpho
1616 3453 1787 3507 victor
1806 3452 2083 3508 ascendit?
2108 3442 2111 3443 ⁷

496 3535 687 3594 Victor
707 3539 855 3595 enim
882 3542 1163 3597 exstiterat
1183 3558 1293 3597 non
1322 3546 1560 3613 gentium
1585 3545 1958 3611 barbararum,
1986 3547 2083 3601 sed

495 3631 835 3687 saecularium
862 3631 1232 3705 voluptatum;
1257 3636 1522 3706 siquidem
1552 3638 1831 3707 graviores
1876 3639 2080 3695 inimici

493 3730 621 3776 sunt
663 3725 817 3792 pravi
864 3736 1046 3782 mores
1087 3742 1250 3797 quam
1294 3729 1477 3785 hostes
1517 3731 1728 3797 infesti;
1778 3738 1834 3787 et
1871 3729 2082 3786 facilius

494 3812 841 3882 intelligimus
868 3816 971 3871 hoc
991 3825 1233 3887 tempore
1260 3820 1648 3889 malignitatem
1677 3822 1914 3881 hostium
1941 3824 2087 3879 vinci

420 3914 425 3917 '
495 3918 658 3974 posse
690 3918 853 3974 quam
885 3921 1114 3961 morum.
1166 3908 1308 3977 Ergo
1347 3909 1518 3964 Eliam
1559 3913 1734 3980 angeli
1779 3914 1847 3969 ad
1884 3914 2083 3973 calum

492 3995 772 4066 perferunt
804 4015 815 4049 :
849 3996 1099 4053 Elismum
1131 4000 1306 4068 angeli
1327 4001 1381 4056 in
1414 4002 1570 4058 terris
1596 4004 1918 4060 custodiunt.
1945 4006 2084 4073 Quid

492 4085 691 4143 mirum
719 4087 768 4143 si
787 4089 987 4158 angeli,
1013 4090 1105 4160 qui
1126 4091 1439 4161 magistrum
1461 4102 1827 4163 portaverant,
1857 4096 2085 4169 discipu-

492 4175 604 4237 lum
647 4186 918 4245 tueantur,
963 4189 1021 4237 et
1055 4179 1083 4220 ιι
1113 4183 1325 4238 navitis:
1366 4185 1607 4255 quadam
1664 4187 1922 4259 obsequia
1962 4207 2084 4262 qius

493 4270 641 4341 patri
687 4272 1071 4339 exhibuerant,
1125 4274 1288 4329 etiam
1341 4275 1452 4332 lilio
1492 4277 1771 4333 deferant?
1810 4281 1923 4352 ipse
1969 4284 2083 4354 ejus

496 4358 689 4421 ‘enlm
708 4363 881 4419 haeres
905 4372 987 4421 est
1009 4366 1329 4427 sanctitatis.
1362 4364 1528 4425 Recte
1556 4383 1684 4439 ergo
1707 4369 1929 4429 Elisseus
1952 4372 2081 4431 Elite

473 4453 746 4524 spiritalis
775 4454 916 4512 filius
940 4456 1157 4523 dicitur,
1181 4458 1307 4525 quia
1334 4461 1633 4519 ascendens
1659 4465 1733 4519 ad
1754 4466 1949 4522 emittm
1970 4469 2080 4537 spi-

2184 3261 2339 3331 cujus
2367 3261 2537 3331 prima
2572 3261 2627 3315 in
2654 3261 2874 3317 civitate
2909 3262 3253 3333 hospitalitas
3277 3261 3508 3320 ﬁliorum
3538 3275 3627 3322 est
3651 3280 3764 3321 ma-

2183 3368 2287 3425 gna
2316 3347 2639 3409 fecunditas.
2665 3352 2802 3408 Dum
2823 3354 2968 3408 enim
2998 3354 3339 3436 sterilitatem
3376 3357 3578 3412 avertit
3608 3372 3765 3429 aqua-

2183 3460 2323 3509 rum,
2355 3446 2753 3501 successionem
2784 3446 3009 3516 largitur
3033 3447 3327 3502 hmredum.
3348 3447 3467 3503 Non
3494 3449 3643 3504 enim
3670 3449 3765 3505 hoc

2184 3538 2326 3593 facto
2347 3537 2569 3595 Elisseae
2604 3552 2769 3593 unum
2806 3538 3018 3594 sanavit
3050 3541 3346 3609 hominem,
3374 3549 3468 3595 aut
3497 3541 3765 3619 uninsdo-

2184 3630 2292 3685 mni
2323 3630 2571 3701 prmstitit
2600 3630 2927 3687 medicinam
2944 3674 2959 3699 ,
3005 3630 3100 3688 sed
3128 3624 3309 3689 totius
3335 3632 3575 3690 civitatis
3599 3650 3765 3706 popu-

2185 3724 2296 3778 lum
2324 3724 2612 3793 reparavit.
2662 3722 2718 3777 Si
2740 3725 2881 3779 enim
2909 3725 3111 3780 tardius
3136 3725 3242 3780 hoc
3269 3724 3500 3789 fecisset,
3536 3727 3766 3783 interve-

2185 3817 2367 3871 niente
2404 3815 2717 3883 sterilitate,
2746 3816 3150 3872 senescentibus
3177 3818 3403 3885 cunctis,
3435 3817 3632 3874 civitas
3657 3819 3765 3876 sine

2184 3908 2486 3963 habitatore
2516 3918 2542 3958 ι)
2570 3908 2932 3964 remansisset.
2962 3907 3122 3976 Igitur
3141 3906 3379 3975 Elisacus,
3412 3909 3542 3964 dum
3565 3909 3766 3965 curavit

2184 4014 2350 4070 aquas
2374 4038 2389 4063 ,
2421 3999 2629 4054 curavit
2675 4007 2730 4054 et
2766 3999 3008 4069 plebem;
3047 3999 3172 4054 dum
3204 3999 3408 4056 fontem
3431 4011 3458 4050 τι
3496 3999 3766 4057 benedixit

2185 4094 2781 4165 undarum,,quemdam
2802 4094 3007 4151 fontem
3038 4095 3600 4152 indulsit'animarum.
3640 4095 3766 4151 Nam

2184 4190 2324 4244 sicut
2368 4188 2792 4245 sanctificatione
2858 4190 2976 4259 ejus
3033 4189 3101 4243 de
3146 4188 3375 4245 occultis
3420 4197 3578 4245 tonas
3621 4190 3771 4246 venis

2185 4296 2323 4351 aqua
2352 4296 2484 4336 sana
2512 4280 2777 4352 prodivit,
2818 4280 2891 4335 ita
2922 4280 2989 4335 de
3022 4280 3249 4337 occultis
3280 4279 3449 4337 vulvae
3476 4283 3765 4338 visceribus

2183 4372 2399 4433 soboles
2424 4388 2555 4428 sana
2579 4372 2862 4444 processit.
2892 4372 3011 4428 Non
3031 4372 3175 4428 enim
3197 4358 3312 4428 sola
3332 4380 3540 4428 tantum
3570 4371 3765 4430 ﬂuenta

2183 4466 2461 4523 benedixit
2492 4465 2745 4531 Elianus,
2776 4465 2943 4539 31‘
2973 4476 2993 4505 ε
3020 4480 3140 4536 qum
3170 4465 3399 4521 fontium
3420 4466 3536 4536 jam
3562 4468 3765 4537 gremio

557 4685 585 4759 ᾗ
613 4675 744 4733 Cod.
786 4676 851 4737 S.
875 4678 1063 4741 Cumis
1108 4680 1166 4737 in
1201 4680 1312 4737 ιω.
1364 4679 1549 4751 legunt
1596 4684 1964 4756 rideaturpro
1992 4688 2070 4741 vi-
2098 4690 2153 4751 D
2176 4689 2458 4759 petis,ete.

487 4747 748 4879 “mres
774 4821 1060 4879 memorati
1086 4820 1303 4883 codices
1322 4822 1463 4881 inter
1480 4838 1543 4879 se
1581 4827 1925 4885 conveniunt.

559 4898 580 4926 ο
611 4886 873 4963 ιιιιὲρᾶὰ,
909 4889 975 4944 10
1018 4889 1162 4963 Plut.
1218 4908 1307 4947 xrv
1346 4906 1470 4962 pag.
1515 4886 1638 4960 345,
1692 4895 1982 4963 Laurent.,
2019 4908 2076 4955 et

485 4955 605 5038 Vat.
616 4957 798 5038 “121717,
824 4960 1104 5038 {tonsilia
1130 4955 1366 5038 meretur:
1385 4955 1697 5038 ίσωιθὶᾴιιί
1729 4970 1783 5022 in
1806 4970 1935 5025 calo
1961 4955 2074 5025 est?

553 5026 581 5065 ἀ
611 5027 780 5084 Codd.
828 5026 896 5085 99
937 5030 994 5087 8.
1026 5030 1217 5091 Crucis
1257 5034 1317 5088 in
1338 5032 1447 5090 Jer.
1501 5044 1557 5090 ct
1574 5026 1837 5098 Laurent.
1870 5040 2076 5097 habent

483 5106 649 5169 potest
676 5116 788 5153 esse
809 5100 1093 5157 nobiscum.

552 5180 579 5246 ες
608 5168 745 5246 βοά.
781 5169 1056 5246 Lfanrenti,
1078 5168 1173 5246 Eat
1191 5190 1314 5246 ergo
1337 5188 1517 5233 sancte
1544 5164 1849 5233 viventibus.
1954 5168 1959 5173 ’

559 5238 682 5318 ("Ita
714 5241 871 5318 codd.
1007 5242 1196 5318 Crucis
1224 5238 1279 5300 in
1327 5246 1461 5318 der”
1512 5248 1657 5318 apud
1700 5248 2068 5309 Mahillonium

480 5318 532 5364 ct
562 5310 1119 5389 Gallandiymjcgitur
1148 5315 1266 5389 liget
1302 5315 1511 5389 diversis
1536 5310 1853 5389 corporibus.

478 5392 574 5522 gr
607 5380 775 5505 (aadd.
800 5382 856 5439 S.
883 5380 1072 5442 Crucis
1102 5385 1154 5440 in
1185 5384 1319 5454 Iern,
1366 5396 1421 5444 et
1451 5388 1571 5443 Vat.
1603 5380 1733 5442 1977
1753 5429 1768 5455 ,
1820 5394 2066 5447 transmi-

542 5470 631 5505 .re
667 5494 711 5508 ,.

542 5471 711 5508 arent.

552 5520 575 5599 'f
607 5520 667 5599 in
695 5523 987 5599 vet._edi_t.,
1013 5543 1146 5599 nova
1169 5527 1404 5599 quadam
1443 5527 1706 5599 obsequia.

477 5591 614 5719 eni‘m
605 5592 775 5650 Codd.
805 5595 862 5651 S.
895 5595 1084 5653 Crucis
1109 5597 1165 5683 in
1181 5591 1318 5665 "Jer.,
1352 5606 1407 5653 et
1432 5598 1554 5653 Vat.
1577 5591 1746 5656 ’1275
1766 5615 1876 5657 non
1904 5602 2067 5660 habet

555 5736 569 5784 l
607 5732 741 5789 Cod.
765 5735 820 5790 S.
854 5735 1040 5793 Crucis
1069 5740 1124 5794 in
1153 5738 1260 5794 Jer.
1314 5741 1368 5796 in
1414 5748 1567 5797 textu
1609 5742 1895 5811 Gallandii,
1928 5744 2061 5803 dura

2248 4759 2271 4833 ξι
2303 4758 2449 4833 god,
2470 4760 2593 4833 Vat.
2609 4759 2775 4833 μυ,
2808 4776 2962 4833 quam
2987 4761 3238 4833 possidet,
3267 4762 3375 4833 qui,
3405 4771 3513 4816 etc.

2252 4828 2267 4905 Ξ
2302 4829 2473 4885 Codd.
2506 4830 2575 4905 {l9
2603 4830 2661 4886 S.
2688 4828 2877 4905 crucis
2896 4832 2950 4905 in
2980 4828 3171 4905 Jer._et
3199 4828 3474 4897 Ambros,
3506 4848 3615 4888 non
3634 4846 3763 4905 sym-

2176 4900 2366 4973 bolum,
2388 4908 2452 4973 ut
2480 4902 2632 4968 alias,
2665 4902 2757 4973 sed
2783 4902 3067 4973 simplicem
3096 4903 3299 4973 legunt.

2249 4981 2287 5008 ηι
2326 4971 2488 5026 Iidem
2518 4973 2639 5028 eod.
2671 4972 2727 5028 8.
2756 4971 2953 5028 .Crucis
2999 4974 3051 5027 in
3098 4971 3234 5040 Jcr.,
3263 4981 3320 5029 et
3351 4972 3469 5027 Vat.
3505 4972 3643 5027 1277
3673 4987 3763 5029 re-

2177 5042 2317 5127 ctius
2334 5058 2496 5127 quam
2607 5043 2917 5099 Mabillonio
2945 5053 2999 5127 et
3028 5044 3081 5098 in
3109 5043 3391 5127 Gallandio
3410 5086 3425 5110 ,
3456 5045 3550 5114 qui
3576 5045 3763 5114 legunt

2178 5112 2318 5179 apud
2344 5114 2514 5183 ﬁlium
2533 5123 2704 5169 tamen
2732 5124 2999 5185 permanet
3025 5116 3319 5169 sanctitate.

2250 5193 2277 5219 υ
2318 5183 2503 5257 Lectio
2534 5185 2739 5257 Mabil.,
2767 5188 2889 5257 etin
2920 5203 2979 5239 eo
3004 5186 3471 5257 reconditossales.

2253 5263 2277 5289 ο
2317 5255 2482 5310 Iidem
2503 5256 2660 5311 codd.
2693 5255 2751 5312 S.
2795 5256 2983 5312 Crucis
3026 5254 3080 5310 in
3118 5254 3251 5320 Jer.,
3298 5255 3418 5309 Vat.
3458 5256 3617 5323 1277,
3646 5264 3701 5312 et
3726 5256 3761 5309 4

2178 5321 2460 5394 Laurent.,
2489 5327 2579 5397 qui
2606 5326 2842 5397 perfecte
2865 5328 2917 5382 in
2947 5328 3051 5381 hoc
3071 5327 3339 5397 convenit.

2249 5405 2276 5443 Ρ
2315 5395 2549 5479 Duorum
2581 5395 2737 5453 codd.
2783 5398 2838 5452 S.
2888 5397 3073 5453 Crucis
3112 5398 3164 5451 in
3192 5395 3297 5452 Jer.
3326 5397 3611 5466 corrigitur
3638 5405 3759 5454 tex-

2177 5472 2283 5534 tus,
2314 5468 2400 5523 ubi
2425 5468 2619 5536 legitur
2640 5482 2973 5524 remanserat.

2246 5548 2271 5585 (ι
2312 5537 2442 5592 Cod.
2478 5539 2751 5611 Ambros,
2797 5544 2989 5611 {autem
3032 5539 3285 5593 benedici!
3321 5538 3609 5607 undarum,
3639 5542 3759 5610 fore-

2175 5613 2276 5662 tem
2302 5610 2573 5665 auemdam
2601 5611 2817 5664 indulsit
2837 5614 3148 5665 animarum.

2247 5690 2266 5716 τ
2309 5680 2440 5733 Tum
2492 5680 2819 5739 Mnhillonii.
2870 5692 2978 5735 tum
3026 5680 3291 5735 Gallandii
3342 5689 3520 5735 textus
3559 5680 3755 5736 clarior

2173 5749 2418 5806 redditur
2448 5767 2510 5803 vv
2530 5751 2693 5805 'cod‘l.
2729 5752 2766 5805 S
2816 5752 3003 5808 Crucis
3029 5751 3080 5813 in
3110 5749 3219 5806 ὅρι’.
3241 5793 3254 5817 ,
3288 5759 3342 5807 et
3368 5752 3487 5807 Vat.
3528 5750 3682 5809 ΗΠ.
