4056 6346
1639 229 1920 288 ΒΟΜῨΗΔ
1955 180 2133 285 XCIV.

3431 228 3537 286 ne

260 366 613 430 tenebantur;
643 362 738 418 sed
766 370 823 418 et
845 360 957 427 illa,
987 369 1109 431 qm
1129 356 1353 415 humido
1377 364 1537 413 terra
1561 355 1679 411 solo
1706 352 1846 409 indi-
1872 354 1918 415 Α
1947 352 2070 407 tuit.
2094 349 2165 404 At
2189 348 2282 405 ubi
2310 349 2457 405 venit
2479 316 2745 419 statim,
2773 350 2929 407 velut
2946 363 3045 406 vas
3068 348 3235 407 ﬁctile

263 465 436 517 θοι-αθ
459 494 476 524 ,
504 454 762 527 paulatim
791 460 948 509 erant
974 453 1029 508 in
1048 458 1326 524 posterum
1365 448 1658 505 deﬁuxura.
1695 445 1847 502 Unde

260 550 333 607 ait
371 547 652 618 Scriptura
698 544 768 600 ad
825 544 1005 601 exitus
1043 557 1303 613 aquarum
1342 539 1684 597 benedixisse
1730 536 1841 592 Eli-

256 652 422 698 sanun
440 680 459 710 ,
488 646 550 695 ut
584 637 874 694 stillantem
909 650 1103 707 aquam
1128 635 1279 707 prius
1306 631 1659 689 sanctiﬁcatio
1692 643 1716 668 οι
1754 646 1845 686 su-

255 734 487 805 sciperet
505 745 666 802 quam
688 730 837 789 sinus
847 727 1020 784 fontis
1039 726 1352 783 includeret.
1380 725 1565 795 igitur,
1591 722 1846 794 quoniam

255 827 385 885 dicit
408 825 465 882 S.
498 824 700 880 Paulus
739 822 1021 893 apostolus
1053 839 1069 874 :7
1112 819 1244 876 Hoc
1280 822 1337 874 in
1368 820 1538 890 figura
1578 818 1845 887 continge.

255 921 383 977 tant
409 920 520 975 iui:
555 918 608 990 (Ι
635 917 757 973 Cor.
791 917 870 987 ι),
902 915 1179 974 videamus
1208 928 1338 982 ergo
1372 913 1487 967 haec
1526 912 1643 981 ipsa
1678 910 1846 980 figura

253 1028 415 1084 quam
444 1011 642 1067 habeat
663 1010 977 1073 veritatem;
1008 1008 1125 1063 hoc
1146 1013 1236 1063 est
1268 1004 1602 1074 requiramus
1630 1017 1751 1073 quae
1778 1001 1848 1056 sit

255 1089 361 1161 ista
404 1104 597 1161 civitas
632 1117 753 1173 quis
801 1100 1085 1157 sterilitate
1118 1099 1443 1163 laborabat,
1475 1098 1561 1152 vel
1589 1095 1719 1168 quid
1745 1094 1848 1151 sibi

257 1200 389 1257 velit
409 1213 508 1254 vas
537 1197 699 1254 ﬁctile
716 1237 731 1263 ,
760 1195 889 1266 quid
909 1194 1071 1250 etiam
1111 1201 1171 1247 ut
1210 1192 1413 1262 aspersi
1453 1192 1597 1247 sales
1622 1188 1849 1245 aﬁ‘erant

253 1290 593 1348 sudvitatem.
612 1285 931 1355 Legimns‘in
949 1284 1138 1339 eodem
1160 1282 1405 1354 apostolo
1426 1281 1626 1336 dictum
1652 1279 1722 1335 de
1744 1279 1846 1335 Ec.

249 1384 415 1443 clasis
440 1401 453 1437 :
477 1380 686 1437 Laure
707 1380 920 1443 sterilis,
945 1392 1062 1449 qum
1092 1393 1199 1431 non
1224 1376 1404 1447 paris;
1427 1389 1655 1444 erumpe,
1681 1379 1730 1426 et
1751 1387 1844 1425 ear-

251 1479 444 1543 clama,
480 1492 594 1547 qua!
616 1478 719 1529 non
747 1473 978 1543 parturit
1007 1468 1151 1542 (Gal.
1188 1468 1283 1538 iv).
1324 1467 1468 1536 Ergo
1497 1465 1737 1523 Ecclesia
1764 1472 1848 1520 est

252 1569 343 1626 illa
366 1567 563 1625 sten'lis
580 1566 788 1629 civitas,
813 1578 934 1635 qua:
954 1562 982 1601 ι’
1006 1568 1133 1617 ante
1158 1559 1445 1615 adventum
1465 1555 1661 1613 Christi
1683 1570 1848 1624 aqua-

252 1676 373 1718 rum
397 1660 560 1725 vitio,
608 1659 714 1714 hoc
749 1658 833 1711 est
864 1653 1146 1741 sacrilegio
1187 1651 1465 1721 gentilium
1502 1649 1844 1720 populorum,

634 1750 936 1813 sustinens,
980 1746 1092 1802 Deo
1120 1743 1259 1800 ﬁlios
1286 1756 1575 1812 procreare
1607 1757 1717 1797 non
1742 1756 1846 1812 νο.

1955 452 2150 515 corpus
2172 443 2466 499 humanm
2492 485 2507 511 ,
2536 444 2667 499 vitia
2709 445 2919 500 sanavit
2960 456 3221 516 aquarum
3244 485 3259 512 ,
3309 446 3415 501 hoc
3454 454 3541 503 est

1948 537 2215 594 resecavit
2233 537 2510 607 sacrilegia
2531 538 2887 609 populorum;
2919 539 3101 595 statim
3131 537 3393 606 Ecclesia,
3416 554 3538 611 quas

1948 640 2066 689 erat
2085 631 2283 687 sterilis
2306 672 2320 697 ,
2350 631 2518 701 coepit
2554 644 2676 686 esse
2710 631 2955 686 fecunda.
2989 630 3145 688 Unde
3170 640 3226 686 et
3247 631 3539 703 Apostolus

1945 724 2078 780 dicit
2102 740 2116 777 :
2148 722 2353 778 Laetare
2391 722 2599 777 sterilis.
2629 734 2649 759 ο
2682 719 2870 776 Plures
2899 723 3042 778 enim
3072 722 3211 778 ﬁlios
3237 735 3305 778 ex
3333 736 3401 778 eo
3431 721 3538 778 Ec-

1946 816 2132 883 clesia,
2162 830 2282 887 quae
2301 821 2418 871 erat
2445 813 2663 881 sterilis,
2695 816 3018 884 procreavit,
3040 796 3200 886 quam
3225 813 3535 887 Synagogs;

1946 922 2067 981 quin
2114 916 2232 964 erat
2270 906 2497 964 fecunda
2518 945 2536 972 ,
2584 906 2898 976 susceperit.
2944 905 3160 995 Aspersi
3189 915 3370 962 autem
3397 907 3539 963 sales

1946 1004 2040 1075 qui
2081 1003 2217 1068 sint;
2264 1016 2427 1073 quam
2472 998 2751 1056 attulerint
2786 998 3105 1054 medicinam
3144 998 3303 1055 facile
3330 1012 3537 1069 cogno-

1946 1109 2179 1151 scemus.
2222 1094 2360 1149 Dicit
2398 1093 2658 1149 Dominus
2693 1090 2760 1147 ad
2802 1090 3116 1164 apostolos:
3154 1091 3261 1147 Vos
3306 1092 3431 1146 estis
3456 1090 3541 1148 ut

1948 1195 2104 1243 terra
2135 1185 2349 1258 (Haut.
2374 1185 2452 1257 v).
2483 1184 2625 1255 Ergo
2663 1184 2710 1239 si
2748 1182 2979 1254 apostoli
3015 1183 3213 1239 salibus
3242 1182 3540 1256 comparati

1946 1288 2072 1336 sunt
2097 1287 2247 1335 recte
2275 1277 2810 1348 tignracompletur:
2843 1276 2983 1331 sicut
3008 1282 3139 1331 tunc
3175 1265 3328 1332 effusi
3355 1278 3424 1335 de
3445 1291 3539 1332 va-

1947 1372 2099 1427 sculo
2143 1372 2285 1427 sales
2328 1370 2649 1426 eondierunt
2693 1383 2891 1439 aquas;
2936 1367 3010 1423 ita
3046 1375 3103 1423 et
3149 1382 3291 1424 nunc
3329 1369 3479 1424 missi
3505 1380 3538 1424 a

1946 1463 2233 1519 Salvatore
2278 1463 2509 1533 apostoli
2555 1463 2784 1533 populos
2829 1450 3420 1527 condiuntuniversos,
3453 1468 3536 1529 ut,

1950 1555 2129 1611 ablata
2172 1554 2458 1610 sterilitate
2497 1554 2782 1623 vitiorum,
2814 1554 3023 1626 prolem
3054 1552 3313 1624 incipiant
3339 1553 3539 1624 get-mis-

1949 1662 2083 1704 nare
2101 1648 2377 1703 virtutum.
2405 1645 2656 1719 Explicio.

1598 1802 1946 1895 nonius
1976 1802 2207 1897 ‘xmv.

1327 1932 1396 1989 Iit
1413 1936 1743 2000 reparatione
1770 1930 2457 1992 ecclesic'ﬂediotanemit.

1702 2024 2095 2081 ADIONi'l‘lO.

312 2130 393 2188 Ut
410 2130 523 2201 iam
558 2131 613 2185 in
642 2128 971 2201 praefatione
997 2124 1066 2180 ad
1102 2124 1243 2179 hanc
1271 2134 1509 2201 operum
1526 2116 1583 2174 S.
1617 2117 1839 2201 Maximi
1858 2119 2252 2201 collectionem
2275 2121 2534 2201 diximus,
2562 2118 2801 2201 bomiiite
2820 2118 2979 2191 huius
2993 2121 3289 2201 pretiosam
3315 2118 3545 2201 acquisi-

247 2197 458 2262 tionein
486 2197 813 2272 “diligentia;
835 2197 975 2266 studi

1053 2211 1123 2251 ue
1165 2188 1514 2250 eruditissimi
1563 2191 1811 2247 canonici
1858 2188 2132 2247 Francisci
2181 2190 2400 2248 Antonii
2447 2191 2606 2248 Frisii
2650 2188 2929 2245 debemus.

3013 2206 3040 2247 s
3068 2193 3213 2247 enim
3240 2206 3305 2247 ex
3335 2190 3544 2245 duobus

362 2344 517 2400 uibus
558 2330 896 2397 variantibus
932 2336 1254 2393 lectionibus
1300 2350 1368 2389 ex
1408 2332 1704 2403 vetustiore
1733 2330 1920 2403 codice
1948 2330 2298 2403 deprgomptis.
2347 2330 2580 2403 Huiusce
2606 2332 2869 2403 orationis
2898 2330 3172 2403 specimen
3198 2331 3297 2386 sub
3326 2331 3543 2386 nomine

247 2259 577 2400 pP-vetustis
599 2259 749 2327 ‘inss.
804 2259 1097 2339 imperialis
1136 2266 1370 2320 basilica:
1418 2261 1830 2317 Mediolanensis
1878 2276 1997 2315 eam
2039 2263 2211 2331 eruit,
2254 2263 2518 2347 nobisque
2561 2260 2969 2334 perhumaniter
2996 2263 3205 2332 ecpiam
3236 2259 3544 2328 fecit,‘cum

245 2356 275 2400 a
296 2344 517 2400 mnibus
558 2340 889 2397 variantibus
932 2336 1254 2393 lectionibus
1300 2350 1368 2389 ex
1408 2332 1704 2388 vetustiore
1733 2330 1920 2386 codice
1948 2330 2298 2400 depromptis.
2347 2330 2580 2400 Huiusce
2606 2332 2869 2388 orationis
2898 2332 3172 2400 specimen
3198 2331 3297 2386 sub
3326 2331 3543 2386 nomine

296 2332 517 2400 iuuibus
558 2332 896 2397 variantibus
932 2336 1254 2393 lectionibus
1300 2350 1368 2389 ex
1408 2332 1704 2388 vetustiore
1733 2332 1920 2386 codice
1948 2332 2298 2400 depromptis.
2347 2332 2580 2400 Huiusce
2606 2332 2869 2388 orationis
2898 2332 3041 2400 speci

401 2414 562 2469 aximi
593 2413 815 2469 dederat
842 2409 1123 2464 Tristanus
1150 2406 1385 2463 Cbalcus
1417 2420 1512 2459 sua
1554 2403 1608 2457 in
1629 2400 2034 2473 Mediolanensi—
2048 2400 2311 2469 Historia;
2344 2400 2447 2459 sed
2467 2418 2607 2458 nunc
2633 2402 2864 2472 primum
2895 2400 3103 2473 integra
3135 2403 3190 2457 in
3220 2402 3388 2457 lucem
3418 2412 3544 2471 pro-‘-

245 2486 319 2544 dit
353 2487 695 2555 multumque
721 2480 931 2538 confert
960 2487 1019 2535 ut
1044 2479 1103 2534 S.
1135 2477 1400 2532 Maximus
1428 2475 1619 2545 quinto
1645 2474 1843 2530 secqu
1871 2472 2119 2529 ﬂoruisse
2144 2476 2526 2532 constituatur.

245 2602 413 2676 315
436 2574 827 2657 Anco-anon.
851 2627 923 2676 -τ
942 2593 1015 2676 Et
1040 2595 1084 2648 si
1105 2587 1847 2676 ῼσιιέι.ηιξ-τηιιηὶς’,ᾳζίιιυιιριᾴοΡ
1880 2592 1927 2652 Β
1954 2595 2043 2644 tur
2070 2603 2178 2644 non
2214 2599 2237 2626 ι·
2275 2586 2581 2643 difﬁdamus
2610 2595 2991 2660 reparaturum
3015 2586 3172 2642 nobis
3220 2585 3388 2641 Deum
3425 2594 3544 2654 qum

314 2659 499 2730 ἳᾶυοε
529 2687 659 2726 suos
690 2668 936 2725 (erumnis
966 2673 1016 2720 et
1047 2659 1426 2719 calamitatibus
1453 2659 1597 2730 unici
1616 2659 1637 2722 ,⁷
1670 2669 1727 2713 at
1755 2670 1846 2715 eos

313 2726 555 2816 Min
596 2750 646 2796 et
681 2748 912 2816 errantes
957 2736 1026 2790 ad
1066 2752 1121 2816 se
1150 2740 1374 2816 revocet;
1406 2726 1664 2816 liberalius
1704 2737 1843 2816 attu-

315 2832 445 2871 men
465 2800 581 2886 Egit
610 2828 725 2865 cum
752 2810 877 2879 ipsis
896 2848 909 2874 ,
942 2807 1135 2878 quoties
1184 2801 1404 2886 humiles
1446 2810 1495 2853 el
1515 2800 1844 2872 obsequentes

314 2902 441 2942 eum
462 2880 697 2957 quierunt
717 2887 767 2935 et
794 2895 971 2934 amore
994 2880 1387 2950 prosequuntur.

288 3062 491 3120 .Dlulta
516 3067 643 3116 sunt
671 3074 734 3115 ac
751 3042 1075 3122 manifesta,
1106 3054 1299 3109 fratres
1335 3048 1627 3114 carissimi,
1655 3048 1848 3103 divina:

244 3157 560 3218 severitatis
605 3168 668 3210 ac
714 3151 932 3223 pietatis
980 3147 1227 3217 exempla
1252 3186 1267 3211 ,
1326 3144 1522 3216 quibus
1568 3140 1849 3197 etidenter

244 3251 527 3328 possimus
566 3248 845 3303 advertere
884 3243 1051 3299 Deum
1099 3248 1343 3296 nostrum
1392 3234 1646 3292 ineﬁ'abili
1674 3234 1850 3305 justo-

245 3362 355 3419 que
412 3341 784 3400 moderamine
828 3335 1222 3394 contumaciam
1270 3332 1546 3401 corripere
1588 3329 1850 3399 superbo-

244 3418 405 3504 rum,
442 3442 498 3492 et
523 3432 822 3505 supplicum
849 3444 1069 3486 suorum
1098 3427 1285 3481 adesse
1311 3422 1651 3479 meroribus.
1706 3418 1850 3473 Tan-

246 3546 419 3606 quam
464 3525 692 3583 Creator
730 3525 873 3580 enim
919 3534 1136 3578 suarum
1180 3515 1566 3580 creaturarum,
1596 3519 1852 3581 tanquam

250 3602 519 3681 Dominus
559 3630 778 3675 suorum
807 3621 1033 3687 peccata
1062 3611 1317 3679 castigat,
1352 3615 1411 3662 ut
1437 3613 1593 3677 pater
1619 3602 1852 3657 ﬁliorum

250 3714 531 3772 tristitiam
557 3709 885 3768 consolatur.
917 3704 1177 3760 Creatnra
1199 3701 1343 3756 enim
1361 3699 1504 3753 illius
1532 3707 1717 3749 sumus
1734 3691 1855 3761 iure

248 3814 498 3871 natum,
529 3803 671 3859 servi
710 3800 827 3870 ejus
854 3810 1073 3877 sumus,
1118 3794 1243 3862 quia
1270 3788 1543 3857 sanguinis
1571 3784 1651 3841 sui
1680 3783 1854 3853 pretio

250 3916 360 3956 nos
388 3895 648 3958 redemit;
688 3890 784 3945 inii
810 3872 1026 3948 sumus,
1059 3884 1185 3954 quia
1220 3880 1451 3937 cmlestis
1478 3876 1636 3931 nobis
1661 3872 1854 3929 nativi-

1950 2688 2134 2738 nostra
2163 2689 2290 2737 sunt
2311 2722 2326 2749 ,
2377 2680 2422 2736 sl
2452 2694 2552 2736 nos
2582 2681 2643 2735 in‘
2672 2679 2827 2735 nobis
2866 2692 2987 2748 qua:
3026 2677 3125 2733 Dei
3153 2685 3288 2742 sunt,
3318 2691 3543 2748 repare-

1948 2789 2088 2829 mus.
2150 2772 2287 2828 Olim
2330 2786 2564 2841 namque
2609 2785 2730 2827 cum
2770 2784 3026 2825 revocare
3072 2769 3140 2824 ad
3182 2784 3241 2824 se
3287 2767 3546 2823 Dominus

1948 2868 2206 2938 populum
2249 2865 2266 2904 τ
2311 2879 2466 2922 suum
2514 2864 2827 2932 dignaretur
2872 2867 3174 2928 errantem,
3215 2861 3289 2916 ait
3330 2859 3406 2915 illi
3447 2872 3546 2929 per

1950 2962 2270 3033 prophetam
2312 2973 2499 3023 suum,
2531 2957 2717 3013 dicens
2743 2972 2755 3008 :
2790 2953 2975 3010 Redite
3008 2954 3079 3009 ad
3103 2972 3211 3020 me,
3244 2963 3294 3008 et
3322 2959 3547 3008 revertar

1950 3052 2023 3107 sd
2047 3069 2133 3108 vos
2165 3050 2418 3123 (Malach.
2454 3064 2527 3115 m,
2563 3048 2636 3119 7).
2670 3047 2726 3103 Id
2755 3053 2836 3102 est
2859 3057 2885 3094 8
2905 3052 3156 3105 revocate
3185 3060 3311 3115 erga
3339 3060 3427 3100 me
3446 3058 3547 3099 vos

1953 3143 2111 3200 ﬁdem
2138 3153 2393 3209 vestram,
2416 3147 2473 3198 et
2501 3152 2601 3209 ego
2622 3154 2799 3195 meam
2818 3138 2974 3194 vobis
3000 3139 3228 3209 gratiam
3255 3137 3543 3208 reparabo.

1954 3234 2182 3290 Reddite
2213 3248 2332 3303 qua:
2369 3232 2611 3298 debetis,
2647 3238 2701 3287 et
2729 3231 2927 3300 exigite
2955 3230 3100 3301 quod
3127 3231 3404 3301 promitto.
3438 3229 3547 3283 Au-

1953 3328 2065 3383 dite
2092 3342 2212 3398 qua:
2234 3325 2418 3395 iubeo,
2445 3331 2502 3380 et
2528 3323 2719 3379 faciam
2749 3332 2868 3393 quae
2899 3322 3117 3390 rogatis.
3153 3322 3347 3395 Tollite
3382 3319 3548 3376 offen-

1956 3418 2167 3475 sionum
2189 3431 2378 3470 causas
2396 3457 2409 3481 ,
2442 3422 2498 3469 et
2526 3414 2819 3469 removebo
2849 3398 3160 3486 vindictam.
3203 3410 3545 3481 Quanquam,

1954 3508 2238 3571 carissimi,
2270 3508 2323 3561 in
2344 3506 2474 3575 ipsis
2503 3503 2940 3560 tribulationibus
2967 3503 3184 3568 nostris,
3208 3517 3344 3572 quas
3366 3510 3548 3558 tamen

1956 3600 2301 3672 possibiliter,
2334 3598 2445 3652 Deo
2474 3594 2811 3661 moderante,
2840 3592 3178 3665 pertulimus,
3198 3592 3415 3663 quidam
3444 3592 3545 3647 im-

1955 3691 2113 3763 periti
2145 3691 2303 3744 nimis
2332 3689 2654 3758 interpretes
2674 3685 2908 3751 fuerunt,
2937 3684 3176 3740 dicentes
3202 3702 3214 3737 :
3246 3682 3408 3755 periit
3433 3684 3548 3742 haec

1958 3782 2180 3846 civitas,
2211 3778 2448 3850 collapsa
2480 3785 2564 3833 est
2591 3774 2860 3843 Ecclesia,
2891 3791 3001 3831 non
3029 3783 3111 3831 est
3133 3774 3243 3845 iam
3274 3790 3434 3831 causa
3464 3775 3546 3830 vi-

1958 3873 2135 3930 vendi.
2188 3872 2302 3928 lmo
2339 3885 2501 3927 causa
2538 3876 2620 3926 est
2657 3868 2853 3939 iustius
2897 3868 3061 3940 316
3089 3868 3437 3937 sanctiusque
3464 3866 3544 3921 vi-

248 3991 391 4046 tatis
419 3990 755 4042 sacramenta
796 3979 1018 4048 largitus
1050 3982 1151 4031 est.
1183 3972 1369 4041 itaque
1396 3974 1642 4025 creatura
1667 3980 1851 4023 sumus
1876 3972 1922 4035 ο
1956 3964 2143 4031 vendi;
2170 3964 2295 4033 quia
2325 3963 2463 4017 Deus
2493 3962 2852 4031 omnipotens,
2881 3960 2973 4029 qui
3000 3966 3195 4014 cuncta
3219 3960 3330 4015 lucc
3351 3972 3547 4027 magna

247 4089 316 4139 ut
345 4083 701 4142 veneremur,
744 4071 887 4128 servi
929 4077 989 4124 ut
1014 4074 1349 4128 metuamus,
1386 4062 1478 4117 iilii
1507 4068 1567 4116 ut
1590 4073 1848 4114 amemus.

246 4173 511 4241 Denique
537 4177 599 4225 ut
625 4167 966 4238 omnipotens
989 4161 1248 4218 Dominus
1268 4160 1401 4213 iram
1428 4155 1616 4211 ﬂendae
1642 4152 1854 4209 desola-

242 4265 428 4326 tionis
455 4261 483 4302 δ
512 4263 638 4319 huic
676 4259 928 4316 Ecclesiae
970 4250 1178 4317 intulit,
1224 4259 1279 4308 et
1317 4257 1377 4306 ut
1411 4248 1856 4306 clementissimus

241 4367 420 4437 pater
455 4356 774 4413 desideratas
811 4349 1167 4423 reparationis
1194 4348 1414 4418 pratstat
1442 4342 1711 4399 eﬁ‘ectum.
1746 4339 1849 4437 qui

242 4431 310 4510 ut
362 4447 678 4507 ostenderet
723 4440 1172 4511 subseqmi‘ntibus
1218 4452 1283 4493 se
1327 4434 1659 4505 temporibus
1702 4431 1850 4487 urbis

245 4542 570 4617 huiusmodi
611 4539 799 4596 faciem
829 4537 977 4592 velut
1006 4532 1240 4605 reparati
1267 4537 1387 4603 post
1422 4529 1626 4585 obitum
1656 4541 1850 4597 corpo-

244 4636 329 4693 ris
356 4632 700 4690 redditurum
725 4672 739 4696 ,
789 4628 1085 4684 Ecclesiam
1132 4629 1260 4678 ante
1304 4636 1485 4684 suam,
1521 4632 1642 4689 quae
1665 4619 1851 4687 utique

245 4736 427 4801 caput
461 4732 544 4781 est
570 4724 823 4787 civitatis,
858 4720 1093 4777 rediviva
1124 4710 1842 4781 constructione”reparavit.

246 4819 360 4888 Qui
391 4829 525 4885 ergo
564 4812 941 4870 instaurationi
977 4809 1200 4880 collapsi
1241 4805 1433 4877 capitis
1457 4802 1647 4868 adfuit,
1677 4801 1843 4867 dabit,

244 4911 295 4969 si
326 4910 411 4965 ita
438 4921 769 4970 mercamur,
810 4910 873 4958 ut
907 4900 1140 4972 iacentia
1187 4896 1377 4967 capitis
1419 4895 1584 4965 ipsius
1611 4890 1854 4947 membra

246 4994 629 5070 consurgant.
668 4996 774 5051 Aut
814 5010 909 5050 cur
941 4991 1215 5048 dubitetur
1250 5002 1410 5059 posse
1438 4987 1609 5041 Deum
1639 4990 1855 5038 terrena

245 5108 455 5154 eorum
491 5088 833 5147 tabernacula
872 5084 1196 5147 reformare,
1227 5079 1453 5151 quibus,
1483 5077 1528 5132 si
1557 5084 1705 5131 recte
1738 5088 1857 5130 cre-

245 5188 390 5242 dant
432 5191 690 5252 recteque
724 5182 933 5245 vivant,
978 5176 1316 5233 beatissimas
1357 5179 1517 5242 atque
1555 5169 1857 5239 insuspicao

246 5279 396 5340 biles
434 5278 746 5335 mansiones
785 5275 1034 5329 daturum
1075 5287 1133 5327 se
1170 5267 1437 5341 promittit
1466 5267 1518 5321 in
1548 5263 1724 5321 εαξιοῖ
1751 5262 1853 5332 lgi-

323 5468 354 5498 ι
396 5454 538 5513 Cod.
572 5453 845 5519 Ambros,
876 5448 1224 5520 sanctiﬁcatic
1252 5446 1517 5520 ρτορρςιῳ
1550 5442 1845 5520 susciperet.

322 5529 355 5569 δ
398 5511 539 5583 Cod.
564 5523 687 5580 Vat.
723 5511 878 5588 H77,
910 5536 1025 5591 quas
1046 5511 1105 5591 in
1138 5511 1358 5572 adventu
1384 5511 1599 5591 Christi.

331 5611 355 5639 ο
402 5582 531 5651 Haec
576 5582 949 5649 adduntur'in
999 5590 1171 5645 tribus
1216 5586 1531 5643 memoratis
1555 5582 1849 5651 codicibus,

253 5663 1011 5800 stlésostfnggsil?eg£ittillt
1040 5734 1191 5797 hujus
1212 5728 1259 5788 Ε
1264 5727 1483 5785 celeria.

1958 4070 2081 4113 cum
2106 4055 2309 4125 pietate
2336 4051 2627 4122 dispensat,
2650 4050 2888 4106 hostium
2914 4049 3160 4105 manibus
3193 4048 3214 4085 ει
3248 4050 3545 4116 civitatem,

1958 4162 2067 4202 non
2095 4159 2217 4215 qua:
2244 4144 2299 4199 in
2326 4142 2480 4199 vobis
2507 4148 2615 4207 est,
2644 4141 2738 4198 sed
2775 4141 3078 4197 habitacula
3110 4139 3329 4195 tradidit
3357 4140 3547 4196 civita-

1961 4240 2059 4305 tis;
2085 4253 2186 4293 nec
2214 4235 2510 4293 Ecclesiam
2539 4249 2712 4301 suam,
2743 4249 2863 4306 quae
2888 4248 3019 4291 vere
3039 4242 3125 4289 est
3148 4231 3388 4289 Ecclesia
3414 4246 3549 4290 con-‘

1959 4330 2099 4386 sumi
2114 4329 2274 4399 iussit
2302 4328 2550 4384 incendio
2568 4370 2582 4393 ,
2624 4324 2720 4382 sed
2752 4341 2853 4397 pro
2876 4333 3060 4382 nostra
3086 4324 3431 4395 correptione
3457 4340 3546 4380 re-

1955 4424 2232 4496 ceptaeula
2252 4421 2504 4479 Ecclesiae
2524 4419 2768 4491 permisit
2787 4420 2957 4475 exuri.
2986 4419 3046 4473 ln
3074 4419 3286 4490 populis
3316 4432 3546 4488 namque

1958 4517 2228 4572 civitatem
2248 4554 2263 4580 ,
2295 4522 2349 4569 et
2380 4514 2432 4567 in
2463 4512 2620 4583 plebe
2647 4509 2941 4565 Ecclesium
2973 4509 3150 4563 nullus
3177 4508 3419 4577 sapiens,
3452 4514 3547 4563 aut

1957 4607 2129 4663 ﬁdelis
2154 4606 2384 4674 ignorat.
2420 4602 2647 4673 Propter
2672 4601 2834 4671 quod,
2867 4598 3147 4664 carissimi,
3178 4613 3287 4654 non
3313 4599 3461 4669 tigna
3490 4602 3549 4656 ef

1955 4700 2167 4763 trabes,
2193 4696 2290 4752 sed
2316 4710 2415 4751 vos
2443 4694 2554 4749 Deo
2584 4702 2768 4748 nostro
2791 4690 2967 4746 vivam
2993 4692 3328 4762 praeséntatis
3353 4688 3543 4751 Eccle-

1955 4792 2119 4857 sium;
2168 4802 2269 4845 vos
2313 4795 2486 4844 totam
2531 4784 2706 4841 facitis
2753 4783 3027 4839 civitatem
3073 4792 3129 4838 et
3172 4783 3295 4839 ideo
3341 4784 3396 4839 in
3428 4783 3544 4855 ipsa

1957 4882 2172 4939 familiai
2208 4895 2319 4936 sua
2365 4877 2661 4936 offensione
2708 4875 2973 4948 propitius
3018 4875 3162 4931 Deus
3190 4874 3269 4933 sic
3289 4874 3545 4932 universa

1955 4977 2206 5047 dignatus
2232 4981 2316 5032 est
2342 4982 2672 5045 temperare,
2704 4977 2841 5027 utet
2865 4970 3036 5026 multa
3058 4977 3242 5026 nostra
3270 4986 3378 5026 non
3398 4976 3549 5027 esset

1958 5069 2212 5139 iniquitas
2232 5108 2248 5135 ,
2298 5073 2354 5123 et
2399 5064 2825 5136 supplicantibus
2868 5063 3038 5119 servis
3093 5063 3204 5119 suis
3252 5059 3546 5118 salutifbrai

1959 5161 2387 5231 conversationis
2436 5167 2679 5228 tempore
2723 5156 3024 5225 largiretur.
3102 5154 3237 5208 Nam
3281 5149 3548 5207 beneﬁcio

1955 5256 2175 5330 pietatis
2204 5254 2339 5325 eius,
2374 5259 2500 5324 post
2528 5259 2734 5305 tantum
2765 5259 2815 5304 et
2844 5232 2950 5303 tam
2981 5247 3206 5314 lugubre
3238 5243 3365 5299 illud
3396 5241 3545 5298 exci-

2033 5445 2056 5474 θ
2095 5435 2240 5491 Idem
2270 5432 2414 5499 cod.,
2442 5447 2547 5487 non
2564 5429 2878 5500 difﬁdamur.

2037 5504 2056 5546 τ
2096 5505 2238 5561 Idem
2267 5503 2387 5560 cod.
2421 5501 2621 5559 omittit
2650 5505 2818 5553 statin.

2034 5586 2061 5637 β
2096 5576 2247 5633 Idem
2274 5573 2426 5643 cod.,
2456 5578 2717 5643 renovate.

2033 5634 2063 5686 ίι
2097 5629 2245 5705 iaéiii
2271 5629 2426 5713 cod.,,
2443 5660 2549 5701 non
2574 5642 2852 5699 civitatem,
2883 5648 2998 5699 qua
3020 5633 3076 5687 in
3104 5629 3245 5686 vobis
3271 5636 3369 5685 ut.
