4056 6346
479 277 578 335 47!

1667 269 1730 330 S.
1768 266 2016 328 MAXIMI
2054 266 2502 331 TAURINENSIS

3656 272 3759 332 ιη

483 364 633 453 dium
651 432 666 461 ,
716 407 845 451 ecce
887 400 1126 450 summus
1162 356 1417 447 sacerdos
1442 400 1573 445 suus
1599 393 1740 444 astat
1765 385 2068 452 incolumis,
2099 380 2152 447 Α
2175 386 2375 445 dictam
2421 404 2548 462 erga
2593 405 2694 448 nos
2738 405 2889 449 suam
2935 391 3194 450 Dominus
3225 386 3564 464 temperavit,
3590 398 3651 446 ut
3676 390 3758 447 di-

484 488 662 544 elerus
713 487 940 557 integer,
986 492 1042 540 et
1078 482 1230 555 plebs
1258 483 1370 554 ipsa
1395 520 1410 547 ,
1459 482 1588 539 licet
1620 480 1721 538 sub
1757 479 2073 552 quotidiano

485 579 660 636 adhuc
686 587 854 647 metu,
883 586 938 634 et
964 584 1157 634 maesta
1185 579 1392 640 vivens,
1419 579 1595 631 tamen
1618 575 1670 630 in
1693 574 1939 631 libertate
1957 587 2076 644 per-

484 671 659 727 durat.
684 669 803 727 Non
824 684 952 741 ergo
981 685 1124 725 nunc
1152 667 1389 724 Ecclesia
1411 674 1660 738 reparata
1688 674 1790 731 est,
1818 680 1939 736 qua:
1961 664 2075 720 Deo

488 768 811 833 protegente
836 777 942 817 non
972 761 1161 833 periit,
1203 759 1300 816 sed
1326 760 1564 831 parietes
1591 765 1647 814 et
1674 765 1812 813 tecta
1844 757 1957 812 haec
1981 771 2075 812 ve-

487 865 659 915 stram
685 874 804 925 vos,
819 839 926 927 'qui
947 856 1043 912 Dei
1065 856 1199 912 estis
1210 853 1466 921 Ecclesia,
1488 853 1785 925 recepistis.
1815 851 1920 907 Vos
1939 852 2076 906 enim

485 950 629 1016 estis,
661 957 723 1004 ut
749 948 825 1003 ait
852 947 1162 1020 Apostolus,
1197 946 1439 1018 templum
1466 945 1565 1000 Dei
1585 947 1680 1001 vivi
1704 942 1793 1015 (ΙΙ
1818 941 1938 999 Cor.
1970 944 2070 1016 ιιι).

489 1040 643 1098 Unde
671 1022 1009 1097 advertimirii
1029 1082 1043 1106 ,
1076 1039 1286 1104 fratres,
1316 1039 1440 1109 quia
1472 1053 1592 1093 eum
1611 1037 1851 1108 peccatis
1878 1036 2078 1093 nostris

487 1132 557 1189 de
585 1132 741 1189 nobis
768 1140 912 1188 esset
949 1131 1083 1186 ultio
1106 1130 1251 1200 justa
1294 1128 1593 1201 poscenda,
1636 1128 1967 1196 benignitate
2002 1126 2078 1199 pii

487 1223 679 1295 iudicis
715 1240 823 1279 non
862 1224 964 1296 ipsi
994 1238 1122 1286 nos,
1155 1221 1251 1277 sed
1286 1236 1352 1277 ea
1377 1237 1497 1292 quae
1531 1228 1715 1276 nostra
1739 1219 2075 1284 videbantur,

487 1319 583 1370 aut
606 1315 788 1386 przedo
816 1308 1062 1386 diripuit,
1104 1320 1195 1369 aut
1223 1313 1344 1384 igne
1374 1312 1623 1383 ferroque
1650 1320 1964 1382 consumpta
1983 1326 2079 1383 pe-

489 1407 714 1464 rierunt.
776 1406 867 1463 Sic
905 1422 1287 1478 nonnunquam
1334 1422 1432 1477 pro
1478 1413 1689 1461 terrore
1733 1411 1922 1461 nostro
1968 1405 2079 1459 cle-

490 1506 704 1555 menter
748 1498 934 1564 nobis,
987 1498 1296 1569 indignante
1332 1497 1473 1565 Deo,
1521 1504 1576 1552 et
1612 1497 1750 1553 coelo
1788 1494 2080 1551 tremendis

490 1591 712 1647 vocibus
733 1590 1013 1646 intonante
1030 1630 1045 1655 ,
1072 1598 1129 1646 et
1153 1605 1323 1646 sacrze
1345 1589 1488 1645 (edes
1515 1589 1814 1659 domusque
1834 1588 2075 1660 privataz,

492 1684 756 1754 pecudum
801 1698 990 1753 greges
1024 1692 1083 1739 et
1124 1684 1335 1739 diversa
1361 1683 1760 1755 quadrupedia,
1794 1682 2080 1738 fructuosa:

2175 483 2345 539 versis
2374 483 2595 540 urbibus
2616 524 2632 551 ,
2671 483 2891 540 vastatis
2919 484 3060 554 agris
3100 482 3760 555 imminutaquesnhstan-

2177 576 2284 641 tia,
2316 568 2436 632 'nec
2480 578 2675 633 animae
2718 586 2951 644 nostrae,
2999 593 3101 634 nee
3145 593 3375 648 corpora
3419 576 3757 632 laederentur.

2176 668 2380 726 Idcirco
2409 678 2592 726 autem
2621 672 2801 741 magni
2842 671 2984 727 illius
3022 669 3123 726 Job
3168 669 3454 741 putredine
3498 669 3761 727 vermium

2178 771 2496 835 corruptum
2525 781 2724 836 corpus
2753 765 3054 832 inhorruit;
3085 765 3210 835 quia
3232 764 3323 820 ille
3347 764 3432 819 vir
3459 763 3617 819 fortis
3641 781 3766 835 pro.

2176 855 2407 911 habatur
2430 855 2498 911 ad
2523 857 2749 926 gloriam
2768 898 2783 923 ,
2815 873 2915 912 nos
2938 872 3070 913 vero
3101 864 3161 912 ut
3188 855 3385 911 infirmi
3417 854 3768 911 servabantur

2178 946 2246 1002 ad
2274 947 2522 1017 gratiam.
2558 947 2635 1003 Ae
2669 947 2896 1018 proinde
2925 963 3037 1003 non
3064 946 3396 1016 ambigamus
3420 932 3770 1016 possé"riobis

2177 1036 2348 1093 Deum
2386 1038 2722 1108 posterisque
2762 1038 2958 1094 nostris
3004 1037 3200 1093 amissa
3229 1051 3506 1108 reparare,
3538 1051 3662 1092 cum
3690 1036 3771 1091 vi-

2178 1131 2446 1198 deamus,,
2479 1128 2789 1186 fidelissimo
2824 1130 2957 1197 Job,
2987 1130 3129 1186 vieto
3152 1136 3335 1185 tamen
3361 1127 3609 1192 diabolo,
3640 1142 3773 1183 eon-

2179 1225 2477 1296 geminatas
2504 1240 2662 1295 opes,
2714 1230 2974 1281 renovata
3020 1224 3273 1294 pignora,
3325 1229 3383 1277 et
3421 1219 3773 1277 savissimam

2180 1316 2426 1387 corporis
2453 1314 2569 1385 ejus
2595 1315 2807 1386 plagam
2835 1314 3068 1371 mirabili
3095 1313 3326 1370 sanitate
3352 1320 3618 1369 curatam.
3667 1311 3775 1366 Ita-

2181 1423 2287 1479 que
2319 1406 2346 1447 d
2377 1410 2760 1479 congruentius
2781 1424 2844 1463 ac
2864 1406 3166 1465 necessarie
3185 1406 3276 1461 hic
3301 1404 3384 1460 vir
3407 1403 3772 1468 beatissimus,

2181 1502 2484 1573 summique
2530 1501 2624 1556 Dei
2653 1500 2905 1556 sacerdos
2944 1497 3208 1555 Eusebius
3247 1495 3560 1559 nobiscum,
3592 1502 3649 1551 et
3673 1510 3777 1566 pro

2183 1593 2339 1650 nobis
2367 1593 2677 1649 Davidicum
2702 1591 2833 1647 illud
2878 1606 3075 1647 canere
3105 1599 3129 1629 ο
3159 1589 3229 1644 ad
3262 1589 3437 1644 Deum
3463 1594 3664 1659 potest,
3687 1586 3778 1642 di-

2183 1699 2349 1740 cens:
2381 1682 2522 1739 Deus
2565 1684 2721 1738 vitam
2760 1699 2928 1737 meam
2959 1681 3211 1750 _nuntitm'
3256 1678 3381 1745 tibi,
3432 1678 3648 1750 posuisti
3692 1677 3776 1731 tuo

494 1742 560 1830 ac
581 1742 1062 1843 sterilesvarbores,
1096 1791 1257 1847 rupes
1285 1791 1349 1831 ac
1376 1742 1517 1831 celsa
1545 1742 1808 1830 montium
1836 1774 1945 1829 ictu
1973 1772 2077 1844 ful-
2109 1779 2153 1839 B
2180 1793 2381 1847 crymas
2426 1791 2565 1831 meas
2610 1775 2665 1828 in
2713 1742 2983 1845 conspectu
3025 1782 3111 1828 tuo
3150 1770 3321 1844 (Psal.
3356 1769 3467 1842 Lv).
3514 1770 3688 1843 318
3719 1769 3780 1825 Id

493 1864 698 1923 minum
722 1866 1049 1936 jaculantur.
1091 1866 1161 1921 Et
1197 1875 1255 1922 ut
1283 1882 1473 1923 sensus
1503 1866 1673 1922 nostri
1698 1873 2083 1922 convertantur

493 1955 563 2011 ad
588 1956 757 2012 Deum
786 1965 1078 2027 nostraque
1101 1958 1212 2013 vita
1239 1957 1497 2024 salvetur,
1529 1958 1617 2012 illa
1638 1973 1737 2028 pro
1757 1958 1932 2024 nobis,
1964 1971 2083 2027 qua:

493 2055 585 2103 aut
612 2063 770 2104 sensu
800 2056 987 2104 carent
1010 2057 1103 2104 aut
1127 2050 1310 2105 vivere
1337 2065 1396 2105 se
1416 2050 1680 2115 nesciunt,
1713 2048 2078 2104 fulminantur.

493 2139 662 2208 Quam
688 2141 900 2212 placida
928 2141 1044 2198 haec
1071 2142 1326 2207 vindicta,
1367 2150 1424 2198 et
1450 2157 1611 2212 quam
1632 2149 1857 2212 paterna
1876 2141 1944 2197 de
1969 2141 2084 2212 pie-

490 2241 615 2289 tate
650 2233 1016 2289 descendens!
1066 2235 1176 2290 Nos
1212 2233 1598 2304 delinquimus,
1632 2242 1688 2289 et
1712 2234 1906 2290 omium
1933 2234 2085 2289 saevit

490 2324 546 2380 in
572 2324 838 2395 pecudes,
872 2340 971 2379 nos
1000 2324 1271 2380 llammam
1299 2340 1590 2390 meremur,
1630 2326 1793 2382 arbor
1817 2326 2081 2392 exuritur,

492 2432 591 2472 nos
619 2416 902 2487 plectenda
932 2423 1250 2486 peccamus,
1289 2424 1345 2472 et
1380 2432 1511 2472 saxa
1540 2433 1639 2487 pro
1668 2416 1825 2473 nobis
1852 2417 2086 2473 subeunt

492 2508 771 2564 ultionem.
804 2507 1079 2563 Interdum
1099 2494 1229 2563 Sane
1258 2496 1442 2580 aliqui,
1471 2508 1539 2564 de
1565 2508 1759 2583 quibus
1780 2510 1854 2564 ita
1881 2508 2084 2564 discer-

492 2599 573 2656 nit
601 2596 759 2662 Deus,
790 2598 1094 2679 adumbrati
1116 2598 1492 2653 examinantur
1518 2607 1577 2654 ut
1603 2599 1867 2655 homines.
1901 2599 2083 2656 Primo

493 2688 734 2744 omnium
767 2698 789 2724 υ
819 2687 1254 2761 delinquentibus
1290 2705 1400 2746 non
1429 2690 1499 2745 sit
1526 2692 1780 2747 continua
1809 2691 1877 2747 de
1905 2691 2081 2762 impu-

493 2770 663 2833 nitate
692 2778 971 2834 securitas.
1005 2778 1209 2835 Deinde
1241 2788 1301 2834 ut
1329 2781 1665 2861 peccantium
1688 2782 2083 2838 multitudinem

493 2871 730 2939 corrigat
775 2885 934 2941 poena
979 2886 1295 2942 paucorum.
1346 2872 1477 2939 Quis
1524 2889 1634 2929 non
1673 2874 1899 2929 miretur
1937 2874 2084 2931 illam

493 2951 696 3017 tantam
719 2963 1179 3033 dispensationem
1210 2964 1302 3019 ira:
1323 2963 1557 3020 caelestis
1586 2972 1639 3020 et
1665 2966 1889 3033 gratim?
1910 2965 2086 3034 Quan-

2186 1874 2287 1931 est,
2316 1880 2416 1935 ego
2447 1866 2541 1921 tibi
2571 1858 2797 1921 Domine
2826 1880 2946 1920 mea
2974 1880 3092 1918 sum
3122 1858 3343 1935 peccata
3372 1861 3687 1929 confessus,
3720 1871 3780 1919 tu

2183 1966 2332 2013 tuam
2356 1956 2782 2014 misericordiam
2824 1972 2932 2011 non
2963 1956 3190 2025 negasti.
3226 1953 3458 2010 Probavi
3480 1953 3781 2024 iudicantis

2183 2064 2462 2107 censuram
2479 2068 2494 2116 ;
2518 2049 2746 2119 gratiam
2770 2049 3044 2120 parcentis
3059 2063 3314 2119 agnosco.
3348 2047 3611 2105 Maerores
3628 2064 3783 2106 meos

2185 2157 2251 2199 ac
2297 2143 2564 2198 tristitiam
2611 2142 2785 2214 plebis
2824 2150 2940 2198 tua:
2989 2142 3041 2197 in
3091 2141 3525 2213 peregrinatione
3559 2141 3781 2210 deflevi,

2184 2234 2279 2291 sed
2308 2235 2570 2307 lacrymas
2603 2233 2621 2273 ῐ
2654 2250 2685 2289 a
2707 2242 2759 2290 te
2786 2249 2936 2291 meas
2961 2234 3172 2304 gaudeo
3196 2250 3302 2289 non
3328 2251 3448 2292 esse
3473 2235 3782 2307 despectas.

2186 2325 2491 2383 Convertisti
2537 2327 2674 2381 enim
2720 2325 2976 2394 Domine,
3010 2335 3067 2382 ut
3094 2327 3170 2381 ait
3198 2327 3482 2397 propheta,
3514 2328 3783 2399 planctus

2185 2437 2353 2475 meum
2370 2420 2425 2474 in
2445 2420 2691 2493 gaudium
2719 2419 2847 2474 mihi
2876 2418 3047 2491 (Psal.
3075 2422 3246 2488 xxix).
3288 2418 3557 2489 Expulisti
3580 2434 3669 2475 me
3693 2419 3783 2475 οι.

2184 2513 2387 2578 fensus,
2423 2519 2479 2568 et
2496 2513 2763 2583 pr0pitius
2789 2512 3092 2568 reduxisti;
3118 2511 3253 2576 Imo,
3281 2521 3342 2567 ut
3368 2512 3554 2568 verius
3579 2512 3780 2578 dicam,

2184 2607 2454 2679 propitius
2498 2605 2790 2677 expulisti,
2839 2620 2908 2662 ne
2952 2606 3006 2660 in
3053 2606 3177 2662 loco
3205 2614 3408 2662 temere
3455 2620 3786 2676 permanens

2185 2698 2459 2755 miseriam
2493 2698 2818 2768 captivitatis
2854 2698 3202 2755 ineurrerem.
3245 2708 3271 2745 κ
3315 2696 3472 2764 Quod
3509 2700 3784 2767 merebar,

2187 2792 2418 2850 obtinui.
2468 2790 2667 2848 Refero
2712 2792 2897 2861 itaque
2934 2798 3152 2846 aeternae
3193 2790 3378 2861 gloria:
3417 2798 3522 2846 tua:
3575 2791 3785 2847 debitas

2187 2886 2409 2957 gratias,
2439 2885 2564 2956 quia
2594 2891 2838 2941 sanctam
2863 2884 3005 2940 hanc
3024 2884 3243 2940 domum
3269 2892 3446 2951 tuam,
3487 2901 3652 2956 quam
3680 2900 3787 2940 nec

2187 2978 2314 3035 stris
2340 2976 2548 3033 meritis
2596 2976 2747 3032 furor
2790 2976 3053 3032 barbarus
3108 2976 3505 3048 eomplanavit,
3552 2994 3654 3049 per
3693 2992 3787 3035 me

493 3053 814 3125 doquidcm,
849 3055 1067 3126 irruptis
1108 3056 1303 3123 muris,
1342 3064 1583 3114 armatos
1610 3057 1955 3129 furentesque
1981 3060 2083 3115 ho-
2188 3083 2403 3134 servum
2432 3075 2585 3124 tuum
2620 3067 2871 3137 dignatus
2896 3082 2958 3123 es
2983 3067 3340 3138 reparare,'et
3359 3069 3788 3140 congregatione

493 3153 605 3201 stes
628 3188 642 3212 ,
675 3147 860 3231 populi
898 3148 1142 3204 inermes
1164 3189 1180 3214 ,
1229 3157 1288 3203 ut
1317 3149 1636 3205 velocissimi
1686 3151 1893 3221 equites
1921 3152 2081 3225 317
2110 3140 2156 3204 C
2188 3162 2429 3233 dispersa
2469 3160 2643 3231 plebis
2672 3168 2806 3227 tum,
2852 3162 2989 3216 meis
3016 3176 3161 3218 nunc
3182 3162 3354 3218 oculis
3375 3160 3678 3229 madidis“,
3699 3169 3787 3216 ει.

494 3237 648 3293 tarda
679 3246 841 3309 atque
870 3254 1036 3295 onere
1065 3247 1285 3309 gravata
1312 3256 1410 3295 suo
1441 3240 1820 3311 trepidantium
1848 3243 2087 3313 plaustra

491 3328 762 3402 fugerunt.
815 3330 884 3386 Et
929 3332 1149 3402 quidem
1194 3332 1471 3388 nonnullis
1513 3334 1581 3389 de
1620 3334 1786 3399 clero,
1813 3343 1905 3390 aut
1931 3335 2088 3406 plebe

491 3423 755 3480 evadendi
793 3432 886 3479 aut
921 3425 1249 3495 possibilitas
1269 3424 1466 3493 defuit,
1498 3432 1592 3480 aut
1618 3427 1886 3491 voluntas.
1935 3427 2085 3495 Quo-

492 3535 610 3575 rum
639 3520 765 3574 vitae
801 3519 1099 3588 mortisque
1132 3519 1272 3574 ratio
1301 3518 1487 3574 divino
1516 3526 1599 3575 est
1628 3520 1977 3590 relinquenda
2000 3520 2088 3590 ju-

492 3609 658 3666 dicio.
707 3611 1066 3667 Consolemur
1111 3626 1212 3667 nos
1259 3611 1468 3681 itaque,
1518 3610 1739 3678 fratres,
1789 3628 1889 3668 nec
1917 3629 2087 3683 usque

490 3699 523 3740 ιι
548 3697 684 3754 adeo
715 3692 1051 3771 suspiremus
1093 3701 1363 3772 collapsas
1396 3717 1517 3757 esse
1535 3702 1751 3769 domos,
1783 3704 1907 3774 quia
1928 3690 2087 3759 'vide-

494 3804 622 3846 mus
646 3793 1046 3861 reparationem
1070 3794 1356 3850 domorum
1385 3796 1442 3850 in
1470 3796 1702 3851 dominis
1730 3807 2080 3853 reservatam.

498 3881 844 3953 Compietum
894 3891 997 3947 est,
1029 3892 1088 3938 ut
1136 3895 1394 3955 apparet,
1426 3888 1587 3941 etiam
1616 3888 1670 3942 in
1702 3889 1858 3943 nobis
1887 3905 2087 3960 prince-

493 3980 648 4044 ptum
678 3973 811 4029 illud
857 3974 1071 4029 Domini
1117 3974 1183 4030 de
1223 3992 1381 4032 servo
1429 3992 1529 4032 suo
1557 3975 1692 4045 Job;
1742 3996 1864 4034 cum
1893 3990 2086 4050 agente

492 4067 752 4122 adversus
771 4082 895 4123 eum
924 4067 1160 4133 diabolo,
1193 4070 1481 4124 terminum
1507 4079 1732 4140 poneret
1759 4088 2085 4142 persequen-

495 4158 576 4215 di.
627 4160 717 4214 Ait
746 4160 887 4215 enim
933 4161 1029 4226 illi,
1057 4162 1197 4216 sicut
1225 4162 1420 4230 legitur
1444 4181 1456 4215 :
1490 4163 1679 4219 Omnia
1700 4181 1815 4236 qum
1843 4164 1993 4219 habet
2021 4166 2086 4220 do

431 4246 439 4254 ’
493 4252 551 4306 in
576 4260 760 4305 manus
791 4259 935 4316 tuas;
966 4251 1058 4305 sed
1091 4252 1262 4325 ipsum
1293 4268 1357 4305 ne
1394 4261 1581 4324 tangas
1608 4253 1749 4326 (Job.
1782 4265 1845 4325 ι).
1894 4254 1958 4309 Ει
1986 4258 2086 4312 ite-

491 4358 653 4405 rum:
675 4340 813 4397 Ecce
835 4344 984 4421 trado
1003 4343 1150 4398 illum
1179 4342 1299 4409 tibi;
1331 4352 1531 4398 tantum
1553 4346 1617 4398 ab
1639 4347 1815 4402 anima
1836 4350 1946 4421 ejus
1979 4360 2001 4389 ε
2034 4358 2085 4405 te

493 4424 717 4490 custodi.
752 4435 870 4503 Qua
892 4436 1141 4506 jussione
1162 4436 1409 4494 inimicus
1437 4447 1683 4510 accepta,
1718 4440 1927 4511 perdita
1954 4459 2085 4500 eon-

2189 3269 2294 3326 que
2332 3254 2387 3308 in
2444 3260 2540 3308 tuo
2584 3253 2802 3308 nomine
2848 3251 3158 3308 dedicamus
3201 3253 3270 3308 de
3316 3252 3595 3309 veteribus
3620 3267 3785 3323 nova,

2191 3358 2248 3406 et
2293 3349 2391 3405 sub
2435 3347 2667 3417 quadam
2712 3345 3125 3403 resurrectionis
3170 3347 3352 3416 specie
3397 3346 3453 3400 in
3500 3346 3784 3416 antiquum

2189 3439 2446 3496 verticem
2467 3438 2744 3509 speculum
2774 3438 2960 3508 templi
2989 3436 3148 3507 hujus
3165 3436 3382 3493 culmen
3410 3444 3655 3493 erectum
3675 3444 3783 3493 est.

2189 3531 2279 3587 Sic
2307 3531 2396 3587 ille
2424 3529 2750 3586 lsraeliticus
2774 3528 3046 3599 quondam
3076 3530 3307 3600 pepuius
3326 3570 3342 3595 ,
3389 3537 3581 3584 exusta
3627 3527 3785 3585 Jeru~

2187 3623 2353 3679 salem
2379 3621 2691 3694 temploque
2719 3622 2997 3687 subverso,
3030 3622 3085 3678 in
3123 3620 3475 3695 Babyloniam
3502 3623 3784 3693 regionem

2189 3715 2431 3787 captivus
2478 3714 2739 3772 adductus
2760 3756 2776 3784 ,
2827 3722 2977 3773 certa
3011 3724 3137 3786 post
3173 3723 3418 3787 tempora
3456 3714 3783 3787 adpatriam

2188 3816 2475 3865 revocatus
2517 3807 2694 3862 solum
2742 3814 2799 3863 et
2838 3807 3026 3863 urbem
3058 3821 3215 3863 suam
3240 3807 3547 3864 construxit
3569 3816 3628 3863 et
3654 3815 3787 3862 tem-

2187 3899 2355 3969 plum.
2388 3897 2661 3954 Conserva
2685 3910 2814 3967 ergo
2828 3896 2964 3967 jam,
2986 3897 3243 3963 Domine,
3275 3898 3419 3969 quod
3440 3908 3696 3969 operatus
3721 3913 3787 3954 es

2189 3991 2244 4046 in
2269 3991 2442 4047 nobis.
2475 3989 2804 4061 Propitiare,
2838 3990 3094 4058 Domine,
3117 4005 3311 4061 parce,
3338 3989 3602 4063 Domine,
3630 3990 3781 4046 salva

2188 4085 2483 4156 populum,
2513 4091 2572 4140 et
2615 4083 2843 4140 benedic
2888 4083 3257 4140 brereditatem
3306 4091 3481 4149 tuam;
3526 4099 3600 4140 ne
3636 4083 3781 4139 ultra

2189 4175 2558 4232 dissimulante
2582 4182 2657 4241 te,
2687 4175 2830 4231 Deus
2850 4183 3053 4253 noster,
3084 4174 3152 4231 de
3171 4175 3347 4245 gregis
3370 4176 3448 4230 tui
3475 4176 3783 4247 perditione

2187 4268 2424 4324 ridentes
2452 4268 2628 4322 dicant
2655 4276 2833 4339 gentes
2854 4306 2869 4333 ,
2901 4274 2961 4323 ut
2984 4267 3265 4335 dixerunt,
3299 4266 3398 4324 Ubi
3416 4277 3493 4323 est
3520 4267 3662 4324 Deus
3687 4284 3791 4323 eo.

2189 4377 2303 4416 rum
2343 4359 2515 4433 (Psat.
2560 4361 2821 4433 cxxvm)?
2854 4360 2949 4416 sed
2985 4361 3124 4418 sicut
3159 4362 3486 4434 indignantis
3523 4379 3654 4435 erga
3680 4378 3784 4419 nos

2191 4451 2427 4509 vindicta
2469 4467 2576 4508 non
2628 4451 2838 4521 defuit,
2885 4453 2961 4509 ita
3016 4454 3174 4511 nobis
3202 4455 3563 4525 propitiantis
3607 4456 3785 4527 pietas

492 4524 648 4615 tinuo
677 4525 825 4582 omni
864 4526 982 4597 ejus
1027 4527 1356 4594 substantia,
1382 4530 1802 4602 exulceratoque
1830 4550 2079 4608 corpore,
2113 4518 2163 4579 Ῑ)
2189 4550 2528 4616 perseveret;
2574 4518 2865 4614 praestante
2908 4543 3140 4603 Domino
3167 4518 3504 4603 nostro'Jesu
3539 4518 3781 4617 Christo,

492 4617 564 4674 ab
592 4606 787 4675 animae
812 4635 871 4701 se
899 4627 1108 4676 tantum
1128 4620 1253 4699 ejus
1281 4622 1501 4678 laesione
1529 4626 1827 4694 suspendit.
1870 4606 2079 4699 Videte,

496 4708 863 4779 dilectissimi,
893 4720 1155 4785 quantum
1182 4712 1457 4782 fragilitati
1483 4725 1683 4775 nostra:
1710 4735 1938 4789 parcens
1965 4725 2086 4781 vin-

2189 4640 2432 4712 quicum
2478 4637 2641 4694 Patre
2685 4646 2743 4695 et
2782 4638 2993 4711 Spiritu
3034 4648 3223 4698 sancto
3262 4641 3399 4697 vivit
3423 4648 3481 4697 et
3505 4649 3695 4713 regnat
3720 4642 3783 4700 in

2189 4731 2385 4788 saaeula
2409 4729 2744 4787 saeculorum.
2776 4727 2969 4786 Amen.

1850 4840 2196 4907 HOMILIA
2236 4846 2424 4910 XCV.

893 4929 968 4985 De
993 4934 1233 5002 avaritia,
1257 4942 1307 4989 et
1325 4936 1391 4991 de
1416 4954 1476 4992 eo
1504 4939 1641 5010 quod
1669 4943 1918 5014 scriptum
1945 4955 2041 5014 est,
2073 4948 2190 5004 Act.
2213 4967 2331 5021 cap.
2348 4961 2414 5006 'rv
2438 4968 2450 5004 :
2483 4950 2652 5005 Erant
2676 4951 2750 5005 eis
2779 4951 2958 5006 omnia
2983 4952 3295 5007 communia.
3326 4950 3377 5007 1.

1938 5037 2331 5095 ADMONITIO.

564 5113 1051 5205 glgScri‘psisse
1070 5115 1145 5205 _S.
1172 5118 1483 5205 Maximum
1522 5122 1599 5205 de
1635 5124 1858 5205 avaritia
1906 5133 2138 5205 testatur
2171 5129 2491 5205 Cennadius
2513 5172 2528 5194 ,
2573 5145 2801 5205 eamque
2819 5131 2895 5205 ad
2924 5145 3039 5205 rem
3068 5139 3315 5205 spectant
3343 5130 3462 5205 duae
3489 5140 3779 5205 sequentes

494 5185 815 5278 ερρςξρξξςξί
850 5185 1253 5278 Ain‘apuenses,
1277 5192 1368 5278 qui
1396 5192 1451 5278 i_n
1480 5194 2069 5278 auctoredesignando
2096 5215 2128 5253 a
2163 5185 2447 5278 Gennadio
2473 5185 2949 5278 nondiss'entiunt,
2973 5185 3287 5278 dissimilem
3303 5185 3584 5278 exhibent
3598 5185 3780 5278 Ῑιῷιίξ

491 5254 853 5345 l-i‘mjtitul‘qpi‘.‘
889 5254 1273 5345 Anmbrpsianus
1295 5254 1489 5345 codex
1535 5254 1934 5345 antiquissimus
1963 5286 1974 5321 :
2022 5269 2103 5345 De
2149 5254 2948 5345 uua-iiiis"ebriidiii'iiﬁuiiiiiﬁ
2981 5254 3287 5345 iniiinii:
3325 5254 3781 5343 quemadmodum

492 5325 668 5415 qode§
710 5326 780 5415 9‘9
898 5328 1507 5415 7C.rttc-isuin_.lerlt‘lsal.em
1536 5325 1755 5415 hqmilia
1783 5334 2081 5415 62,_et_cod

2188 5358 2241 5397 IV
2284 5325 2945 5415 Laureaaius‘pmiigg
2972 5325 3240 5415 egisse
3258 5325 3288 5397 ἱι
3308 5325 3613 5415 unum"
3623 5325 3777 5415 ὲᾷἷιῇξ

490 5394 614 5452 dem
635 5397 693 5453 S.
718 5397 1001 5456 Ambrosio
1046 5401 1247 5456 tribuit.
1293 5401 1519 5458 Codices
1559 5404 1650 5457 alii
1699 5411 1808 5462 tres
1853 5394 2143 5467 Maximum
2188 5394 2957 5486 ἐιίιόιὸίέιὶιῷἓόὲὲἕεῆὶὲξ,’ὖὶ
2975 5394 3773 5486 Sa‘iigallensislibrum-13,3.

454 5534 469 5583 ἱ
560 5542 590 5610 ξι
794 5534 958 5610 Basil.
990 5535 1234 5610 Mediol.,
1256 5544 1313 5610 ut
1339 5538 1770 5610 delinquentibus.

448 5616 457 5641 ε
560 5602 589 5642 h
800 5606 946 5679 cod.,
977 5623 1012 5660 (ι
1034 5606 1143 5679 Deo
1170 5602 1511 5679 suspicamus'.

563 5684 586 5713 ε
626 5673 774 5730 Idem
797 5676 925 5733 eod.
959 5677 1160 5732 omittit
1182 5685 1250 5733 te.

562 5742 589 5783 ⁸
625 5743 773 5805 Idem
794 5747 943 5816 cod.,
973 5764 1196 5821 congrue
1214 5757 1263 5804 et
1288 5754 1589 5809 necessarie.

2261 5558 2283 5587 ε
2321 5548 2466 5605 idem
2486 5551 2612 5607 cod.
2648 5553 2850 5608 omittit
2875 5516 2946 5607 ad
2964 5552 3150 5609 Deum.

2259 5617 2279 5657 τ
2317 5619 2464 5692 Idem
2494 5621 2643 5690 cod.,
2678 5624 2938 5692 lacrumas
2967 5625 3037 5678 ad
3056 5634 3107 5680 te
3125 5641 3284 5680 meas.

2253 5697 2279 5736 ε
2314 5683 2642 5771 Idem_cod._,
2672 5683 2825 5759 ρυοᾶ
2853 5711 2957 5752 non
2988 5695 3225 5752 merebar
3252 5696 3473 5770 agnovi,
3506 5696 3645 5771 quod
3668 5713 3772 5754 non

2179 5759 2416 5816 merebar
2436 5760 2656 5820 obtinui.
