4056 6346
468 283 578 343 475

1670 263 1727 319 S.
1768 259 2013 330 MAXIM!
2052 255 2509 316 TAURINENSIS

3598 230 3609 235 ’
3666 260 3771 318 ne

447 397 686 464 ,lestium
712 391 1020 449 divitiarum
1047 381 1437 443 abundaverint
1455 381 1621 452 θη
1632 375 1914 447 largitate;
1936 388 2064 429 raro
2091 381 2139 442 Α
2169 371 2313 427 didit
2361 378 2420 426 et
2459 371 2709 464 salutem.
2746 387 2885 464 eum
2938 373 3084 431 enim
3111 350 3180 430 es
3219 388 3289 431 eo
3314 373 3463 445 quod
3501 373 3768 464 promise-

474 489 636 560 igitur
672 485 779 541 hoc
821 489 1062 550 tempore
1089 474 1391 531 invenimus
1420 471 1474 526 in
1514 466 1827 525 Christiano
1847 465 2054 560 populo

476 555 829 650 locupletem;
871 570 973 628 etsi
1008 567 1252 641 plerique
1281 565 1335 619 in
1376 561 1624 619 domibus
1665 572 1798 614 auro
1830 557 1939 614 sint
1966 555 2052 611 di-

476 672 631 737 vites,
676 676 858 723 tamen
888 665 943 721 in
971 660 1208 719 Ecclesia
1231 658 1441 730 justitia
1470 662 1596 713 sunt
1622 651 1894 718 mendici;
1926 650 2059 706 dum

481 765 626 824 enim
650 763 790 821 circa
821 773 1087 832 pauperes
1113 771 1222 813 non
1248 769 1347 826 pro
1368 768 1436 809 eo
1454 749 1603 822 quod
1626 747 1923 821 praevalent
1942 757 2069 817 ope-

478 866 698 924 rantur;
729 869 831 911 nec
856 860 940 910 est
963 852 1069 908 hoc
1096 856 1308 922 gratum
1349 844 1495 917 quod
1518 841 1766 908 oiierunt,
1797 853 1899 895 nec
1934 836 2067 894 illud

478 950 722 1010 satiabile
764 945 910 1019 quod
955 945 1251 1001 reservant.
1309 937 1448 994 Dicit
1494 935 1753 991 Dominus
1799 930 1869 987 ad
1910 929 2066 995 Cain,

481 1057 607 1100 cum
633 1036 854 1097 oii‘erret
877 1050 1103 1092 munera
1132 1050 1147 1088 :
1194 1030 1251 1087 Si
1280 1038 1461 1087 autem
1490 1034 1638 1084 recte
1662 1026 1880 1094 oll'eras,
1917 1029 2069 1080 recte

470 1146 662 1195 autem
706 1146 818 1188 non
843 1127 1071 1195 dividas,
1103 1137 1128 1162 ιι
1162 1122 1398 1196 peccasti
1443 1118 1595 1194 (Gen.
1640 1118 1736 1192 ιν).
1770 1115 1860 1173 Sic
1888 1124 1944 1171 et
1982 1122 2063 1182 tu,

481 1226 806 1289 Christiane,
838 1237 950 1278 non
976 1227 1124 1275 recte
1152 1215 1365 1281 dividis,
1399 1214 1490 1283 qui
1528 1212 1596 1267 de
1625 1218 1779 1266 tanto
1808 1222 1942 1264 auro
1973 1215 2065 1261 tuo

480 1318 747 1390 majorem
779 1323 990 1388 partem
1016 1318 1337 1368 mamonae
1364 1318 1607 1363 reservas
1650 1317 1813 1374 quam
1841 1300 2070 1357 Domino

481 1412 764 1482 largiaris;
805 1409 884 1465 sic
912 1418 1145 1477 namque
1173 1401 1409 1457 Ananias
1437 1399 1492 1453 in
1531 1395 1754 1454 Actibus
1794 1391 2071 1465 apostolo-

481 1519 623 1571 rum,
654 1504 783 1561 dum
810 1508 967 1576 putat
994 1514 1053 1555 se
1088 1504 1236 1554 recte
1275 1495 1489 1560 ollerre,
1522 1500 1579 1548 et
1608 1506 1715 1548 non
1748 1496 1899 1547 recte
1937 1487 2073 1544 divi-

482 1597 580 1663 dit,
604 1594 889 1666 pecuniam
926 1604 1086 1663 quam
1114 1588 1329 1656 obtulit,
1369 1584 1619 1658 perdidit,
1651 1592 1707 1639 et
1739 1595 1900 1653 quam
1927 1579 2073 1636 domi

485 1688 780 1746 reservavit
806 1685 1015 1752 amisit;
1052 1682 1355 1757 pecuniam,
1399 1678 1641 1749 inquam,
1684 1675 1907 1748 pariter,
1946 1672 2075 1745 'per-

2122 510 2135 522 .
2169 471 2252 517 rat
2303 470 2511 535 partem
2555 463 2861 532 subtraxit,
2913 463 3182 536 sacrilegii
3230 462 3414 535 simul,
3467 472 3528 521 et
3566 462 3769 524 fraudis

2172 555 2608 623 condemnatur;
2653 556 2947 628 sacrilegii,
2973 558 3122 627 quod
3154 559 3178 596 δ
3211 557 3382 614 Deum
3405 555 3464 613 in
3490 556 3768 630 pollicita-

2176 649 2324 705 tione
2368 646 2598 715 fefellit;
2650 647 2873 717 fraudis,
2904 650 3052 719 quod
3097 649 3166 706 de
3193 648 3417 720 integris
3453 650 3776 708 muneribus

2168 741 2475 814 portionem
2498 740 2787 813 quamdam
2811 741 3021 813 putavit
3038 741 3495 811 subtrahendam;
3517 734 3602 798 ait
3624 742 3771 799 enim

2172 836 2422 909 apotolus
2468 836 2660 893 Petrus
2704 854 2715 891 :
2769 834 2895 893 Non
2936 853 2993 893 es
3029 837 3277 893 mentitus
3304 834 3638 903 hominibus,
3679 836 3773 890 sed

2174 928 2286 986 Deo
2311 928 2458 1001 (Λα.
2504 927 2581 1001 v).
2624 927 2684 984 Si
2712 940 2865 998 ergo,
2904 926 3132 992 fratres.
3165 927 3404 986 Auanias
3438 928 3773 984 condemna-

2172 1029 2261 1077 tur
2288 1034 2410 1078 cum
2438 1036 2548 1077 non
2574 1027 2751 1076 totum
2781 1018 2991 1076 dederit
3019 1019 3165 1091 quod
3192 1018 3259 1076 de
3288 1035 3387 1101 suo
3427 1020 3547 1090 ipse
3573 1034 3677 1090 pro

2173 1123 2358 1183 serat,
2398 1115 2528 1187 quid
2566 1130 2852 1172 censemus
2894 1115 2964 1172 de
3004 1129 3072 1171 eo
3100 1115 3194 1185 qui
3240 1129 3349 1170 non
3376 1114 3496 1170 vult
3541 1110 3781 1169 reddere

2173 1211 2319 1283 quod
2351 1221 2372 1249 ο
2404 1211 2543 1265 alius
2569 1209 2917 1282 repromisit?
2941 1207 3132 1265 Videte
3159 1222 3290 1278 ergo
3316 1215 3374 1262 et
3399 1222 3522 1275 vos,
3554 1205 3776 1280 fratres,

2178 1303 2309 1377 quid
2338 1303 2695 1377 promiseritis
2722 1303 2836 1361 Deo
2858 1345 2873 1371 ,
2917 1319 3040 1361 cum
3089 1304 3322 1376 primum
3370 1303 3603 1373 gratiam
3648 1302 3778 1359 ﬁdei

2177 1400 2513 1471 percepistis.
2546 1397 2688 1455 Ecce
2714 1398 2996 1455 abundant
3036 1398 3090 1453 in
3119 1398 3336 1453 civitate
3372 1401 3561 1453 nostra
3589 1395 3780 1468 hospi-

2179 1497 2262 1547 tes
2303 1492 2417 1548 sive
2472 1490 2782 1564 peregrini:
2812 1490 2976 1548 facite
3020 1489 3165 1561 quod
3210 1489 3438 1563 polliciti
3487 1488 3621 1547 estis
3646 1531 3664 1559 ,
3709 1503 3777 1544 ne

2180 1584 2467 1641 dicaturoet
2494 1582 2647 1639 vobis
2679 1582 2828 1655 quod
2857 1583 3078 1639 Anania‘.
3102 1582 3423 1647 dictunest
3450 1598 3467 1635 :
3488 1579 3610 1637 Non
3629 1594 3780 1636 men-

2185 1676 2267 1731 titi
2296 1676 2427 1732 estis
2452 1676 2781 1741 hominibus,
2811 1674 2907 1734 sed
2932 1676 3066 1733 Deo.

1841 1791 2190 1855 HOMILIA
2232 1792 2452 1857 XCVI.

1756 1894 1835 1949 De
1863 1896 2042 1951 eodem
2068 1902 2374 1968 argumento
2404 1893 2489 1950 ΙΙ.

1933 1989 2324 2047 ADMONITIO.

559 2090 667 2145 lies
694 2086 761 2143 de
789 2100 892 2157 qua
923 2084 1098 2157 agitur
1121 2083 1223 2157 hac
1252 2082 1306 2157 in
1335 2080 1577 2148 homilia,
1597 2079 1869 2157 _(_}ennadi_i
1897 2082 2190 2157 auctoritas
2204 2122 2225 2157 ,4
2240 2082 2497 2157 codicum
2526 2082 3095 2157 praestantissimorum
3131 2082 3461 2150 testimonia,
3493 2083 3786 2157 actitulus

490 2150 847 2232 comprobant
874 2150 1078 2232 canis.
1126 2153 1358 2232 Maximo
1388 2166 1505 2207 esse
1547 2150 1974 2232 adiudicandam.
2006 2150 2617 2232 Gennadiusmemorize
2645 2155 2864 2232 tradidit
2898 2154 3408 2232 Masimumpontra
3434 2156 3788 2232 πει-ἰξίας-νὶ-

492 2221 634 2301 tingi
667 2229 874 2301 egisse;
898 2226 1007 2301 _sed
1037 2231 1218 2301 utrum
1243 2225 1302 2301 in
1345 2238 1452 2301 una
1477 2223 1656 2301 an_in_
1673 2221 1879 2301 duabus
1921 2225 2275 2301 concionibus
2322 2226 2372 2280 id
2417 2227 2718 2301 espleverit
2760 2241 2869 2281 non
2900 2226 3370 2301 tradidit._\_ierum
3396 2241 3468 2301 e_x_
3497 2224 3783 2301 codicibus

491 2293 769 2359 S.'Cruéis
806 2298 862 2352 in
889 2295 1208 2367 Jerusalem,
1239 2294 1603 2367 Sangallensi,
1628 2293 1986 2367 Ambrosiano
2016 2301 2071 2350 et
2108 2294 2372 2352 Vaticano
2412 2293 2547 2351 1270
2576 2305 2791 2353 constat
2819 2305 3101 2367 utramque
3131 2296 3295 2353 fuisse
3322 2296 3397 2367 S.
3422 2296 3664 2352 Maximo
3680 2306 3783 2367 α-

491 2372 765 2439 tributam.
815 2367 1100 2439 inscriptio
1129 2366 1293 2439 etiam
1328 2364 1565 2439 ostendit
1591 2365 1745 2439 hanc.
1772 2364 2056 2439 homiliam
2072 2379 2405 2439 germanam
2435 2383 2555 2423 esse
2584 2367 2878 2439 superioris
2903 2385 2916 2432 ;
2951 2364 3031 2421 ita
3054 2370 3196 2439 enim
3225 2383 3285 2439 se
3314 2366 3489 2439 habet
3509 2368 3565 2421 in
3594 2366 3786 2439 codice

490 2442 560 2498 90
581 2441 637 2499 S.
662 2438 850 2495 Crucis
878 2439 932 2493 in
959 2434 1256 2493 Ierusalem
1290 2454 1301 2489 :
1336 2434 1530 2510 Incipit
1554 2434 1839 2510 sequentia,
1870 2444 1926 2510 et
1955 2437 2010 2491 in
2023 2434 2100 2510 _99
2133 2455 2158 2510 :_
2180 2437 2426 2510 Sequitur
2453 2440 2517 2494 de
2537 2434 2762 2494 avaritia
2788 2448 2837 2492 et
2866 2438 2930 2492 de
2957 2438 3187 2493 Anania.
3216 2437 3430 2494 Codicis
3458 2437 3784 2506 Sangallen-

492 2515 566 2571 sis
603 2512 818 2569 brevior
845 2517 930 2582 est
958 2509 1164 2582 titulus,
1196 2520 1392 2582 nempe
1426 2525 1439 2560 :
1473 2506 1783 2582 Sequenda;
1814 2507 1909 2562 sed
1926 2507 2122 2582 _cod_ex_
2137 2506 2530 2582 Laurentianus
2551 2527 2640 2582 7x4:
2675 2510 2959 2582 Sequentia
2997 2509 3061 2565 de
3104 2511 3341 2582 avaritia
3372 2517 3423 2563 et
3454 2510 3522 2582 de
3547 2511 3784 2582 Anania.

493 2584 623 2654 Quae
638 2598 759 2640 cum
776 2582 849 2637 ita
864 2581 1001 2654 sint,
1026 2576 1711 2654 collectoresliomiliarum
1730 2592 1897 2654 supra
1926 2576 2128 2654 laudati
2153 2580 2256 2654 hoc
2285 2580 2482 2654 ordine
2499 2576 2801 2654 ediderunt,
2825 2581 2983 2654 titulo
3008 2581 3231 2654 prvelim
3257 2600 3270 2634 :
3292 2579 3535 2654 Humilia
3554 2580 3789 2654 secanda

494 2648 630 2781 rigide
649 2670 826 2737 supra.
864 2649 1109 2776 [Editores
1138 2649 1369 2707 Romani
1396 2649 1450 2703 in
1474 2648 1795 2705 recudendis
1835 2649 2206 2707 Ambrosianis
2232 2652 2571 2708 sermonibus
2599 2649 2654 2706 S.
2700 2650 2891 2708 Alexio
2919 2648 3230 2708 Confessori
3259 2667 3406 2707 num.
3442 2652 3512 2706 15
3540 2652 3790 2707 eamdem

555 2737 865 2781 scribserun
893 2762 906 2775 .

555 2737 906 2794 scripserunt.

500 2818 661 2900 323
709 2816 1211 2900 Anconsnruuzd—
1260 2812 1480 2900 Iterum,
1515 2815 1795 2897 proposito
1851 2814 2085 2900 exempto
2116 2820 2167 2881 Β
2195 2814 2215 2854 ί
2235 2817 2521 2873 valemus?
2546 2817 2604 2872 in
2627 2816 2834 2873 Anania
2857 2819 3000 2875 enim
3012 2816 3204 2875 Petrus
3219 2820 3263 2875 si
3277 2820 3562 2875 avaritiam
3583 2821 3792 2891 potuis-

573 2882 2089 2985 ἐξίξηξξξιηέε.Εἶείέἑίξέρὲηέἔὲἱίέυξί.Ξτξέηξηβέείέε
2188 2921 2276 2972 ser
2321 2914 2611 2983 corrigere.
2646 2928 2753 2969 non
2782 2914 3055 2985 punisset;
3102 2914 3199 2969 sed
3245 2913 3373 2969 dum
3422 2882 3789 2984 ίιιυηιύυηίι.

572 2977 686 3016 esse
704 2959 900 3013 malum
914 2957 1156 3021 ostendit,
1169 2957 1273 3011 imo
1293 2958 1522 3010 omnium
1541 2956 1799 3011 malorum
1815 2956 2085 3027 originem.

576 3097 794 3155 Retinet
819 3094 848 3135 ά
892 3095 1110 3152 dilectio
1139 3102 1320 3150 vestra
1337 3133 1354 3160 ,
1383 3093 1577 3149 fratres
1594 3133 1611 3160 ,
1646 3101 1773 3150 ante
1799 3094 1939 3162 dies,
1966 3109 2092 3150 cum

504 3179 676 3267 plebis
704 3190 822 3261 ejus
849 3204 969 3260 quae
1010 3189 1108 3245 sub
1134 3188 1461 3261 beatissimis
1489 3186 1752 3258 apostolis
1791 3185 1921 3254 fuit,
1954 3202 2093 3242 una-

506 3283 810 3341 nimitatem
854 3281 1266 3351 largitatemque
1312 3277 1730 3349 pnedicaremus
1754 3320 1773 3347 ,
1816 3291 1988 3348 usque
2027 3276 2094 3331 ad

505 3374 726 3434 Ananiae
755 3390 854 3431 nos
899 3372 1181 3429 avaritiam
1210 3372 1552 3443 pervenisse,
1597 3370 1691 3440 qui
1720 3369 1812 3425 illo
1852 3378 2096 3440 tempore

505 3456 560 3527 in
588 3469 753 3525 totius
780 3465 996 3538 generis
1022 3463 1312 3535 purissima
1348 3464 1475 3529 vita,
1506 3470 1763 3533 tanquam
1803 3462 1920 3518 ovis
1945 3476 2097 3517 mor-

506 3544 650 3627 bida,
682 3560 830 3616 solus
887 3558 1133 3612 inventus
1185 3562 1286 3611 est.
1321 3553 1494 3610 Tanta
1531 3554 1676 3610 enim
1706 3553 1935 3609 infectus
1979 3561 2099 3609 erat

507 3655 744 3712 avaritiae
767 3651 1098 3724 pestilentia,
1128 3656 1186 3703 ut
1207 3655 1427 3703 sanctus
1454 3663 1580 3703 eum
1608 3645 1801 3702 Petrus
1832 3661 1939 3702 non
1986 3653 2099 3701 tam

509 3745 796 3803 emendare
822 3731 1059 3798 volucri!
1107 3756 1273 3811 quam
1318 3739 1596 3813 damnare.
1628 3738 1860 3809 Legerat
1908 3739 2052 3794 enim
2081 3757 2096 3793 :

512 3834 657 3908 Ejice
689 3834 751 3889 de
781 3834 999 3888 concilio
1041 3833 1393 3908 pestilentem,
1416 3840 1465 3887 et
1510 3831 1669 3886 exibit
1696 3847 1814 3885 cum
1841 3847 1900 3885 eo
1930 3830 2101 3885 omnis

512 3906 770 3982 contentio
820 3918 1013 3997 (Prov.
1063 3906 1226 3994 sim).
1280 3922 1442 3978 Solus
1496 3937 1626 3993 ergo
1656 3923 1711 3977 in
1740 3928 1886 3977 caatu
1912 3930 2104 3977 sancto

512 4020 772 4093 pestilens
818 4017 936 4083 fuit,
967 4016 1078 4088 qui,
1110 4016 1336 4082 cunctis,
1368 4022 1680 4086 contemptu
1723 4015 1985 4085 pecuniae,
2016 4014 2103 4069 lur-

514 4126 669 4168 crum
714 4109 837 4164 vitae
862 4108 1278 4179 requirentibus,
1312 4108 1426 4179 ipse
1457 4114 1667 4162 tantum
1696 4107 1907 4163 lucrum
1934 4106 2105 4175 magis

515 4201 755 4274 pecunia:
780 4207 1049 4256 mercatus
1092 4206 1176 4254 est
1213 4214 1374 4270 quam
1416 4198 1636 4266 salutis,
1679 4207 1735 4254 et
1772 4197 1902 4253 dum
1944 4199 2105 4269 pretii

517 4303 697 4368 sperat
726 4293 1125 4367 compendium,
1153 4293 1347 4348 anima:
1367 4293 1570 4363 reperit
1595 4292 1998 4349 detrimentum.
2026 4293 2109 4349 Ah

518 4387 777 4460 apostolis
828 4387 990 4457 igitur
1035 4385 1273 4442 Ananias
1316 4400 1511 4441 avarus
1563 4386 1814 4441 iuventus
1841 4393 1952 4452 est;
1995 4385 2129 4458 jam.

520 4490 706 4557 nostra
749 4489 1040 4537 excusatur
1067 4478 1337 4535 humilitas
1369 4497 1381 4532 :
1416 4478 1593 4534 minus
1635 4479 1776 4533 enim
1806 4478 2109 4557 mirandum

519 4556 604 4639 est
642 4573 917 4630 abundare
943 4573 1043 4629 sub
1083 4571 1240 4627 nobis
1269 4580 1292 4607 ο
1323 4571 1428 4626 hoc
1457 4570 1664 4637 vitium,
1696 4585 1816 4626 cum
1845 4570 1944 4628 sub
1972 4584 2108 4641 apo-

521 4664 677 4723 stolis
703 4664 930 4737 cmperit
956 4657 1249 4736 pullula're;
1274 4670 1332 4719 et
1357 4662 1405 4717 si
1424 4661 1641 4718 illorum
1669 4663 1965 4719 auctoritas
1992 4662 2112 4718 haec

523 4758 581 4815 in
604 4755 813 4813 Ananla
839 4757 1129 4815 emendare
1153 4771 1267 4812 non
1290 4757 1501 4828 potuit,
1534 4755 1691 4812 nobis
1715 4755 1844 4826 quid
1872 4757 2111 4828 imputa-

524 4849 688 4919 bitur,
713 4852 760 4907 si
789 4850 980 4907 eadem
1018 4852 1074 4906 in
1098 4850 1370 4922 plerisque
1398 4847 1653 4905 fratribus
1697 4850 1972 4919 corrigere
2001 4865 2110 4906 non

812 5063 934 5141 Yat.
962 5062 1125 5141 ΙΥΙΟἱ
1144 5070 1393 5141 peccasti,
1424 5072 1646 5141 quiesce.

599 5135 627 5213 is
657 5133 792 5213 θρὰ,
822 5132 1082 5213 Laurent.
1106 5132 1192 5204 10,
1220 5132 1503 5213 sacrilegii,
1530 5142 1666 5213 quod
1699 5141 1977 5196 Dominum
2000 5141 2116 5213 pol:

529 5207 812 5292 licitaliOne
864 5204 1143 5292 fefellerit;
1207 5204 1431 5292 pandis:
1477 5204 1614 5292 Quod
1656 5213 1842 5292 integri
1892 5204 2118 5265 muneris

530 5279 819 5353 portionem
838 5277 1113 5349 catamitum
1131 5277 1385 5349 putaverit
1408 5277 1828 5336 subtrahendam.

607 5362 628 5423 ς
666 5346 1048 5423 Qterqnecod.
1079 5346 1361 5423 Laurent”,
1390 5352 1528 5422 quod
1566 5353 1683 5406 aliis
1712 5352 2023 5423 repromisit.

602 5418 647 5494 ἀί
676 5418 860 5475 Codex
889 5418 1282 5494 Ambrosianus
1313 5418 1413 5494 his'
1442 5423 1717 5477 homiliam
1758 5418 2067 5494 auspicatur
2099 5440 2110 5477 :

534 5491 741 5562 Retinet
761 5490 1015 5562 satiemus
1038 5500 1226 5562 vestra,
1253 5488 1463 5562 fratres,
1492 5501 1613 5545 ante
1641 5494 1768 5559 dies,
1801 5488 1907 5550 etc.

609 5572 634 5601 ο
660 5560 796 5616 Cod.
837 5559 911 5615 90
941 5561 999 5616 S.
1027 5561 1217 5617 Grecis
1245 5558 1298 5614 in
1334 5558 1455 5615 Jer.’
1479 5562 1639 5617 habet
1667 5558 1773 5619 haec
1802 5566 1945 5619 vitia.
1978 5562 2111 5621 Cod.

536 5633 809 5710 Ambros»,
840 5631 1104 5710 multare
1131 5630 1224 5710 sub
1253 5631 1531 5687 nobis‘haec
1557 5634 1699 5703 vitia,
1733 5652 1847 5691 cum
1876 5634 1969 5692 sub
1999 5653 2118 5710 apo-

538 5706 693 5774 stolis
712 5703 953 5774 eruperint
979 5703 1256 5774 pullulare.

614 5776 633 5815 ί
665 5773 800 5832 Cod.
832 5773 1081 5831 Ambros.
1111 5791 1217 5831 non
1236 5774 1534 5830 valeamus?

2195 3006 2330 3061 alios
2353 3007 2573 3076 corrigit
2606 3024 2618 3059 :
2650 3005 2823 3061 voluit
2850 3006 2994 3061 enim
3018 3012 3078 3060 ut
3104 3021 3261 3077 paena
3296 3005 3365 3060 ad
3396 3021 3584 3071 unum,
3615 3014 3795 3061 metus

2195 3105 2374 3153 autem
2398 3097 2463 3153 ad
2499 3098 2758 3169 plurimos
2787 3099 3114 3169 perveniret.
3147 3095 3473 3168 Exemplum
3492 3111 3626 3167 ergo
3666 3112 3796 3152 ava-

2195 3192 2271 3246 ris
2295 3191 2545 3259 omnibus
2568 3191 2619 3245 in
2637 3190 2842 3245 Anania
2864 3190 3200 3262 propositum
3226 3198 3328 3257 est,
3352 3197 3410 3245 ut
3430 3189 3523 3259 qui
3549 3187 3795 3259 ejusdem

2196 3283 2437 3339 criminis
2464 3297 2589 3338 reus
2643 3280 2820 3349 fuerit,
2853 3281 3091 3352 ejusdem
3121 3281 3366 3352 supplicii
3411 3282 3463 3335 in
3490 3281 3677 3350 judicii
3704 3279 3798 3335 die

2196 3373 2461 3429 sententia
2484 3370 2727 3427 feriatur.
2753 3371 2969 3428 Grande
2998 3373 3159 3442 igitur
3196 3373 3396 3427 malum
3427 3378 3512 3427 est
3542 3372 3794 3438 avaritia,

2199 3465 2308 3519 imo
2355 3464 2620 3519 malorum
2652 3464 2892 3517 omnium
2915 3470 2997 3518 est
3017 3464 3191 3532 origo,
3216 3463 3353 3518 sicut
3374 3463 3449 3517 ait
3465 3461 3793 3533 Apostolus:

2200 3554 2377 3609 Radix
2418 3564 2589 3608 autem
2626 3556 2855 3611 omnium
2898 3553 3153 3610 malorum
3200 3564 3276 3609 est
3313 3554 3571 3627 cupiditas
3594 3597 3608 3621 ,
3640 3572 3799 3627 quam

2200 3649 2409 3722 quidam
2432 3655 2726 3720 appetentes
2750 3658 3051 3703 enaverant
3069 3665 3101 3701 α
3124 3647 3229 3719 ﬁde
3257 3644 3315 3718 (1
3343 3648 3480 3703 Tim.
3504 3647 3605 3720 in).
3635 3640 3801 3705 Vides

2201 3757 2330 3813 ergo
2358 3744 2448 3813 qui
2497 3742 2779 3813 pecuniam
2812 3743 3033 3813 appetit,
3067 3740 3225 3797 iidem
3253 3741 3453 3812 perdit,
3483 3742 3577 3813 qui
3604 3758 3800 3797 aurum

2201 3835 2424 3905 redigit,
2480 3835 2707 3903 gratiam
2758 3834 3012 3906 prodigii.
3062 3833 3296 3889 Avaritia
3346 3836 3492 3890 enim
3518 3846 3541 3882 ε
3575 3836 3796 3891 caecitas

2202 3936 2304 3994 est,
2335 3943 2574 3983 errorem
2631 3927 2907 3995 religionis
2964 3927 3196 3993 inducit;
3228 3941 3388 3993 acea,
3423 3928 3643 3997 inquam
3664 3970 3680 3995 ,
3710 3934 3801 3983 est

2204 4022 2448 4090 avaritia,
2482 4020 2578 4076 sed
2618 4021 2845 4077 diversis
2873 4019 3120 4075 fraudum
3168 4018 3380 4075 oculata
3418 4019 3647 4089 ingeniis
3686 4035 3801 4095 no_n

2204 4112 2351 4167 videt
2373 4128 2493 4183 quze
2521 4112 2825 4168 Divinitatis
2846 4106 3008 4184 324
3032 4119 3175 4175 sunt,
3203 4110 3297 4167 sed
3319 4113 3521 4181 cogitat
3548 4128 3672 4182 qua:
3699 4128 3800 4169 cu-

2133 4211 2179 4274 C
2208 4202 2448 4274 piditatis
2476 4211 2634 4269 sunt;
2669 4202 2693 4239 ιι
2725 4214 2957 4273 semper,
2988 4202 3232 4272 quamvis
3261 4201 3411 4258 dives
3459 4202 3546 4267 sit,
3596 4202 3804 4272 cogitat

2212 4296 2565 4366 undecunque
2614 4294 2696 4349 vel
2743 4308 2809 4350 ex
2859 4292 3001 4349 maio
3052 4294 3333 4364 acquirere
3367 4312 3379 4346 ε
3410 4300 3580 4349 totam
3633 4294 3805 4349 vitam

2220 4384 2234 4423 ί
2271 4387 2544 4454 negotium
2574 4392 2728 4456 putat
2752 4401 2765 4450 ;
2798 4383 3240 4454 compendiorum
3270 4384 3434 4439 etiam
3464 4383 3645 4438 omnia
3672 4400 3805 4455 sup-

2213 4482 2452 4552 primens
2496 4481 2511 4529 i
2553 4480 2727 4535 inanis
2782 4478 3142 4549 pra-stationis
3182 4493 3292 4532 suae
3336 4476 3488 4533 fenus
3539 4478 3805 4549 imponit,

2213 4574 2484 4628 erubescit
2538 4584 2713 4626 usurae
2761 4585 2979 4638 nomen,
3013 4577 3069 4625 et
3117 4571 3325 4626 lucrum
3375 4587 3483 4625 non
3532 4570 3807 4625 erubescit

2217 4680 2412 4721 usum.
2445 4663 2673 4735 Semper
2700 4677 2830 4733 ergo
2859 4679 3051 4719 avarus
3099 4663 3278 4718 alieno
3308 4663 3497 4731 utitur,
3528 4661 3702 4718 alieno
3741 4676 3809 4719 se

2217 4758 2389 4829 pascit
2417 4758 2443 4793 ι
2473 4755 2701 4822 damno;
2729 4763 2811 4811 est
2839 4754 2915 4811 illi
2956 4756 3136 4827 praeda
3165 4763 3377 4837 egestas
3426 4753 3646 4809 alterius
3677 4772 3689 4807 :
3721 4760 3808 4811 est

2220 4849 2296 4905 illi
2326 4850 2510 4907 latitia
2535 4849 2697 4907 ﬂetus
2726 4851 2955 4915 alienus,
2984 4850 3126 4905 sicut
3172 4862 3388 4919 semper
3434 4846 3637 4902 factum
3660 4845 3804 4901 vidi-

2295 5080 2320 5117 κ
2350 5066 2482 5126 Cod.
2522 5070 2770 5126 Ambros.
2801 5071 2930 5139 legit
2954 5089 2966 5124 :
2998 5069 3231 5124 Avaritia
3256 5074 3392 5126 enim
3419 5088 3650 5129 errorem
3676 5077 3772 5131 reli
3798 5106 3807 5117 ~

2220 5142 2388 5213 gionis
2427 5142 2644 5196 inducit.
2676 5140 2847 5210 ϐωεα,
2878 5143 3107 5213 inquam,
3139 5151 3216 5195 est
3245 5145 3485 5211 avaritia,
3517 5146 3613 5199 sed
3639 5146 3808 5202 diver-

2219 5214 2300 5283 sis
2319 5213 2564 5283 fraudare
2594 5212 3150 5283 occultaturjngeniis.

2291 5279 2327 5319 δ’
2351 5281 2589 5358 Uterque
2616 5284 2737 5340 cod.
2783 5279 3153 5358 S.‘Cr_u'cisuin
3186 5282 3331 5358 Jer.,
3352 5292 3407 5340 et
3438 5285 3607 5343 Vatic.
3643 5287 3803 5358 {9.70,

2219 5370 2418 5429 semper
2444 5354 2621 5429 enim,
2650 5355 2881 5429 quamvis
2911 5356 2985 5408 sic
3027 5354 3183 5420 dives,
3217 5357 3413 5429 cogitat
3439 5358 3578 5423 inde,
3614 5361 3691 5414 vel
3717 5354 3803 5414 es;

2296 5424 2535 5481 iCodex
2563 5424 2965 5491 Ambrosianus,
3001 5434 3165 5481 totam
3184 5424 3342 5482 vitam
3368 5442 3517 5482 suam
3545 5433 3806 5503 negotium

2144 5524 2197 5586 ι)
2219 5505 2384 5586 WE

2300 5570 2312 5618 l
2354 5566 3048 5640 Uterque_cod.rAmhros.,
3080 5567 3136 5622 S.
3182 5567 3371 5626 Crucis
3398 5572 3456 5626 in
3480 5569 3617 5639 ἔπη
3665 5570 3807 5629 Lau-

2226 5646 2376 5710 rent.
2404 5639 2488 5705 10,
2504 5638 2570 5695 ﬁet
2595 5638 2717 5694 Vat.
2750 5639 2932 5709 legunt
2952 5640 3143 5710 majus,
3176 5655 3283 5695 non
3312 5642 3504 5697 inanis.
3570 5653 3575 5658 '

2299 5708 2319 5747 ⁸
2352 5709 2513 5767 Deest
2542 5712 2596 5766 in
2624 5711 2744 5766 cod.
2779 5708 3269 5768 Ambrosidmnno.
