4056 6346
258 241 352 298 δτι

1609 227 1894 316 nouum
1927 227 2127 284 xcvn.

3402 224 3509 284 ηδ

259 365 386 410 mus.
410 358 436 386 ι
475 345 617 416 Quot
666 347 862 404 amissa
913 345 1214 418 deplorant,
1258 359 1420 417 super
1466 360 1586 418 quae
1631 346 1816 402 invasa
1845 349 1895 410 Α
1919 346 2084 404 Aiunt
2111 344 2352 416 plerique
2400 344 2555 415 lupos
2595 344 2811 401 leonum
2840 343 3092 416 subsequi
3130 343 3306 401 solere
3333 343 3504 400 vesti-

261 443 485 520 plerique
521 439 888 509 gratulantur?
913 435 1056 495 Ecce
1101 453 1268 495 senex
1293 446 1450 509 pater
1473 446 1692 509 captum
1721 437 1828 504 de:

263 532 346 592 llet
369 531 556 601 lilium,
576 539 632 588 et
659 539 717 590 tu
738 531 850 602 jam
894 547 1056 604 super
1091 548 1214 588 eum
1244 532 1392 588 velut
1418 531 1689 588 servulum
1709 531 1826 603 glo-

262 625 422 684 riaris.
451 621 711 683 Innocens
734 622 965 680 rusticus
991 622 1260 694 perditum
1301 622 1600 693 ingemiscit
1623 621 1821 695 juven-

261 735 392 786 cum,
421 725 474 772 et
499 723 558 772 tu
584 724 707 774 cum
733 731 801 772 eo
847 731 938 771 rus
966 723 1116 772 tuum
1161 715 1412 770 excolere
1439 714 1684 785 disponis
1702 754 1718 781 ,
1767 721 1822 769 et

261 811 448 868 fructus
474 817 528 866 te
546 816 705 880 putas
729 823 890 880 posse
917 822 1113 880 capere
1138 806 1425 879 gemitibus
1451 805 1661 862 alienis.
1684 801 1822 861 Ecce

258 901 491 970 religiosa
513 897 672 956 vidua
695 908 806 956 tota
828 898 853 938 ιι
879 897 1207 970 supellectile
1229 897 1572 969 dispoliatam
1599 895 1818 952 domum

257 1007 400 1048 suam
427 991 602 1058 dolet,
631 999 690 1050 et
717 1000 772 1046 tu
791 990 980 1048 eadem
1013 1003 1034 1030 ε
1066 989 1400 1062 supellectile
1423 989 1640 1046 domum
1677 997 1822 1044 tuam

260 1091 492 1140 ornatam
539 1097 659 1138 esse
682 1082 948 1153 gloriaris.
979 1081 1076 1138 Dic
1111 1080 1263 1149 mihi,
1293 1096 1328 1137 o
1355 1077 1682 1148 Christiane,
1713 1094 1823 1134 non

255 1175 616 1247 compungeris
632 1215 650 1242 ,
672 1192 779 1232 non
803 1175 1204 1246 constringeris,
1237 1190 1360 1230 cum
1391 1172 1538 1230 vides
1565 1173 1619 1228 in
1641 1171 1824 1244 hospi-

256 1266 324 1322 tio
352 1273 440 1322 tuo
492 1265 757 1339 lacrymas
808 1265 1042 1322 alienas?
1069 1262 1208 1321 Dicit
1240 1263 1521 1336 Scriptura
1569 1263 1637 1318 ad
1685 1262 1822 1320 lilios

251 1359 404 1416 Israel
435 1378 447 1413 :
484 1359 530 1413 Α
561 1357 720 1415 bestia
749 1371 953 1432 captum
992 1375 1057 1415 ne
1098 1359 1327 1430 tetigeris
1355 1376 1373 1413 :
1402 1359 1656 1430 pollutum
1683 1359 1820 1412 enim

251 1459 296 1505 et
319 1449 721 1516 contaminatum
742 1459 838 1517 est,
859 1449 1105 1522 quidquid
1145 1451 1256 1522 {era
1285 1457 1499 1505 cruenta
1548 1449 1821 1519 contigerit

251 1541 446 1618 (Exod.
472 1559 606 1610 xm,
626 1541 740 1628 22)..
767 1539 834 1598 Et
849 1559 946 1614 per
966 1544 1069 1599 hoc
1090 1542 1327 1625 deterior
1351 1543 1524 1600 bestia
1550 1549 1652 1606 est,
1673 1541 1820 1612 quis-

249 1632 361 1704 quis
379 1633 564 1699 sumit,
594 1618 738 1704 quod
759 1633 930 1689 bestia
958 1618 1248 1704 superavit.
1280 1633 1379 1690 Dic
1407 1634 1566 1704 igitur
1586 1633 1716 1687 mihi
1736 1639 1814 1698 tu,

1925 438 2033 506 gia,
2053 443 2120 492 'et
2145 451 2255 491 non
2295 435 2454 504 longe
2483 435 2551 490 ab
2579 451 2766 492 eorum
2797 435 3075 492 venatibus
3099 436 3364 500 aberrare,
3397 434 3502 490 sci-

1924 529 2069 596 licet,
2101 537 2160 584 ut
2188 528 2389 584 rabiem
2415 543 2565 584 suam
2609 528 2796 600 rapina
2825 529 3023 584 satient
3051 529 3246 594 aliena,
3277 536 3332 583 et
3358 526 3502 600 quod

1925 621 2142 676 leonum
2181 620 2450 676 saturitati
2491 628 2768 685 remanet,
2827 618 2882 675 id
2911 619 3159 692 luporum
3206 619 3502 690 rapacitate

1925 713 1948 750 α
1981 721 2359 782 consumatur;
2402 711 2480 768 sic
2516 719 2572 766 et
2610 711 2698 767 isti
2750 712 2987 769 avaritias
3028 712 3140 784 lupi
3187 713 3500 785 praedonum

1927 804 2147 874 vestigia
2192 803 2463 860 subsecuti
2511 812 2668 870 sunt,
2712 810 2772 858 ut
2799 805 2940 875 quod
2983 805 3194 861 illorum
3222 803 3504 876 rapacitati

1923 899 2216 970 superavit,
2237 899 2429 954 horum
2450 897 2667 954 cederet
2688 897 2902 954 feritati.
2933 898 3038 955 Sed
3061 899 3282 955 forsitan
3305 901 3501 956 emisse

1924 999 1977 1048 te
2006 992 2156 1059 dicis,
2201 999 2256 1047 et
2283 991 2403 1047 ideo
2444 991 2680 1046 avaritiae
2711 999 2764 1046 te
2807 991 3009 1048 crimen
3039 991 3239 1051 evadis.
3281 989 3396 1047 Non
3425 993 3499 1047 ita

1921 1084 2063 1141 solet
2103 1094 2351 1162 constare
2398 1084 2600 1155 emptio
2639 1091 2803 1154 atque
2847 1082 3084 1138 venditio
3117 1103 3128 1136 :
3175 1084 3378 1140 bonum
3419 1087 3502 1138 est

1923 1191 2127 1246 emere,
2157 1175 2252 1232 sed
2302 1178 2354 1232 in
2383 1191 2544 1247 pace,
2589 1174 2733 1245 quod
2761 1175 2980 1246 propria
3005 1175 3283 1232 voluntate
3308 1173 3500 1232 vendi-

1925 1273 2028 1333 tur,
2063 1283 2168 1322 non
2200 1269 2253 1322 in
2283 1267 2700 1339 depraedationis.
2734 1263 2963 1337 Respice
2999 1273 3308 1322 contractus
3336 1266 3500 1336 origi-

1922 1373 2044 1414 nem
2077 1398 2093 1425 ,
2145 1359 2467 1416 venditionis
2521 1367 2832 1426 auctorem,
2892 1357 3050 1428 pretii
3101 1359 3496 1428 quantitatem,

1921 1449 2082 1526 325
2129 1461 2185 1508 et
2212 1453 2465 1522 intelligis
2497 1462 2520 1492 ο
2549 1451 2744 1522 praedae
2786 1450 2956 1521 magis
2977 1492 2994 1518 ,
3041 1465 3147 1506 non
3177 1449 3500 1506 venditionis

1922 1554 2241 1615 emptorem.
2287 1541 2446 1600 Unde
2475 1546 2618 1601 enim
2659 1545 2889 1600 barbaro
2918 1543 3033 1600 auri
3062 1557 3500 1613 gemmarumque

1921 1635 2182 1692 monilia?
2213 1635 2365 1692 Unde
2408 1637 2595 1710 pellito
2619 1639 2790 1694 serica
2824 1637 3176 1694 vestimenta?
3207 1631 3380 1700 Unde,
3410 1652 3497 1692 ro-

247 1725 565 1794 Christiane,
595 1743 693 1782 cur
713 1726 946 1798 prmdam
969 1726 1210 1783 relictam
1238 1742 1270 1780 a
1297 1726 1638 1797 praedonibus
1681 1741 1820 1796 prm-
1847 1749 1894 1810 Β
1921 1742 1989 1798 go
2011 1769 2025 1794 ,
2072 1725 2315 1784 Romana
2361 1729 2524 1802 326
2550 1730 2815 1800 mancipia
2868 1727 2888 1767 τ
2934 1729 3138 1784 sumis?
3179 1727 3392 1784 Scimus
3433 1743 3497 1782 ea

247 1817 561 1888 sumpsisti?
604 1818 712 1874 Cur
764 1817 1054 1876 laceratum
1101 1825 1158 1873 et
1201 1818 1647 1879 contaminatum,
1679 1817 1820 1872 sicut

247 1910 352 1982 ipse
377 1919 560 1982 putas,
587 1911 694 1968 tuis
719 1910 920 1967 aedibus
955 1910 1293 1982 importasti?
1319 1908 1445 1976 Cur,
1474 1909 1620 1981 quod
1649 1909 1818 1964 hosti-

246 2001 307 2059 lis
356 2004 637 2076 superavit
680 2004 852 2062 bestia
879 2047 894 2074 ,
943 2010 1002 2059 tu
1047 2004 1239 2060 saevior
1287 2002 1458 2058 bestia
1502 2001 1818 2058 devorasti?

1923 1821 2450 1893 comprovincialium
2499 1830 2804 1878 nostrorum
2850 1836 2992 1890 esse,
3033 1820 3120 1878 vel
3149 1819 3364 1876 civium.
3399 1817 3498 1874 Fa-

1923 1913 1998 1968 cit
2024 1910 2172 1984 ergo,
2203 1919 2264 1970 ut
2289 1911 2647 1986 Christianus,
2676 1923 2736 1973 et
2770 1917 2922 1983 civis,
2953 1915 3044 1986 qui
3076 1914 3197 1972 ideo
3225 1915 3392 1980 emit,
3441 1901 3498 1969 ut

1923 2003 2127 2061 reddat.

1549 2118 1896 2182 HOMILIA
1938 2119 2190 2182 XCVII.

1217 2218 1296 2276 De
1323 2220 1656 2292 elemosynis
1685 2227 1736 2276 et
1761 2219 1827 2276 de
1853 2219 2444 2278 nutliers.Santaritana
2463 2219 2514 2278 ι.

285 2329 310 2360 ι
739 2327 742 2330 ’
1679 2312 2069 2374 ADMONI'I'IO.

307 2407 640 2494 Gennadius,
670 2407 1053 2494 quisummam
1081 2407 1285 2494 primus
1309 2423 1537 2490 operum
1644 2408 2146 2494 MaxEni_condidit,
2168 2411 2244 2494 de
2273 2411 2628 2494 eleemosynis
2656 2425 2780 2494 cum
2807 2409 3121 2494 disseruisse
3149 2407 3360 2494 docuit;
3389 2424 3496 2494 quo

245 2481 415 2552 titulo,
444 2481 636 2552 paucis
662 2477 876 2552 additis,
908 2480 988 2552 usi
1009 2477 1133 2552 sunt
1161 2477 1406 2552 codicum
1431 2479 1744 2552 scriptorcs.
1767 2477 1956 2552 Codex
1994 2483 2138 2536 enim
2168 2477 2241 2552 90A
2279 2482 2334 2536 S.
2367 2477 2554 2552 Crucis
2583 2482 2635 2536 in
2661 2479 2978 2552 Jerusalem,
3021 2480 3112 2535 ubi
3153 2488 3236 2535 est
3277 2477 3496 2552 bomilia

241 2551 325 2608 20.
351 2548 916 2622 sequeiitemexiiibet
940 2549 1340 2622 inscriptionem
1375 2568 1388 2602 :
1422 2548 1616 2622 Incipit
1641 2549 1704 2622 de
1729 2549 2086 2622 elemosynis,
2116 2560 2165 2605 et
2185 2550 2274 2606 ubi
2300 2553 2433 2606 sedit
2459 2551 2711 2607 Dominus
2739 2550 2969 2605 Christus
2993 2567 3146 2622 super
3173 2557 3376 2622 puteum
3403 2550 3498 2622 sa-

238 2618 648 2680 mariwaodex
675 2618 744 2673 99
764 2619 1004 2691 ejusdem
1018 2618 1389 2691 bibliotheun,
1422 2620 1476 2674 in
1505 2618 1613 2688 quo
1643 2618 1712 2674 54
1738 2618 1964 2691 humilia
1993 2618 2327 2691 numeratur,
2360 2624 2501 2678 hunc
2533 2623 2744 2676 titulum
2775 2623 2988 2688 praefert
3012 2640 3024 2674 :
3055 2618 3498 2691 Deelcemosynis

236 2693 602 2762 etdentuliere
631 2689 988 2762 Samaritana.
1012 2689 1161 2762 Idem
1187 2691 1380 2762 legitur
1403 2691 1462 2744 in
1509 2691 1698 2746 codice
1746 2689 2106 2762 Laurentiano
2149 2707 2184 2747 ξ
2235 2689 2372 2747 Pint.
2419 2709 2506 2748 xxv
2535 2692 2810 2762 pag._‘267.
2844 2693 2911 2762 At
2939 2689 3498 2762 codex‘Sangallensis

235 2772 468 2843 laterem
501 2761 1128 2843 Gennadiiﬂepilgraphem
1163 2757 1402 2843 retinuit,
1429 2761 1703 2843 homi_liam
1732 2759 1977 2843 Νίκῃ-20
2003 2763 2233 2843 positam
2271 2762 2350 2843 _De
2377 2757 2710 2843 ειεεξῃξὸεῇῇῑε
2737 2761 3054 2843 inscribens.
3096 2759 3176 2814 Ab
3205 2757 3500 2843 editoribus

239 2831 500 2906 Gymnico
523 2845 650 2958 pag.
694 2830 834 2899 280,—
859 2830 1130 2887 Galesinio
1162 2831 1283 2899 l76,

239 2905 418 2958 titulus
445 2905 519 2958 ad
563 2903 752 2958 ibetur.
785 2917 884 2958 nec
908 2903 1176 2958 dissimilis
1204 2909 1283 2957 est

229 2903 418 2962 titulus
445 2903 668 2961 adhibet

1337 2820 1626 2958 RaKnaudo
1649 2845 1777 2916 pag.
1806 2830 1931 2900 MS,
1971 2820 2026 2887 ei
2071 2833 2374 2902 Margarino
2425 2833 2558 2917 Bibl.
2596 2820 2740 2887 Max.
2791 2842 2930 2916 tom:
2953 2830 3056 2916 Vl,
3085 2843 3204 2902 pag.
3236 2829 3324 2896 45,
3357 2831 3496 2914 idem

1339 2917 1410 2958 nu
1474 2901 1755 2957 Cumdium
1801 2908 1933 2957 tom.
1961 2901 2004 2957 ll
2032 2917 2154 2958 nan.
2183 2903 2305 2958 554.
2339 2903 2443 2958 Sed
2478 2919 2524 2958 is
2552 2913 2760 2958 auctor.
2785 2909 2840 2958 et
2868 2899 3134 2958 Gillotms.
3165 2907 3222 2955 et
3259 2900 3489 2956 Romam

671 2919 752 2974 ur,
785 2917 884 2974 nec
908 2903 1176 2974 dissimilis
1204 2909 1288 2957 est
1305 2899 1445 2973 apud
1474 2899 1755 2974 Cumdi'um
1801 2908 1933 2974 tom.
1961 2901 2004 2957 ll
2032 2917 2154 2974 pag.
2183 2899 2305 2960 554.
2339 2903 2443 2960 Sed
2478 2905 2524 2960 is
2552 2913 2760 2970 auctor,
2785 2909 2849 2974 et
2868 2899 3222 2974 Gillotius,_et
3259 2900 3489 2974 Romani

237 2973 654 3046 operumsancti
679 2971 946 3046 Ambrosii
972 2973 1204 3046 editores
1225 2974 1277 3046 in
1306 2971 1464 3043 hujus
1485 2974 1654 3046 sancti
1685 2971 2176 3046 doctorischomiliis
2204 2976 2342 3032 hanc
2361 2987 2576 3046 quoque
2598 2971 2967 3031 numerarunt.
3001 2971 3110 3028 Nos
3137 2971 3494 3042 inscriptione

229 3041 424 3102 codicis
445 3044 522 3099 99
549 3041 759 3100 Sanctae
783 3041 970 3099 Crucis
991 3044 1044 3098 in
1075 3041 1392 3110 Jerusalem,
1417 3053 1471 3100 ct
1491 3042 1835 3098 Laurentiani
1866 3043 1947 3099 usi
1967 3060 2176 3102 smnus.

231 3155 623 3230 Ancuunmuu.
655 3185 726 3230 -τ
748 3147 928 3230 Multis
954 3156 1230 3228 propositis
1275 3171 1571 3230 sacrarium
1584 3153 1810 3230 Littera-
1832 3155 1880 3218 C
1911 3131 2214 3230 mosgnam;
2237 3167 2288 3212 et
2313 3174 2428 3212 ecce
2453 3159 2629 3212 omnia
2657 3157 2856 3212 munda
2879 3163 2999 3212 sunt
3022 3156 3164 3211 vobis
3185 3157 3204 3227 (
3218 3131 3344 3209 Luc.
3379 3171 3433 3210 XI
3450 3155 3490 3226 ).

296 3244 410 3282 rum
442 3227 751 3282 testimoniis
797 3225 1132 3297 eleemosgnw
1168 3227 1405 3280 meritum
1455 3227 1515 3281 S.
1544 3225 1806 3280 Maximus

294 3297 647 3368 commendat,
677 3297 882 3368 illisque
923 3298 998 3351 ait
1021 3296 1433 3368 inisericordiam
1455 3313 1572 3368 esse
1615 3298 1808 3366 fontem

295 3369 510 3437 ululis,
531 3366 712 3438 quibus
731 3366 954 3421 avaritia
973 3369 1144 3439 [uersu
1162 3367 1343 3422 mortis
1369 3366 1681 3434 ingmdium.

176 3513 184 3524 ’
293 3524 438 3582 Dicit
457 3523 738 3594 Scriptura
757 3523 939 3580 divina
960 3522 1138 3579 :Sicut
1161 3521 1592 3594 aquamtinguit
1618 3521 1808 3593 ignem,

208 3617 301 3673 ~ita
325 3617 659 3688 eleemosgna
693 3615 978 3688 exstinguit
1015 3625 1285 3686 peccatum
1315 3613 1524 3686 (Eccli.
1568 3629 1647 3679 nt,
1677 3613 1746 3668 55
1765 3614 1807 3682 ).

217 3709 417 3782 Magna
469 3710 629 3780 plane
685 3718 740 3764 et
783 3709 994 3764 cunctis
1039 3707 1326 3764 ambiendo
1364 3706 1654 3772 sententia,
1693 3718 1812 3774 quas
1847 3740 1863 3754 .

217 3800 538 3858 hominibus
565 3815 707 3872 pene
726 3799 838 3869 jam
863 3798 1116 3865 mortuis,
1141 3806 1198 3852 et
1222 3803 1566 3866 peccatorum
1589 3808 1810 3851 suorum

155 3905 168 3915 '
219 3898 244 3936 ε
272 3887 537 3946 incendio
565 3887 836 3954 arefactis,
866 3886 1168 3942 redivivum
1193 3885 1462 3955 quoddam
1489 3883 1810 3940 beneﬁcium

208 3983 532 4056 pollicetur,
563 3991 623 4038 ut
641 3980 1036 4038 interveniente
1071 3978 1414 4050 elemosyna
1431 4018 1450 4044 ,
1492 3977 1632 4034 sicut
1669 3992 1808 4047 aqua

205 4077 596 4136 intermortuis
623 4090 838 4140 succus,
867 4071 1208 4144 refrigerium
1237 4071 1610 4128 arescentibus
1637 4069 1809 4126 infun-

203 4177 414 4239 datur;
445 4171 562 4227 hoc'
581 4178 685 4236 est,
715 4177 774 4227 ut
799 4167 984 4224 niiseri
1010 4167 1284 4233 homines,
1317 4167 1412 4237 qui
1441 4167 1496 4222 in
1519 4165 1542 4202 ιι
1567 4166 1806 4236 peccatis

201 4273 504 4334 eruerant,
543 4265 612 4321 ad
631 4264 800 4320 vitam
822 4261 1182 4332 eleemosynis
1226 4260 1578 4325 reviviscant;
1627 4260 1804 4330 sitque

202 4365 316 4423 illis
334 4358 716 4423 misericordia
753 4357 876 4415 fons
899 4356 1112 4422 salutis.
1141 4355 1336 4424 quibus
1361 4353 1590 4408 avaritia
1627 4354 1802 4408 fuerat

202 4455 406 4514 mortis
453 4451 790 4517 incendium;
824 4458 888 4507 ut
933 4449 1178 4506 flammas
1214 4463 1352 4518 quas
1378 4447 1482 4506 sibi
1523 4445 1798 4528 peccando

1913 3248 2168 3316 Quamvis
2206 3265 2337 3320 ergo
2385 3250 2642 3320 pollutus,
2674 3250 2918 3320 quamvis
2955 3249 3138 3304 multis
3181 3248 3494 3305 criminibus

1914 3341 2306 3410 circumseptus
2329 3381 2344 3406 ,
2409 3342 2454 3395 si
2515 3341 2888 3410 eleemosynas
2935 3337 3159 3404 feceris,
3229 3339 3490 3395 innocens

1912 3445 2033 3488 esse
2057 3431 2297 3502 coepisti;
2329 3433 2586 3500 abstergit
2622 3432 2765 3486 enim
2798 3431 3138 3503 eleemosyna
3175 3429 3320 3502 quod
3360 3445 3489 3486 ava-

1913 3524 2033 3579 ritia
2063 3523 2364 3594 polluebat;
2395 3531 2451 3578 et
2479 3522 2746 3579 maculam
2775 3537 2938 3593 quam
2985 3537 3074 3577 res
3121 3521 3324 3578 alienas
3359 3520 3488 3576 diri-

1911 3617 2112 3688 piendo
2149 3624 2498 3672 contraxeras
2543 3625 2666 3673 tuas
2717 3614 2990 3685 erogando
3030 3613 3302 3686 puriﬁcas.
3354 3614 3489 3670 Vide

1913 3725 2041 3781 ergo
2079 3725 2200 3782 qua:
2247 3710 2320 3768 sit
2346 3709 2728 3766 misericordiae
2765 3709 2957 3778 gratia,
2995 3722 3116 3780 quae
3141 3723 3248 3764 una
3289 3717 3347 3763 et
3372 3707 3488 3764 sola

1911 3803 2084 3860 virtus
2109 3809 2430 3859 cunctorum
2457 3808 2544 3860 est
2567 3801 2867 3872 redemptio
2901 3808 3264 3871 peccatorum.
3292 3797 3485 3854 Videa-

1909 3912 2030 3954 mus
2053 3910 2288 3966 namque
2315 3895 2817 3965 interpretationem
2846 3894 3015 3965 ipsius
3039 3893 3234 3948 divinae
3267 3899 3486 3948 senten-

1909 3990 2022 4054 tiae,
2046 3995 2105 4042 ut
2133 3987 2494 4058 intelligamus
2522 3987 2608 4042 cui
2629 3987 2707 4042 rei
2731 3987 3076 4058 eleemosyna
3103 3991 3480 4055 comparetur;

1907 4082 1984 4136 ait
2010 4082 2153 4136 enim
2171 4101 2193 4134 -
2228 4081 2376 4136 Sicut
2396 4097 2532 4153 aqua
2553 4082 2830 4152 exstinguit
2854 4081 3050 4152 ignem,
3064 4081 3143 4134 ita
3158 4078 3484 4150 eleemosgna

1905 4175 2192 4245 exstinguit
2213 4173 2472 4228 delictum.
2519 4173 2672 4242 Aqua
2697 4185 2828 4240 ergo
2849 4171 3232 4227 misericordiae
3259 4185 3478 4240 compa-
3511 4180 3536 4197 '

1903 4273 2052 4322 ratur
2085 4283 2098 4318 :
2129 4264 2224 4320 sed
2247 4279 2442 4334 aquam
2471 4264 2688 4318 invenio
2728 4263 2796 4318 de
2822 4263 2972 4318 fonte
3008 4261 3024 4299 ί
3057 4260 3435 4317 misericordiae
3462 4279 3476 4325 ;

1903 4372 2128 4414 necesse
2156 4357 2286 4412 mihi
2325 4364 2409 4412 est
2436 4354 2822 4412 misericordiae
2857 4353 3060 4409 fontem
3089 4366 3362 4421 quaerere;
3395 4352 3478 4405 in-

1901 4450 2061 4504 venio
2107 4449 2268 4518 plane
2304 4446 2504 4502 fontem
2547 4444 2959 4510 misericordiae;
2996 4447 3009 4494 i
3063 4443 3208 4507 fons,
3261 4443 3328 4495 de
3371 4457 3478 4510 quo

203 4545 570 4604 incenderant
615 4542 892 4614 largiendo
949 4541 1310 4612 restinguant;
1369 4547 1532 4610 atque
1568 4520 1798 4594 'utiliore
1828 4520 1877 4580 Ῐ)
1905 4539 2034 4596 dicit
2061 4540 2320 4611 propheta
2351 4557 2362 4591 :
2401 4535 2660 4601 Quoniam
2687 4537 2828 4608 apud
2857 4545 2904 4590 te
2930 4545 3008 4590 est
3036 4537 3155 4607 fons
3177 4536 3323 4597 vitaz,
3355 4534 3476 4587 etin

203 4635 582 4699 commercio,
645 4635 737 4702 qui
784 4633 1070 4704 pecuniam
1130 4631 1401 4701 quondam
1468 4629 1690 4684 dederat
1738 4635 1800 4684 ut

205 4727 542 4785 adulterium
565 4731 941 4802 perpetraret,
987 4739 1130 4780 nunc
1157 4723 1436 4795 pecuniam
1485 4728 1689 4792 eroget,
1737 4729 1798 4774 nt

207 4819 429 4876 adulter
459 4829 580 4874 esse
603 4815 712 4885 iam
742 4815 984 4880 desinat;
1005 4820 1062 4870 et
1080 4819 1226 4870 emat
1253 4813 1358 4871 sibi
1397 4810 1796 4881 quodammodo

211 4909 608 4973 innocentiam,
633 4907 726 4977 qui
763 4905 864 4964 sibi
906 4913 1112 4962 emerat
1153 4903 1444 4974 aliquando
1470 4909 1788 4974 peceatum;

205 5000 341 5057 dicit
369 4999 533 5056 enim
555 4999 812 5053 Dominus
850 4995 919 5051 ad
944 4994 1235 5066 discipulos
1273 5009 1400 5050 suos
1433 5012 1444 5044 :
1488 4992 1624 5047 Date
1657 4993 1790 5050 θέσθω

192 5181 196 5186 .
274 5145 302 5176 ⁸
331 5134 480 5192 Cod.
524 5127 649 5190 Vat.
680 5133 836 5198 1790,
879 5135 1062 5205 quanti
1087 5134 1282 5187 amissa
1308 5131 1604 5202 deplorant,
1645 5146 1798 5202 super

203 5223 322 5280 quo
345 5209 542 5262 invasa
568 5206 795 5276 plerique
817 5205 1160 5274 gratulantur.

275 5278 308 5318 δ
332 5275 479 5332 Cod.
515 5275 657 5339 Vat.,
682 5275 1035 5345 suppellectili.

181 5328 193 5337 .
275 5293 308 5318 ο
332 5293 479 5332 non.
520 5293 657 5339 van,
682 5293 1035 5345 suppetremn.

277 5358 300 5426 τ
331 5346 493 5426 [ἀδεῆ
514 5347 660 5426 cod:
691 5344 1048 5426 suppellectili.
1090 5375 1116 5426 ‘-

272 5415 299 5502 ῗ
330 5414 594 5502 93Ψὲκὲ
615 5412 806 5502 βὶυθὲέί
835 5412 1023 5502 lilii?
1049 5421 1108 5502 3‘
1125 5412 1682 5502 .YE“:1“.”L‘.'_‘Z".‘_‘“':.
1706 5480 1722 5502 ε

275 5497 300 5523 ε
334 5485 586 5552 Uterque
605 5485 724 5540 eod.
757 5484 815 5538 ὃ.
836 5483 1027 5538 Cumis
1049 5483 1100 5536 in
1115 5481 1224 5537 Jer.
1249 5489 1308 5536 et
1333 5482 1601 5544 Ambros.,
1634 5489 1683 5534 et
1704 5481 1787 5533 in-

203 5556 406 5627 telligis
426 5562 479 5608 to
501 5556 694 5627 prada
710 5557 884 5627 magis
923 5569 1036 5627 esse
1055 5554 1278 5627 sociant,
1320 5566 1425 5604 non
1464 5551 1787 5627 vepditionis,

205 5622 677 5682 etcfltem'codd.
710 5622 829 5678 Vat.
871 5632 927 5679 et
955 5623 1210 5678 Laurent.
1237 5622 1422 5693 legunt
1457 5630 1506 5675 et
1534 5622 1789 5693 intelliges
1849 5647 1870 5660 ο

207 5702 282 5764 to.
304 5702 422 5752 etc.

1904 4632 2097 4685 unum
2128 4639 2212 4684 tuo
2251 4628 2533 4682 ridebimus
2578 4629 2748 4682 lumen
2780 4626 2952 4697 (Psal.
2998 4625 3181 4696 xxxv).
3227 4623 3362 4694 Ipse,
3393 4625 3477 4678 in-

1903 4735 2082 4790 quam,
2115 4730 2198 4774 est
2237 4719 2377 4783 fons,
2405 4718 2496 4787 qui
2528 4718 2581 4772 in
2611 4717 2904 4786 Evangelio
2932 4732 2964 4771 a
2991 4715 3328 4772 Samaritana
3359 4731 3478 4771 mu-

1902 4813 2055 4881 liere,
2083 4813 2221 4868 sicut
2249 4811 2444 4865 lectum
2474 4825 2644 4880 nuper
2683 4809 3013 4877 audivimus,
3061 4823 3256 4880 aquam
3283 4816 3477 4879 postu~

1901 4903 1998 4970 lat,
2028 4902 2123 4960 sed
2160 4910 2380 4972 peccata
2421 4900 2720 4966 condonat;
2761 4916 2956 4972 aquam
2993 4899 3143 4971 putei
3189 4899 3471 4970 reprobat,

1903 4993 1998 5052 sed
2020 4993 2221 5049 fontem
2247 4993 2370 5047 vita:
2394 4993 2646 5064 perennis
2671 4992 2938 5062 indulget;
2969 4992 3046 5046 ait
3074 4991 3221 5047 enim
3254 5008 3266 5021 ο
3293 4989 3476 5045 Omnis

1982 5131 2000 5169 τ
2041 5129 2210 5184 Codd.
2243 5129 2354 5185 citt.
2389 5131 2643 5185 omittunt
2666 5131 2845 5185 sumis.

1975 5198 2172 5324 sdpod.
2206 5199 2274 5253 90
2303 5199 2357 5254 S.
2383 5200 2571 5256 Crucis
2597 5201 2650 5255 in
2689 5199 2798 5256 Jer.
2824 5198 2950 5268 legit
2983 5200 3240 5276 alget-ibus
3262 5216 3360 5271 pro
3387 5203 3472 5255 in-

1975 5287 1992 5323 t
2033 5289 2099 5324 ιο.
3198 5293 3204 5302 “

1901 5286 2099 5326 cenato.
3198 5293 3204 5302 ‘

1971 5341 1996 5379 ιι
2035 5340 2167 5397 Cod.
2195 5341 2266 5397 90
2287 5343 2342 5398 S.
2367 5342 2553 5398 Crucis
2583 5341 2635 5395 in
2664 5339 2774 5396 Jer.
2806 5349 2862 5396 et
2900 5339 3150 5397 Laurent.
3183 5341 3250 5394 10
3277 5341 3473 5394 habent

1897 5414 1982 5485 qui
2015 5415 2065 5466 in
2097 5421 2310 5467 mortem
2357 5413 2590 5484 peccatis
2607 5422 2890 5478 aruerant;
2939 5413 3062 5468 cod.
3093 5425 3221 5466 vero
3251 5409 3320 5461 99
3347 5409 3474 5477 legit

1898 5485 1983 5554 qui
2006 5486 2071 5554 in_
2090 5493 2256 5538 morte
2281 5486 2520 5554 peccatis,
2549 5492 2652 5554 etc.

1977 5557 1988 5626 ξ
2034 5552 2170 5626 (ξοᾷ.
2200 5547 2583 5626 ω’]λειυςηγᾶε-
2604 5547 2747 5626 fonte
2778 5551 3056 5626 procedere
3081 5547 3467 5626 misert‘corrlitz.

1972 5623 1986 5673 ἰ
2034 5621 2164 5679 Cod.
2193 5624 2247 5679 S.
2276 5618 2536 5680 Crucis'in
2559 5618 2668 5678 .lér.
2697 5633 2754 5679 et
2778 5618 3046 5676 'Laurent.
3081 5619 3166 5686 10,
3199 5620 3310 5688 ipse
3335 5618 3470 5672 enim

1897 5701 1974 5752 est
2000 5695 2371 5752 misericordia:
2399 5697 2535 5767 fons,
2562 5694 2625 5747 de
2647 5709 2746 5766 quo
2769 5692 2895 5746 dicit
2917 5689 3186 5766 propheta,
3221 5695 3326 5745 etc.
