4056 6346
551 274 658 355 479

1762 274 1819 329 S.
1860 270 2105 329 MAXIMI
2141 269 2591 343 TAURINENSIS

3723 272 3819 331 480

549 374 637 464 qui
663 389 847 446 biberit
868 406 934 445 ex
971 406 1109 463 aqua
1155 389 1273 455 hac,
1321 390 1461 444 sitiet
1487 391 1673 445 iterum
1696 431 1711 457 ,
1744 392 1830 464 qui
1858 399 2030 445 autem
2067 387 2143 444 bi-
2163 401 2215 461 Α
2244 388 2536 445 revertitur
2564 387 2933 460 praedicatrix;
2956 394 3010 444 et
3034 402 3156 460 quae
3175 388 3377 462 hydria}
3402 389 3680 448 vasculum
3701 391 3822 449 ami-

550 484 680 540 berit
706 501 772 539 ea:
803 499 938 555 aqua
964 500 1119 555 quam
1156 500 1248 556 ego
1281 481 1414 538 dabo
1444 484 1542 549 illi,
1593 501 1698 539 non
1730 484 1868 538 sitiet
1893 486 1947 539 in
1977 491 2129 539 (eter-

551 593 675 630 num
701 574 900 647 (Joan.
927 575 1025 645 ιν).
1055 574 1264 646 Aquam
1289 590 1420 647 ergo
1449 574 1699 631 Salvator
1728 591 1759 630 a
1783 575 2012 630 muliere
2034 590 2134 646 po-

547 666 729 733 stulat,
771 674 828 722 et
866 666 1017 723 sitire
1054 682 1114 723 se
1151 667 1386 733 simulat,
1430 674 1489 722 ut
1526 667 1832 723 sitientibus
1870 675 2131 723 aeternam

546 758 775 828 gratiam
803 758 1080 828 largiatur.
1119 758 1307 830 Neque
1345 758 1489 814 enim
1528 766 1742 831 poterat
1781 757 1900 815 fons
1927 759 2081 815 sitire
2113 776 2126 811 :

546 864 744 921 neque,
776 850 833 920 in
856 866 966 921 quo
992 857 1075 905 est
1102 865 1241 919 aqua
1264 849 1410 918 viva,
1442 858 1658 921 poterat
1677 849 1874 905 undam
1904 857 2133 905 terreare

545 940 693 998 faecis
718 941 951 997 haurire.
985 940 1215 997 Sitiebat
1240 955 1370 1011 ergo
1399 939 1684 998 Christus?
1712 940 1941 997 Sitiebat
1969 942 2130 1014 327

546 1034 729 1106 plane,
758 1049 867 1089 non
894 1041 1085 1105 potum
1107 1032 1418 1100 hominum,
1447 1034 1543 1090 sed
1594 1034 1824 1089 salutem
1874 1032 2128 1098 sitiebat,

546 1143 659 1183 non
684 1142 880 1196 aquam
908 1126 1132 1194 mundi,
1167 1126 1265 1183 sed
1303 1127 1728 1198 redemptionem
1770 1126 1985 1196 generis
2033 1126 2133 1181 hu-

548 1221 716 1276 mani.
768 1219 960 1275 Mirum
991 1220 1152 1289 igitur
1178 1221 1234 1276 in
1282 1221 1501 1277 modum
1549 1223 1669 1278 fons
1710 1237 1873 1292 super
1909 1228 2129 1291 puteum

545 1311 751 1394 sedens.
786 1312 1169 1367 misericordia:
1232 1312 1430 1367 ibidem
1487 1311 1691 1368 ﬂuenta
1735 1312 2025 1384 producit,
2077 1319 2149 1368 et-

545 1404 828 1459 mulierem
849 1411 1004 1459 sexto
1028 1402 1139 1473 jam
1170 1421 1277 1460 non
1304 1405 1443 1470 viro,
1472 1404 1565 1461 sed
1589 1405 1835 1460 adultero
1862 1404 2133 1460 fornican-

546 1504 678 1561 tem,
706 1496 814 1550 vivi
843 1503 1053 1553 meatus
1093 1496 1233 1551 unda
1276 1496 1547 1568 puriﬁcat,
1605 1513 1854 1567 novoque
1900 1496 2133 1552 admira-

545 1586 708 1643 tionis
735 1601 933 1657 genere
958 1588 1184 1654 mulier,
1215 1584 1431 1660 quaa'ad
1459 1598 1683 1661 puteum
1723 1588 1979 1645 Samaria:
2019 1603 2134 1645 me-

544 1682 713 1737 retrix
739 1681 1049 1747 advenerat,
1081 1699 1111 1737 a
1141 1681 1342 1738 Christi
1390 1682 1539 1738 fonte
1587 1691 1735 1740 casta
1785 1683 2089 1753 regreditur
2114 1721 2132 1748 ,

2236 488 2404 547 serat,
2432 479 2631 535 Christi
2655 479 3044 551 plenitudinem
3067 480 3400 552 reportabat,
3429 483 3484 537 in
3523 482 3679 539 nullo
3702 484 3803 539 civi

2236 573 2331 627 tati
2373 587 2482 628 suae
2511 571 2747 628 inferens
2775 571 3184 639 detrimentum;
3216 573 3417 628 etenim
3444 574 3491 629 si
3514 589 3715 645 aquam
3739 575 3818 632 ei-

2235 665 2389 720 vibus
2410 680 2517 719 non
2549 663 2748 730 intulit,
2765 664 2928 735 328
2944 672 3123 719 tamen
3149 663 3351 720 fontem
3372 665 3564 746 salutis
3585 666 3819 732 invexit;

2233 754 2559 813 sanctiﬁcata
2588 770 2717 826 ergo
2743 771 2839 826 per
2859 754 3017 811 ﬁdem
3045 756 3245 812 Christi
3269 757 3467 813 mulier
3486 756 3713 813 domum
3736 774 3821 814 re-

2235 848 2355 903 diit.
2392 845 2470 903 De
2506 848 2609 903 hac
2652 848 2814 917 igitur
2850 831 3170 919 prophetam
3217 846 3418 904 dixisse
3445 856 3581 918 puto
3624 847 3817 921 (Prov.

2237 939 2364 1011 xxx)
2402 959 2414 993 :
2448 939 2711 1011 ejusmodi
2754 948 2839 996 est
2881 939 3062 1010 iniqua
3094 941 3182 996 via
3212 940 3453 997 mulieris
3482 941 3821 1010 meretricis;

2233 1048 2352 1105 qum
2379 1048 2501 1087 cum
2527 1045 2587 1087 se
2611 1031 2860 1099 abluerit,
2906 1031 3041 1087 nihil
3078 1046 3137 1087 se
3168 1030 3301 1089 dicit
3339 1029 3535 1089 fecisse
3574 1047 3821 1104 pravum.

2235 1124 2313 1180 De
2350 1125 2454 1179 hac
2477 1124 2637 1195 plane
2664 1123 2867 1180 dictum
2897 1131 3009 1190 est;
3040 1138 3160 1195 quae
3183 1132 3539 1196 posteaquam
3565 1132 3654 1181 est
3680 1125 3824 1181 fonte

2235 1216 2417 1271 abluta
2445 1215 2759 1282 Salvatoris,
2785 1214 3103 1272 delictorum
3128 1217 3259 1273 vitia
3291 1233 3398 1273 non
3418 1218 3691 1287 meminit,
3712 1217 3823 1274 vir-

2236 1315 2402 1363 tutem
2430 1307 2823 1378 praedicationis
2848 1308 3104 1375 assumit;
3130 1314 3185 1363 et
3204 1308 3323 1364 viva
3350 1324 3490 1379 aqua
3510 1309 3824 1379 abstergens

2235 1401 2473 1457 maculas
2511 1416 2654 1468 suas,
2701 1400 2770 1457 ad
2801 1400 3293 1472 'evangelizandum
3338 1418 3447 1458 non
3493 1392 3826 1461 conscientia

2236 1493 2442 1564 peccati
2464 1494 2781 1558 retrahitur,
2812 1493 2910 1550 sed
2932 1492 3055 1548 lidei
3084 1495 3267 1551 calore
3291 1495 3656 1566 compellitur.
3685 1496 3825 1554 Nihil

2235 1587 2378 1641 enim
2410 1602 2469 1641 se
2509 1587 2638 1643 dicit
2679 1585 2870 1653 fecisse
2895 1587 3196 1658 pravitatis,
3228 1587 3355 1643 dum
3384 1587 3443 1643 ﬁt
3468 1589 3658 1644 nuntia
3682 1590 3826 1646 veri-

2237 1681 2390 1747 tatis;
2422 1688 2479 1736 et
2522 1681 2797 1765 oblivione
2841 1681 3075 1750 abnegat
3114 1680 3689 1753 impudicitiam-dum
3730 1682 3827 1739 de-

545 1780 604 1849 ct
631 1788 749 1843 quae
778 1788 975 1843 aquam
1004 1781 1191 1845 petere
1221 1782 1475 1839 venerat,
1527 1772 1838 1844 pudicitiam
1882 1780 2132 1845 reporta-
2163 1792 2208 1853 Β
2235 1775 2456 1831 votione
2477 1774 2731 1845 prmdicat
2759 1776 3081 1831 castitatem.
3107 1773 3233 1830 Hzcc
3261 1776 3404 1830 enim
3435 1774 3607 1831 virtus
3628 1774 3828 1834 Christi

568 1863 667 1930 Iit;
695 1865 879 1920 statim
919 1866 1103 1933 etiam,
1154 1865 1425 1920 indicante
1470 1864 1695 1921 Domino
1720 1905 1736 1931 ,
1787 1881 1882 1922 sua
1913 1873 2135 1936 peccata

2242 1875 2327 1922 est
2366 1865 2608 1932 Domini,
2649 1875 2708 1922 ut
2734 1864 2978 1939 quamvis
3006 1875 3279 1938 peccator,
3310 1867 3405 1936 qui
3446 1866 3564 1938 ejus
3603 1866 3747 1922 unda
3772 1883 3828 1924 se

544 1968 956 2023 .ecognoscens,
984 1954 1270 2015 Conlitetur
1297 1953 1591 2021 Christum,
1633 1956 1915 2010 annuntiat
1944 1953 2136 2010 Salva-
2240 1958 2449 2024 laverit,
2481 1959 2659 2014 denuo
2689 1958 2742 2012 in
2764 1957 3025 2028 virginem
3059 1965 3341 2028 reparatus
3380 1975 3490 2014 non
3518 1942 3828 2016 meminerit

544 2054 745 2113 torem;
779 2054 835 2102 et
871 2047 1181 2116 relinquens
1227 2064 1380 2119 aqua:
1413 2049 1709 2115 vasculum,
1759 2048 1824 2103 ad
1862 2048 2134 2103 civitatem

2240 2059 2366 2107 ante
2401 2050 2546 2122 quod
2574 2050 2779 2116 fecerit,
2812 2058 2867 2105 et
2893 2049 3133 2105 rediviva
3167 2049 3450 2106 nativitate
3478 2050 3722 2107 infantize
3747 2050 3827 2105 in-

544 2154 656 2192 non
678 2136 782 2202 fert
809 2138 1075 2210 hydriam,
1107 2138 1203 2194 sed
1226 2139 1390 2194 refert
1418 2140 1678 2208 gratiam;
1712 2156 1879 2195 vacua
1918 2139 2135 2209 quidem
2238 2141 2545 2197 nocentiam
2566 2139 2841 2211 przeferat,
2862 2139 3158 2209 juventutis
3177 2139 3381 2196 scelera
3404 2156 3513 2195 non
3535 2149 3825 2209 agnoscat;

542 2228 755 2284 videtur
783 2229 983 2285 reverti
1004 2245 1190 2293 onere,
1206 2230 1301 2286 sed
1321 2230 1481 2300 plena
1512 2232 1801 2287 revertitur
1819 2232 2130 2287 sanctitate.

541 2314 728 2388 Plena,
759 2320 995 2394 inquam,
1026 2320 1193 2388 redit;
1219 2322 1347 2393 quia
1375 2338 1495 2394 quae
1518 2324 1794 2394 peccatrix
1815 2324 2131 2392 advenerat,

2236 2234 2413 2303 sitque
2438 2232 2590 2301 virgo
2631 2230 2735 2288 ﬁde
2781 2230 3011 2298 Christi,
3046 2232 3140 2303 qui
3166 2232 3341 2289 fuerat
3386 2231 3598 2289 adulter
3638 2244 3825 2290 corru-

2240 2327 2426 2396 ptione
2451 2325 2681 2396 peccati.

1821 2437 2172 2500 HOMILIA
2219 2438 2503 2501 XCVIII.

1531 2539 1604 2594 De
1632 2539 1968 2612 eleemosgnis
1994 2549 2044 2595 et
2072 2540 2136 2595 de
2162 2541 2346 2596 eadem
2370 2540 2713 2597 Samaritana
2754 2538 2839 2594 11.

1965 2630 2356 2687 ADMONITIO.

558 2728 745 2802 ‘_Cum
773 2728 1218 2802 de_eleem_osynis
1256 2739 1501 2788 sanctum
1530 2731 1843 2802 episcopum
1889 2730 2277 2802 Taurinens‘em
2320 2730 2612 2787 Maximum
2658 2728 2994 2802 disseruisse,
3020 2726 3490 2802 utladmonitione
3530 2728 3816 2802 superiore

540 2800 793 2865 diximus,
820 2797 1131 2872 Gennadius
1146 2809 1404 2872 testatur,
1439 2797 1788 2871 nonnullique
1826 2802 1935 2857 sint
1959 2801 2173 2858 codices
2213 2804 2266 2857 in
2290 2802 2486 2871 quibus
2527 2802 2888 2872 lucc‘quoque
2933 2798 3153 2855 homilia
3192 2813 3303 2872 pra:
3322 2813 3382 2872 se
3410 2797 3824 2872 feratejusdem

540 2884 755 2942 nomen,
788 2870 901 2942 veri
927 2870 1250 2942 estquidem
1294 2872 1625 2942 simillimum
1657 2867 1764 2927 non
1797 2872 1974 2942 aliud,
2011 2867 2433 2942 ttisiVMaximum
2480 2879 2535 2927 et
2569 2867 2728 2942 hujus
2751 2867 2891 2942 esse
2930 2867 3571 2942 auctorem._l_stiusmodi
3602 2867 3823 2942 codices

542 2948 669 2995 sunt
696 2937 1230 3009 Sangallensis‘num.
1277 2940 1364 3008 78,
1417 2939 1486 2995 99
1532 2941 1745 2999 Sancta:
1786 2941 1976 2999 Crucis
2022 2944 2074 2998 in
2102 2941 2400 2999 Jerusalem
2429 2959 2580 2998 num.
2620 2937 2707 3007 2t,
2750 2940 3142 2996 Laurentianus
3173 2956 3205 2994 x
3235 2937 3373 2993 Plut.
3401 2955 3513 3006 xlv,
3540 2940 3599 2994 in
3620 2940 3820 3010 quibus

539 3011 756 3083 homilia
779 3011 1087 3083 inscribitur
1119 3031 1131 3065 :
1160 3011 1241 3066 De
1262 3013 1599 3083 eleemosynis
1627 3023 1678 3068 et
1697 3015 1763 3067 de
1789 3014 2019 3083 muliere
2053 3014 2416 3078 Samaritana,
2440 3022 2496 3069 et
2536 3012 2926 3083 Ambrosianus
2965 3011 3148 3079 itaque
3179 3019 3332 3083 vetus
3359 3011 3645 3083 imprimis,
3679 3027 3818 3083 cum

484 3085 492 3095 '
539 3081 696 3155 titulo
709 3099 756 3155 _°._
768 3080 846 3136 De
874 3081 1150 3155 eademfe.
1177 3083 1319 3154 apud
1336 3077 1656 3155 Cymfiicum
1686 3098 1810 3154 pag.
1835 3083 1960 3155 £87,
1993 3082 2326 3140 Galesinium
2353 3077 2476 3155 pag.
2510 3084 2634 3151 I77,
2668 3081 3025 3155 Raynaudum
3054 3077 3177 3152 pag.
3226 3077 3351 3149 144,
3375 3077 3824 3153 θῐΜπεω-ἰηωιι

539 3149 676 3207 Bibl.
706 3150 849 3207 Max.
882 3160 1016 3209 tom.
1048 3152 1135 3219 Vl,
1166 3149 1288 3224 pag.
1322 3149 1410 3222 46,
1438 3149 1747 3211 inscribitur
1762 3149 1793 3208 ἐ
1830 3152 2065 3210 Homilia
2094 3156 2325 3213 secunda
2345 3149 2484 3210 unde
2501 3149 2681 3226 supra.

538 3263 1024 3339 Anconsnryu._—-
1044 3265 1129 3339 Ea:
1155 3266 1486 3322 conuersione
1512 3267 1741 3339 mulieris
1773 3268 2126 3326 Samaritante
2152 3268 2201 3335 C
2230 3266 2495 3339 puriﬁcat.
2528 3266 2644 3323 Hoc
2671 3267 2835 3322 etiam
2865 3267 3288 3333 demonstrasse,
3317 3266 3463 3338 quod
3488 3266 3613 3324 huic
3658 3283 3825 3327 evan-

608 3338 780 3408 arguit
813 3336 876 3392 S.
924 3336 992 3391 D.
1038 3337 1229 3392 divina:
1276 3338 1648 3394 misericordiw
1694 3340 2018 3396 clementiam
2064 3343 2122 3396 in

606 3406 1309 3484 condonandiscriminibus
1352 3409 1645 3484 hominum,
1688 3428 1802 3484 qua:
1843 3429 1876 3465 a
1918 3411 2122 3484 Christo

607 3486 852 3554 tanquam
901 3496 935 3531 a
968 3481 1110 3554 fonte
1147 3479 1452 3554 dimanaus,
1498 3479 1990 3554 uirtute'prwcipue
2025 3481 2124 3537 ba—

607 3549 882 3620 ptismatis,
907 3549 1130 3621 gratiam
1150 3551 1551 3622 regenerationis
1572 3549 1832 3624 operatur.

607 3640 827 3695 Retinet
866 3648 1045 3696 vestra
1076 3634 1315 3708 dilectio,
1357 3649 1483 3696 ante
1528 3641 1643 3699 dies
1682 3653 1707 3681 ι
1748 3644 1971 3715 aliquot,
2000 3660 2123 3702 cum

537 3746 844 3786 sermonem
892 3731 958 3785 ad
983 3747 1081 3788 vos
1123 3731 1189 3787 de
1236 3732 1592 3806 eleemosynis
1637 3733 1968 3805 faceremus,
2014 3735 2126 3808 pri-

541 3822 708 3877 mitus
751 3837 853 3876 nos
894 3823 1156 3891 originem
1214 3826 1704 3881 misericordiarum
1747 3844 1990 3899 quaarerc
2023 3845 2125 3885 vo-

539 3910 737 3976 luisse;
766 3920 822 3966 et
848 3918 1068 3981 reperto
1086 3927 1283 3967 earum
1322 3914 1471 3970 fonte
1500 3916 1782 3983 virtutum,
1804 3920 2125 3993 ostendisse,

537 4001 683 4071 quod
703 4002 941 4058 mulieris
969 4001 1321 4060 Samaritana:
1347 4006 1534 4074 sordes
1556 4008 1750 4066 melius
1767 4006 1965 4069 Christi
1983 4013 2125 4071 unda

538 4089 792 4157 diluerit,
840 4107 1003 4162 quam
1045 4093 1302 4149 Samarize
1359 4112 1496 4166 aqua
1542 4100 1812 4168 purgarit;
1862 4110 1917 4157 et
1980 4104 2124 4173 quod

516 4182 788 4238 ‘mundius
812 4183 1178 4239 misericordia
1205 4185 1428 4243 detersit
1454 4197 1677 4258 peccata
1710 4205 1883 4260 quam
1900 4203 2114 4264 puteus.

536 4273 785 4330 Mundius
830 4275 990 4346 plane
1041 4276 1411 4333 misericordia
1455 4297 1614 4351 quam
1652 4293 1847 4354 puteus
1891 4285 2120 4357 detergit

536 4366 810 4435 maculas,
860 4369 985 4439 quia
1019 4370 1167 4439 putei
1209 4385 1347 4439 aqua
1388 4380 1593 4428 tantum
1650 4378 1898 4447 corporis
1937 4388 2116 4438 cutem

534 4461 724 4530 abluit,
754 4462 1135 4518 misericordia:
1181 4472 1361 4520 autem
1388 4465 1602 4524 bonitas
1642 4471 1834 4527 animm
1860 4473 2113 4531 interiora

2228 3359 2415 3429 gelicte
2451 3357 2666 3414 mulieri
2707 3356 2794 3414 illa
2823 3356 3141 3427 prophetica
3182 3356 3439 3413 meretrix
3483 3358 3821 3426 conveniret,

2228 3467 2349 3523 quae
2377 3457 2565 3521 postea
2593 3464 2755 3520 quam
2783 3449 2905 3504 viva
2944 3463 3083 3519 aqua
3104 3464 3163 3506 se
3192 3448 3339 3512 lavit.
3374 3449 3653 3506 oblivione
3691 3467 3823 3521 pos—
3859 3516 3871 3528 ⁸

2230 3556 2375 3597 sessa
2403 3540 2686 3611 pravitatis
2706 3540 2883 3595 nitore
2912 3539 3162 3610 puritatis
3188 3539 3453 3606 exsultat;
3479 3557 3657 3612 neque
3678 3542 3825 3600 enim

2230 3632 2301 3690 de
2347 3632 2633 3688 meretrice
2679 3632 2841 3703 hujus
2879 3631 3065 3688 mundi
3111 3633 3276 3689 talem
3321 3635 3650 3690 sententiam
3694 3651 3824 3707 pro-
3900 3624 3911 3629 “

2187 3744 2203 3759 ·
2230 3726 2395 3797 pheta
2425 3723 2649 3791 diceret,
2693 3724 2844 3795 cujus
2888 3724 3119 3795 pollutio
3158 3741 3270 3781 non
3313 3726 3489 3782 solum
3538 3743 3679 3799 aqua
3710 3744 3822 3784 non

2227 3817 2467 3884 diluitur,
2497 3815 2596 3872 sed
2625 3816 2787 3872 etiam
2829 3816 3024 3887 polluit
3060 3817 3176 3888 ipsa
3208 3817 3353 3888 quod
3379 3819 3570 3889 tangit,
3602 3819 3825 3877 dicente

2228 3906 2490 3979 Apostolo
2519 3924 2533 3961 :
2566 3906 2666 3972 Qui
2694 3916 2863 3962 autem
2900 3925 2958 3963 se
2998 3909 3177 3981 jungit
3214 3912 3492 3977 meretrici,
3522 3928 3683 3967 unum
3704 3929 3822 3968 σοι·-
3872 3910 3881 3919 ’

2227 4017 2323 4072 pus
2350 4010 2446 4055 est.
2479 3998 2633 4067 Quod
2661 4001 2706 4055 si
2728 4014 2893 4055 unum
2919 4016 3117 4073 corpus
3151 4008 3297 4058 tactu
3324 4018 3424 4059 suo
3452 4003 3638 4073 ellicit,
3668 4014 3724 4060 et
3767 4006 3822 4062 in

2226 4093 2589 4149 cohaerentem
2611 4092 2713 4148 sibi
2740 4093 3047 4164 ignominia:
3069 4110 3180 4150 sua:
3201 4097 3439 4151 membra
3463 4096 3821 4164 transfundit;

2223 4184 2498 4254 quomodo
2545 4191 2729 4255 potest
2772 4184 3058 4256 puriﬁcare
3086 4187 3204 4257 ipsa
3242 4202 3363 4243 cum
3410 4187 3653 4258 polluat?
3690 4188 3821 4256 Qua

2222 4289 2351 4344 ergo
2370 4276 2441 4332 sit
2465 4276 2566 4331 ista
2588 4277 2863 4343 meretrix,
2893 4291 3014 4348 qua:
3056 4278 3157 4333 ista
3199 4277 3539 4339 Samaritana
3585 4280 3809 4346 mulier,

2221 4377 2374 4447 cujus
2402 4378 2649 4434 adulterii
2675 4379 2863 4435 sordes
2903 4378 3024 4436 fons
3065 4378 3269 4437 Christi
3305 4381 3610 4449 deterserit,
3644 4383 3808 4441 solli-

2222 4478 2383 4535 citius
2425 4478 2781 4550 requiramus.
2819 4481 2834 4513 ¹
2882 4479 2996 4552 Ego
3022 4480 3164 4538 hanc
3202 4481 3482 4549 mulierem
3522 4482 3821 4543 Eoclesiam

602 4626 630 4656 ι
667 4616 838 4674 Codd.
864 4616 933 4672 99
970 4620 1028 4675 S.
1054 4618 1241 4678 Crucis
1275 4620 1330 4676 in
1355 4621 1466 4680 Jer.
1497 4633 1553 4680 et
1580 4625 1836 4686 Laurent.
1885 4648 1920 4687 x
1955 4635 2214 4692 omittunt
2238 4639 2459 4711 aliquot.

572 4826 580 4869 γ
607 4756 623 4787 ¹
655 4756 857 4812 Scribit
881 4757 1094 4869 manli
1110 4757 1374 4869 quoonius
1403 4762 1458 4815 in
1482 4762 1683 4846 ᾼρραν.
1714 4767 1783 4820 ad
1809 4768 2003 4824 Annal.
2028 4788 2113 4853 ec;
2224 4760 2529 4831 Ecclesiam
2558 4791 2679 4833 esse
2707 4786 2963 4835 secutam.
2985 4778 3065 4835 Ita
3086 4780 3282 4849 legitur
3304 4780 3359 4837 in
3385 4782 3775 4869 Martyrologio
3800 4803 3819 4843 .'

582 4844 676 4869 At-
711 4844 854 4869 1111111-
1088 4844 1161 4869 ,ρο
1186 4845 1350 4869 palm“
1384 4848 1409 4869 η
1435 4849 1617 4869 nrlnne
1650 4852 1819 4869 nan-In
1855 4846 2085 4869 lnmnnn-
2233 4845 2368 4869 ιη..-
2414 4863 2439 4869 _
2484 4849 2736 4869 -___.:_i__
2908 4851 2949 4869 ,1,-
3062 4868 3084 4869 η
3132 4868 3137 4869 ,
3180 4856 3198 4869 Α
3277 4853 3290 4869 ρ
3440 4856 3451 4868 ι
3581 4858 3593 4868 ι

532 4826 680 4910 fles,
711 4844 857 4881 nutu.
885 4826 1010 4908 l8,
1048 4827 1351 4910 Ecclesiam
1382 4848 1411 4885 a
1435 4826 1621 4903 primis
1650 4852 1819 4910 usque
1855 4842 2117 4910 tempori-

531 4896 633 4970 bus
661 4897 1007 4970 consuevisse
1048 4899 1101 4951 in
1130 4910 1383 4970 computo
1413 4896 1677 4960 a'nnorum
1707 4896 1775 4962 a'b
1802 4909 1936 4964 orbe
1972 4896 2114 4967 Icon-

531 4967 645 5021 dito
667 4965 1034 5050 ad‘Christum
1057 4970 1236 5050 potius
1255 4965 1416 5050 sequi
1437 4975 1745 5050 versionem
1766 4965 2117 5050 Septuaginta

530 5051 704 5117 quant.
721 5035 1324 5117 Hebraicu‘mtextumL
1343 5035 1489 5117 Ilinc
1526 5046 1683 5117 primi
1714 5035 1920 5117 Patres,
1952 5035 2117 5107 Juusti;

530 5104 652 5192 tius,
682 5104 934 5173 Irenzcus,
968 5106 1251 5192 Eusebius,
1281 5104 1631 5192 Igpipban'ius,
1665 5116 1733 5171 ab
1759 5119 1864 5175 hac
1888 5104 2114 5192 suppu-

533 5178 738 5256 tatione
765 5193 874 5256 non
902 5178 1269 5256 recesserunt.
1292 5178 1432 5248 Quid
1462 5178 1658 5256 mirum
1698 5203 1827 5256 ergo
1864 5191 1909 5245 si
1946 5178 2111 5248 e'ti'am

528 5245 792 5317 Maximus
820 5248 874 5305 in
902 5258 1054 5305 sexto
1082 5245 1364 5307 millesimo
1386 5270 1528 5310 anno
1558 5245 1876 5314 idololatriae
1904 5245 2114 5317 etiabo:

530 5314 885 5396 minationum
907 5317 1075 5396 ﬁnem
1103 5322 1380 5396 posuerit?
1423 5323 1561 5396 Nam
1598 5340 1697 5396 per
1724 5314 2117 5387 Christumilux

528 5389 771 5463 veritatis
819 5388 1279 5463 illuxit_m_undo,
1311 5402 1368 5448 et
1417 5394 1533 5463 ipse
1582 5388 1822 5453 omnium
1875 5403 2117 5458 maculas

528 5460 749 5516 abluere
775 5462 943 5538 venit.
974 5460 1134 5538 Modo
1163 5464 1328 5538 etiam
1354 5465 1410 5518 in
1437 5460 1836 5538 ‘Martyrologio
1866 5470 2113 5529 Romano

528 5545 703 5588 annus
730 5532 1027 5606 nativitatis
1072 5530 1272 5588 Christi
1321 5530 1632 5591 enuntiatur
1669 5530 1826 5606 jux'ta
1872 5550 2115 5599 veterem

527 5616 759 5674 morem,
781 5603 930 5672 quia,
962 5617 1029 5658 eo
1066 5609 1313 5674 tempore
1353 5620 1461 5674 quo
1499 5603 1701 5662 editum
1740 5608 1840 5665 fuit
1864 5609 2111 5669 Ecclesia

529 5668 774 5750 Romana
798 5668 1054 5750 versione
1078 5668 1430 5750 Serituagin'ta
1461 5678 1759 5750 utebatur;
1792 5689 1848 5737 et
1873 5668 2107 5750 constat,

2218 4845 2439 4927 Annoha
2476 4849 2737 4927 creatione
2771 4851 2978 4915 mundi,
3023 4845 3229 4927 quando
3270 4845 3626 4927 in__principio
3668 4845 3815 4913 Deus

2218 4918 2409 4998 creavit
2437 4918 2622 4999 caelum
2647 4927 2696 4973 et
2708 4930 2916 4999 terram
2933 4938 2953 4986 ;
2979 4918 3240 4999 quinques.
3256 4918 3551 4999 milesimo
3569 4943 3813 4999 nonage-

2218 4988 2350 5062 simo
2384 5004 2543 5062 nono,
2563 4997 2685 5062 _etc._
2708 4989 2849 5062 Nihil
2881 4988 3057 5062 tamen
3073 4988 3337 5062 ireligioni
3361 4993 3549 5062 ofﬁcit,
3573 5006 3633 5051 ut
3659 4988 3815 5053 recte

2218 5057 2616 5134 animadvertit
2643 5058 2817 5114 Natal.
2846 5061 3108 5134 Alexand.
3153 5057 3216 5117 in
3248 5062 3283 5116 Ξ
3308 5057 3560 5134 (ᾔδεα-ιζ,
3586 5081 3721 5123 sect.
3756 5069 3812 5134 I,

2218 5125 2525 5201 lt‘ujusmodi
2565 5128 2950 5201 discrepantia,
2978 5132 3103 5200 quia
3132 5147 3242 5188 non
3270 5133 3407 5191 adeo
3436 5125 3594 5192 cui-at
3616 5125 3814 5195 Eccle;
3838 5183 3848 5193 .

2219 5196 2320 5287 iis:
2335 5206 2490 5287 ,φξρὲ
2510 5208 2643 5287 “et?
2666 5196 3333 5287 βιιέίῆιυηίρῖωίεπείρβε
3359 5204 3815 5287 mundus.er

2222 5272 2310 5347 tus
2334 5266 2513 5323 fuerit.
2537 5269 2735 5347 Verum
2758 5272 2900 5347 inter
2920 5271 3103 5342 plures
3120 5266 3549 5347 dissidentesque
3568 5278 3813 5333 chrono-
3846 5334 3856 5341 ,

2221 5336 2466 5420 logorum
2504 5341 2798 5420 sententias
2825 5342 2894 5420 de
2921 5336 3484 5420 'anno_quo_C_hristus_
3510 5356 3673 5404 natus
3700 5359 3809 5420 est.

2221 5404 2510 5481 Usseriana
2539 5411 2745 5481 epocba
2775 5412 3051 5471 collocans
3077 5404 3290 5470 Homini
3316 5416 3656 5473 nativitatem
3704 5404 3813 5475 sub

2219 5474 2381 5552 ﬁnem
2427 5474 2793 5552 anni'quater
2838 5483 3108 5541 millesimi
3153 5500 3184 5539 a
3211 5487 3491 5543 creatione
3534 5474 3740 5552 mundi,
3772 5503 3813 5544 ι

2217 5548 2416 5637 ῐξξιιμῇξ⁵
2431 5548 3115 5637 scrjp't‘oribus‘przefertur.
3284 5555 3552 5637 ﬁlamach.
3572 5558 3636 5612 de
3650 5548 3808 5631 Orig.

2218 5568 2416 5633 IIIUIUS.
2431 5568 2787 5674 scriptoribus
2814 5568 3115 5637 pmlertut‘.
3155 5568 3267 5612 για.
3284 5568 3331 5610 M

2217 5625 2267 5671 et
2282 5618 2502 5699 Antiqui
2532 5662 2545 5675 .
2569 5619 2774 5699 Christ.
2794 5624 2888 5680 Itb.
2911 5641 2970 5693 tt,
2991 5640 3111 5699 cap.
3123 5624 3196 5699 _4,
3284 5622 3336 5680 2.

2281 5688 2469 5746 Restat
2519 5699 2605 5769 u_t__
2632 5694 2915 5769 explicem,
2956 5688 3357 5769 'cur‘Maxibtus
3384 5698 3583 5755 dixerit
3612 5707 3810 5769 gentes

501 5794 504 5797 λ
529 5748 591 5795 ut
617 5741 693 5798 ait
717 5742 1001 5810 Baronius,
1024 5752 1135 5800 tam
1153 5740 1561 5810 'Occidentalem
1591 5740 1757 5821 quam"
1779 5740 2107 5813 Orientaleui
2212 5758 2266 5817 in
2284 5740 2467 5819 sexto
2494 5740 3802 5843 niiiteéit'ﬁi'iiiio"iérﬁiéiiidﬁibii‘EtiijZEé'iE:
