4056 6346
337 375 444 438 481

1719 375 1998 435 HOMILIA
2036 374 2216 433 XCIX.

3500 371 3699 461 482⁸

338 506 462 550 esse
488 499 623 564 puto
665 490 734 549 de
762 490 1013 562 gentibus
1053 495 1460 562 congregatum,
1489 505 1608 562 quas
1652 497 1709 545 et
1750 498 1927 546 trans-
1951 496 2003 555 Α
2028 486 2297 560 ptismatis
2342 486 2579 559 pertinet
2617 487 2874 559 gratiam,
2920 486 3061 559 apud
3100 501 3327 559 superos
3357 495 3379 525 ⁶
3409 495 3609 560 myste-

337 585 477 642 actis
496 584 658 641 annis
672 584 913 656 quinque
931 584 1185 650 millibus,
1225 600 1347 640 cum
1376 584 1431 638 in
1456 590 1612 639 sexto
1640 581 1923 637 millesimo

339 691 487 730 anno
499 675 759 730 idolorum
773 673 1210 731 fornicationibus
1222 673 1543 745 subjaceret,
1555 688 1768 729 omnem
1781 674 1927 742 igno-

341 766 567 822 miniam
586 766 749 840 339
762 781 916 823 suam
930 765 1248 822 adveniente
1266 764 1465 822 Christi
1487 765 1635 821 fonte
1654 764 1922 835 purgavit,

280 868 293 875 ‘
339 868 401 914 et
436 858 676 915 maculas
718 873 853 928 quas
888 858 1203 915 adulterinis
1229 859 1522 929 sacrilegiis
1555 864 1921 923 contraxerat,

341 946 449 1005 ﬁde
477 947 770 1019 Salvatoris
797 949 1068 1019 abstersit,
1098 965 1162 1006 ac
1189 950 1517 1019 relinquens,
1546 949 1686 1004 sicut
1708 948 1922 1003 inanem

342 1039 615 1112 bydriam,
641 1039 878 1110 priorem
921 1052 947 1078 ι
988 1040 1220 1112 patrium
1270 1032 1505 1104 cursum,
1530 1039 1779 1094 universo
1808 1037 1927 1092 orbi

345 1128 564 1185 Domini
593 1130 929 1188 annuntiavit
964 1129 1270 1186 adventum.
1299 1129 1457 1194 lima,
1479 1129 1717 1198 inquam,
1737 1129 1825 1183 illa
1848 1135 1931 1184 est

342 1222 624 1288 meretrix,
654 1236 774 1292 quae
798 1229 1150 1293 posteaquam
1179 1222 1289 1276 lota
1320 1229 1421 1285 est,
1446 1221 1577 1276 nihil
1606 1237 1665 1278 se
1693 1220 1822 1276 dicit
1850 1219 1929 1275 fe-

342 1311 486 1367 cisse
523 1325 779 1382 pravum;
829 1319 1177 1382 posteaquam
1206 1311 1349 1368 enim
1393 1310 1632 1368 Ecclesia
1676 1311 1928 1382 baptismi

339 1404 524 1459 nitore
551 1412 777 1475 purgata
805 1412 907 1471 est,
952 1403 1229 1460 diabolica:
1268 1403 1559 1474 impietatis
1595 1418 1707 1459 non
1750 1402 1932 1458 memi-

340 1496 451 1564 nit,
478 1497 738 1567 religione
766 1498 1009 1554 veritatis
1053 1497 1310 1566 exsultat,
1346 1498 1593 1567 factaque
1638 1497 1706 1552 de
1755 1511 1931 1552 mere-

341 1588 481 1644 trice
505 1588 655 1659 virgo
704 1603 815 1644 non
842 1588 1156 1644 recordatur
1194 1589 1434 1660 priorum
1460 1588 1507 1655 δ,
1546 1588 1642 1645 sed
1669 1587 1931 1657 gloriatur

340 1679 402 1736 in
431 1666 759 1750 inmgritate,
789 1679 866 1734 ait
890 1695 1019 1751 ergo
1047 1682 1310 1751 propheta
1344 1697 1357 1732 :
1392 1680 1541 1735 Sicut
1566 1696 1700 1751 aqua
1727 1680 1929 1733 exstin-

341 1770 456 1842 guit
481 1770 672 1841 ignem,
695 1770 770 1822 ita
796 1768 1121 1841 eleemosyua
1147 1769 1430 1840 exstinguit
1454 1777 1739 1839 peccatum.
1773 1767 1928 1838 Saepe

2032 583 2169 637 rium
2201 581 2520 647 celebratur,
2555 582 2714 653 330
2741 589 2794 637 et
2832 578 2972 653 apud
3018 580 3220 637 inferos
3249 580 3492 652 gehenna
3523 595 3608 635 re-

2025 674 2318 745 stinguitur
2350 692 2363 727 :
2394 673 2483 731 hic
2513 673 2685 729 ﬂuunt
2710 689 2878 744 aquae,
2920 681 2976 731 et
3012 675 3120 731 illic
3160 674 3385 745 tepescit
3421 674 3607 730 incen-

2025 765 2174 821 dium
2204 783 2220 821 :
2244 766 2333 821 hic
2360 766 2411 821 in
2443 764 2591 821 fonte
2614 765 2777 821 homo
2800 766 3078 835 mergitur,
3103 774 3160 823 et
3180 767 3290 822 illic
3315 765 3383 821 de
3404 772 3608 821 tartaro

2027 858 2303 914 liberatur.
2326 856 2434 914 Sed
2464 873 2564 913 nec
2592 858 2806 925 mirum,
2836 859 2881 914 si
2908 860 2964 913 in
2992 858 3243 930 baptismi
3270 865 3609 914 sacramento

2027 934 2300 1020 aperiatur
2329 950 2614 1015 infernum,
2661 966 2783 1006 cum
2826 959 2951 1006 tunc
2990 965 3205 1021 quoque
3246 957 3517 1006 reseretur
3554 954 3612 1003 et

2027 1041 2251 1109 omium;
2284 1043 2599 1112 aperiuntur
2625 1042 2768 1096 enim
2798 1041 2912 1097 haec
2951 1042 3236 1108 elementa,
3270 1048 3328 1095 ut
3362 1041 3429 1095 ad
3461 1039 3609 1094 lava-

2029 1147 2179 1187 crum
2225 1131 2420 1189 Christi
2460 1133 2745 1188 conveniat
2784 1132 3002 1187 libertas
3043 1140 3097 1188 et
3133 1119 3321 1203 gratia.
3368 1131 3612 1187 Libertas

2028 1224 2169 1279 enim
2198 1226 2899 1291 resurrecturistribuitur,
2951 1226 3122 1293 gratia
3167 1226 3485 1295 regnaturis.
3529 1225 3611 1280 Illi

2029 1323 2290 1371 eruuntur
2329 1317 2394 1371 de
2423 1333 2602 1387 pmna,
2634 1316 2689 1370 hi
2729 1323 3074 1371 assumuntur
3111 1317 3165 1370 in
3206 1316 3470 1385 gloriam;
3511 1314 3610 1380 illi,

2028 1409 2121 1480 qui
2149 1418 2306 1464 erant
2349 1410 2489 1465 servi
2518 1409 2745 1480 peccati,
2771 1409 2926 1464 liberi
2956 1407 3089 1462 ﬁunt
3122 1406 3343 1477 justitite
3370 1426 3383 1461 :
3416 1408 3489 1474 hi,
3518 1407 3610 1477 qui

2030 1500 2291 1567 angustiis
2328 1499 2509 1555 smculi
2554 1500 2897 1563 tenebantur,
2934 1497 3169 1569 paradisi
3198 1512 3409 1553 amoena
3436 1497 3613 1568 perci-

2029 1590 2205 1661 piunt.
2227 1589 2286 1645 In
2306 1590 2576 1661 baptismo
2605 1603 2735 1657 ergo
2760 1590 2959 1648 Christi
2988 1588 3302 1659 aperiuntur
3319 1588 3461 1654 caeli,
3487 1602 3615 1658 ape-

2030 1682 2241 1737 riuntur
2265 1691 2321 1737 et
2351 1689 2586 1749 tartara;
2614 1683 2739 1738 inde
2760 1691 2819 1737 ut
2838 1681 3071 1752 Spiritus
3096 1688 3314 1735 sanctus
3342 1678 3613 1746 adveniat,

2032 1774 2157 1829 illuc
2198 1783 2257 1829 ut
2298 1773 2670 1829 misericordia
2714 1772 3008 1828 Salvatoris
3054 1771 3308 1838 accedat;
3340 1770 3614 1826 deferatur

342 1859 565 1930 quidem
593 1858 835 1915 videmus
862 1858 977 1914 haec
997 1858 1130 1922 ﬁeri,
1158 1866 1217 1913 ut
1245 1874 1381 1930 aqua
1404 1856 1570 1912 effusa
1597 1855 1936 1911 ﬂammarum

2038 1866 2101 1922 de
2141 1867 2279 1923 cmlo
2321 1867 2451 1931 vita,
2480 1882 2627 1922 mors
2668 1882 2698 1921 a
2729 1874 2932 1921 tartaro
2972 1865 3301 1921 destruatur.
3342 1863 3420 1919 lta
3458 1863 3618 1932 igitur

342 1951 647 2021 restinguat
669 1948 912 2006 incendia
946 1968 959 2002 :
1001 1948 1097 2005 sed
1124 1964 1154 2003 e
1182 1948 1456 2004 contrario
1486 1946 1749 2002 interdum
1777 1946 1929 2001 vide-

340 2059 469 2102 mus
504 2043 650 2115 quod
692 2042 938 2100 immensi
984 2042 1186 2114 ignium
1232 2041 1375 2113 globi
1423 2056 1683 2111 aquarum
1731 2039 1930 2095 ﬂuenta

344 2142 689 2203 consumant,
712 2144 770 2192 et
792 2135 957 2191 veluti
986 2134 1054 2189 ab
1082 2135 1235 2205 aquis
1261 2144 1482 2206 accepta
1510 2149 1633 2190 esca
1654 2133 1934 2187 vehemeu.

345 2230 456 2285 tius
481 2226 734 2285 redivivis
774 2225 1056 2283 ardoribus
1082 2226 1466 2291 convalescat;
1498 2226 1572 2280 ita
1603 2232 1663 2279 ut
1690 2223 1935 2278 videatur

346 2336 489 2392 aqua
517 2336 626 2376 non
651 2319 970 2378 exstinxisse
992 2319 1257 2386 incendia,
1287 2319 1383 2376 sed
1412 2318 1645 2373 auxisse.
1678 2316 1933 2384 Qumnam

346 2420 437 2469 est
460 2412 551 2467 illa
578 2426 717 2482 aqua
742 2426 862 2482 qua:
882 2410 1151 2467 consumit
1178 2408 1440 2477 ﬂammas,
1469 2424 1571 2463 nec
1593 2408 1708 2479 ipsa
1733 2422 1934 2462 consu-

346 2505 551 2564 mitur?
581 2516 605 2545 ο
650 2502 743 2559 Illa
782 2512 894 2574 est,
923 2512 1073 2575 puto,
1104 2519 1224 2575 qua:
1270 2502 1327 2557 in
1372 2502 1590 2557 lavacro
1628 2499 1695 2555 de
1736 2498 1936 2555 Christi

347 2594 500 2673 fonte
525 2596 819 2669 proﬂuens,
861 2613 974 2653 non
997 2596 1330 2653 consumitur
1354 2610 1383 2650 a
1418 2593 1811 2666 peccatoribus,
1834 2593 1936 2648 sed

347 2690 610 2760 gehennae
630 2688 897 2747 consumit
915 2688 1181 2744 incendia.
1204 2686 1333 2754 Quae
1351 2685 1476 2742 dum
1497 2701 1596 2756 per
1613 2685 1935 2756 baptismum

347 2776 647 2837 infunditur
686 2788 743 2837 et
782 2781 896 2852 ipsa
922 2779 978 2835 in
1004 2779 1312 2835 hominibus
1356 2786 1412 2833 et
1439 2777 1625 2833 tartari
1653 2775 1938 2846 restinguit

349 2872 625 2943 ardorem,
652 2872 785 2929 vivit
809 2872 969 2944 plane
1008 2871 1065 2927 in
1106 2870 1432 2937 hominibus,
1463 2869 1604 2926 sicut
1640 2868 1716 2923 ait
1749 2865 1934 2922 Domi-

348 2980 500 3021 nus:
542 2967 690 3037 Aqua
729 2973 898 3020 autem
924 2980 1079 3036 quam
1125 2980 1219 3037 ego
1248 2963 1382 3019 dabo
1409 2963 1457 3017 ei
1500 2962 1588 3033 fiet
1628 2964 1684 3016 in
1713 2977 1773 3016 eo
1817 2962 1935 3034 fons

350 3072 500 3128 aqua
527 3056 761 3110 salientis
788 3054 963 3128 (Joan.
995 3055 1093 3126 tv),
1122 3063 1177 3110 et
1203 3054 1431 3123 reliqua.
1462 3051 1655 3107 Mirum
1682 3049 1710 3089 ά
1730 3066 1860 3122 ergo
1880 3052 1937 3107 iu

351 3146 570 3204 modum
591 3162 728 3218 aqua
749 3146 947 3203 Christi
969 3161 1073 3202 una
1095 3146 1392 3217 eademque
1412 3146 1747 3216 operatione,
1771 3152 1827 3199 et
1853 3144 1935 3198 vi-

2034 1959 2377 2032 eleemosyna
2421 1960 2716 2031 exstinguit
2756 1966 3000 2031 peccata,
3030 1959 3171 2014 sicut
3197 1974 3336 2029 aqua
3364 1958 3617 2029 baptismi

2033 2052 2293 2122 gehenna:
2326 2049 2346 2090 ί
2377 2051 2668 2122 exstinguit
2698 2048 3003 2106 incendium
3034 2067 3047 2103 :
3090 2064 3222 2119 ergo
3271 2049 3613 2123 eleemosyna

2033 2144 2432 2213 quodammodo
2479 2144 2779 2211 animarum
2821 2141 2963 2197 aliud
3005 2150 3088 2197 est
3131 2141 3422 2207 lavacrum,
3473 2149 3531 2194 ut
3570 2140 3616 2195 si

2035 2237 2154 2305 quis
2176 2236 2321 2290 forte
2336 2243 2458 2306 post
2478 2235 2799 2309 baptismum
2820 2234 3052 2288 humana
3074 2231 3359 2299 fragilitate
3383 2230 3620 2300 delique-

2036 2328 2126 2393 rit,
2169 2328 2406 2399 supersit
2447 2327 2516 2391 ei,
2550 2332 2610 2382 ut
2646 2327 2843 2381 iterum
2881 2324 3240 2394 eleemosynis
3278 2321 3615 2401 emundetur,

2035 2421 2174 2479 sicut
2199 2421 2274 2475 ait
2303 2420 2559 2475 Dominus
2591 2437 2604 2472 :
2649 2418 2786 2473 Date
2823 2418 3222 2488 eleemosynam,
3262 2424 3313 2470 et
3350 2431 3464 2469 ecce
3502 2431 3612 2468 om-

2039 2515 2128 2569 nia
2159 2514 2352 2567 munda
2374 2520 2494 2566 sunt
2521 2510 2660 2566 vobis
2691 2508 2842 2581 (huc.
2874 2509 3004 2579 xu);
3036 2507 3139 2563 nisi
3167 2506 3310 2576 quod
3338 2505 3483 2560 salva
3514 2504 3619 2559 fide

2038 2603 2287 2667 dixerim,
2305 2601 2667 2672 indulgentior
2683 2607 2767 2655 est
2784 2600 3124 2670 eleemosyna
3145 2612 3304 2666 quam
3324 2596 3614 2651 lavacrum.

2037 2694 2336 2750 Lavacrum
2365 2695 2507 2749 enim
2536 2693 2703 2749 semel
2731 2692 2907 2757 datur,
2942 2699 2997 2748 et
3024 2690 3191 2747 semel
3214 2690 3426 2745 veniam
3457 2689 3616 2759 polli-

2037 2795 2226 2853 cetur;
2277 2788 2676 2857 elecmosynam
2727 2790 2909 2838 autem
2957 2781 3169 2852 quoties
3222 2780 3431 2841 feceris,
3462 2778 3623 2834 toties

2036 2879 2253 2932 veniam
2296 2877 2639 2948 promereris.
2693 2874 2760 2929 lli
2806 2888 2936 2943 ergo
2977 2873 3084 2929 duo
3131 2871 3623 2928 misericordiarum

2037 2966 2214 3025 fontes
2240 2976 2384 3037 sunt,
2408 2967 2499 3039 qui
2528 2975 2583 3022 et
2608 2967 2774 3023 vitam
2804 2965 3064 3030 tribuunt,
3093 2971 3148 3019 et
3170 2970 3391 3034 peccata
3417 2960 3623 3017 condo-

2038 3069 2205 3125 nant;
2237 3060 2330 3129 qui
2380 3067 2665 3128 utrumque
2709 3056 3028 3112 custodierit
3072 3055 3225 3125 regni
3265 3054 3501 3109 caelestis
3528 3053 3625 3108 ho-

2040 3168 2174 3208 nore
2210 3151 2487 3215 ditabitur,
2519 3151 2609 3219 qui
2641 3160 2842 3217 autem,
2882 3148 3151 3203 maculato
3189 3145 3335 3201 fonte
3372 3146 3515 3212 vivo,
3546 3144 3614 3198 ad

352 3238 552 3306 Vilicat,
600 3250 655 3294 et
682 3239 1004 3307 exstinguit;
1051 3234 1285 3293 viviﬁcat
1313 3236 1455 3291 enim
1484 3236 1711 3302 animaS.
1741 3235 1936 3290 delicta
1965 3239 2012 3303 C
2040 3239 2425 3296 misericordiae
2445 3253 2505 3293 se
2526 3235 2727 3295 ﬂuenta
2749 3235 3058 3302 contulerit,
3088 3241 3143 3290 et
3175 3235 3289 3304 ipse
3317 3234 3624 3288 misericor-

353 3330 668 3401 restinguit;
717 3331 816 3387 has
857 3330 1057 3385 lavacri
1095 3329 1178 3385 sui
1214 3326 1511 3397 refrigerio
1536 3334 1771 3398 reparat,
1821 3327 1938 3382 illas

355 3425 578 3497 gurgitis
602 3424 686 3481 sui
712 3424 852 3482 unda
880 3423 1175 3490 consumit;
1201 3429 1256 3479 et
1286 3420 1433 3490 quod
1460 3419 1526 3475 ad
1552 3419 1813 3489 majorem
1841 3420 1939 3474 ba-

2042 3333 2186 3389 diam
2214 3338 2596 3400 consequetur.

1646 3514 1994 3580 HOMILIA
2036 3516 2265 3581 XCIX.

1731 3618 1813 3675 De
1859 3620 2232 3691 hospitalitate.

1775 3708 2168 3764 ADMONITIO.

425 3803 597 3876 Hujus
622 3819 838 3876 quoque
877 3804 1114 3876 homilize
1162 3821 1176 3858 :
1204 3803 1286 3876 pe
1312 3802 1683 3876 hospitalitate,
1711 3801 1767 3876 S_.
1797 3801 2087 3876 Maximum
2117 3818 2237 3876 esse
2257 3809 2538 3876 auctorem
2592 3801 2901 3876 Gennadius
2940 3796 3161 3876 tradidit
3178 3818 3208 3876 ;_
3240 3801 3396 3871 eique
3429 3815 3625 3876 assen-

359 3871 565 3933 tiuntur
600 3871 907 3946 scriptores
933 3874 1184 3946 codicum
1195 3871 1579 3946 Asangallensis
1587 3873 1784 3946 homil.
1818 3872 1907 3946 312,
1930 3872 2009 3946 90
2027 3873 2085 3946 Su.
2109 3872 2298 3946 Crucis
2328 3874 2380 3927 in
2401 3871 2701 3946 Jerusalem
2725 3873 2912 3946 homil.
2938 3873 3030 3943 t8,
3058 3872 3409 3946 ejusdemque
3428 3872 3625 3946 biblio-

359 3948 533 4003 thecae
558 3946 627 4002 99
662 3941 850 4000 homil.
877 3944 967 4015 55,
999 3945 1059 4015 ln
1086 3941 1362 4015 codicibus
1384 3943 1719 4015 S_angallensi
1745 3951 1803 3998 et
1828 3941 1885 4015 _S.
1914 3941 2107 4015 Crucis
2146 3945 2198 3998 in
2233 3942 2530 4015 Jerusalem
2557 3943 2629 3998 99
2668 3944 2866 4015 legitur
2894 3941 3101 3999 tantum
3130 3941 3624 4015 Derhospitalitate;

360 4018 454 4075 sed
483 4019 537 4073 in
574 4016 869 4071 vetustiore
890 4014 978 4087 _90
1005 4014 1062 4087 S_.
1090 4012 1278 4087 Crucis
1316 4015 1369 4069 in
1398 4011 1508 4069 Jer.
1546 4012 1781 4087 :‘Incipit
1809 4013 1873 4069 de
1902 4014 2255 4087 hospitalitate
2282 4016 2337 4085 in
2368 4011 3627 4087 Evangelia.Superioribusaddimuscodicem

360 4102 397 4144 κ
420 4087 563 4142 Plut.
594 4102 683 4142 XIV
719 4098 842 4157 pag.
883 4083 988 4138 268
1024 4084 1465 4163 Lauren'tianum,
1497 4084 1591 4156 qui
1616 4082 1819 4141 omisso
1846 4082 2014 4141 verbo
2061 4084 2277 4158 Incipit,
2308 4082 2554 4141 eumdem
2578 4082 2800 4141 titulum
2817 4085 3019 4142 codicis
3040 4084 3110 4141 9t)
3136 4083 3191 4139 S.
3217 4082 3407 4140 Crucis
3440 4084 3623 4138 habet.

438 4230 466 4259 ι
490 4218 730 4290 Uterque
748 4217 921 4275 codex
948 4217 1151 4274 laudat.
1184 4216 1314 4289 legit
1340 4219 1561 4290 priorem
1588 4224 1794 4289 patrum
1830 4218 1943 4273 cul-

362 4300 635 4491 rﬁdem
661 4368 888 4431 uterque
913 4359 1061 4431 cod.,
1094 4376 1199 4415 non
1240 4359 1544 4415 recordatur
1576 4360 1807 4432 priorum
1832 4376 1941 4415 sce-

385 4447 548 4489 erum.
1682 4444 1699 4479 ι

436 4515 459 4545 ε
488 4502 623 4559 Cod.
653 4502 729 4574 99
748 4501 808 4559 S.
836 4501 1023 4559 Crucis
1048 4502 1106 4558 in
1130 4500 1240 4559 Jer.
1261 4502 1493 4574 supplet,
1518 4502 1607 4559 cui
1638 4502 1938 4559 conformis

262 4564 271 4568 ’
363 4582 448 4633 est
465 4574 635 4631 codex
655 4590 690 4629 x
709 4572 1120 4630 Laurentianus.

364 4730 432 4772 ac
457 4712 504 4770 si
529 4711 698 4769 multo
727 4720 852 4767 ante
897 4709 1199 4779 idololatria
1227 4723 1350 4764 cum
1378 4707 1537 4779 331
1568 4705 1815 4779 omuibus
1842 4704 1939 4761 ﬂa-

403 4785 511 4842 itiis
556 4799 665 4839 non
709 4781 1046 4850 regnaverit?
1096 4777 1367 4850 Habemus
1393 4777 1536 4850 enim
1565 4792 1633 4833 ex
1660 4777 1938 4850 Scriptura

404 4801 511 4842 tttls
556 4801 665 4839 non
709 4801 1045 4850 regnaverit:
1096 4801 1367 4834 naueutus
1393 4801 1536 4833 enim
1565 4801 1633 4833 ex
1660 4801 1938 4846 ocrlptura

364 4801 566 4928 floy'sis
594 4862 837 4924 tempore
864 4850 1117 4928 Hebraeos
1132 4848 1375 4928 conﬂato
1393 4847 1562 4928 vitulo
1589 4862 1754 4928 aureo
1774 4846 1941 4928 sacri-

366 4915 590 4991 tiea'sse;
613 4915 877 4995 praiterea
903 4921 1097 4989 legitur
1121 4918 1283 4995 lsaac
1308 4918 1626 4995 pgmcepisse
1664 4915 1832 4995 Jacob
1848 4931 1942 4995 _ne

366 4997 472 5054 sibi
510 4985 731 5051 uxorem
756 4985 991 5048 sumeret
1019 5005 1087 5045 ex
1116 4985 1325 5043 ﬁliabus
1344 4985 1617 5055 Chanaan,
1640 4987 1765 5055 quia
1795 4985 1942 5041 falsis

367 5067 471 5124 diis
498 5064 826 5131 serviebant,
857 5068 912 5117 et
939 5057 1462 5131 Rachelemltabani
1491 5057 1660 5129 patris
1687 5055 1940 5131 suiidola

366 5139 599 5194 furatam
629 5128 820 5189 fuisse.
837 5129 1133 5187 Fatendum
1156 5129 1374 5200 quidem
1408 5128 1499 5200 est
1518 5128 1948 5200 superstitiosum

2120 4215 2146 4289 (ξ
2176 4217 2253 4289 lt_a
2297 4217 2421 4274 cod.
2455 4217 2529 4289 99
2553 4217 2611 4274 S.
2635 4218 2823 4275 Crucis
2850 4219 2904 4273 in
2933 4216 3044 4274 Jer.
3068 4217 3309 4289 perfecte
3335 4215 3628 4273 concordat

2046 4288 2168 4344 cod.
2207 4287 2462 4359 Laurent.
2493 4286 2792 4345 Galesinius
2827 4305 2958 4344 vero
2997 4286 3124 4359 legit
3152 4307 3164 4342 :
3203 4287 3395 4342 Mirum
3427 4289 3482 4341 in
3512 4304 3626 4341 mo-

2046 4359 2344 4432 dum__aquu
2383 4358 2642 4432 Christus,
2671 4369 2776 4416 etc.

2046 4464 2097 4555 ὑ·
2118 4442 2142 4467 ο
2164 4426 2297 4553 Clod.
2324 4426 2694 4499 Laurentian.,
2721 4432 2859 4502 apud
2887 4447 3099 4501 superos
3128 4428 3471 4484 ministerium
3497 4426 3628 4481 cele-

2084 4517 2191 4555 rum
2221 4540 2234 4554 .

2084 4502 2234 4556 rarit.

2125 4570 2141 4610 ῐ
2175 4568 2308 4626 Cod.
2341 4569 2410 4626 99
2439 4569 2495 4625 S.
2527 4569 2717 4627 Crucis
2744 4571 2798 4625 in
2825 4568 2959 4638 Jer.,
2984 4570 3272 4641 restinguit.

2043 4701 2102 4761 S.
2135 4701 2306 4759 Lucas
2344 4701 2710 4758 testimonium

2055 4773 2291 4855 edictum
2311 4771 2548 4855 ejusdem
2570 4767 2820 4855 gmsarisn,
2838 4767 3196 4855 praecipientis
3214 4767 3627 4855 desrriptionem

2048 4843 2233 4900 mundi
2273 4837 2506 4897 universi
2532 4860 2544 4894 :
2570 4839 2716 4895 Exiit
2739 4837 2958 4894 edictum
2986 4837 3018 4894 ἁ
3049 4837 3253 4894 (Ia-sure
3292 4838 3544 4906 Augusto,
3573 4850 3630 4895 ut

2049 4912 2422 4968 describeretur
2448 4913 2715 4966 universus
2743 4909 2899 4966 orbis.
2929 4909 3067 4976 Quin
3098 4910 3206 4964 imo
3231 4910 3346 4979 ipse
3378 4909 3631 4978 Evange-

2047 4985 2172 5039 lista
2200 4984 2529 5038 mentionem
2560 4982 2725 5050 habet
2751 4980 2818 5036 de
2845 4981 2950 5035 alia
2992 4979 3380 5050 descriptione,
3404 4979 3631 5050 jampri-

2050 5054 2175 5110 dem
2212 5052 2352 5110 facta
2378 5069 2409 5108 a
2440 5053 2668 5124 praeside
2693 5049 2922 5125 Cyrino,
2939 5051 3048 5119 vel,
3070 5059 3125 5125 ut
3150 5049 3269 5125 aliis
3288 5049 3489 5125 placet,
3510 5049 3633 5125 Qui-

2054 5126 2213 5187 rino;
2264 5133 2318 5180 et
2362 5120 2502 5179 inter
2548 5138 2712 5177 unam
2741 5120 3015 5193 'etraliam
3046 5120 3479 5193 descriptionem
3528 5121 3631 5193 hoc

2750 4699 2956 4784 Praebet
2984 4697 3305 4784 sev-2,91,)?
3336 4704 3626 4784 ξιξθητοτθίν

368 5192 576 5277 cultum
605 5205 836 5277 populos
862 5192 1393 5277 omneslongeante
1411 5192 1681 5277 Christ—um
1703 5196 1947 5277 domina-
1977 5200 2029 5263 Ι)
2054 5195 2343 5277 discrimen
2381 5192 2852 5277 inveniuut,‘quond
2880 5192 3144 5277 inprima
3183 5200 3470 5277 computus
3499 5192 3629 5246 sub-

368 5286 487 5334 tum
516 5270 711 5343 fuisse;
741 5274 837 5331 sed
881 5288 1003 5328 cum
1034 5270 1261 5343 Romani
1288 5286 1386 5343 per
1413 5270 1726 5343 universam
1744 5276 1945 5343 terram

370 5347 659 5419 imperium
693 5338 858 5419 suum
887 5341 1255 5419 protulissent,
1290 5338 1588 5419 falsamque
1633 5338 1945 5419 religionem

371 5408 630 5475 invehere
657 5415 855 5485 ubique
889 5408 1252 5485 studuissent;
1291 5410 1355 5485 in
1384 5408 1749 5485 sextomundi
1779 5408 1947 5463 mille-

369 5490 513 5546 simo
538 5503 701 5555 anno,
740 5480 892 5555 o'rtus
916 5481 1415 5555 Christistatuitur,
1445 5480 1647 5555 scilicet
1650 5480 1813 5555 _circa
1841 5493 1943 5555 _an-

373 5574 505 5616 num
546 5556 651 5613 749
688 5549 761 5613 U.
791 5554 886 5623 C.;
932 5553 1054 5609 ideo
1098 5551 1153 5607 S.
1182 5551 1447 5623 Maximus
1470 5549 1604 5623 dixit
1650 5549 1945 5623 Ecclesiam

373 5634 787 5697 congregratam
805 5618 882 5697 ex
895 5624 1160 5697 gentibus,
1186 5637 1305 5697 qum
1326 5622 1376 5676 in
1399 5621 1712 5697 idololatria:
1734 5618 1946 5697 ﬂagitiis

374 5709 437 5758 et
476 5689 719 5755 éecitate
764 5689 1055 5753 infeliciter
1080 5689 1302 5763 perditae
1338 5690 1710 5763 versabantur.
1742 5689 1947 5745 Revera

375 5770 526 5844 quod
555 5767 777 5824 Czcsaris
802 5765 1023 5834 Augusti
1047 5762 1401 5844 dominationi
1426 5762 1711 5844 universus
1737 5768 1952 5844 partu-et

378 5832 532 5909 tit-bis
549 5858 562 5870 ο
585 5847 780 5913 praeter
798 5832 985 5896 omnes
1002 5832 1256 5912 profanos
1274 5833 1586 5909 scriptores,
1609 5833 1771 5917 etiam
1790 5832 1952 5907 332

2046 5266 2315 5337 jectarum
2343 5266 2582 5337 gentium
2607 5261 2786 5337 factus,
2803 5261 3057 5337 fuerit'ad
3086 5261 3493 5337 gratiﬁcandum
3516 5277 3631 5315 am-

2049 5331 2249 5391 bitioso
2273 5331 2519 5407 principi,
2549 5335 2645 5405 qui
2668 5334 2989 5407 populorum
3029 5334 3267 5407 omnium
3295 5331 3626 5407 dominatum

2051 5406 2253 5462 habere
2274 5401 2637 5475 gloriabatur;
2662 5401 2715 5460 in
2737 5401 2970 5461 secunda
2991 5419 3122 5459 vero
3143 5402 3426 5475 descriptae
3449 5401 3631 5475 dicun-

2051 5485 2140 5557 t_ur
2166 5470 2377 5557 familia:
2412 5476 2693 5557 quiverstc,
2714 5483 2775 5557 _et
2802 5474 3250 5557 ipsisnimpositus
3292 5470 3502 5557 census.
3536 5470 3630 5551 Vi:-

2051 5546 2256 5604 dendus
2301 5556 2384 5604 est
2433 5547 2647 5602 Monilia
2680 5538 2766 5602 'de
2805 5538 2893 5601 an.
2935 5538 3133 5600 Christi
3175 5543 3385 5596 dissert.
3434 5538 3485 5603 l,
3537 5540 3627 5607 qui

2052 5634 2166 5673 rem
2197 5620 2267 5674 ita
2308 5617 2579 5674 concludit
2622 5635 2636 5673 :
2690 5616 3031 5672 Verisimilius
3059 5613 3411 5667 existimamus
3439 5625 3525 5661 an.
3564 5608 3630 5666 U.

2054 5686 2113 5761 (S_.
2158 5688 2282 5755 749,
2323 5689 2618 5761 tranquillis
2654 5687 2847 5761 ubique
2876 5685 3115 5739 Gentium
3147 5680 3410 5761 [inmanis
3454 5677 3626 5761 rebuu,

2055 5750 2347 5831 clausisque
2387 5750 2517 5831 Jajti
2539 5750 2777 5831 foribus,
2820 5761 3078 5829 peractam
3124 5750 3539 5823 descriptionem,
3570 5750 3634 5809 de

2054 5845 2156 5904 qua
2184 5828 2410 5903 loquitur
2436 5829 2496 5885 S.
2530 5828 2722 5886 Lucas.
