  <div class='ocr_page' id='page_1' title='image "/cluster/home/n/w/nwhite01/storage/ocr_20150623/57/hvd.32044015471618/248.png"; bbox 0 0 4056 6346; ppageno 0'>
   <div class='ocr_carea' id='block_1_1' title="bbox 227 333 326 391">
    <p class='ocr_par' dir='ltr' id='par_1_1' title="bbox 227 333 326 391">
     <span class='ocr_line' id='line_1_1' title="bbox 227 333 326 391; baseline 0 0"><span class='ocrx_word' id='word_1_1' title='bbox 227 333 326 391; x_wconf 71' lang='grc' dir='ltr'><strong>ιεδ</strong></span> 
     </span>
    </p>
   </div>
   <div class='ocr_carea' id='block_1_2' title="bbox 1618 323 2018 384">
    <p class='ocr_par' dir='ltr' id='par_1_2' title="bbox 1618 323 2018 384">
     <span class='ocr_line' id='line_1_2' title="bbox 1618 323 2018 384; baseline -0.01 0"><span class='ocrx_word' id='word_1_2' title='bbox 1618 325 1901 384; x_wconf 66' lang='lat' dir='ltr'><strong>nouum</strong></span> <span class='ocrx_word' id='word_1_3' title='bbox 1931 323 2018 382; x_wconf 79' lang='lat' dir='ltr'><strong>Cl.</strong></span> 
     </span>
    </p>
   </div>
   <div class='ocr_carea' id='block_1_3' title="bbox 226 419 3480 522">
    <p class='ocr_par' dir='ltr' id='par_1_3' title="bbox 226 419 3480 522">
     <span class='ocr_line' id='line_1_3' title="bbox 226 419 3480 522; baseline 0 -17"><span class='ocrx_word' id='word_1_4' title='bbox 226 459 442 520; x_wconf 79' lang='lat' dir='ltr'><strong>cperum</strong></span> <span class='ocrx_word' id='word_1_5' title='bbox 469 445 582 518; x_wconf 83' lang='lat' dir='ltr'><strong>ejus</strong></span> <span class='ocrx_word' id='word_1_6' title='bbox 609 445 843 504; x_wconf 81' lang='lat' dir='ltr'><strong>candore</strong></span> <span class='ocrx_word' id='word_1_7' title='bbox 869 446 1100 506; x_wconf 65' lang='lat' dir='ltr'><strong>laetatur.</strong></span> <span class='ocrx_word' id='word_1_8' title='bbox 1132 446 1264 515; x_wconf 84' lang='lat' dir='ltr'><strong>Quis</strong></span> <span class='ocrx_word' id='word_1_9' title='bbox 1290 445 1452 512; x_wconf 90' lang='lat' dir='ltr'><strong>enim,</strong></span> <span class='ocrx_word' id='word_1_10' title='bbox 1483 443 1694 509; x_wconf 77' lang='lat' dir='ltr'><strong>fratres,</strong></span> <span class='ocrx_word' id='word_1_11' title='bbox 1739 443 1794 499; x_wconf 90' lang='lat' dir='ltr'><strong>in</strong></span> <span class='ocrx_word' id='word_1_12' title='bbox 1821 444 1878 506; x_wconf 77' lang='grc' dir='ltr'><strong>Δ</strong></span> <span class='ocrx_word' id='word_1_13' title='bbox 1899 448 1986 515; x_wconf 83' lang='lat' dir='ltr'><strong>tus</strong></span> <span class='ocrx_word' id='word_1_14' title='bbox 2015 450 2073 499; x_wconf 88' lang='lat' dir='ltr'><strong>et</strong></span> <span class='ocrx_word' id='word_1_15' title='bbox 2097 441 2356 516; x_wconf 74' lang='lat' dir='ltr'><strong>insipiens</strong></span> <span class='ocrx_word' id='word_1_16' title='bbox 2381 443 2450 501; x_wconf 88' lang='lat' dir='ltr'><strong>ad</strong></span> <span class='ocrx_word' id='word_1_17' title='bbox 2476 453 2683 503; x_wconf 89' lang='lat' dir='ltr'><strong>motum</strong></span> <span class='ocrx_word' id='word_1_18' title='bbox 2706 443 2840 520; x_wconf 86' lang='lat' dir='ltr'><strong>ejus,</strong></span> <span class='ocrx_word' id='word_1_19' title='bbox 2870 447 2962 522; x_wconf 90' lang='lat' dir='ltr'><strong>qui</strong></span> <span class='ocrx_word' id='word_1_20' title='bbox 2973 419 3316 506; x_wconf 80' lang='lat' dir='ltr'><strong>Christianus</strong></span> <span class='ocrx_word' id='word_1_21' title='bbox 3357 449 3480 518; x_wconf 74' lang='lat' dir='ltr'><strong>lue-</strong></span> 
     </span>
    </p>
   </div>
   <div class='ocr_carea' id='block_1_4' title="bbox 227 536 1794 611">
    <p class='ocr_par' dir='ltr' id='par_1_4' title="bbox 227 536 1794 611">
     <span class='ocr_line' id='line_1_4' title="bbox 227 536 1794 611; baseline -0.004 -15"><span class='ocrx_word' id='word_1_22' title='bbox 227 539 372 598; x_wconf 86' lang='lat' dir='ltr'><strong>vobis</strong></span> <span class='ocrx_word' id='word_1_23' title='bbox 401 549 424 576; x_wconf 73' lang='grc' dir='ltr'><strong>τι</strong></span> <span class='ocrx_word' id='word_1_24' title='bbox 457 554 562 594; x_wconf 90' lang='lat' dir='ltr'><strong>non</strong></span> <span class='ocrx_word' id='word_1_25' title='bbox 609 539 842 610; x_wconf 73' lang='lat' dir='ltr'><strong>graviter</strong></span> <span class='ocrx_word' id='word_1_26' title='bbox 886 537 1024 594; x_wconf 89' lang='lat' dir='ltr'><strong>ferat</strong></span> <span class='ocrx_word' id='word_1_27' title='bbox 1063 538 1211 611; x_wconf 93' lang='lat' dir='ltr'><strong>(non</strong></span> <span class='ocrx_word' id='word_1_28' title='bbox 1234 546 1412 595; x_wconf 89' lang='lat' dir='ltr'><strong>tamen</strong></span> <span class='ocrx_word' id='word_1_29' title='bbox 1439 536 1507 593; x_wconf 88' lang='lat' dir='ltr'><strong>de</strong></span> <span class='ocrx_word' id='word_1_30' title='bbox 1547 537 1794 594; x_wconf 87' lang='lat' dir='ltr'><strong>omnibus</strong></span> 
     </span>
    </p>
   </div>
   <div class='ocr_carea' id='block_1_5' title="bbox 226 629 1795 714">
    <p class='ocr_par' dir='ltr' id='par_1_5' title="bbox 226 629 1795 714">
     <span class='ocr_line' id='line_1_5' title="bbox 226 629 1795 714; baseline -0.004 -26"><span class='ocrx_word' id='word_1_31' title='bbox 226 632 337 688; x_wconf 89' lang='lat' dir='ltr'><strong>dico</strong></span> <span class='ocrx_word' id='word_1_32' title='bbox 359 670 375 692; x_wconf 87' lang='lat'><strong>.</strong></span> <span class='ocrx_word' id='word_1_33' title='bbox 405 639 528 686; x_wconf 89' lang='lat' dir='ltr'><strong>sunt</strong></span> <span class='ocrx_word' id='word_1_34' title='bbox 555 631 697 687; x_wconf 89' lang='lat' dir='ltr'><strong>enim</strong></span> <span class='ocrx_word' id='word_1_35' title='bbox 727 631 866 687; x_wconf 90' lang='lat' dir='ltr'><strong>inter</strong></span> <span class='ocrx_word' id='word_1_36' title='bbox 891 647 986 687; x_wconf 91' lang='lat' dir='ltr'><strong>vos</strong></span> <span class='ocrx_word' id='word_1_37' title='bbox 1012 645 1148 702; x_wconf 89' lang='lat' dir='ltr'><strong>quos</strong></span> <span class='ocrx_word' id='word_1_38' title='bbox 1184 631 1252 686; x_wconf 87' lang='lat' dir='ltr'><strong>ad</strong></span> <span class='ocrx_word' id='word_1_39' title='bbox 1291 631 1566 701; x_wconf 91' lang='lat' dir='ltr'><strong>religionis</strong></span> <span class='ocrx_word' id='word_1_40' title='bbox 1592 629 1795 714; x_wconf 83' lang='lat' dir='ltr'><strong>cultum</strong></span> 
     </span>
    </p>
   </div>
   <div class='ocr_carea' id='block_1_6' title="bbox 225 722 1794 797">
    <p class='ocr_par' dir='ltr' id='par_1_6' title="bbox 225 722 1794 797">
     <span class='ocr_line' id='line_1_6' title="bbox 225 722 1794 797; baseline -0.002 -17"><span class='ocrx_word' id='word_1_41' title='bbox 225 725 455 782; x_wconf 72' lang='lat' dir='ltr'><strong>debeatis</strong></span> <span class='ocrx_word' id='word_1_42' title='bbox 495 724 694 783; x_wconf 88' lang='lat' dir='ltr'><strong>habere</strong></span> <span class='ocrx_word' id='word_1_43' title='bbox 723 722 751 762; x_wconf 76' lang='grc' dir='ltr'><strong>ι’</strong></span> <span class='ocrx_word' id='word_1_44' title='bbox 779 723 1072 797; x_wconf 78' lang='lat' dir='ltr'><strong>exemplo),</strong></span> <span class='ocrx_word' id='word_1_45' title='bbox 1099 724 1238 794; x_wconf 88' lang='lat' dir='ltr'><strong>quis,</strong></span> <span class='ocrx_word' id='word_1_46' title='bbox 1271 724 1507 794; x_wconf 91' lang='lat' dir='ltr'><strong>inquam,</strong></span> <span class='ocrx_word' id='word_1_47' title='bbox 1540 738 1646 778; x_wconf 90' lang='lat' dir='ltr'><strong>non</strong></span> <span class='ocrx_word' id='word_1_48' title='bbox 1674 736 1794 777; x_wconf 88' lang='lat' dir='ltr'><strong>mo-</strong></span> 
     </span>
    </p>
   </div>
   <div class='ocr_carea' id='block_1_7' title="bbox 222 815 1798 884">
    <p class='ocr_par' dir='ltr' id='par_1_7' title="bbox 222 815 1798 884">
     <span class='ocr_line' id='line_1_7' title="bbox 222 815 1798 884; baseline -0.003 -10"><span class='ocrx_word' id='word_1_49' title='bbox 222 815 348 874; x_wconf 88' lang='lat' dir='ltr'><strong>leste</strong></span> <span class='ocrx_word' id='word_1_50' title='bbox 376 815 526 884; x_wconf 86' lang='lat' dir='ltr'><strong>ferat,</strong></span> <span class='ocrx_word' id='word_1_51' title='bbox 558 817 635 874; x_wconf 91' lang='lat' dir='ltr'><strong>sic</strong></span> <span class='ocrx_word' id='word_1_52' title='bbox 664 833 760 872; x_wconf 87' lang='lat' dir='ltr'><strong>vos</strong></span> <span class='ocrx_word' id='word_1_53' title='bbox 787 834 905 874; x_wconf 86' lang='lat' dir='ltr'><strong>esse</strong></span> <span class='ocrx_word' id='word_1_54' title='bbox 928 825 1118 874; x_wconf 76' lang='lat' dir='ltr'><strong>vestra:</strong></span> <span class='ocrx_word' id='word_1_55' title='bbox 1146 817 1334 874; x_wconf 87' lang='lat' dir='ltr'><strong>salutis</strong></span> <span class='ocrx_word' id='word_1_56' title='bbox 1354 816 1720 882; x_wconf 83' lang='lat' dir='ltr'><strong>immemores,</strong></span> <span class='ocrx_word' id='word_1_57' title='bbox 1737 822 1798 870; x_wconf 91' lang='lat' dir='ltr'><strong>ut</strong></span> 
     </span>
    </p>
   </div>
   <div class='ocr_carea' id='block_1_8' title="bbox 224 907 1794 982">
    <p class='ocr_par' dir='ltr' id='par_1_8' title="bbox 224 907 1794 982">
     <span class='ocr_line' id='line_1_8' title="bbox 224 907 1794 982; baseline 0.003 -20"><span class='ocrx_word' id='word_1_58' title='bbox 224 908 381 964; x_wconf 83' lang='lat' dir='ltr'><strong>etiam</strong></span> <span class='ocrx_word' id='word_1_59' title='bbox 431 909 570 966; x_wconf 66' lang='lat' dir='ltr'><strong>cosio</strong></span> <span class='ocrx_word' id='word_1_60' title='bbox 627 918 763 965; x_wconf 85' lang='lat' dir='ltr'><strong>teste</strong></span> <span class='ocrx_word' id='word_1_61' title='bbox 791 911 1060 982; x_wconf 76' lang='lat' dir='ltr'><strong>peccetis?</strong></span> <span class='ocrx_word' id='word_1_62' title='bbox 1083 910 1217 966; x_wconf 87' lang='lat' dir='ltr'><strong>Nam</strong></span> <span class='ocrx_word' id='word_1_63' title='bbox 1251 926 1374 966; x_wconf 92' lang='lat' dir='ltr'><strong>cum</strong></span> <span class='ocrx_word' id='word_1_64' title='bbox 1399 917 1525 968; x_wconf 88' lang='lat' dir='ltr'><strong>ante</strong></span> <span class='ocrx_word' id='word_1_65' title='bbox 1543 908 1659 964; x_wconf 87' lang='lat' dir='ltr'><strong>dies</strong></span> <span class='ocrx_word' id='word_1_66' title='bbox 1680 907 1794 980; x_wconf 81' lang='lat' dir='ltr'><strong>ple-</strong></span> 
     </span>
    </p>
   </div>
   <div class='ocr_carea' id='block_1_9' title="bbox 223 1000 1792 1074">
    <p class='ocr_par' dir='ltr' id='par_1_9' title="bbox 223 1000 1792 1074">
     <span class='ocr_line' id='line_1_9' title="bbox 223 1000 1792 1074; baseline 0.001 -20"><span class='ocrx_word' id='word_1_67' title='bbox 223 1014 408 1074; x_wconf 88' lang='lat' dir='ltr'><strong>rosque</strong></span> <span class='ocrx_word' id='word_1_68' title='bbox 460 1000 526 1055; x_wconf 86' lang='lat' dir='ltr'><strong>de</strong></span> <span class='ocrx_word' id='word_1_69' title='bbox 580 1009 773 1064; x_wconf 72' lang='lat' dir='ltr'><strong>vestra:</strong></span> <span class='ocrx_word' id='word_1_70' title='bbox 832 1003 1069 1058; x_wconf 61' lang='lat' dir='ltr'><strong>avaritiae</strong></span> <span class='ocrx_word' id='word_1_71' title='bbox 1127 1003 1420 1072; x_wconf 83' lang='lat' dir='ltr'><strong>cupiditate</strong></span> <span class='ocrx_word' id='word_1_72' title='bbox 1448 1001 1792 1074; x_wconf 88' lang='lat' dir='ltr'><strong>pulsaverim,</strong></span> 
     </span>
    </p>
   </div>
   <div class='ocr_carea' id='block_1_10' title="bbox 220 1089 1796 1170">
    <p class='ocr_par' dir='ltr' id='par_1_10' title="bbox 220 1089 1796 1170">
     <span class='ocr_line' id='line_1_10' title="bbox 220 1089 1796 1170; baseline 0.006 -26"><span class='ocrx_word' id='word_1_73' title='bbox 220 1089 328 1162; x_wconf 88' lang='lat' dir='ltr'><strong>ipsa</strong></span> <span class='ocrx_word' id='word_1_74' title='bbox 355 1092 439 1147; x_wconf 88' lang='lat' dir='ltr'><strong>die</strong></span> <span class='ocrx_word' id='word_1_75' title='bbox 478 1094 621 1152; x_wconf 86' lang='lat' dir='ltr'><strong>circa</strong></span> <span class='ocrx_word' id='word_1_76' title='bbox 650 1110 935 1166; x_wconf 90' lang='lat' dir='ltr'><strong>vesperum</strong></span> <span class='ocrx_word' id='word_1_77' title='bbox 965 1104 1112 1151; x_wconf 87' lang='lat' dir='ltr'><strong>tanta</strong></span> <span class='ocrx_word' id='word_1_78' title='bbox 1138 1097 1450 1152; x_wconf 80' lang='lat' dir='ltr'><strong>vociferatio</strong></span> <span class='ocrx_word' id='word_1_79' title='bbox 1489 1096 1676 1170; x_wconf 87' lang='lat' dir='ltr'><strong>populi</strong></span> <span class='ocrx_word' id='word_1_80' title='bbox 1700 1111 1796 1153; x_wconf 77' lang='lat' dir='ltr'><strong>ex-</strong></span> 
     </span>
    </p>
   </div>
   <div class='ocr_carea' id='block_1_11' title="bbox 217 1183 1791 1258">
    <p class='ocr_par' dir='ltr' id='par_1_11' title="bbox 217 1183 1791 1258">
     <span class='ocr_line' id='line_1_11' title="bbox 217 1183 1791 1258; baseline 0.001 -20"><span class='ocrx_word' id='word_1_81' title='bbox 217 1183 361 1250; x_wconf 83' lang='lat' dir='ltr'><strong>stitit,</strong></span> <span class='ocrx_word' id='word_1_82' title='bbox 406 1192 460 1239; x_wconf 92' lang='lat' dir='ltr'><strong>ut</strong></span> <span class='ocrx_word' id='word_1_83' title='bbox 510 1185 880 1255; x_wconf 88' lang='lat' dir='ltr'><strong>irreligiositas</strong></span> <span class='ocrx_word' id='word_1_84' title='bbox 930 1186 1046 1256; x_wconf 87' lang='lat' dir='ltr'><strong>ejus</strong></span> <span class='ocrx_word' id='word_1_85' title='bbox 1078 1198 1100 1227; x_wconf 73' lang='grc' dir='ltr'><strong><em>ο</em></strong></span> <span class='ocrx_word' id='word_1_86' title='bbox 1145 1196 1456 1258; x_wconf 85' lang='lat' dir='ltr'><strong>penetraret</strong></span> <span class='ocrx_word' id='word_1_87' title='bbox 1486 1188 1552 1242; x_wconf 88' lang='lat' dir='ltr'><strong>ad</strong></span> <span class='ocrx_word' id='word_1_88' title='bbox 1577 1188 1791 1244; x_wconf 67' lang='lat' dir='ltr'><strong>caelum.</strong></span> 
     </span>
    </p>
   </div>
   <div class='ocr_carea' id='block_1_12' title="bbox 216 1273 1796 1352">
    <p class='ocr_par' dir='ltr' id='par_1_12' title="bbox 216 1273 1796 1352">
     <span class='ocr_line' id='line_1_12' title="bbox 216 1273 1796 1352; baseline 0.004 -22"><span class='ocrx_word' id='word_1_89' title='bbox 216 1273 358 1344; x_wconf 84' lang='lat' dir='ltr'><strong>Quod</strong></span> <span class='ocrx_word' id='word_1_90' title='bbox 385 1291 502 1332; x_wconf 91' lang='lat' dir='ltr'><strong>cum</strong></span> <span class='ocrx_word' id='word_1_91' title='bbox 553 1281 886 1350; x_wconf 86' lang='lat' dir='ltr'><strong>requirerem</strong></span> <span class='ocrx_word' id='word_1_92' title='bbox 935 1280 1062 1352; x_wconf 90' lang='lat' dir='ltr'><strong>quid</strong></span> <span class='ocrx_word' id='word_1_93' title='bbox 1115 1281 1218 1336; x_wconf 86' lang='lat' dir='ltr'><strong>sibi</strong></span> <span class='ocrx_word' id='word_1_94' title='bbox 1257 1283 1464 1338; x_wconf 87' lang='lat' dir='ltr'><strong>clamor</strong></span> <span class='ocrx_word' id='word_1_95' title='bbox 1512 1282 1600 1340; x_wconf 89' lang='lat' dir='ltr'><strong>hic</strong></span> <span class='ocrx_word' id='word_1_96' title='bbox 1625 1283 1796 1338; x_wconf 82' lang='lat' dir='ltr'><strong>velit?</strong></span> 
     </span>
    </p>
   </div>
   <div class='ocr_carea' id='block_1_13' title="bbox 212 1364 1793 1440">
    <p class='ocr_par' dir='ltr' id='par_1_13' title="bbox 212 1364 1793 1440">
     <span class='ocr_line' id='line_1_13' title="bbox 212 1364 1793 1440; baseline 0.005 -20"><span class='ocrx_word' id='word_1_97' title='bbox 212 1364 449 1428; x_wconf 84' lang='lat' dir='ltr'><strong>dixerunt</strong></span> <span class='ocrx_word' id='word_1_98' title='bbox 468 1369 602 1423; x_wconf 85' lang='lat' dir='ltr'><strong>mihi</strong></span> <span class='ocrx_word' id='word_1_99' title='bbox 629 1370 774 1440; x_wconf 90' lang='lat' dir='ltr'><strong>quod</strong></span> <span class='ocrx_word' id='word_1_100' title='bbox 793 1371 1061 1428; x_wconf 87' lang='lat' dir='ltr'><strong>laboranti</strong></span> <span class='ocrx_word' id='word_1_101' title='bbox 1090 1372 1228 1428; x_wconf 76' lang='lat' dir='ltr'><strong>luna:</strong></span> <span class='ocrx_word' id='word_1_102' title='bbox 1265 1380 1442 1432; x_wconf 84' lang='lat' dir='ltr'><strong>vestra</strong></span> <span class='ocrx_word' id='word_1_103' title='bbox 1479 1372 1793 1429; x_wconf 84' lang='lat' dir='ltr'><strong>vociferatio</strong></span> 
     </span>
    </p>
   </div>
   <div class='ocr_carea' id='block_1_14' title="bbox 210 1457 1793 1534">
    <p class='ocr_par' dir='ltr' id='par_1_14' title="bbox 210 1457 1793 1534">
     <span class='ocr_line' id='line_1_14' title="bbox 210 1457 1793 1534; baseline 0.005 -22"><span class='ocrx_word' id='word_1_104' title='bbox 210 1457 532 1527; x_wconf 83' lang='lat' dir='ltr'><strong>subveniret,</strong></span> <span class='ocrx_word' id='word_1_105' title='bbox 586 1469 643 1520; x_wconf 90' lang='lat' dir='ltr'><strong>et</strong></span> <span class='ocrx_word' id='word_1_106' title='bbox 669 1462 937 1518; x_wconf 88' lang='lat' dir='ltr'><strong>defectum</strong></span> <span class='ocrx_word' id='word_1_107' title='bbox 960 1463 1077 1533; x_wconf 89' lang='lat' dir='ltr'><strong>ejus</strong></span> <span class='ocrx_word' id='word_1_108' title='bbox 1097 1463 1209 1519; x_wconf 92' lang='lat' dir='ltr'><strong>suis</strong></span> <span class='ocrx_word' id='word_1_109' title='bbox 1229 1464 1552 1522; x_wconf 82' lang='lat' dir='ltr'><strong>clamoribus</strong></span> <span class='ocrx_word' id='word_1_110' title='bbox 1571 1465 1636 1519; x_wconf 89' lang='lat' dir='ltr'><strong>ad</strong></span> <span class='ocrx_word' id='word_1_111' title='bbox 1637 1467 1656 1534; x_wconf 86' lang='lat' dir='ltr'><strong>j</strong></span> <span class='ocrx_word' id='word_1_112' title='bbox 1665 1481 1765 1520; x_wconf 89' lang='lat' dir='ltr'><strong>uva</strong></span> <span class='ocrx_word' id='word_1_113' title='bbox 1779 1495 1793 1506; x_wconf 93' lang='lat'><strong>-</strong></span> 
     </span>
    </p>
   </div>
   <div class='ocr_carea' id='block_1_15' title="bbox 208 1547 1792 1627">
    <p class='ocr_par' dir='ltr' id='par_1_15' title="bbox 208 1547 1792 1627">
     <span class='ocr_line' id='line_1_15' title="bbox 208 1547 1792 1627; baseline 0.006 -26"><span class='ocrx_word' id='word_1_114' title='bbox 208 1555 303 1601; x_wconf 90' lang='lat' dir='ltr'><strong>ret.</strong></span> <span class='ocrx_word' id='word_1_115' title='bbox 337 1547 447 1604; x_wconf 84' lang='lat' dir='ltr'><strong>Risi</strong></span> <span class='ocrx_word' id='word_1_116' title='bbox 499 1551 764 1620; x_wconf 82' lang='lat' dir='ltr'><strong>equidem,</strong></span> <span class='ocrx_word' id='word_1_117' title='bbox 815 1562 871 1608; x_wconf 92' lang='lat' dir='ltr'><strong>et</strong></span> <span class='ocrx_word' id='word_1_118' title='bbox 919 1553 1142 1608; x_wconf 83' lang='lat' dir='ltr'><strong>miratus</strong></span> <span class='ocrx_word' id='word_1_119' title='bbox 1162 1569 1283 1609; x_wconf 90' lang='lat' dir='ltr'><strong>sum</strong></span> <span class='ocrx_word' id='word_1_120' title='bbox 1307 1555 1620 1620; x_wconf 81' lang='lat' dir='ltr'><strong>vanitatem,</strong></span> <span class='ocrx_word' id='word_1_121' title='bbox 1651 1556 1792 1627; x_wconf 82' lang='lat' dir='ltr'><strong>quod</strong></span> 
     </span>
    </p>
   </div>
   <div class='ocr_carea' id='block_1_16' title="bbox 207 1640 1795 1708">
    <p class='ocr_par' dir='ltr' id='par_1_16' title="bbox 207 1640 1795 1708">
     <span class='ocr_line' id='line_1_16' title="bbox 207 1640 1795 1708; baseline 0.006 -16"><span class='ocrx_word' id='word_1_122' title='bbox 207 1641 348 1708; x_wconf 87' lang='lat' dir='ltr'><strong>quasi</strong></span> <span class='ocrx_word' id='word_1_123' title='bbox 371 1640 558 1697; x_wconf 70' lang='lat' dir='ltr'><strong>devoni</strong></span> <span class='ocrx_word' id='word_1_124' title='bbox 588 1641 875 1702; x_wconf 86' lang='lat' dir='ltr'><strong>Christiani</strong></span> <span class='ocrx_word' id='word_1_125' title='bbox 900 1645 924 1682; x_wconf 76' lang='grc' dir='ltr'><strong>ι¹</strong></span> <span class='ocrx_word' id='word_1_126' title='bbox 959 1645 1070 1704; x_wconf 86' lang='lat' dir='ltr'><strong>Deo</strong></span> <span class='ocrx_word' id='word_1_127' title='bbox 1103 1646 1358 1702; x_wconf 79' lang='lat' dir='ltr'><strong>ferebatis</strong></span> <span class='ocrx_word' id='word_1_128' title='bbox 1381 1647 1795 1704; x_wconf 78' lang='lat' dir='ltr'><strong>auxiliutn.Cla-</strong></span> 
     </span>
    </p>
   </div>
   <div class='ocr_carea' id='block_1_17' title="bbox 204 1726 1798 1812">
    <p class='ocr_par' dir='ltr' id='par_1_17' title="bbox 204 1726 1798 1812">
     <span class='ocr_line' id='line_1_17' title="bbox 204 1726 1798 1812; baseline 0.006 -27"><span class='ocrx_word' id='word_1_129' title='bbox 204 1726 418 1788; x_wconf 82' lang='lat' dir='ltr'><strong>mabatis</strong></span> <span class='ocrx_word' id='word_1_130' title='bbox 456 1735 614 1812; x_wconf 18' lang='lat' dir='ltr'><strong>enim.</strong></span> <span class='ocrx_word' id='word_1_131' title='bbox 659 1752 748 1801; x_wconf 89' lang='lat' dir='ltr'><strong>ne,</strong></span> <span class='ocrx_word' id='word_1_132' title='bbox 785 1739 1088 1793; x_wconf 88' lang='lat' dir='ltr'><strong>tacentibus</strong></span> <span class='ocrx_word' id='word_1_133' title='bbox 1134 1738 1301 1804; x_wconf 86' lang='lat' dir='ltr'><strong>vobis,</strong></span> <span class='ocrx_word' id='word_1_134' title='bbox 1340 1750 1362 1776; x_wconf 75' lang='grc' dir='ltr'><strong>ε</strong></span> <span class='ocrx_word' id='word_1_135' title='bbox 1405 1739 1655 1810; x_wconf 86' lang='lat' dir='ltr'><strong>perderet</strong></span> <span class='ocrx_word' id='word_1_136' title='bbox 1681 1740 1798 1794; x_wconf 80' lang='lat' dir='ltr'><strong>ele-’</strong></span> 
     </span>
    </p>
   </div>
   <div class='ocr_carea' id='block_1_18' title="bbox 1891 535 3482 621">
    <p class='ocr_par' dir='ltr' id='par_1_18' title="bbox 1891 535 3482 621">
     <span class='ocr_line' id='line_1_18' title="bbox 1891 535 3482 621; baseline 0.003 -27"><span class='ocrx_word' id='word_1_137' title='bbox 1891 550 2002 602; x_wconf 75' lang='lat' dir='ltr'><strong>ms,</strong></span> <span class='ocrx_word' id='word_1_138' title='bbox 2033 535 2226 608; x_wconf 76' lang='lat' dir='ltr'><strong>incipis</strong></span> <span class='ocrx_word' id='word_1_139' title='bbox 2244 551 2366 594; x_wconf 81' lang='lat' dir='ltr'><strong>esse</strong></span> <span class='ocrx_word' id='word_1_140' title='bbox 2387 539 2700 612; x_wconf 85' lang='lat' dir='ltr'><strong>sacrilegus.</strong></span> <span class='ocrx_word' id='word_1_141' title='bbox 2730 537 3078 612; x_wconf 77' lang='lat' dir='ltr'><strong>Sacrilegium</strong></span> <span class='ocrx_word' id='word_1_142' title='bbox 3109 545 3126 596; x_wconf 81' lang='lat' dir='ltr'><strong>l</strong></span> <span class='ocrx_word' id='word_1_143' title='bbox 3157 543 3302 602; x_wconf 88' lang='lat' dir='ltr'><strong>enim</strong></span> <span class='ocrx_word' id='word_1_144' title='bbox 3321 542 3482 621; x_wconf 60' lang='lat' dir='ltr'><strong>Creas</strong></span> 
     </span>
    </p>
   </div>
   <div class='ocr_carea' id='block_1_19' title="bbox 1894 629 3480 695">
    <p class='ocr_par' dir='ltr' id='par_1_19' title="bbox 1894 629 3480 695">
     <span class='ocr_line' id='line_1_19' title="bbox 1894 629 3480 695; baseline 0.006 -10"><span class='ocrx_word' id='word_1_145' title='bbox 1894 629 2002 685; x_wconf 86' lang='lat' dir='ltr'><strong>tori</strong></span> <span class='ocrx_word' id='word_1_146' title='bbox 2027 631 2396 695; x_wconf 78' lang='lat' dir='ltr'><strong>committitur,</strong></span> <span class='ocrx_word' id='word_1_147' title='bbox 2414 632 2548 688; x_wconf 77' lang='lat' dir='ltr'><strong>dum</strong></span> <span class='ocrx_word' id='word_1_148' title='bbox 2575 634 2911 692; x_wconf 73' lang='lat' dir='ltr'><strong>imbecillitas</strong></span> <span class='ocrx_word' id='word_1_149' title='bbox 2933 637 3220 693; x_wconf 81' lang='lat' dir='ltr'><strong>ascn&#39;bitur</strong></span> <span class='ocrx_word' id='word_1_150' title='bbox 3259 647 3480 694; x_wconf 68' lang='lat' dir='ltr'><strong>uentu-</strong></span> 
     </span>
    </p>
   </div>
   <div class='ocr_carea' id='block_1_20' title="bbox 1894 721 3568 799">
    <p class='ocr_par' dir='ltr' id='par_1_20' title="bbox 1894 721 3568 799">
     <span class='ocr_line' id='line_1_20' title="bbox 1894 721 3568 799; baseline 0.005 -22"><span class='ocrx_word' id='word_1_151' title='bbox 1894 737 1989 778; x_wconf 74' lang='lat' dir='ltr'><strong>rm.</strong></span> <span class='ocrx_word' id='word_1_152' title='bbox 2009 721 2241 780; x_wconf 56' lang='lat' dir='ltr'><strong>‘Ilutaris</strong></span> <span class='ocrx_word' id='word_1_153' title='bbox 2267 732 2416 794; x_wconf 81' lang='lat' dir='ltr'><strong>ergo,</strong></span> <span class='ocrx_word' id='word_1_154' title='bbox 2445 725 2586 781; x_wconf 84' lang='lat' dir='ltr'><strong>sicut</strong></span> <span class='ocrx_word' id='word_1_155' title='bbox 2632 725 2779 792; x_wconf 87' lang='lat' dir='ltr'><strong>luna,</strong></span> <span class='ocrx_word' id='word_1_156' title='bbox 2807 734 2866 782; x_wconf 88' lang='lat' dir='ltr'><strong>ut</strong></span> <span class='ocrx_word' id='word_1_157' title='bbox 2889 728 2982 797; x_wconf 91' lang='lat' dir='ltr'><strong>qui</strong></span> <span class='ocrx_word' id='word_1_158' title='bbox 3010 729 3173 799; x_wconf 88' lang='lat' dir='ltr'><strong>paulo</strong></span> <span class='ocrx_word' id='word_1_159' title='bbox 3199 735 3326 784; x_wconf 70' lang='lat' dir='ltr'><strong>ante</strong></span> <span class='ocrx_word' id='word_1_160' title='bbox 3353 729 3478 786; x_wconf 91' lang='lat' dir='ltr'><strong>ﬁdei</strong></span> <span class='ocrx_word' id='word_1_161' title='bbox 3560 751 3568 758; x_wconf 92' lang='grc'><strong>·</strong></span> 
     </span>
    </p>
   </div>
   <div class='ocr_carea' id='block_1_21' title="bbox 1896 815 3476 889">
    <p class='ocr_par' dir='ltr' id='par_1_21' title="bbox 1896 815 3476 889">
     <span class='ocr_line' id='line_1_21' title="bbox 1896 815 3476 889; baseline 0.001 -17"><span class='ocrx_word' id='word_1_162' title='bbox 1896 816 2183 873; x_wconf 88' lang='lat' dir='ltr'><strong>devotione</strong></span> <span class='ocrx_word' id='word_1_163' title='bbox 2210 815 2467 888; x_wconf 91' lang='lat' dir='ltr'><strong>fulgebas,</strong></span> <span class='ocrx_word' id='word_1_164' title='bbox 2496 825 2685 888; x_wconf 90' lang='lat' dir='ltr'><strong>postea</strong></span> <span class='ocrx_word' id='word_1_165' title='bbox 2707 816 2944 889; x_wconf 59' lang='lat' dir='ltr'><strong>perﬁdia:</strong></span> <span class='ocrx_word' id='word_1_166' title='bbox 2971 819 3288 876; x_wconf 86' lang='lat' dir='ltr'><strong>infirmitate</strong></span> <span class='ocrx_word' id='word_1_167' title='bbox 3341 819 3476 877; x_wconf 83' lang='lat' dir='ltr'><strong>deﬁ-</strong></span> 
     </span>
    </p>
   </div>
   <div class='ocr_carea' id='block_1_22' title="bbox 1897 894 3478 977">
    <p class='ocr_par' dir='ltr' id='par_1_22' title="bbox 1897 894 3478 977">
     <span class='ocr_line' id='line_1_22' title="bbox 1897 894 3478 977; baseline 0.003 -13"><span class='ocrx_word' id='word_1_168' title='bbox 1897 908 2040 976; x_wconf 88' lang='lat' dir='ltr'><strong>cias;</strong></span> <span class='ocrx_word' id='word_1_169' title='bbox 2067 909 2309 975; x_wconf 87' lang='lat' dir='ltr'><strong>mutaris,</strong></span> <span class='ocrx_word' id='word_1_170' title='bbox 2344 906 2370 948; x_wconf 81' lang='grc' dir='ltr'><strong>¹ι</strong></span> <span class='ocrx_word' id='word_1_171' title='bbox 2409 909 2550 966; x_wconf 86' lang='lat' dir='ltr'><strong>sicut</strong></span> <span class='ocrx_word' id='word_1_172' title='bbox 2593 910 2741 977; x_wconf 89' lang='lat' dir='ltr'><strong>luna,</strong></span> <span class='ocrx_word' id='word_1_173' title='bbox 2781 908 2906 966; x_wconf 90' lang='lat' dir='ltr'><strong>dum</strong></span> <span class='ocrx_word' id='word_1_174' title='bbox 2925 912 3206 968; x_wconf 87' lang='lat' dir='ltr'><strong>cerebrum</strong></span> <span class='ocrx_word' id='word_1_175' title='bbox 3229 894 3384 967; x_wconf 78' lang='lat' dir='ltr'><strong>tuum</strong></span> <span class='ocrx_word' id='word_1_176' title='bbox 3405 911 3478 968; x_wconf 86' lang='lat' dir='ltr'><strong>ita</strong></span> 
     </span>
    </p>
   </div>
   <div class='ocr_carea' id='block_1_23' title="bbox 1897 1002 3478 1075">
    <p class='ocr_par' dir='ltr' id='par_1_23' title="bbox 1897 1002 3478 1075">
     <span class='ocr_line' id='line_1_23' title="bbox 1897 1002 3478 1075; baseline 0.003 -18"><span class='ocrx_word' id='word_1_177' title='bbox 1897 1003 2204 1059; x_wconf 79' lang='lat' dir='ltr'><strong>exinanitur</strong></span> <span class='ocrx_word' id='word_1_178' title='bbox 2222 1003 2504 1075; x_wconf 84' lang='lat' dir='ltr'><strong>sapientia,</strong></span> <span class='ocrx_word' id='word_1_179' title='bbox 2537 1005 2553 1042; x_wconf 81' lang='grc' dir='ltr'>ι</span> <span class='ocrx_word' id='word_1_180' title='bbox 2578 1003 2719 1060; x_wconf 87' lang='lat' dir='ltr'><strong>sicut</strong></span> <span class='ocrx_word' id='word_1_181' title='bbox 2739 1002 2878 1059; x_wconf 74' lang='lat' dir='ltr'><strong>luna:</strong></span> <span class='ocrx_word' id='word_1_182' title='bbox 2906 1004 3240 1072; x_wconf 83' lang='lat' dir='ltr'><strong>obscuritas;</strong></span> <span class='ocrx_word' id='word_1_183' title='bbox 3267 1013 3325 1061; x_wconf 87' lang='lat' dir='ltr'><strong>te</strong></span> <span class='ocrx_word' id='word_1_184' title='bbox 3349 1019 3478 1061; x_wconf 79' lang='lat' dir='ltr'><strong>vero</strong></span> 
     </span>
    </p>
   </div>
   <div class='ocr_carea' id='block_1_24' title="bbox 1897 1093 3480 1168">
    <p class='ocr_par' dir='ltr' id='par_1_24' title="bbox 1897 1093 3480 1168">
     <span class='ocr_line' id='line_1_24' title="bbox 1897 1093 3480 1168; baseline 0.003 -20"><span class='ocrx_word' id='word_1_185' title='bbox 1897 1094 2187 1150; x_wconf 71' lang='lat' dir='ltr'><strong>teterrima:</strong></span> <span class='ocrx_word' id='word_1_186' title='bbox 2209 1096 2443 1151; x_wconf 76' lang='lat' dir='ltr'><strong>tenebrte</strong></span> <span class='ocrx_word' id='word_1_187' title='bbox 2469 1096 2663 1152; x_wconf 86' lang='lat' dir='ltr'><strong>mentis</strong></span> <span class='ocrx_word' id='word_1_188' title='bbox 2681 1093 2959 1150; x_wconf 88' lang='lat' dir='ltr'><strong>invadunt.</strong></span> <span class='ocrx_word' id='word_1_189' title='bbox 2993 1096 3169 1168; x_wconf 81' lang='lat' dir='ltr'><strong>Atque</strong></span> <span class='ocrx_word' id='word_1_190' title='bbox 3196 1096 3420 1163; x_wconf 83' lang='lat' dir='ltr'><strong>utinam,</strong></span> <span class='ocrx_word' id='word_1_191' title='bbox 3444 1111 3480 1153; x_wconf 92' lang='lat' dir='ltr'><strong>o</strong></span> 
     </span>
    </p>
   </div>
   <div class='ocr_carea' id='block_1_25' title="bbox 1898 1186 3482 1259">
    <p class='ocr_par' dir='ltr' id='par_1_25' title="bbox 1898 1186 3482 1259">
     <span class='ocr_line' id='line_1_25' title="bbox 1898 1186 3482 1259; baseline 0.001 -17"><span class='ocrx_word' id='word_1_192' title='bbox 1898 1187 2084 1253; x_wconf 85' lang='lat' dir='ltr'><strong>stulte,</strong></span> <span class='ocrx_word' id='word_1_193' title='bbox 2111 1197 2150 1225; x_wconf 73' lang='grc' dir='ltr'>ω</span> <span class='ocrx_word' id='word_1_194' title='bbox 2180 1187 2319 1243; x_wconf 88' lang='lat' dir='ltr'><strong>sicut</strong></span> <span class='ocrx_word' id='word_1_195' title='bbox 2347 1189 2471 1243; x_wconf 87' lang='lat' dir='ltr'><strong>luna</strong></span> <span class='ocrx_word' id='word_1_196' title='bbox 2500 1187 2756 1244; x_wconf 85' lang='lat' dir='ltr'><strong>muterisl</strong></span> <span class='ocrx_word' id='word_1_197' title='bbox 2785 1186 2881 1242; x_wconf 80' lang='lat' dir='ltr'><strong>Illa</strong></span> <span class='ocrx_word' id='word_1_198' title='bbox 2899 1187 3042 1242; x_wconf 88' lang='lat' dir='ltr'><strong>enim</strong></span> <span class='ocrx_word' id='word_1_199' title='bbox 3063 1187 3173 1243; x_wconf 83' lang='lat' dir='ltr'><strong>cito</strong></span> <span class='ocrx_word' id='word_1_200' title='bbox 3201 1187 3268 1243; x_wconf 90' lang='lat' dir='ltr'><strong>ad</strong></span> <span class='ocrx_word' id='word_1_201' title='bbox 3306 1187 3482 1259; x_wconf 88' lang='lat' dir='ltr'><strong>pleni-</strong></span> 
     </span>
    </p>
   </div>
   <div class='ocr_carea' id='block_1_26' title="bbox 1898 1277 3479 1350">
    <p class='ocr_par' dir='ltr' id='par_1_26' title="bbox 1898 1277 3479 1350">
     <span class='ocr_line' id='line_1_26' title="bbox 1898 1277 3479 1350; baseline 0.002 -18"><span class='ocrx_word' id='word_1_202' title='bbox 1898 1277 2136 1334; x_wconf 84' lang='lat' dir='ltr'><strong>tudinem</strong></span> <span class='ocrx_word' id='word_1_203' title='bbox 2163 1293 2314 1334; x_wconf 91' lang='lat' dir='ltr'><strong>suam</strong></span> <span class='ocrx_word' id='word_1_204' title='bbox 2333 1277 2503 1345; x_wconf 85' lang='lat' dir='ltr'><strong>redit;</strong></span> <span class='ocrx_word' id='word_1_205' title='bbox 2533 1286 2590 1334; x_wconf 90' lang='lat' dir='ltr'><strong>tu</strong></span> <span class='ocrx_word' id='word_1_206' title='bbox 2609 1277 2676 1333; x_wconf 90' lang='lat' dir='ltr'><strong>ad</strong></span> <span class='ocrx_word' id='word_1_207' title='bbox 2703 1277 3024 1350; x_wconf 86' lang='lat' dir='ltr'><strong>sapientiam</strong></span> <span class='ocrx_word' id='word_1_208' title='bbox 3051 1292 3152 1334; x_wconf 90' lang='lat' dir='ltr'><strong>nec</strong></span> <span class='ocrx_word' id='word_1_209' title='bbox 3177 1293 3302 1334; x_wconf 87' lang='lat' dir='ltr'><strong>sero</strong></span> <span class='ocrx_word' id='word_1_210' title='bbox 3345 1291 3479 1335; x_wconf 86' lang='lat' dir='ltr'><strong>con-</strong></span> 
     </span>
    </p>
   </div>
   <div class='ocr_carea' id='block_1_27' title="bbox 1898 1368 3481 1444">
    <p class='ocr_par' dir='ltr' id='par_1_27' title="bbox 1898 1368 3481 1444">
     <span class='ocr_line' id='line_1_27' title="bbox 1898 1368 3481 1444; baseline 0.001 -21"><span class='ocrx_word' id='word_1_211' title='bbox 1898 1371 2155 1437; x_wconf 87' lang='lat' dir='ltr'><strong>verteris;</strong></span> <span class='ocrx_word' id='word_1_212' title='bbox 2187 1371 2349 1444; x_wconf 73' lang='lat'><strong>336</strong></span> <span class='ocrx_word' id='word_1_213' title='bbox 2383 1370 2476 1427; x_wconf 91' lang='lat' dir='ltr'><strong>illa</strong></span> <span class='ocrx_word' id='word_1_214' title='bbox 2503 1369 2761 1426; x_wconf 74' lang='lat' dir='ltr'><strong>velociter</strong></span> <span class='ocrx_word' id='word_1_215' title='bbox 2799 1368 3001 1439; x_wconf 83' lang='lat' dir='ltr'><strong>colligit</strong></span> <span class='ocrx_word' id='word_1_216' title='bbox 3039 1369 3184 1439; x_wconf 90' lang='lat' dir='ltr'><strong>quod</strong></span> <span class='ocrx_word' id='word_1_217' title='bbox 3227 1370 3481 1431; x_wconf 81' lang='lat' dir='ltr'><strong>amiserat</strong></span> 
     </span>
    </p>
   </div>
   <div class='ocr_carea' id='block_1_28' title="bbox 1896 1461 3473 1533">
    <p class='ocr_par' dir='ltr' id='par_1_28' title="bbox 1896 1461 3473 1533">
     <span class='ocr_line' id='line_1_28' title="bbox 1896 1461 3473 1533; baseline -0.001 -17"><span class='ocrx_word' id='word_1_218' title='bbox 1896 1462 2108 1528; x_wconf 91' lang='lat' dir='ltr'><strong>lumen,</strong></span> <span class='ocrx_word' id='word_1_219' title='bbox 2141 1471 2198 1517; x_wconf 89' lang='lat' dir='ltr'><strong>tu</strong></span> <span class='ocrx_word' id='word_1_220' title='bbox 2253 1479 2351 1518; x_wconf 92' lang='lat' dir='ltr'><strong>nec</strong></span> <span class='ocrx_word' id='word_1_221' title='bbox 2396 1461 2548 1518; x_wconf 84' lang='lat' dir='ltr'><strong>tarde</strong></span> <span class='ocrx_word' id='word_1_222' title='bbox 2595 1461 2752 1518; x_wconf 85' lang='lat' dir='ltr'><strong>ﬁdem</strong></span> <span class='ocrx_word' id='word_1_223' title='bbox 2789 1461 2986 1533; x_wconf 86' lang='lat' dir='ltr'><strong>recipis</strong></span> <span class='ocrx_word' id='word_1_224' title='bbox 3020 1473 3182 1531; x_wconf 89' lang='lat' dir='ltr'><strong>quam</strong></span> <span class='ocrx_word' id='word_1_225' title='bbox 3221 1462 3473 1530; x_wconf 75' lang='lat' dir='ltr'><strong>negasti:</strong></span> 
     </span>
    </p>
   </div>
   <div class='ocr_carea' id='block_1_29' title="bbox 1896 1551 3479 1622">
    <p class='ocr_par' dir='ltr' id='par_1_29' title="bbox 1896 1551 3479 1622">
     <span class='ocr_line' id='line_1_29' title="bbox 1896 1551 3479 1622; baseline 0.002 -16"><span class='ocrx_word' id='word_1_226' title='bbox 1896 1553 2112 1619; x_wconf 83' lang='lat' dir='ltr'><strong>gravior</strong></span> <span class='ocrx_word' id='word_1_227' title='bbox 2138 1567 2267 1621; x_wconf 89' lang='lat' dir='ltr'><strong>ergo</strong></span> <span class='ocrx_word' id='word_1_228' title='bbox 2314 1559 2405 1607; x_wconf 90' lang='lat' dir='ltr'><strong>tua</strong></span> <span class='ocrx_word' id='word_1_229' title='bbox 2431 1568 2592 1622; x_wconf 89' lang='lat' dir='ltr'><strong>quam</strong></span> <span class='ocrx_word' id='word_1_230' title='bbox 2617 1553 2757 1607; x_wconf 68' lang='lat' dir='ltr'><strong>luna:</strong></span> <span class='ocrx_word' id='word_1_231' title='bbox 2781 1551 3009 1608; x_wconf 88' lang='lat' dir='ltr'><strong>mutatio</strong></span> <span class='ocrx_word' id='word_1_232' title='bbox 3037 1559 3147 1617; x_wconf 85' lang='lat' dir='ltr'><strong>est;</strong></span> <span class='ocrx_word' id='word_1_233' title='bbox 3179 1551 3306 1606; x_wconf 89' lang='lat' dir='ltr'><strong>luna</strong></span> <span class='ocrx_word' id='word_1_234' title='bbox 3329 1551 3479 1609; x_wconf 88' lang='lat' dir='ltr'><strong>defe-</strong></span> 
     </span>
    </p>
   </div>
   <div class='ocr_carea' id='block_1_30' title="bbox 1899 1641 3476 1716">
    <p class='ocr_par' dir='ltr' id='par_1_30' title="bbox 1899 1641 3476 1716">
     <span class='ocr_line' id='line_1_30' title="bbox 1899 1641 3476 1716; baseline 0 -18"><span class='ocrx_word' id='word_1_235' title='bbox 1899 1653 2042 1698; x_wconf 89' lang='lat' dir='ltr'><strong>ctum</strong></span> <span class='ocrx_word' id='word_1_236' title='bbox 2072 1644 2286 1698; x_wconf 89' lang='lat' dir='ltr'><strong>luminis</strong></span> <span class='ocrx_word' id='word_1_237' title='bbox 2311 1645 2608 1716; x_wconf 72' lang='lat' dir='ltr'><strong>patitur,&#39;tu</strong></span> <span class='ocrx_word' id='word_1_238' title='bbox 2623 1644 2829 1698; x_wconf 90' lang='lat' dir='ltr'><strong>salutis.</strong></span> <span class='ocrx_word' id='word_1_239' title='bbox 2854 1641 3025 1712; x_wconf 82' lang='lat' dir='ltr'><strong>Quam</strong></span> <span class='ocrx_word' id='word_1_240' title='bbox 3055 1643 3192 1698; x_wconf 88' lang='lat' dir='ltr'><strong>bene</strong></span> <span class='ocrx_word' id='word_1_241' title='bbox 3213 1643 3476 1713; x_wconf 85' lang='lat' dir='ltr'><strong>scriptum</strong></span> 
     </span>
    </p>
   </div>
   <div class='ocr_carea' id='block_1_31' title="bbox 1905 1733 3478 1807">
    <p class='ocr_par' dir='ltr' id='par_1_31' title="bbox 1905 1733 3478 1807">
     <span class='ocr_line' id='line_1_31' title="bbox 1905 1733 3478 1807; baseline 0.001 -17"><span class='ocrx_word' id='word_1_242' title='bbox 1905 1744 1986 1790; x_wconf 89' lang='lat' dir='ltr'><strong>est</strong></span> <span class='ocrx_word' id='word_1_243' title='bbox 2009 1745 2039 1774; x_wconf 79' lang='grc' dir='ltr'><strong>ιι</strong></span> <span class='ocrx_word' id='word_1_244' title='bbox 2066 1736 2134 1791; x_wconf 90' lang='lat' dir='ltr'><strong>de</strong></span> <span class='ocrx_word' id='word_1_245' title='bbox 2161 1737 2403 1806; x_wconf 84' lang='lat' dir='ltr'><strong>sapiente</strong></span> <span class='ocrx_word' id='word_1_246' title='bbox 2437 1754 2448 1788; x_wconf 93' lang='lat'>:</span> <span class='ocrx_word' id='word_1_247' title='bbox 2483 1743 2510 1772; x_wconf 80' lang='grc' dir='ltr'><strong><em>ο</em></strong></span> <span class='ocrx_word' id='word_1_248' title='bbox 2557 1735 2622 1789; x_wconf 80' lang='lat' dir='ltr'><strong>Et</strong></span> <span class='ocrx_word' id='word_1_249' title='bbox 2657 1735 2976 1807; x_wconf 78' lang='lat' dir='ltr'><strong>permanebit</strong></span> <span class='ocrx_word' id='word_1_250' title='bbox 3022 1751 3136 1789; x_wconf 83' lang='lat' dir='ltr'><strong>cum</strong></span> <span class='ocrx_word' id='word_1_251' title='bbox 3163 1735 3274 1790; x_wconf 85' lang='lat' dir='ltr'><strong>sole</strong></span> <span class='ocrx_word' id='word_1_252' title='bbox 3308 1733 3478 1807; x_wconf 85' lang='lat' dir='ltr'><strong>(Psat.</strong></span> 
     </span>
    </p>
   </div>
   <div class='ocr_carea' id='block_1_32' title="bbox 203 1822 3480 1900">
    <p class='ocr_par' dir='ltr' id='par_1_32' title="bbox 203 1822 3480 1900">
     <span class='ocr_line' id='line_1_32' title="bbox 203 1822 3480 1900; baseline 0.002 -22"><span class='ocrx_word' id='word_1_253' title='bbox 203 1833 429 1879; x_wconf 87' lang='lat' dir='ltr'><strong>mentum</strong></span> <span class='ocrx_word' id='word_1_254' title='bbox 465 1843 477 1878; x_wconf 91' lang='lat'><strong>:</strong></span> <span class='ocrx_word' id='word_1_255' title='bbox 523 1834 775 1896; x_wconf 82' lang='lat' dir='ltr'><strong>tanquam</strong></span> <span class='ocrx_word' id='word_1_256' title='bbox 807 1829 1047 1884; x_wconf 83' lang='lat' dir='ltr'><strong>inﬁrmus</strong></span> <span class='ocrx_word' id='word_1_257' title='bbox 1089 1831 1232 1884; x_wconf 90' lang='lat' dir='ltr'><strong>enim</strong></span> <span class='ocrx_word' id='word_1_258' title='bbox 1281 1840 1336 1885; x_wconf 90' lang='lat' dir='ltr'><strong>et</strong></span> <span class='ocrx_word' id='word_1_259' title='bbox 1364 1831 1661 1897; x_wconf 88' lang='lat' dir='ltr'><strong>imbecillis,</strong></span> <span class='ocrx_word' id='word_1_260' title='bbox 1689 1832 1788 1888; x_wconf 90' lang='lat' dir='ltr'><strong>nisi</strong></span> <span class='ocrx_word' id='word_1_261' title='bbox 1825 1822 2076 1900; x_wconf 72' lang='lat' dir='ltr'><strong>B&#39;LXXI);</strong></span> <span class='ocrx_word' id='word_1_262' title='bbox 2125 1834 2406 1898; x_wconf 90' lang='lat' dir='ltr'><strong>permanet</strong></span> <span class='ocrx_word' id='word_1_263' title='bbox 2434 1827 2578 1882; x_wconf 90' lang='lat' dir='ltr'><strong>enim</strong></span> <span class='ocrx_word' id='word_1_264' title='bbox 2626 1827 2843 1896; x_wconf 88' lang='lat' dir='ltr'><strong>sapiens</strong></span> <span class='ocrx_word' id='word_1_265' title='bbox 2887 1841 3008 1882; x_wconf 89' lang='lat' dir='ltr'><strong>cum</strong></span> <span class='ocrx_word' id='word_1_266' title='bbox 3035 1826 3169 1891; x_wconf 88' lang='lat' dir='ltr'><strong>sole,</strong></span> <span class='ocrx_word' id='word_1_267' title='bbox 3197 1831 3318 1882; x_wconf 84' lang='lat' dir='ltr'><strong>cum</strong></span> <span class='ocrx_word' id='word_1_268' title='bbox 3345 1842 3480 1883; x_wconf 85' lang='lat' dir='ltr'><strong>eon-</strong></span> 
     </span>
    </p>
   </div>
   <div class='ocr_carea' id='block_1_33' title="bbox 200 1915 1794 1994">
    <p class='ocr_par' dir='ltr' id='par_1_33' title="bbox 200 1915 1794 1994">
     <span class='ocr_line' id='line_1_33' title="bbox 200 1915 1794 1994; baseline 0.006 -25"><span class='ocrx_word' id='word_1_269' title='bbox 200 1915 383 1972; x_wconf 86' lang='lat' dir='ltr'><strong>vestris</strong></span> <span class='ocrx_word' id='word_1_270' title='bbox 410 1917 766 1988; x_wconf 83' lang='lat' dir='ltr'><strong>adjuvaretur</strong></span> <span class='ocrx_word' id='word_1_271' title='bbox 792 1921 1029 1985; x_wconf 87' lang='lat' dir='ltr'><strong>vocibus,</strong></span> <span class='ocrx_word' id='word_1_272' title='bbox 1061 1938 1171 1976; x_wconf 90' lang='lat' dir='ltr'><strong>non</strong></span> <span class='ocrx_word' id='word_1_273' title='bbox 1193 1931 1377 1994; x_wconf 89' lang='lat' dir='ltr'><strong>posset</strong></span> <span class='ocrx_word' id='word_1_274' title='bbox 1396 1923 1678 1978; x_wconf 89' lang='lat' dir='ltr'><strong>luminaria</strong></span> <span class='ocrx_word' id='word_1_275' title='bbox 1707 1923 1794 1979; x_wconf 88' lang='lat' dir='ltr'><strong>de-</strong></span> 
     </span>
    </p>
   </div>
   <div class='ocr_carea' id='block_1_34' title="bbox 200 2005 1794 2086">
    <p class='ocr_par' dir='ltr' id='par_1_34' title="bbox 200 2005 1794 2086">
     <span class='ocr_line' id='line_1_34' title="bbox 200 2005 1794 2086; baseline 0.006 -25"><span class='ocrx_word' id='word_1_276' title='bbox 200 2005 403 2065; x_wconf 90' lang='lat' dir='ltr'><strong>lendere</strong></span> <span class='ocrx_word' id='word_1_277' title='bbox 431 2026 562 2082; x_wconf 71' lang='lat' dir='ltr'><strong>quae</strong></span> <span class='ocrx_word' id='word_1_278' title='bbox 589 2013 824 2080; x_wconf 86' lang='lat' dir='ltr'><strong>creavit;</strong></span> <span class='ocrx_word' id='word_1_279' title='bbox 857 2014 996 2069; x_wconf 87' lang='lat' dir='ltr'><strong>bene</strong></span> <span class='ocrx_word' id='word_1_280' title='bbox 1022 2014 1184 2083; x_wconf 78' lang='lat' dir='ltr'><strong>igitur</strong></span> <span class='ocrx_word' id='word_1_281' title='bbox 1213 2014 1406 2080; x_wconf 81' lang='lat' dir='ltr'><strong>facitis,</strong></span> <span class='ocrx_word' id='word_1_282' title='bbox 1453 2016 1547 2086; x_wconf 91' lang='lat' dir='ltr'><strong>qui</strong></span> <span class='ocrx_word' id='word_1_283' title='bbox 1591 2015 1794 2070; x_wconf 87' lang='lat' dir='ltr'><strong>Divini-</strong></span> 
     </span>
    </p>
   </div>
   <div class='ocr_carea' id='block_1_35' title="bbox 204 2099 1791 2177">
    <p class='ocr_par' dir='ltr' id='par_1_35' title="bbox 204 2099 1791 2177">
     <span class='ocr_line' id='line_1_35' title="bbox 204 2099 1791 2177; baseline 0.004 -24"><span class='ocrx_word' id='word_1_284' title='bbox 204 2099 290 2153; x_wconf 89' lang='lat' dir='ltr'><strong>lati</strong></span> <span class='ocrx_word' id='word_1_285' title='bbox 317 2100 592 2158; x_wconf 78' lang='lat' dir='ltr'><strong>exhibetis</strong></span> <span class='ocrx_word' id='word_1_286' title='bbox 631 2103 906 2177; x_wconf 72' lang='lat' dir='ltr'><strong>solatium,</strong></span> <span class='ocrx_word' id='word_1_287' title='bbox 964 2113 1021 2159; x_wconf 95' lang='lat' dir='ltr'><strong>ut</strong></span> <span class='ocrx_word' id='word_1_288' title='bbox 1070 2105 1222 2160; x_wconf 86' lang='lat' dir='ltr'><strong>vobis</strong></span> <span class='ocrx_word' id='word_1_289' title='bbox 1266 2105 1577 2176; x_wconf 87' lang='lat' dir='ltr'><strong>juvantibus</strong></span> <span class='ocrx_word' id='word_1_290' title='bbox 1625 2107 1791 2176; x_wconf 87' lang='lat' dir='ltr'><strong>possit</strong></span> 
     </span>
    </p>
   </div>
   <div class='ocr_carea' id='block_1_36' title="bbox 201 2192 1792 2268">
    <p class='ocr_par' dir='ltr' id='par_1_36' title="bbox 201 2192 1792 2268">
     <span class='ocr_line' id='line_1_36' title="bbox 201 2192 1792 2268; baseline 0.004 -20"><span class='ocrx_word' id='word_1_291' title='bbox 201 2192 380 2248; x_wconf 75' lang='lat' dir='ltr'><strong>omium</strong></span> <span class='ocrx_word' id='word_1_292' title='bbox 410 2208 632 2263; x_wconf 78' lang='lat' dir='ltr'><strong>regere.</strong></span> <span class='ocrx_word' id='word_1_293' title='bbox 667 2195 773 2252; x_wconf 87' lang='lat' dir='ltr'><strong>Sed</strong></span> <span class='ocrx_word' id='word_1_294' title='bbox 812 2197 857 2251; x_wconf 88' lang='lat' dir='ltr'><strong>si</strong></span> <span class='ocrx_word' id='word_1_295' title='bbox 881 2197 1043 2252; x_wconf 90' lang='lat' dir='ltr'><strong>vultis</strong></span> <span class='ocrx_word' id='word_1_296' title='bbox 1072 2197 1175 2253; x_wconf 89' lang='lat' dir='ltr'><strong>hoc</strong></span> <span class='ocrx_word' id='word_1_297' title='bbox 1195 2197 1405 2268; x_wconf 88' lang='lat' dir='ltr'><strong>plenius</strong></span> <span class='ocrx_word' id='word_1_298' title='bbox 1433 2197 1630 2263; x_wconf 89' lang='lat' dir='ltr'><strong>facere,</strong></span> <span class='ocrx_word' id='word_1_299' title='bbox 1660 2215 1792 2254; x_wconf 90' lang='lat' dir='ltr'><strong>cun-</strong></span> 
     </span>
    </p>
   </div>
   <div class='ocr_carea' id='block_1_37' title="bbox 198 2286 1792 2362">
    <p class='ocr_par' dir='ltr' id='par_1_37' title="bbox 198 2286 1792 2362">
     <span class='ocr_line' id='line_1_37' title="bbox 198 2286 1792 2362; baseline 0.004 -23"><span class='ocrx_word' id='word_1_300' title='bbox 198 2286 286 2340; x_wconf 88' lang='lat' dir='ltr'><strong>ctis</strong></span> <span class='ocrx_word' id='word_1_301' title='bbox 306 2293 358 2340; x_wconf 90' lang='lat' dir='ltr'><strong>et</strong></span> <span class='ocrx_word' id='word_1_302' title='bbox 378 2287 520 2342; x_wconf 90' lang='lat' dir='ltr'><strong>totis</strong></span> <span class='ocrx_word' id='word_1_303' title='bbox 549 2288 793 2344; x_wconf 89' lang='lat' dir='ltr'><strong>noctibus</strong></span> <span class='ocrx_word' id='word_1_304' title='bbox 815 2289 1140 2359; x_wconf 77' lang='lat' dir='ltr'><strong>pervigilare</strong></span> <span class='ocrx_word' id='word_1_305' title='bbox 1161 2291 1368 2345; x_wconf 84' lang='lat' dir='ltr'><strong>debetis</strong></span> <span class='ocrx_word' id='word_1_306' title='bbox 1397 2309 1409 2344; x_wconf 91' lang='lat'><strong>:</strong></span> <span class='ocrx_word' id='word_1_307' title='bbox 1434 2292 1792 2362; x_wconf 63' lang='lat' dir='ltr'><strong>namquoties</strong></span> 
     </span>
    </p>
   </div>
   <div class='ocr_carea' id='block_1_38' title="bbox 207 2376 1792 2454">
    <p class='ocr_par' dir='ltr' id='par_1_38' title="bbox 207 2376 1792 2454">
     <span class='ocr_line' id='line_1_38' title="bbox 207 2376 1792 2454; baseline 0.006 -25"><span class='ocrx_word' id='word_1_308' title='bbox 207 2377 354 2454; x_wconf 74' lang='lat'><strong>335</strong></span> <span class='ocrx_word' id='word_1_309' title='bbox 390 2376 414 2417; x_wconf 67' lang='grc' dir='ltr'>ί</span> <span class='ocrx_word' id='word_1_310' title='bbox 445 2379 679 2452; x_wconf 84' lang='lat' dir='ltr'><strong>putatis,</strong></span> <span class='ocrx_word' id='word_1_311' title='bbox 710 2380 865 2435; x_wconf 83' lang='lat' dir='ltr'><strong>vobis</strong></span> <span class='ocrx_word' id='word_1_312' title='bbox 892 2380 1301 2447; x_wconf 88' lang='lat' dir='ltr'><strong>dormientibus,</strong></span> <span class='ocrx_word' id='word_1_313' title='bbox 1332 2381 1457 2440; x_wconf 90' lang='lat' dir='ltr'><strong>luna</strong></span> <span class='ocrx_word' id='word_1_314' title='bbox 1505 2382 1610 2436; x_wconf 91' lang='lat' dir='ltr'><strong>vim</strong></span> <span class='ocrx_word' id='word_1_315' title='bbox 1635 2397 1792 2454; x_wconf 88' lang='lat' dir='ltr'><strong>passa</strong></span> 
     </span>
    </p>
   </div>
   <div class='ocr_carea' id='block_1_39' title="bbox 195 2471 1790 2542">
    <p class='ocr_par' dir='ltr' id='par_1_39' title="bbox 195 2471 1790 2542">
     <span class='ocr_line' id='line_1_39' title="bbox 195 2471 1790 2542; baseline 0.004 -21"><span class='ocrx_word' id='word_1_316' title='bbox 195 2476 300 2535; x_wconf 90' lang='lat' dir='ltr'><strong>est;</strong></span> <span class='ocrx_word' id='word_1_317' title='bbox 351 2479 404 2525; x_wconf 86' lang='lat' dir='ltr'><strong>et</strong></span> <span class='ocrx_word' id='word_1_318' title='bbox 462 2479 653 2528; x_wconf 79' lang='lat' dir='ltr'><strong>tamen</strong></span> <span class='ocrx_word' id='word_1_319' title='bbox 706 2471 774 2525; x_wconf 76' lang='lat' dir='ltr'><strong>tie</strong></span> <span class='ocrx_word' id='word_1_320' title='bbox 819 2471 960 2527; x_wconf 77' lang='lat' dir='ltr'><strong>cmlo</strong></span> <span class='ocrx_word' id='word_1_321' title='bbox 1010 2487 1118 2527; x_wconf 89' lang='lat' dir='ltr'><strong>non</strong></span> <span class='ocrx_word' id='word_1_322' title='bbox 1147 2472 1386 2527; x_wconf 81' lang='lat' dir='ltr'><strong>corruit?</strong></span> <span class='ocrx_word' id='word_1_323' title='bbox 1417 2471 1522 2527; x_wconf 81' lang='lat' dir='ltr'><strong>Aut</strong></span> <span class='ocrx_word' id='word_1_324' title='bbox 1547 2471 1790 2542; x_wconf 90' lang='lat' dir='ltr'><strong>nunquid</strong></span> 
     </span>
    </p>
   </div>
   <div class='ocr_carea' id='block_1_40' title="bbox 196 2564 1786 2636">
    <p class='ocr_par' dir='ltr' id='par_1_40' title="bbox 196 2564 1786 2636">
     <span class='ocr_line' id='line_1_40' title="bbox 196 2564 1786 2636; baseline 0.002 -20"><span class='ocrx_word' id='word_1_325' title='bbox 196 2576 398 2634; x_wconf 84' lang='lat' dir='ltr'><strong>semper</strong></span> <span class='ocrx_word' id='word_1_326' title='bbox 423 2564 579 2626; x_wconf 75' lang='lat' dir='ltr'><strong>circa</strong></span> <span class='ocrx_word' id='word_1_327' title='bbox 605 2579 894 2634; x_wconf 86' lang='lat' dir='ltr'><strong>vesperum</strong></span> <span class='ocrx_word' id='word_1_328' title='bbox 938 2564 1205 2619; x_wconf 88' lang='lat' dir='ltr'><strong>defectum</strong></span> <span class='ocrx_word' id='word_1_329' title='bbox 1236 2574 1262 2611; x_wconf 73' lang='grc' dir='ltr'><strong>κ</strong></span> <span class='ocrx_word' id='word_1_330' title='bbox 1286 2564 1506 2636; x_wconf 89' lang='lat' dir='ltr'><strong>patitur,</strong></span> <span class='ocrx_word' id='word_1_331' title='bbox 1551 2581 1658 2621; x_wconf 91' lang='lat' dir='ltr'><strong>non</strong></span> <span class='ocrx_word' id='word_1_332' title='bbox 1684 2565 1786 2619; x_wconf 89' lang='lat' dir='ltr'><strong>ali-</strong></span> 
     </span>
    </p>
   </div>
   <div class='ocr_carea' id='block_1_41' title="bbox 195 2657 1790 2730">
    <p class='ocr_par' dir='ltr' id='par_1_41' title="bbox 195 2657 1790 2730">
     <span class='ocr_line' id='line_1_41' title="bbox 195 2657 1790 2730; baseline 0.002 -20"><span class='ocrx_word' id='word_1_333' title='bbox 195 2657 398 2725; x_wconf 88' lang='lat' dir='ltr'><strong>quando</strong></span> <span class='ocrx_word' id='word_1_334' title='bbox 427 2667 480 2712; x_wconf 90' lang='lat' dir='ltr'><strong>et</strong></span> <span class='ocrx_word' id='word_1_335' title='bbox 513 2658 658 2717; x_wconf 82' lang='lat' dir='ltr'><strong>circa</strong></span> <span class='ocrx_word' id='word_1_336' title='bbox 687 2658 861 2714; x_wconf 91' lang='lat' dir='ltr'><strong>lucem</strong></span> <span class='ocrx_word' id='word_1_337' title='bbox 891 2657 1140 2714; x_wconf 87' lang='lat' dir='ltr'><strong>laborat?</strong></span> <span class='ocrx_word' id='word_1_338' title='bbox 1159 2657 1268 2714; x_wconf 87' lang='lat' dir='ltr'><strong>Sed</strong></span> <span class='ocrx_word' id='word_1_339' title='bbox 1289 2657 1432 2730; x_wconf 87' lang='lat' dir='ltr'><strong>apud</strong></span> <span class='ocrx_word' id='word_1_340' title='bbox 1450 2673 1548 2714; x_wconf 87' lang='lat' dir='ltr'><strong>vos</strong></span> <span class='ocrx_word' id='word_1_341' title='bbox 1577 2673 1790 2730; x_wconf 89' lang='lat' dir='ltr'><strong>vesper-</strong></span> 
     </span>
    </p>
   </div>
   <div class='ocr_carea' id='block_1_42' title="bbox 198 2749 1781 2824">
    <p class='ocr_par' dir='ltr' id='par_1_42' title="bbox 198 2749 1781 2824">
     <span class='ocr_line' id='line_1_42' title="bbox 198 2749 1781 2824; baseline 0.005 -22"><span class='ocrx_word' id='word_1_342' title='bbox 198 2749 314 2805; x_wconf 88' lang='lat' dir='ltr'><strong>tinis</strong></span> <span class='ocrx_word' id='word_1_343' title='bbox 367 2759 588 2811; x_wconf 85' lang='lat' dir='ltr'><strong>tantum</strong></span> <span class='ocrx_word' id='word_1_344' title='bbox 644 2751 793 2811; x_wconf 89' lang='lat' dir='ltr'><strong>horis</strong></span> <span class='ocrx_word' id='word_1_345' title='bbox 848 2751 1092 2808; x_wconf 89' lang='lat' dir='ltr'><strong>laborare</strong></span> <span class='ocrx_word' id='word_1_346' title='bbox 1119 2753 1417 2818; x_wconf 89' lang='lat' dir='ltr'><strong>consuevit,</strong></span> <span class='ocrx_word' id='word_1_347' title='bbox 1448 2752 1662 2824; x_wconf 85' lang='lat' dir='ltr'><strong>quando</strong></span> <span class='ocrx_word' id='word_1_348' title='bbox 1689 2767 1781 2810; x_wconf 80' lang='lat' dir='ltr'><strong>oo-</strong></span> 
     </span>
    </p>
   </div>
   <div class='ocr_carea' id='block_1_43' title="bbox 197 2841 1788 2915">
    <p class='ocr_par' dir='ltr' id='par_1_43' title="bbox 197 2841 1788 2915">
     <span class='ocr_line' id='line_1_43' title="bbox 197 2841 1788 2915; baseline 0.003 -20"><span class='ocrx_word' id='word_1_349' title='bbox 197 2841 339 2911; x_wconf 87' lang='lat' dir='ltr'><strong>piosa</strong></span> <span class='ocrx_word' id='word_1_350' title='bbox 366 2857 532 2901; x_wconf 75' lang='lat' dir='ltr'><strong>omna</strong></span> <span class='ocrx_word' id='word_1_351' title='bbox 562 2851 752 2897; x_wconf 90' lang='lat' dir='ltr'><strong>venter</strong></span> <span class='ocrx_word' id='word_1_352' title='bbox 776 2841 1117 2912; x_wconf 89' lang='lat' dir='ltr'><strong>distenditur,</strong></span> <span class='ocrx_word' id='word_1_353' title='bbox 1140 2843 1355 2914; x_wconf 88' lang='lat' dir='ltr'><strong>quando</strong></span> <span class='ocrx_word' id='word_1_354' title='bbox 1381 2843 1675 2914; x_wconf 87' lang='lat' dir='ltr'><strong>majoribus</strong></span> <span class='ocrx_word' id='word_1_355' title='bbox 1689 2860 1788 2915; x_wconf 91' lang='lat' dir='ltr'><strong>po-</strong></span> 
     </span>
    </p>
   </div>
   <div class='ocr_carea' id='block_1_44' title="bbox 195 2931 1787 3006">
    <p class='ocr_par' dir='ltr' id='par_1_44' title="bbox 195 2931 1787 3006">
     <span class='ocr_line' id='line_1_44' title="bbox 195 2931 1787 3006; baseline 0.004 -22"><span class='ocrx_word' id='word_1_356' title='bbox 195 2931 538 3006; x_wconf 63' lang='lat' dir='ltr'><strong>culiscaput</strong></span> <span class='ocrx_word' id='word_1_357' title='bbox 591 2941 858 2989; x_wconf 90' lang='lat' dir='ltr'><strong>movetur.</strong></span> <span class='ocrx_word' id='word_1_358' title='bbox 912 2933 1065 2990; x_wconf 90' lang='lat' dir='ltr'><strong>Tunc</strong></span> <span class='ocrx_word' id='word_1_359' title='bbox 1093 2934 1257 3005; x_wconf 89' lang='lat' dir='ltr'><strong>igitur</strong></span> <span class='ocrx_word' id='word_1_360' title='bbox 1297 2936 1439 3006; x_wconf 90' lang='lat' dir='ltr'><strong>apud</strong></span> <span class='ocrx_word' id='word_1_361' title='bbox 1461 2952 1560 2991; x_wconf 84' lang='lat' dir='ltr'><strong>vos</strong></span> <span class='ocrx_word' id='word_1_362' title='bbox 1580 2935 1787 2993; x_wconf 89' lang='lat' dir='ltr'><strong>laborat</strong></span> 
     </span>
    </p>
   </div>
   <div class='ocr_carea' id='block_1_45' title="bbox 193 3023 1784 3105">
    <p class='ocr_par' dir='ltr' id='par_1_45' title="bbox 193 3023 1784 3105">
     <span class='ocr_line' id='line_1_45' title="bbox 193 3023 1784 3105; baseline 0.004 -26"><span class='ocrx_word' id='word_1_363' title='bbox 193 3023 334 3096; x_wconf 89' lang='lat' dir='ltr'><strong>luna,</strong></span> <span class='ocrx_word' id='word_1_364' title='bbox 363 3026 593 3100; x_wconf 81' lang='lat' dir='ltr'><strong>quando</strong></span> <span class='ocrx_word' id='word_1_365' title='bbox 620 3027 831 3086; x_wconf 88' lang='lat' dir='ltr'><strong>laborat</strong></span> <span class='ocrx_word' id='word_1_366' title='bbox 855 3035 911 3083; x_wconf 92' lang='lat' dir='ltr'><strong>et</strong></span> <span class='ocrx_word' id='word_1_367' title='bbox 954 3029 1158 3095; x_wconf 88' lang='lat' dir='ltr'><strong>vinum,</strong></span> <span class='ocrx_word' id='word_1_368' title='bbox 1197 3035 1344 3096; x_wconf 91' lang='lat' dir='ltr'><strong>tunc,</strong></span> <span class='ocrx_word' id='word_1_369' title='bbox 1375 3029 1612 3105; x_wconf 85' lang='lat' dir='ltr'><strong>inquam,</strong></span> <span class='ocrx_word' id='word_1_370' title='bbox 1645 3030 1784 3101; x_wconf 91' lang='lat' dir='ltr'><strong>apud</strong></span> 
     </span>
    </p>
   </div>
   <div class='ocr_carea' id='block_1_46' title="bbox 192 3119 1787 3192">
    <p class='ocr_par' dir='ltr' id='par_1_46' title="bbox 192 3119 1787 3192">
     <span class='ocr_line' id='line_1_46' title="bbox 192 3119 1787 3192; baseline 0.003 -19"><span class='ocrx_word' id='word_1_371' title='bbox 192 3129 284 3174; x_wconf 79' lang='lat' dir='ltr'><strong>vos</strong></span> <span class='ocrx_word' id='word_1_372' title='bbox 313 3121 569 3186; x_wconf 85' lang='lat' dir='ltr'><strong>turbatur</strong></span> <span class='ocrx_word' id='word_1_373' title='bbox 603 3119 928 3176; x_wconf 88' lang='lat' dir='ltr'><strong>carminibus</strong></span> <span class='ocrx_word' id='word_1_374' title='bbox 947 3120 1140 3189; x_wconf 86' lang='lat' dir='ltr'><strong>globus</strong></span> <span class='ocrx_word' id='word_1_375' title='bbox 1170 3122 1328 3187; x_wconf 64' lang='lat' dir='ltr'><strong>lunas,</strong></span> <span class='ocrx_word' id='word_1_376' title='bbox 1358 3121 1573 3192; x_wconf 90' lang='lat' dir='ltr'><strong>quando</strong></span> <span class='ocrx_word' id='word_1_377' title='bbox 1603 3121 1787 3178; x_wconf 85' lang='lat' dir='ltr'><strong>calici-</strong></span> 
     </span>
    </p>
   </div>
   <div class='ocr_carea' id='block_1_47' title="bbox 1895 1917 3479 1990">
    <p class='ocr_par' dir='ltr' id='par_1_47' title="bbox 1895 1917 3479 1990">
     <span class='ocr_line' id='line_1_47' title="bbox 1895 1917 3479 1990; baseline 0 -16"><span class='ocrx_word' id='word_1_378' title='bbox 1895 1919 2096 1974; x_wconf 89' lang='lat' dir='ltr'><strong>stantia</strong></span> <span class='ocrx_word' id='word_1_379' title='bbox 2115 1917 2238 1976; x_wconf 87' lang='lat' dir='ltr'><strong>ﬁdei</strong></span> <span class='ocrx_word' id='word_1_380' title='bbox 2266 1927 2546 1990; x_wconf 85' lang='lat' dir='ltr'><strong>permanet</strong></span> <span class='ocrx_word' id='word_1_381' title='bbox 2565 1934 2687 1975; x_wconf 91' lang='lat' dir='ltr'><strong>cum</strong></span> <span class='ocrx_word' id='word_1_382' title='bbox 2706 1917 3006 1974; x_wconf 86' lang='lat' dir='ltr'><strong>Salvatore.</strong></span> <span class='ocrx_word' id='word_1_383' title='bbox 3046 1917 3156 1973; x_wconf 84' lang='lat' dir='ltr'><strong>Sed</strong></span> <span class='ocrx_word' id='word_1_384' title='bbox 3203 1918 3349 1974; x_wconf 86' lang='lat' dir='ltr'><strong>dicet</strong></span> <span class='ocrx_word' id='word_1_385' title='bbox 3377 1918 3479 1974; x_wconf 87' lang='lat' dir='ltr'><strong>all-</strong></span> 
     </span>
    </p>
   </div>
   <div class='ocr_carea' id='block_1_48' title="bbox 1895 2013 3481 2086">
    <p class='ocr_par' dir='ltr' id='par_1_48' title="bbox 1895 2013 3481 2086">
     <span class='ocr_line' id='line_1_48' title="bbox 1895 2013 3481 2086; baseline 0.002 -17"><span class='ocrx_word' id='word_1_386' title='bbox 1895 2015 2016 2085; x_wconf 90' lang='lat' dir='ltr'><strong>quis</strong></span> <span class='ocrx_word' id='word_1_387' title='bbox 2043 2031 2056 2067; x_wconf 91' lang='lat'><strong>:</strong></span> <span class='ocrx_word' id='word_1_388' title='bbox 2091 2013 2240 2070; x_wconf 88' lang='lat' dir='ltr'><strong>Luna</strong></span> <span class='ocrx_word' id='word_1_389' title='bbox 2269 2013 2432 2083; x_wconf 88' lang='lat' dir='ltr'><strong>igitur</strong></span> <span class='ocrx_word' id='word_1_390' title='bbox 2478 2030 2585 2070; x_wconf 91' lang='lat' dir='ltr'><strong>non</strong></span> <span class='ocrx_word' id='word_1_391' title='bbox 2631 2015 2877 2070; x_wconf 76' lang='lat' dir='ltr'><strong>laborat?</strong></span> <span class='ocrx_word' id='word_1_392' title='bbox 2917 2014 3152 2070; x_wconf 83' lang='lat' dir='ltr'><strong>Laborat</strong></span> <span class='ocrx_word' id='word_1_393' title='bbox 3179 2015 3358 2086; x_wconf 87' lang='lat' dir='ltr'><strong>plane,</strong></span> <span class='ocrx_word' id='word_1_394' title='bbox 3387 2031 3481 2072; x_wconf 85' lang='lat' dir='ltr'><strong>ne-</strong></span> 
     </span>
    </p>
   </div>
   <div class='ocr_carea' id='block_1_49' title="bbox 1893 2101 3481 2177">
    <p class='ocr_par' dir='ltr' id='par_1_49' title="bbox 1893 2101 3481 2177">
     <span class='ocr_line' id='line_1_49' title="bbox 1893 2101 3481 2177; baseline 0.002 -16"><span class='ocrx_word' id='word_1_395' title='bbox 1893 2119 2024 2176; x_wconf 88' lang='lat' dir='ltr'><strong>gare</strong></span> <span class='ocrx_word' id='word_1_396' title='bbox 2043 2121 2152 2162; x_wconf 91' lang='lat' dir='ltr'><strong>non</strong></span> <span class='ocrx_word' id='word_1_397' title='bbox 2179 2122 2495 2177; x_wconf 87' lang='lat' dir='ltr'><strong>possumus;</strong></span> <span class='ocrx_word' id='word_1_398' title='bbox 2526 2106 2622 2162; x_wconf 90' lang='lat' dir='ltr'><strong>sed</strong></span> <span class='ocrx_word' id='word_1_399' title='bbox 2649 2106 2860 2164; x_wconf 89' lang='lat' dir='ltr'><strong>laborat</strong></span> <span class='ocrx_word' id='word_1_400' title='bbox 2881 2123 3003 2163; x_wconf 90' lang='lat' dir='ltr'><strong>cum</strong></span> <span class='ocrx_word' id='word_1_401' title='bbox 3033 2107 3243 2164; x_wconf 67' lang='lat' dir='ltr'><strong>ueteris</strong></span> <span class='ocrx_word' id='word_1_402' title='bbox 3271 2101 3481 2164; x_wconf 82' lang='lat' dir='ltr'><strong>creatu-</strong></span> 
     </span>
    </p>
   </div>
   <div class='ocr_carea' id='block_1_50' title="bbox 1893 2197 3479 2273">
    <p class='ocr_par' dir='ltr' id='par_1_50' title="bbox 1893 2197 3479 2273">
     <span class='ocr_line' id='line_1_50' title="bbox 1893 2197 3479 2273; baseline 0.001 -19"><span class='ocrx_word' id='word_1_403' title='bbox 1893 2202 1987 2267; x_wconf 84' lang='lat' dir='ltr'><strong>ris,</strong></span> <span class='ocrx_word' id='word_1_404' title='bbox 2019 2201 2159 2256; x_wconf 82' lang='lat' dir='ltr'><strong>sicut</strong></span> <span class='ocrx_word' id='word_1_405' title='bbox 2189 2200 2478 2271; x_wconf 83' lang='lat' dir='ltr'><strong>Apostolus</strong></span> <span class='ocrx_word' id='word_1_406' title='bbox 2504 2199 2635 2255; x_wconf 88' lang='lat' dir='ltr'><strong>dicit</strong></span> <span class='ocrx_word' id='word_1_407' title='bbox 2659 2218 2671 2253; x_wconf 91' lang='lat'>:</span> <span class='ocrx_word' id='word_1_408' title='bbox 2703 2197 2839 2264; x_wconf 82' lang='lat' dir='ltr'><strong>Quia</strong></span> <span class='ocrx_word' id='word_1_409' title='bbox 2871 2203 3040 2256; x_wconf 83' lang='lat' dir='ltr'><strong>omnis</strong></span> <span class='ocrx_word' id='word_1_410' title='bbox 3069 2209 3306 2255; x_wconf 76' lang='lat' dir='ltr'><strong>creatura</strong></span> <span class='ocrx_word' id='word_1_411' title='bbox 3331 2201 3479 2273; x_wconf 84' lang='lat' dir='ltr'><strong>inge-</strong></span> 
     </span>
    </p>
   </div>
   <div class='ocr_carea' id='block_1_51' title="bbox 1894 2290 3479 2364">
    <p class='ocr_par' dir='ltr' id='par_1_51' title="bbox 1894 2290 3479 2364">
     <span class='ocr_line' id='line_1_51' title="bbox 1894 2290 3479 2364; baseline -0.001 -16"><span class='ocrx_word' id='word_1_412' title='bbox 1894 2295 2081 2359; x_wconf 85' lang='lat' dir='ltr'><strong>miscit,</strong></span> <span class='ocrx_word' id='word_1_413' title='bbox 2130 2301 2180 2347; x_wconf 90' lang='lat' dir='ltr'><strong>et</strong></span> <span class='ocrx_word' id='word_1_414' title='bbox 2226 2294 2450 2363; x_wconf 82' lang='lat' dir='ltr'><strong>parturit</strong></span> <span class='ocrx_word' id='word_1_415' title='bbox 2472 2308 2632 2364; x_wconf 84' lang='lat' dir='ltr'><strong>usque</strong></span> <span class='ocrx_word' id='word_1_416' title='bbox 2651 2292 2820 2345; x_wconf 75' lang='lat' dir='ltr'><strong>adhuc</strong></span> <span class='ocrx_word' id='word_1_417' title='bbox 2843 2290 3020 2364; x_wconf 84' lang='lat' dir='ltr'><strong>(Rom.</strong></span> <span class='ocrx_word' id='word_1_418' title='bbox 3051 2291 3196 2363; x_wconf 80' lang='lat' dir='ltr'><strong>vui);</strong></span> <span class='ocrx_word' id='word_1_419' title='bbox 3222 2299 3278 2347; x_wconf 91' lang='lat' dir='ltr'><strong>et</strong></span> <span class='ocrx_word' id='word_1_420' title='bbox 3297 2290 3432 2346; x_wconf 84' lang='lat' dir='ltr'><strong>infra</strong></span> <span class='ocrx_word' id='word_1_421' title='bbox 3465 2309 3479 2346; x_wconf 90' lang='lat'><strong>:</strong></span> 
     </span>
    </p>
   </div>
   <div class='ocr_carea' id='block_1_52' title="bbox 1895 2383 3478 2456">
    <p class='ocr_par' dir='ltr' id='par_1_52' title="bbox 1895 2383 3478 2456">
     <span class='ocr_line' id='line_1_52' title="bbox 1895 2383 3478 2456; baseline -0.003 -15"><span class='ocrx_word' id='word_1_422' title='bbox 1895 2384 2157 2452; x_wconf 80' lang='lat' dir='ltr'><strong>Quoniam</strong></span> <span class='ocrx_word' id='word_1_423' title='bbox 2181 2394 2230 2440; x_wconf 87' lang='lat' dir='ltr'><strong>et</strong></span> <span class='ocrx_word' id='word_1_424' title='bbox 2257 2387 2373 2456; x_wconf 86' lang='lat' dir='ltr'><strong>ipsa</strong></span> <span class='ocrx_word' id='word_1_425' title='bbox 2408 2394 2645 2442; x_wconf 73' lang='lat' dir='ltr'><strong>creatura</strong></span> <span class='ocrx_word' id='word_1_426' title='bbox 2671 2383 2973 2440; x_wconf 75' lang='lat' dir='ltr'><strong>liberabitur</strong></span> <span class='ocrx_word' id='word_1_427' title='bbox 2998 2401 3031 2438; x_wconf 78' lang='grc' dir='ltr'><em>α</em></span> <span class='ocrx_word' id='word_1_428' title='bbox 3070 2385 3310 2438; x_wconf 79' lang='lat' dir='ltr'><strong>seruitute</strong></span> <span class='ocrx_word' id='word_1_429' title='bbox 3358 2399 3478 2438; x_wconf 83' lang='lat' dir='ltr'><strong>cor-</strong></span> 
     </span>
    </p>
   </div>
   <div class='ocr_carea' id='block_1_53' title="bbox 1892 2474 3480 2547">
    <p class='ocr_par' dir='ltr' id='par_1_53' title="bbox 1892 2474 3480 2547">
     <span class='ocr_line' id='line_1_53' title="bbox 1892 2474 3480 2547; baseline -0.003 -15"><span class='ocrx_word' id='word_1_430' title='bbox 1892 2479 2167 2546; x_wconf 81' lang='lat' dir='ltr'><strong>ruptionis,</strong></span> <span class='ocrx_word' id='word_1_431' title='bbox 2213 2486 2268 2532; x_wconf 89' lang='lat' dir='ltr'><strong>et</strong></span> <span class='ocrx_word' id='word_1_432' title='bbox 2299 2477 2524 2547; x_wconf 88' lang='lat' dir='ltr'><strong>reliqua.</strong></span> <span class='ocrx_word' id='word_1_433' title='bbox 2572 2474 2912 2544; x_wconf 83' lang='lat' dir='ltr'><strong>Liberabitur,</strong></span> <span class='ocrx_word' id='word_1_434' title='bbox 2931 2475 3122 2544; x_wconf 88' lang='lat' dir='ltr'><strong>inquit,</strong></span> <span class='ocrx_word' id='word_1_435' title='bbox 3146 2492 3178 2528; x_wconf 77' lang='grc' dir='ltr'><strong><em>α</em></strong></span> <span class='ocrx_word' id='word_1_436' title='bbox 3206 2475 3480 2536; x_wconf 58' lang='lat' dir='ltr'><strong>unitate;</strong></span> 
     </span>
    </p>
   </div>
   <div class='ocr_carea' id='block_1_54' title="bbox 1892 2565 3479 2641">
    <p class='ocr_par' dir='ltr' id='par_1_54' title="bbox 1892 2565 3479 2641">
     <span class='ocr_line' id='line_1_54' title="bbox 1892 2565 3479 2641; baseline -0.004 -14"><span class='ocrx_word' id='word_1_437' title='bbox 1892 2571 2044 2628; x_wconf 90' lang='lat' dir='ltr'><strong>vides</strong></span> <span class='ocrx_word' id='word_1_438' title='bbox 2085 2586 2234 2641; x_wconf 91' lang='lat' dir='ltr'><strong>ergo,</strong></span> <span class='ocrx_word' id='word_1_439' title='bbox 2275 2571 2529 2641; x_wconf 90' lang='lat' dir='ltr'><strong>quoniam</strong></span> <span class='ocrx_word' id='word_1_440' title='bbox 2573 2570 2697 2625; x_wconf 89' lang='lat' dir='ltr'><strong>luna</strong></span> <span class='ocrx_word' id='word_1_441' title='bbox 2725 2583 2833 2624; x_wconf 89' lang='lat' dir='ltr'><strong>non</strong></span> <span class='ocrx_word' id='word_1_442' title='bbox 2883 2567 3094 2622; x_wconf 89' lang='lat' dir='ltr'><strong>laborat</strong></span> <span class='ocrx_word' id='word_1_443' title='bbox 3136 2565 3479 2630; x_wconf 89' lang='lat' dir='ltr'><strong>carminibus,</strong></span> 
     </span>
    </p>
   </div>
   <div class='ocr_carea' id='block_1_55' title="bbox 1891 2656 3480 2734">
    <p class='ocr_par' dir='ltr' id='par_1_55' title="bbox 1891 2656 3480 2734">
     <span class='ocr_line' id='line_1_55' title="bbox 1891 2656 3480 2734; baseline -0.008 -12"><span class='ocrx_word' id='word_1_444' title='bbox 1891 2666 1989 2722; x_wconf 88' lang='lat' dir='ltr'><strong>sed</strong></span> <span class='ocrx_word' id='word_1_445' title='bbox 2013 2665 2226 2721; x_wconf 90' lang='lat' dir='ltr'><strong>laborat</strong></span> <span class='ocrx_word' id='word_1_446' title='bbox 2253 2663 2557 2734; x_wconf 90' lang='lat' dir='ltr'><strong>obsequiis;</strong></span> <span class='ocrx_word' id='word_1_447' title='bbox 2591 2677 2697 2718; x_wconf 90' lang='lat' dir='ltr'><strong>non</strong></span> <span class='ocrx_word' id='word_1_448' title='bbox 2728 2661 2940 2716; x_wconf 89' lang='lat' dir='ltr'><strong>laborat</strong></span> <span class='ocrx_word' id='word_1_449' title='bbox 2965 2657 3238 2730; x_wconf 85' lang='lat' dir='ltr'><strong>periculis,</strong></span> <span class='ocrx_word' id='word_1_450' title='bbox 3267 2657 3363 2714; x_wconf 84' lang='lat' dir='ltr'><strong>sed</strong></span> <span class='ocrx_word' id='word_1_451' title='bbox 3399 2656 3480 2710; x_wconf 88' lang='lat' dir='ltr'><strong>la-</strong></span> 
     </span>
    </p>
   </div>
   <div class='ocr_carea' id='block_1_56' title="bbox 1889 2747 3484 2822">
    <p class='ocr_par' dir='ltr' id='par_1_56' title="bbox 1889 2747 3484 2822">
     <span class='ocr_line' id='line_1_56' title="bbox 1889 2747 3484 2822; baseline -0.008 -9"><span class='ocrx_word' id='word_1_452' title='bbox 1889 2757 2048 2813; x_wconf 81' lang='lat' dir='ltr'><strong>borat</strong></span> <span class='ocrx_word' id='word_1_453' title='bbox 2077 2754 2299 2820; x_wconf 83' lang='lat' dir='ltr'><strong>ofﬁciis;</strong></span> <span class='ocrx_word' id='word_1_454' title='bbox 2348 2769 2457 2809; x_wconf 89' lang='lat' dir='ltr'><strong>non</strong></span> <span class='ocrx_word' id='word_1_455' title='bbox 2505 2753 2714 2808; x_wconf 89' lang='lat' dir='ltr'><strong>laborat</strong></span> <span class='ocrx_word' id='word_1_456' title='bbox 2749 2759 2809 2806; x_wconf 92' lang='lat' dir='ltr'><strong>ut</strong></span> <span class='ocrx_word' id='word_1_457' title='bbox 2827 2757 3036 2822; x_wconf 83' lang='lat' dir='ltr'><strong>pereat,</strong></span> <span class='ocrx_word' id='word_1_458' title='bbox 3068 2749 3164 2805; x_wconf 90' lang='lat' dir='ltr'><strong>sed</strong></span> <span class='ocrx_word' id='word_1_459' title='bbox 3185 2747 3397 2804; x_wconf 90' lang='lat' dir='ltr'><strong>laborat</strong></span> <span class='ocrx_word' id='word_1_460' title='bbox 3426 2754 3484 2801; x_wconf 94' lang='lat' dir='ltr'><strong>ut</strong></span> 
     </span>
    </p>
   </div>
   <div class='ocr_carea' id='block_1_57' title="bbox 1890 2839 3484 2914">
    <p class='ocr_par' dir='ltr' id='par_1_57' title="bbox 1890 2839 3484 2914">
     <span class='ocr_line' id='line_1_57' title="bbox 1890 2839 3484 2914; baseline -0.008 -8"><span class='ocrx_word' id='word_1_461' title='bbox 1890 2849 2110 2906; x_wconf 83' lang='lat' dir='ltr'><strong>serviat.</strong></span> <span class='ocrx_word' id='word_1_462' title='bbox 2144 2845 2384 2901; x_wconf 82' lang='lat' dir='ltr'><strong>Vanitati</strong></span> <span class='ocrx_word' id='word_1_463' title='bbox 2411 2846 2546 2900; x_wconf 81' lang='lat' dir='ltr'><strong>enim</strong></span> <span class='ocrx_word' id='word_1_464' title='bbox 2567 2850 2809 2898; x_wconf 87' lang='lat' dir='ltr'><strong>creatura</strong></span> <span class='ocrx_word' id='word_1_465' title='bbox 2829 2839 3063 2914; x_wconf 84' lang='lat' dir='ltr'><strong>subjecta</strong></span> <span class='ocrx_word' id='word_1_466' title='bbox 3083 2848 3284 2896; x_wconf 83' lang='lat' dir='ltr'><strong>estnon</strong></span> <span class='ocrx_word' id='word_1_467' title='bbox 3303 2847 3484 2911; x_wconf 83' lang='lat' dir='ltr'><strong>sponte</strong></span> 
     </span>
    </p>
   </div>
   <div class='ocr_carea' id='block_1_58' title="bbox 1892 2923 3481 3014">
    <p class='ocr_par' dir='ltr' id='par_1_58' title="bbox 1892 2923 3481 3014">
     <span class='ocr_line' id='line_1_58' title="bbox 1892 2923 3481 3014; baseline -0.006 -18"><span class='ocrx_word' id='word_1_468' title='bbox 1892 2941 2105 3014; x_wconf 85' lang='lat' dir='ltr'><strong>(Ibid.),</strong></span> <span class='ocrx_word' id='word_1_469' title='bbox 2137 2949 2194 2995; x_wconf 91' lang='lat' dir='ltr'><strong>et</strong></span> <span class='ocrx_word' id='word_1_470' title='bbox 2234 2939 2459 3008; x_wconf 89' lang='lat' dir='ltr'><strong>reliqua.</strong></span> <span class='ocrx_word' id='word_1_471' title='bbox 2487 2935 2630 3007; x_wconf 85' lang='lat' dir='ltr'><strong>Ergo</strong></span> <span class='ocrx_word' id='word_1_472' title='bbox 2657 2935 2782 2990; x_wconf 88' lang='lat' dir='ltr'><strong>luna</strong></span> <span class='ocrx_word' id='word_1_473' title='bbox 2820 2949 2851 2989; x_wconf 92' lang='lat' dir='ltr'><strong>a</strong></span> <span class='ocrx_word' id='word_1_474' title='bbox 2876 2942 3019 2990; x_wconf 91' lang='lat' dir='ltr'><strong>statu</strong></span> <span class='ocrx_word' id='word_1_475' title='bbox 3037 2949 3138 2989; x_wconf 90' lang='lat' dir='ltr'><strong>suo</strong></span> <span class='ocrx_word' id='word_1_476' title='bbox 3155 2949 3268 2990; x_wconf 87' lang='lat' dir='ltr'><strong>non</strong></span> <span class='ocrx_word' id='word_1_477' title='bbox 3289 2923 3481 3004; x_wconf 84' lang='lat' dir='ltr'><strong>sponte</strong></span> 
     </span>
    </p>
   </div>
   <div class='ocr_carea' id='block_1_59' title="bbox 1890 3023 3484 3100">
    <p class='ocr_par' dir='ltr' id='par_1_59' title="bbox 1890 3023 3484 3100">
     <span class='ocr_line' id='line_1_59' title="bbox 1890 3023 3484 3100; baseline -0.008 -9"><span class='ocrx_word' id='word_1_478' title='bbox 1890 3043 2148 3100; x_wconf 89' lang='lat' dir='ltr'><strong>mutatur,</strong></span> <span class='ocrx_word' id='word_1_479' title='bbox 2173 3041 2231 3088; x_wconf 92' lang='lat' dir='ltr'><strong>tu</strong></span> <span class='ocrx_word' id='word_1_480' title='bbox 2251 3031 2318 3088; x_wconf 91' lang='lat' dir='ltr'><strong>de</strong></span> <span class='ocrx_word' id='word_1_481' title='bbox 2339 3045 2499 3086; x_wconf 86' lang='lat' dir='ltr'><strong>sensu</strong></span> <span class='ocrx_word' id='word_1_482' title='bbox 2518 3036 2615 3085; x_wconf 92' lang='lat' dir='ltr'><strong>tuo</strong></span> <span class='ocrx_word' id='word_1_483' title='bbox 2643 3035 2838 3099; x_wconf 89' lang='lat' dir='ltr'><strong>sponte</strong></span> <span class='ocrx_word' id='word_1_484' title='bbox 2866 3026 3122 3093; x_wconf 88' lang='lat' dir='ltr'><strong>mutaris;</strong></span> <span class='ocrx_word' id='word_1_485' title='bbox 3147 3025 3236 3080; x_wconf 90' lang='lat' dir='ltr'><strong>illa</strong></span> <span class='ocrx_word' id='word_1_486' title='bbox 3259 3025 3312 3080; x_wconf 89' lang='lat' dir='ltr'><strong>in</strong></span> <span class='ocrx_word' id='word_1_487' title='bbox 3333 3023 3484 3079; x_wconf 89' lang='lat' dir='ltr'><strong>dimi-</strong></span> 
     </span>
    </p>
   </div>
   <div class='ocr_carea' id='block_1_60' title="bbox 1892 3115 3484 3184">
    <p class='ocr_par' dir='ltr' id='par_1_60' title="bbox 1892 3115 3484 3184">
     <span class='ocr_line' id='line_1_60' title="bbox 1892 3115 3484 3184; baseline -0.009 -1"><span class='ocrx_word' id='word_1_488' title='bbox 1892 3127 2170 3184; x_wconf 91' lang='lat' dir='ltr'><strong>nutionem</strong></span> <span class='ocrx_word' id='word_1_489' title='bbox 2195 3126 2276 3180; x_wconf 90' lang='lat' dir='ltr'><strong>sui</strong></span> <span class='ocrx_word' id='word_1_490' title='bbox 2305 3119 2614 3180; x_wconf 81' lang='lat' dir='ltr'><strong>conditione</strong></span> <span class='ocrx_word' id='word_1_491' title='bbox 2638 3117 2940 3179; x_wconf 85' lang='lat' dir='ltr'><strong>deducitur.</strong></span> <span class='ocrx_word' id='word_1_492' title='bbox 2953 3124 3012 3173; x_wconf 91' lang='lat' dir='ltr'><strong>tu</strong></span> <span class='ocrx_word' id='word_1_493' title='bbox 3031 3116 3085 3172; x_wconf 92' lang='lat' dir='ltr'><strong>in</strong></span> <span class='ocrx_word' id='word_1_494' title='bbox 3107 3115 3484 3178; x_wconf 87' lang='lat' dir='ltr'><strong>detrimentum</strong></span> 
     </span>
    </p>
   </div>
   <div class='ocr_carea' id='block_1_61' title="bbox 193 3202 3482 3285">
    <p class='ocr_par' dir='ltr' id='par_1_61' title="bbox 193 3202 3482 3285">
     <span class='ocr_line' id='line_1_61' title="bbox 193 3202 3482 3285; baseline -0.002 -17"><span class='ocrx_word' id='word_1_495' title='bbox 193 3209 286 3268; x_wconf 90' lang='lat' dir='ltr'><strong>bus</strong></span> <span class='ocrx_word' id='word_1_496' title='bbox 316 3214 610 3270; x_wconf 86' lang='lat' dir='ltr'><strong>turbantur</strong></span> <span class='ocrx_word' id='word_1_497' title='bbox 634 3221 687 3268; x_wconf 88' lang='lat' dir='ltr'><strong>et</strong></span> <span class='ocrx_word' id='word_1_498' title='bbox 720 3212 880 3270; x_wconf 90' lang='lat' dir='ltr'><strong>oculi.</strong></span> <span class='ocrx_word' id='word_1_499' title='bbox 912 3212 1196 3279; x_wconf 87' lang='lat' dir='ltr'><strong>Quomodo</strong></span> <span class='ocrx_word' id='word_1_500' title='bbox 1223 3213 1406 3282; x_wconf 81' lang='lat' dir='ltr'><strong>igitur,</strong></span> <span class='ocrx_word' id='word_1_501' title='bbox 1437 3212 1463 3250; x_wconf 66' lang='grc' dir='ltr'>δ</span> <span class='ocrx_word' id='word_1_502' title='bbox 1486 3215 1689 3284; x_wconf 88' lang='lat' dir='ltr'><strong>ebrius,</strong></span> <span class='ocrx_word' id='word_1_503' title='bbox 1721 3215 1800 3270; x_wconf 87' lang='lat' dir='ltr'><strong>vi-</strong></span> <span class='ocrx_word' id='word_1_504' title='bbox 1825 3202 1870 3264; x_wconf 84' lang='lat' dir='ltr'><strong>C</strong></span> <span class='ocrx_word' id='word_1_505' title='bbox 1903 3221 1984 3276; x_wconf 87' lang='lat' dir='ltr'><strong>tui</strong></span> <span class='ocrx_word' id='word_1_506' title='bbox 2004 3219 2285 3274; x_wconf 87' lang='lat' dir='ltr'><strong>voluntate</strong></span> <span class='ocrx_word' id='word_1_507' title='bbox 2310 3211 2658 3285; x_wconf 76' lang='lat' dir='ltr'><strong>pertralteris.</strong></span> <span class='ocrx_word' id='word_1_508' title='bbox 2689 3209 2826 3266; x_wconf 83' lang='lat' dir='ltr'><strong>Nolo</strong></span> <span class='ocrx_word' id='word_1_509' title='bbox 2851 3210 3033 3278; x_wconf 85' lang='lat' dir='ltr'><strong>igitur,</strong></span> <span class='ocrx_word' id='word_1_510' title='bbox 3064 3207 3247 3272; x_wconf 89' lang='lat' dir='ltr'><strong>frater,</strong></span> <span class='ocrx_word' id='word_1_511' title='bbox 3277 3207 3352 3260; x_wconf 89' lang='lat' dir='ltr'><strong>ita</strong></span> <span class='ocrx_word' id='word_1_512' title='bbox 3389 3205 3482 3272; x_wconf 88' lang='lat' dir='ltr'><strong>sis,</strong></span> 
     </span>
    </p>
   </div>
   <div class='ocr_carea' id='block_1_62' title="bbox 193 3302 1798 3377">
    <p class='ocr_par' dir='ltr' id='par_1_62' title="bbox 193 3302 1798 3377">
     <span class='ocr_line' id='line_1_62' title="bbox 193 3302 1798 3377; baseline 0.001 -19"><span class='ocrx_word' id='word_1_513' title='bbox 193 3302 314 3360; x_wconf 86' lang='lat' dir='ltr'><strong>dere</strong></span> <span class='ocrx_word' id='word_1_514' title='bbox 333 3314 496 3376; x_wconf 88' lang='lat' dir='ltr'><strong>potes</strong></span> <span class='ocrx_word' id='word_1_515' title='bbox 519 3303 662 3359; x_wconf 91' lang='lat' dir='ltr'><strong>circa</strong></span> <span class='ocrx_word' id='word_1_516' title='bbox 686 3305 869 3358; x_wconf 90' lang='lat' dir='ltr'><strong>lunam</strong></span> <span class='ocrx_word' id='word_1_517' title='bbox 909 3303 1037 3373; x_wconf 89' lang='lat' dir='ltr'><strong>quid</strong></span> <span class='ocrx_word' id='word_1_518' title='bbox 1069 3313 1260 3374; x_wconf 90' lang='lat' dir='ltr'><strong>agatur</strong></span> <span class='ocrx_word' id='word_1_519' title='bbox 1278 3304 1332 3360; x_wconf 90' lang='lat' dir='ltr'><strong>in</strong></span> <span class='ocrx_word' id='word_1_520' title='bbox 1353 3305 1508 3372; x_wconf 65' lang='lat' dir='ltr'><strong>caelo,</strong></span> <span class='ocrx_word' id='word_1_521' title='bbox 1541 3307 1633 3377; x_wconf 92' lang='lat' dir='ltr'><strong>qui</strong></span> <span class='ocrx_word' id='word_1_522' title='bbox 1653 3307 1798 3362; x_wconf 87' lang='lat' dir='ltr'><strong>circa</strong></span> 
     </span>
    </p>
   </div>
   <div class='ocr_carea' id='block_1_63' title="bbox 195 3396 1794 3470">
    <p class='ocr_par' dir='ltr' id='par_1_63' title="bbox 195 3396 1794 3470">
     <span class='ocr_line' id='line_1_63' title="bbox 195 3396 1794 3470; baseline 0.002 -19"><span class='ocrx_word' id='word_1_523' title='bbox 195 3403 246 3451; x_wconf 88' lang='lat' dir='ltr'><strong>te</strong></span> <span class='ocrx_word' id='word_1_524' title='bbox 288 3413 395 3452; x_wconf 91' lang='lat' dir='ltr'><strong>non</strong></span> <span class='ocrx_word' id='word_1_525' title='bbox 451 3397 604 3452; x_wconf 86' lang='lat' dir='ltr'><strong>vides</strong></span> <span class='ocrx_word' id='word_1_526' title='bbox 661 3396 804 3470; x_wconf 93' lang='lat' dir='ltr'><strong>quod</strong></span> <span class='ocrx_word' id='word_1_527' title='bbox 848 3404 1036 3466; x_wconf 90' lang='lat' dir='ltr'><strong>agatur</strong></span> <span class='ocrx_word' id='word_1_528' title='bbox 1064 3399 1117 3452; x_wconf 91' lang='lat' dir='ltr'><strong>in</strong></span> <span class='ocrx_word' id='word_1_529' title='bbox 1155 3399 1336 3452; x_wconf 86' lang='lat' dir='ltr'><strong>terra?</strong></span> <span class='ocrx_word' id='word_1_530' title='bbox 1364 3396 1479 3454; x_wconf 85' lang='lat' dir='ltr'><strong>Hoc</strong></span> <span class='ocrx_word' id='word_1_531' title='bbox 1507 3407 1588 3454; x_wconf 90' lang='lat' dir='ltr'><strong>est</strong></span> <span class='ocrx_word' id='word_1_532' title='bbox 1616 3398 1794 3468; x_wconf 87' lang='lat' dir='ltr'><strong>plane,</strong></span> 
     </span>
    </p>
   </div>
   <div class='ocr_carea' id='block_1_64' title="bbox 1904 3297 3485 3372">
    <p class='ocr_par' dir='ltr' id='par_1_64' title="bbox 1904 3297 3485 3372">
     <span class='ocr_line' id='line_1_64' title="bbox 1904 3297 3485 3372; baseline -0.009 -5"><span class='ocrx_word' id='word_1_533' title='bbox 1904 3312 2044 3367; x_wconf 90' lang='lat' dir='ltr'><strong>sicut</strong></span> <span class='ocrx_word' id='word_1_534' title='bbox 2092 3309 2239 3372; x_wconf 89' lang='lat' dir='ltr'><strong>luna,</strong></span> <span class='ocrx_word' id='word_1_535' title='bbox 2295 3319 2418 3360; x_wconf 89' lang='lat' dir='ltr'><strong>cum</strong></span> <span class='ocrx_word' id='word_1_536' title='bbox 2469 3300 2682 3367; x_wconf 87' lang='lat' dir='ltr'><strong>deﬁcit;</strong></span> <span class='ocrx_word' id='word_1_537' title='bbox 2713 3300 2808 3356; x_wconf 89' lang='lat' dir='ltr'><strong>sed</strong></span> <span class='ocrx_word' id='word_1_538' title='bbox 2837 3307 2974 3365; x_wconf 88' lang='lat' dir='ltr'><strong>esto,</strong></span> <span class='ocrx_word' id='word_1_539' title='bbox 3007 3299 3144 3354; x_wconf 91' lang='lat' dir='ltr'><strong>sicut</strong></span> <span class='ocrx_word' id='word_1_540' title='bbox 3172 3297 3388 3367; x_wconf 85' lang='lat' dir='ltr'><strong>quando</strong></span> <span class='ocrx_word' id='word_1_541' title='bbox 3405 3305 3485 3353; x_wconf 88' lang='lat' dir='ltr'><strong>est</strong></span> 
     </span>
    </p>
   </div>
   <div class='ocr_carea' id='block_1_65' title="bbox 1900 3387 3482 3472">
    <p class='ocr_par' dir='ltr' id='par_1_65' title="bbox 1900 3387 3482 3472">
     <span class='ocr_line' id='line_1_65' title="bbox 1900 3387 3482 3472; baseline -0.009 -16"><span class='ocrx_word' id='word_1_542' title='bbox 1900 3401 2061 3472; x_wconf 93' lang='lat' dir='ltr'><strong>plena</strong></span> <span class='ocrx_word' id='word_1_543' title='bbox 2111 3406 2272 3468; x_wconf 90' lang='lat' dir='ltr'><strong>atque</strong></span> <span class='ocrx_word' id='word_1_544' title='bbox 2319 3392 2586 3466; x_wconf 88' lang='lat' dir='ltr'><strong>perfecta;</strong></span> <span class='ocrx_word' id='word_1_545' title='bbox 2613 3391 2870 3462; x_wconf 86' lang='lat' dir='ltr'><strong>scriptum</strong></span> <span class='ocrx_word' id='word_1_546' title='bbox 2900 3397 2984 3444; x_wconf 90' lang='lat' dir='ltr'><strong>est</strong></span> <span class='ocrx_word' id='word_1_547' title='bbox 3023 3388 3168 3444; x_wconf 83' lang='lat' dir='ltr'><strong>enim</strong></span> <span class='ocrx_word' id='word_1_548' title='bbox 3195 3387 3263 3444; x_wconf 89' lang='lat' dir='ltr'><strong>de</strong></span> <span class='ocrx_word' id='word_1_549' title='bbox 3296 3387 3482 3456; x_wconf 86' lang='lat' dir='ltr'><strong>justo:</strong></span> 
     </span>
    </p>
   </div>
   <div class='ocr_carea' id='block_1_66' title="bbox 194 3477 3481 3558">
    <p class='ocr_par' dir='ltr' id='par_1_66' title="bbox 194 3477 3481 3558">
     <span class='ocr_line' id='line_1_66' title="bbox 194 3477 3481 3558; baseline -0.003 -14"><span class='ocrx_word' id='word_1_550' title='bbox 194 3489 335 3558; x_wconf 82' lang='lat' dir='ltr'><strong>quod</strong></span> <span class='ocrx_word' id='word_1_551' title='bbox 385 3491 467 3548; x_wconf 88' lang='lat' dir='ltr'><strong>ait</strong></span> <span class='ocrx_word' id='word_1_552' title='bbox 511 3487 770 3544; x_wconf 89' lang='lat' dir='ltr'><strong>Salomon</strong></span> <span class='ocrx_word' id='word_1_553' title='bbox 815 3487 1000 3545; x_wconf 90' lang='lat' dir='ltr'><strong>dicens</strong></span> <span class='ocrx_word' id='word_1_554' title='bbox 1032 3507 1044 3542; x_wconf 90' lang='lat'><strong>:</strong></span> <span class='ocrx_word' id='word_1_555' title='bbox 1079 3488 1282 3545; x_wconf 76' lang='lat' dir='ltr'><strong>Stultus</strong></span> <span class='ocrx_word' id='word_1_556' title='bbox 1320 3497 1376 3542; x_wconf 87' lang='lat' dir='ltr'><strong>ut</strong></span> <span class='ocrx_word' id='word_1_557' title='bbox 1421 3491 1546 3544; x_wconf 88' lang='lat' dir='ltr'><strong>luna</strong></span> <span class='ocrx_word' id='word_1_558' title='bbox 1571 3499 1799 3546; x_wconf 82' lang='lat' dir='ltr'><strong>mutatur</strong></span> <span class='ocrx_word' id='word_1_559' title='bbox 1904 3493 2052 3549; x_wconf 81' lang='lat' dir='ltr'><strong>Sicut</strong></span> <span class='ocrx_word' id='word_1_560' title='bbox 2078 3491 2202 3545; x_wconf 85' lang='lat' dir='ltr'><strong>tuna</strong></span> <span class='ocrx_word' id='word_1_561' title='bbox 2221 3489 2276 3544; x_wconf 86' lang='lat' dir='ltr'><strong>in</strong></span> <span class='ocrx_word' id='word_1_562' title='bbox 2311 3495 2580 3552; x_wconf 74' lang='lat' dir='ltr'><strong>tetanum,</strong></span> <span class='ocrx_word' id='word_1_563' title='bbox 2621 3492 2672 3538; x_wconf 92' lang='lat' dir='ltr'><strong>et</strong></span> <span class='ocrx_word' id='word_1_564' title='bbox 2700 3483 2842 3540; x_wconf 82' lang='lat' dir='ltr'><strong>testis</strong></span> <span class='ocrx_word' id='word_1_565' title='bbox 2868 3481 2926 3536; x_wconf 85' lang='lat' dir='ltr'><strong>in</strong></span> <span class='ocrx_word' id='word_1_566' title='bbox 2945 3479 3073 3536; x_wconf 73' lang='grc' dir='ltr'><strong>οωιο</strong></span> <span class='ocrx_word' id='word_1_567' title='bbox 3097 3479 3267 3551; x_wconf 75' lang='lat' dir='ltr'><strong>ﬁdelis</strong></span> <span class='ocrx_word' id='word_1_568' title='bbox 3309 3477 3481 3545; x_wconf 77' lang='lat' dir='ltr'><strong>(Psqt.</strong></span> 
     </span>
    </p>
   </div>
   <div class='ocr_carea' id='block_1_67' title="bbox 195 3577 1795 3654">
    <p class='ocr_par' dir='ltr' id='par_1_67' title="bbox 195 3577 1795 3654">
     <span class='ocr_line' id='line_1_67' title="bbox 195 3577 1795 3654; baseline 0.004 -22"><span class='ocrx_word' id='word_1_569' title='bbox 195 3577 390 3653; x_wconf 65' lang='lat' dir='ltr'><strong>(Ecgte.</strong></span> <span class='ocrx_word' id='word_1_570' title='bbox 429 3579 587 3654; x_wconf 81' lang='lat' dir='ltr'><strong>xvn).</strong></span> <span class='ocrx_word' id='word_1_571' title='bbox 625 3579 643 3619; x_wconf 85' lang='grc' dir='ltr'>ί</span> <span class='ocrx_word' id='word_1_572' title='bbox 676 3579 900 3641; x_wconf 77' lang='lat' dir='ltr'><strong>Mutaris</strong></span> <span class='ocrx_word' id='word_1_573' title='bbox 939 3581 1102 3648; x_wconf 88' lang='lat' dir='ltr'><strong>enim,</strong></span> <span class='ocrx_word' id='word_1_574' title='bbox 1134 3580 1272 3638; x_wconf 88' lang='lat' dir='ltr'><strong>sicut</strong></span> <span class='ocrx_word' id='word_1_575' title='bbox 1301 3580 1446 3648; x_wconf 91' lang='lat' dir='ltr'><strong>luna,</strong></span> <span class='ocrx_word' id='word_1_576' title='bbox 1478 3580 1605 3637; x_wconf 91' lang='lat' dir='ltr'><strong>dum</strong></span> <span class='ocrx_word' id='word_1_577' title='bbox 1658 3584 1795 3639; x_wconf 86' lang='lat' dir='ltr'><strong>stul-</strong></span> 
     </span>
    </p>
   </div>
   <div class='ocr_carea' id='block_1_68' title="bbox 1904 3583 2180 3654">
    <p class='ocr_par' dir='ltr' id='par_1_68' title="bbox 1904 3583 2180 3654">
     <span class='ocr_line' id='line_1_68' title="bbox 1904 3583 2180 3654; baseline -0.018 -13"><span class='ocrx_word' id='word_1_578' title='bbox 1904 3583 2180 3654; x_wconf 79' lang='lat' dir='ltr'><strong>Lxxxvm).</strong></span> 
     </span>
    </p>
   </div>
   <div class='ocr_carea' id='block_1_69' title="bbox 1613 3720 2108 3789">
    <p class='ocr_par' dir='ltr' id='par_1_69' title="bbox 1613 3720 2108 3789">
     <span class='ocr_line' id='line_1_69' title="bbox 1613 3720 2108 3789; baseline -0.006 -5"><span class='ocrx_word' id='word_1_579' title='bbox 1613 3720 1795 3786; x_wconf 78' lang='grc' dir='ltr'><strong>ΗΟΜ</strong></span> <span class='ocrx_word' id='word_1_580' title='bbox 1804 3723 1964 3789; x_wconf 75' lang='lat' dir='ltr'><strong>lLlA</strong></span> <span class='ocrx_word' id='word_1_581' title='bbox 2005 3720 2108 3784; x_wconf 84' lang='lat' dir='ltr'><strong>Cl.</strong></span> 
     </span>
    </p>
   </div>
   <div class='ocr_carea' id='block_1_70' title="bbox 1481 3835 2202 3914">
    <p class='ocr_par' dir='ltr' id='par_1_70' title="bbox 1481 3835 2202 3914">
     <span class='ocr_line' id='line_1_70' title="bbox 1481 3835 2202 3914; baseline 0.003 -23"><span class='ocrx_word' id='word_1_582' title='bbox 1481 3835 1560 3892; x_wconf 79' lang='lat' dir='ltr'><strong>De</strong></span> <span class='ocrx_word' id='word_1_583' title='bbox 1585 3839 1764 3894; x_wconf 70' lang='lat' dir='ltr'><strong>eodem</strong></span> <span class='ocrx_word' id='word_1_584' title='bbox 1791 3850 2094 3914; x_wconf 67' lang='lat' dir='ltr'><strong>argumento</strong></span> <span class='ocrx_word' id='word_1_585' title='bbox 2117 3837 2202 3895; x_wconf 85' lang='grc'><strong>11.</strong></span> 
     </span>
    </p>
   </div>
   <div class='ocr_carea' id='block_1_71' title="bbox 1646 3947 2018 4008">
    <p class='ocr_par' dir='ltr' id='par_1_71' title="bbox 1646 3947 2018 4008">
     <span class='ocr_line' id='line_1_71' title="bbox 1646 3947 2018 4008; baseline 0.003 -4"><span class='ocrx_word' id='word_1_586' title='bbox 1646 3947 2018 4008; x_wconf 74' lang='grc' dir='ltr'><strong>ΑυΜοΝιτιο</strong></span> 
     </span>
    </p>
   </div>
   <div class='ocr_carea' id='block_1_72' title="bbox 245 4023 3484 4135">
    <p class='ocr_par' dir='ltr' id='par_1_72' title="bbox 245 4023 3484 4135">
     <span class='ocr_line' id='line_1_72' title="bbox 245 4023 3484 4135; baseline -0.003 -10"><span class='ocrx_word' id='word_1_587' title='bbox 245 4073 384 4131; x_wconf 68' lang='grc' dir='ltr'><strong>Μαι</strong></span> <span class='ocrx_word' id='word_1_588' title='bbox 411 4067 582 4125; x_wconf 62' lang='lat' dir='ltr'><strong>editae</strong></span> <span class='ocrx_word' id='word_1_589' title='bbox 605 4066 843 4127; x_wconf 63' lang='lat' dir='ltr'><strong>bomiiia&#39;.</strong></span> <span class='ocrx_word' id='word_1_590' title='bbox 869 4064 928 4135; x_wconf 84' lang='lat' dir='ltr'><strong>S.</strong></span> <span class='ocrx_word' id='word_1_591' title='bbox 950 4065 1186 4124; x_wconf 76' lang='lat' dir='ltr'><strong>Maximo</strong></span> <span class='ocrx_word' id='word_1_592' title='bbox 1207 4071 1427 4123; x_wconf 87' lang='lat' dir='ltr'><strong>auctore</strong></span> <span class='ocrx_word' id='word_1_593' title='bbox 1448 4065 1686 4135; x_wconf 88' lang='lat' dir='ltr'><strong>cognito,</strong></span> <span class='ocrx_word' id='word_1_594' title='bbox 1711 4081 1778 4122; x_wconf 80' lang='lat' dir='ltr'><strong>ex</strong></span> <span class='ocrx_word' id='word_1_595' title='bbox 1807 4066 1968 4124; x_wconf 88' lang='lat' dir='ltr'><strong>simili</strong></span> <span class='ocrx_word' id='word_1_596' title='bbox 1996 4062 2261 4122; x_wconf 86' lang='lat' dir='ltr'><strong>scribendi</strong></span> <span class='ocrx_word' id='word_1_597' title='bbox 2292 4055 2502 4135; x_wconf 75' lang='lat' dir='ltr'><strong>ratione</strong></span> <span class='ocrx_word' id='word_1_598' title='bbox 2517 4075 2781 4135; x_wconf 53' lang='lat' dir='ltr'><strong>peltaque</strong></span> <span class='ocrx_word' id='word_1_599' title='bbox 2801 4074 2981 4117; x_wconf 92' lang='lat' dir='ltr'><strong>rerum</strong></span> <span class='ocrx_word' id='word_1_600' title='bbox 3031 4059 3099 4115; x_wconf 88' lang='lat' dir='ltr'><strong>ab</strong></span> <span class='ocrx_word' id='word_1_601' title='bbox 3125 4057 3313 4135; x_wconf 80' lang='lat' dir='ltr'><strong>eodem</strong></span> 
     </span>
    </p>
   </div>
   <div class='ocr_carea' id='block_1_73' title="bbox 175 4129 3606 4228">
    <p class='ocr_par' dir='ltr' id='par_1_73' title="bbox 175 4129 3606 4228">
     <span class='ocr_line' id='line_1_73' title="bbox 175 4129 3606 4228; baseline 0.007 -46"><span class='ocrx_word' id='word_1_602' title='bbox 175 4129 409 4228; x_wconf 46' lang='lat' dir='ltr'><strong>suoque</strong></span> <span class='ocrx_word' id='word_1_603' title='bbox 459 4137 823 4222; x_wconf 53' lang='lat' dir='ltr'><strong>conscriptam</strong></span> <span class='ocrx_word' id='word_1_604' title='bbox 849 4133 1048 4228; x_wconf 48' lang='lat' dir='ltr'><strong>fugisse:</strong></span> <span class='ocrx_word' id='word_1_605' title='bbox 1078 4150 1422 4222; x_wconf 78' lang='lat' dir='ltr'><strong>cognoscere,</strong></span> <span class='ocrx_word' id='word_1_606' title='bbox 1466 4129 2086 4228; x_wconf 41' lang='grc' dir='ltr'><strong>εὶζίιηίιῐίιιηλιιὼιηξιθιξιι.Ε</strong></span> <span class='ocrx_word' id='word_1_607' title='bbox 2101 4137 2317 4228; x_wconf 65' lang='grc' dir='ltr'><strong>οιιίίιιιε⁸</strong></span> <span class='ocrx_word' id='word_1_608' title='bbox 2343 4133 2484 4188; x_wconf 89' lang='lat' dir='ltr'><strong>licet.</strong></span> <span class='ocrx_word' id='word_1_609' title='bbox 2511 4129 2886 4228; x_wconf 53' lang='lat' dir='ltr'><strong>Sugmgfqtur</strong></span> <span class='ocrx_word' id='word_1_610' title='bbox 2922 4139 3107 4228; x_wconf 51' lang='lat' dir='ltr'><strong>pulei}:</strong></span> <span class='ocrx_word' id='word_1_611' title='bbox 3134 4129 3233 4228; x_wconf 54' lang='lat' dir='ltr'><strong>333i</strong></span> <span class='ocrx_word' id='word_1_612' title='bbox 3261 4131 3484 4228; x_wconf 58' lang='grc' dir='ltr'><strong>ξοίξξεθε</strong></span> <span class='ocrx_word' id='word_1_613' title='bbox 3601 4179 3606 4184; x_wconf 90' lang='grc'><strong><em>-</em></strong></span> 
     </span>
    </p>
   </div>
   <div class='ocr_carea' id='block_1_74' title="bbox 171 4201 3128 4280">
    <p class='ocr_par' dir='ltr' id='par_1_74' title="bbox 171 4201 3128 4280">
     <span class='ocr_line' id='line_1_74' title="bbox 171 4201 3128 4280; baseline -0.013 -8"><span class='ocrx_word' id='word_1_614' title='bbox 171 4201 371 4274; x_wconf 72' lang='lat' dir='ltr'><strong>iidem.</strong></span> <span class='ocrx_word' id='word_1_615' title='bbox 398 4208 500 4280; x_wconf 83' lang='lat' dir='ltr'><strong>qui</strong></span> <span class='ocrx_word' id='word_1_616' title='bbox 526 4201 757 4280; x_wconf 76' lang='lat' dir='ltr'><strong>priorem</strong></span> <span class='ocrx_word' id='word_1_617' title='bbox 785 4207 887 4266; x_wconf 90' lang='lat' dir='ltr'><strong>sub</strong></span> <span class='ocrx_word' id='word_1_618' title='bbox 905 4208 963 4264; x_wconf 86' lang='lat' dir='ltr'><strong>S.</strong></span> <span class='ocrx_word' id='word_1_619' title='bbox 984 4201 1212 4280; x_wconf 61' lang='lat' dir='ltr'><strong>llaxit&#39;ni</strong></span> <span class='ocrx_word' id='word_1_620' title='bbox 1242 4207 1555 4280; x_wconf 54' lang='lat' dir='ltr'><strong>nominent!</strong></span> <span class='ocrx_word' id='word_1_621' title='bbox 1573 4208 1939 4280; x_wconf 75' lang='lat' dir='ltr'><strong>posteritatem</strong></span> <span class='ocrx_word' id='word_1_622' title='bbox 1971 4201 2351 4280; x_wconf 43' lang='grc' dir='ltr'><strong>ιηρειῃιξφυδ</strong></span> <span class='ocrx_word' id='word_1_623' title='bbox 2384 4218 2578 4280; x_wconf 56' lang='lat' dir='ltr'><strong>nempe</strong></span> <span class='ocrx_word' id='word_1_624' title='bbox 2601 4201 2964 4280; x_wconf 44' lang='lat'><strong>535331.999“</strong></span> <span class='ocrx_word' id='word_1_625' title='bbox 2983 4215 3128 4280; x_wconf 45' lang='lat' dir='ltr'><strong>Eum.</strong></span> 
     </span>
    </p>
   </div>
   <div class='ocr_carea' id='block_1_75' title="bbox 3249 4201 3454 4257">
    <p class='ocr_par' dir='ltr' id='par_1_75' title="bbox 3249 4201 3454 4257">
     <span class='ocr_line' id='line_1_75' title="bbox 3249 4201 3454 4257; baseline 0.015 -3"><span class='ocrx_word' id='word_1_626' title='bbox 3249 4201 3454 4257; x_wconf 77' lang='lat' dir='ltr'><strong>Ambro</strong></span> 
     </span>
    </p>
   </div>
   <div class='ocr_carea' id='block_1_76' title="bbox 171 4232 3481 4348">
    <p class='ocr_par' dir='ltr' id='par_1_76' title="bbox 171 4232 3481 4348">
     <span class='ocr_line' id='line_1_76' title="bbox 171 4232 3481 4280; baseline -0.005 -11"><span class='ocrx_word' id='word_1_627' title='bbox 171 4232 371 4274; x_wconf 61' lang='lat' dir='ltr'><strong>ﬁdem.</strong></span> <span class='ocrx_word' id='word_1_628' title='bbox 398 4232 500 4280; x_wconf 75' lang='grc' dir='ltr'><strong>(ιυι</strong></span> <span class='ocrx_word' id='word_1_629' title='bbox 526 4232 757 4278; x_wconf 67' lang='grc' dir='ltr'><strong>ρΙἸυΓθΙΙΙ</strong></span> <span class='ocrx_word' id='word_1_630' title='bbox 785 4232 887 4266; x_wconf 79' lang='lat' dir='ltr'><strong>sun</strong></span> <span class='ocrx_word' id='word_1_631' title='bbox 906 4232 963 4264; x_wconf 70' lang='grc' dir='ltr'><strong>ὗ.</strong></span> <span class='ocrx_word' id='word_1_632' title='bbox 997 4232 1212 4264; x_wconf 59' lang='grc' dir='ltr'><strong>ΜἏΧΙΙΙΙΙ</strong></span> <span class='ocrx_word' id='word_1_633' title='bbox 1242 4232 1456 4264; x_wconf 67' lang='grc'><strong>1101111116</strong></span> <span class='ocrx_word' id='word_1_634' title='bbox 1477 4232 1542 4263; x_wconf 80' lang='lat' dir='ltr'><strong>au</strong></span> <span class='ocrx_word' id='word_1_635' title='bbox 1573 4232 1939 4278; x_wconf 68' lang='lat' dir='ltr'><strong>luruentutem</strong></span> <span class='ocrx_word' id='word_1_636' title='bbox 1971 4232 2351 4269; x_wconf 64' lang='lat' dir='ltr'><strong>trauuxcrum,</strong></span> <span class='ocrx_word' id='word_1_637' title='bbox 2384 4232 2578 4274; x_wconf 69' lang='grc' dir='ltr'><strong>ιιυιιψτ</strong></span> <span class='ocrx_word' id='word_1_638' title='bbox 2602 4232 2964 4271; x_wconf 52' lang='lat' dir='ltr'><strong>nulladum</strong></span> <span class='ocrx_word' id='word_1_639' title='bbox 2983 4232 3128 4256; x_wconf 69' lang='lat' dir='ltr'><strong>IIII-Il.</strong></span> <span class='ocrx_word' id='word_1_640' title='bbox 3157 4232 3222 4254; x_wconf 64' lang='lat' dir='ltr'><strong>ne?</strong></span> <span class='ocrx_word' id='word_1_641' title='bbox 3249 4232 3481 4257; x_wconf 66' lang='lat' dir='ltr'><strong>nimiru-</strong></span> 
     </span>
     <span class='ocr_line' id='line_1_77' title="bbox 171 4266 3477 4348; baseline -0.005 -5"><span class='ocrx_word' id='word_1_642' title='bbox 171 4289 391 4348; x_wconf 67' lang='lat' dir='ltr'><strong>cianus,</strong></span> <span class='ocrx_word' id='word_1_643' title='bbox 417 4287 481 4336; x_wconf 85' lang='lat' dir='ltr'><strong>et</strong></span> <span class='ocrx_word' id='word_1_644' title='bbox 509 4279 580 4336; x_wconf 71' lang='grc' dir='ltr'><strong>θο</strong></span> <span class='ocrx_word' id='word_1_645' title='bbox 600 4279 654 4335; x_wconf 92' lang='lat' dir='ltr'><strong>S.</strong></span> <span class='ocrx_word' id='word_1_646' title='bbox 687 4279 874 4335; x_wconf 80' lang='lat' dir='ltr'><strong>Crueis</strong></span> <span class='ocrx_word' id='word_1_647' title='bbox 901 4281 953 4335; x_wconf 85' lang='lat' dir='ltr'><strong>in</strong></span> <span class='ocrx_word' id='word_1_648' title='bbox 975 4278 1274 4336; x_wconf 75' lang='lat' dir='ltr'><strong>Jerusalem</strong></span> <span class='ocrx_word' id='word_1_649' title='bbox 1299 4292 1420 4348; x_wconf 89' lang='lat' dir='ltr'><strong>pag.</strong></span> <span class='ocrx_word' id='word_1_650' title='bbox 1450 4277 1574 4348; x_wconf 66' lang='lat'><strong>272.</strong></span> <span class='ocrx_word' id='word_1_651' title='bbox 1604 4277 1982 4348; x_wconf 20' lang='lat' dir='ltr'><strong>Jamidiximsts</strong></span> <span class='ocrx_word' id='word_1_652' title='bbox 2010 4266 2374 4348; x_wconf 59' lang='lat' dir='ltr'><strong>a‘Mabilionio</strong></span> <span class='ocrx_word' id='word_1_653' title='bbox 2403 4275 2632 4348; x_wconf 73' lang='lat' dir='ltr'><strong>primum</strong></span> <span class='ocrx_word' id='word_1_654' title='bbox 2675 4289 2709 4330; x_wconf 88' lang='lat' dir='ltr'><strong>e</strong></span> <span class='ocrx_word' id='word_1_655' title='bbox 2762 4271 2948 4348; x_wconf 78' lang='lat' dir='ltr'><strong>codice</strong></span> <span class='ocrx_word' id='word_1_656' title='bbox 2993 4271 3332 4348; x_wconf 67' lang='lat' dir='ltr'><strong>Sangallensi</strong></span> <span class='ocrx_word' id='word_1_657' title='bbox 3377 4271 3477 4348; x_wconf 63' lang='lat' dir='ltr'><strong>tle-</strong></span> 
     </span>
    </p>
   </div>
   <div class='ocr_carea' id='block_1_77' title="bbox 174 4351 1326 4494">
    <p class='ocr_par' dir='ltr' id='par_1_77' title="bbox 174 4351 1326 4494">
     <span class='ocr_line' id='line_1_78' title="bbox 174 4351 1326 4433; baseline -0.016 -12"><span class='ocrx_word' id='word_1_658' title='bbox 174 4362 507 4429; x_wconf 68' lang='lat' dir='ltr'><strong>promptam</strong></span> <span class='ocrx_word' id='word_1_659' title='bbox 529 4351 824 4416; x_wconf 81' lang='lat' dir='ltr'><strong>homiiiam,</strong></span> <span class='ocrx_word' id='word_1_660' title='bbox 854 4351 1160 4433; x_wconf 65' lang='lat' dir='ltr'><strong>editam&#39;we</strong></span> <span class='ocrx_word' id='word_1_661' title='bbox 1177 4364 1326 4404; x_wconf 88' lang='lat' dir='ltr'><strong>num.</strong></span> 
     </span>
     <span class='ocr_line' id='line_1_79' title="bbox 177 4417 1326 4494; baseline -0.01 -10"><span class='ocrx_word' id='word_1_662' title='bbox 177 4428 421 4485; x_wconf 83' lang='lat' dir='ltr'><strong>alteram</strong></span> <span class='ocrx_word' id='word_1_663' title='bbox 453 4437 608 4480; x_wconf 89' lang='lat' dir='ltr'><strong>num.</strong></span> <span class='ocrx_word' id='word_1_664' title='bbox 637 4436 806 4494; x_wconf 59' lang='lat' dir='ltr'><strong>supra</strong></span> <span class='ocrx_word' id='word_1_665' title='bbox 818 4430 1078 4494; x_wconf 71' lang='lat' dir='ltr'><strong>positam,</strong></span> <span class='ocrx_word' id='word_1_666' title='bbox 1107 4417 1326 4494; x_wconf 81' lang='lat' dir='ltr'><strong>Gennad</strong></span> 
     </span>
    </p>
   </div>
   <div class='ocr_carea' id='block_1_78' title="bbox 1417 4341 3485 4416">
    <p class='ocr_par' dir='ltr' id='par_1_78' title="bbox 1417 4341 3485 4416">
     <span class='ocr_line' id='line_1_80' title="bbox 1417 4341 3485 4416; baseline -0.004 -12"><span class='ocrx_word' id='word_1_667' title='bbox 1417 4349 1471 4404; x_wconf 90' lang='lat' dir='ltr'><strong>in</strong></span> <span class='ocrx_word' id='word_1_668' title='bbox 1502 4347 1681 4404; x_wconf 70' lang='grc' dir='ltr'><strong>Μαιδθο</strong></span> <span class='ocrx_word' id='word_1_669' title='bbox 1715 4347 1902 4404; x_wconf 77' lang='lat' dir='ltr'><strong>Italico</strong></span> <span class='ocrx_word' id='word_1_670' title='bbox 1931 4349 2121 4411; x_wconf 84' lang='lat' dir='ltr'><strong>fuisse;</strong></span> <span class='ocrx_word' id='word_1_671' title='bbox 2160 4348 2215 4408; x_wconf 85' lang='lat' dir='ltr'><strong>in</strong></span> <span class='ocrx_word' id='word_1_672' title='bbox 2243 4341 2734 4416; x_wconf 54' lang='lat' dir='ltr'><strong>culjus&#39;prmfatione</strong></span> <span class='ocrx_word' id='word_1_673' title='bbox 2757 4342 3130 4416; x_wconf 80' lang='lat' dir='ltr'><strong>adnotavimus</strong></span> <span class='ocrx_word' id='word_1_674' title='bbox 3157 4341 3317 4416; x_wconf 67' lang='lat' dir='ltr'><strong>hanc,</strong></span> <span class='ocrx_word' id='word_1_675' title='bbox 3345 4342 3485 4416; x_wconf 70' lang='lat' dir='ltr'><strong>sicut</strong></span> 
     </span>
    </p>
   </div>
   <div class='ocr_carea' id='block_1_79' title="bbox 899 4410 3481 4488">
    <p class='ocr_par' dir='ltr' id='par_1_79' title="bbox 899 4410 3481 4488">
     <span class='ocr_line' id='line_1_81' title="bbox 899 4410 3481 4488; baseline -0.004 -12"><span class='ocrx_word' id='word_1_676' title='bbox 899 4410 1086 4488; x_wconf 63' lang='lat' dir='ltr'><strong>sitam,</strong></span> <span class='ocrx_word' id='word_1_677' title='bbox 1107 4417 1374 4475; x_wconf 87' lang='lat' dir='ltr'><strong>Gennadii</strong></span> <span class='ocrx_word' id='word_1_678' title='bbox 1397 4419 1708 4474; x_wconf 89' lang='lat' dir='ltr'><strong>testimonio</strong></span> <span class='ocrx_word' id='word_1_679' title='bbox 1725 4419 1841 4485; x_wconf 92' lang='lat' dir='ltr'><strong>niti,</strong></span> <span class='ocrx_word' id='word_1_680' title='bbox 1873 4436 1992 4476; x_wconf 88' lang='lat' dir='ltr'><strong>cum</strong></span> <span class='ocrx_word' id='word_1_681' title='bbox 2016 4410 2115 4488; x_wconf 79' lang='lat' dir='ltr'><strong>ille</strong></span> <span class='ocrx_word' id='word_1_682' title='bbox 2134 4410 2510 4488; x_wconf 64' lang='lat' dir='ltr'><strong>Maximum&#39;de</strong></span> <span class='ocrx_word' id='word_1_683' title='bbox 2532 4411 2838 4488; x_wconf 79' lang='lat' dir='ltr'><strong>defectione</strong></span> <span class='ocrx_word' id='word_1_684' title='bbox 2861 4411 3303 4488; x_wconf 44' lang='lat' dir='ltr'><strong>lunmhscripsisse</strong></span> <span class='ocrx_word' id='word_1_685' title='bbox 3331 4410 3481 4488; x_wconf 74' lang='lat' dir='ltr'><strong>dixe-</strong></span> 
     </span>
    </p>
   </div>
   <div class='ocr_carea' id='block_1_80' title="bbox 178 4480 3104 4582">
    <p class='ocr_par' dir='ltr' id='par_1_80' title="bbox 178 4480 3104 4582">
     <span class='ocr_line' id='line_1_82' title="bbox 178 4480 3104 4582; baseline -0.006 -28"><span class='ocrx_word' id='word_1_686' title='bbox 178 4480 1022 4582; x_wconf 40' lang='lat' dir='ltr'><strong>Eit.&quot;llmc‘quoque&#39;Gail&#39;andius</strong></span> <span class='ocrx_word' id='word_1_687' title='bbox 1036 4480 1188 4582; x_wconf 58' lang='lat' dir='ltr'><strong>suam</strong></span> <span class='ocrx_word' id='word_1_688' title='bbox 1214 4490 1270 4544; x_wconf 89' lang='lat' dir='ltr'><strong>in</strong></span> <span class='ocrx_word' id='word_1_689' title='bbox 1289 4489 1682 4582; x_wconf 71' lang='lat' dir='ltr'><strong>collectionem,</strong></span> <span class='ocrx_word' id='word_1_690' title='bbox 1697 4480 2034 4582; x_wconf 42' lang='lat' dir='ltr'><strong>silli-Elim???</strong></span> <span class='ocrx_word' id='word_1_691' title='bbox 2055 4487 2222 4582; x_wconf 69' lang='lat' dir='ltr'><strong>usei</strong></span> <span class='ocrx_word' id='word_1_692' title='bbox 2246 4485 2770 4582; x_wconf 37' lang='lat' dir='ltr'><strong>lmtu-‘iz‘gan‘stulit;</strong></span> <span class='ocrx_word' id='word_1_693' title='bbox 2793 4481 2889 4538; x_wconf 89' lang='lat' dir='ltr'><strong>sed</strong></span> <span class='ocrx_word' id='word_1_694' title='bbox 2916 4480 3104 4538; x_wconf 84' lang='lat' dir='ltr'><strong>codice</strong></span> 
     </span>
    </p>
   </div>
   <div class='ocr_carea' id='block_1_81' title="bbox 3228 4480 3483 4535">
    <p class='ocr_par' dir='ltr' id='par_1_81' title="bbox 3228 4480 3483 4535">
     <span class='ocr_line' id='line_1_83' title="bbox 3228 4480 3483 4535; baseline -0.004 0"><span class='ocrx_word' id='word_1_695' title='bbox 3228 4480 3483 4535; x_wconf 76' lang='lat' dir='ltr'><strong>brosiano</strong></span> 
     </span>
    </p>
   </div>
   <div class='ocr_carea' id='block_1_82' title="bbox 182 4557 2614 4635">
    <p class='ocr_par' dir='ltr' id='par_1_82' title="bbox 182 4557 2614 4635">
     <span class='ocr_line' id='line_1_84' title="bbox 182 4557 2614 4635; baseline -0.007 -9"><span class='ocrx_word' id='word_1_696' title='bbox 182 4557 533 4631; x_wconf 72' lang='lat' dir='ltr'><strong>inconsulto,</strong></span> <span class='ocrx_word' id='word_1_697' title='bbox 564 4557 727 4635; x_wconf 75' lang='lat' dir='ltr'><strong>aquo</strong></span> <span class='ocrx_word' id='word_1_698' title='bbox 753 4564 938 4635; x_wconf 84' lang='lat' dir='ltr'><strong>plures</strong></span> <span class='ocrx_word' id='word_1_699' title='bbox 965 4562 1236 4618; x_wconf 79' lang='lat' dir='ltr'><strong>variantes</strong></span> <span class='ocrx_word' id='word_1_700' title='bbox 1263 4562 1587 4632; x_wconf 57' lang='lat' dir='ltr'><strong>minimus,</strong></span> <span class='ocrx_word' id='word_1_701' title='bbox 1619 4568 1676 4618; x_wconf 88' lang='lat' dir='ltr'><strong>et</strong></span> <span class='ocrx_word' id='word_1_702' title='bbox 1694 4557 1988 4620; x_wconf 59' lang='grc' dir='ltr'><strong>Μακηοῶ</strong></span> <span class='ocrx_word' id='word_1_703' title='bbox 2001 4559 2224 4618; x_wconf 83' lang='lat' dir='ltr'><strong>lectioni</strong></span> <span class='ocrx_word' id='word_1_704' title='bbox 2250 4557 2614 4628; x_wconf 63' lang='lat' dir='ltr'><strong>appositum.</strong></span> 
     </span>
    </p>
   </div>
   <div class='ocr_carea' id='block_1_83' title="bbox 257 4761 1184 4830">
    <p class='ocr_par' dir='ltr' id='par_1_83' title="bbox 257 4761 1184 4830">
     <span class='ocr_line' id='line_1_85' title="bbox 257 4761 1184 4830; baseline -0.017 0"><span class='ocrx_word' id='word_1_705' title='bbox 257 4782 284 4811; x_wconf 78' lang='grc'>⁸</span> <span class='ocrx_word' id='word_1_706' title='bbox 314 4767 464 4828; x_wconf 83' lang='lat' dir='ltr'><strong>Cod.</strong></span> <span class='ocrx_word' id='word_1_707' title='bbox 497 4765 621 4821; x_wconf 82' lang='lat' dir='ltr'><strong>Vat.</strong></span> <span class='ocrx_word' id='word_1_708' title='bbox 654 4761 813 4830; x_wconf 77' lang='grc'><strong>4951,</strong></span> <span class='ocrx_word' id='word_1_709' title='bbox 841 4762 1042 4818; x_wconf 82' lang='lat' dir='ltr'><strong>omittit</strong></span> <span class='ocrx_word' id='word_1_710' title='bbox 1060 4778 1184 4816; x_wconf 87' lang='lat' dir='ltr'><strong>non.</strong></span> 
     </span>
    </p>
   </div>
   <div class='ocr_carea' id='block_1_84' title="bbox 254 4831 1153 4904">
    <p class='ocr_par' dir='ltr' id='par_1_84' title="bbox 254 4831 1153 4904">
     <span class='ocr_line' id='line_1_86' title="bbox 254 4831 1153 4904; baseline -0.012 -3"><span class='ocrx_word' id='word_1_711' title='bbox 254 4842 285 4882; x_wconf 73' lang='grc' dir='ltr'><strong>ι’</strong></span> <span class='ocrx_word' id='word_1_712' title='bbox 316 4839 467 4900; x_wconf 71' lang='lat' dir='ltr'><strong>Cod.</strong></span> <span class='ocrx_word' id='word_1_713' title='bbox 509 4836 627 4895; x_wconf 83' lang='lat' dir='ltr'><strong>Vat.</strong></span> <span class='ocrx_word' id='word_1_714' title='bbox 653 4831 815 4904; x_wconf 65' lang='grc'><strong>6951,</strong></span> <span class='ocrx_word' id='word_1_715' title='bbox 842 4831 1153 4904; x_wconf 69' lang='lat' dir='ltr'><strong>exemplum.</strong></span> 
     </span>
    </p>
   </div>
   <div class='ocr_carea' id='block_1_85' title="bbox 260 4899 1508 4972">
    <p class='ocr_par' dir='ltr' id='par_1_85' title="bbox 260 4899 1508 4972">
     <span class='ocr_line' id='line_1_87' title="bbox 260 4899 1508 4972; baseline -0.009 -5"><span class='ocrx_word' id='word_1_716' title='bbox 260 4925 282 4954; x_wconf 72' lang='grc' dir='ltr'>ε</span> <span class='ocrx_word' id='word_1_717' title='bbox 317 4910 466 4967; x_wconf 91' lang='lat' dir='ltr'><strong>Cod.</strong></span> <span class='ocrx_word' id='word_1_718' title='bbox 498 4907 622 4962; x_wconf 89' lang='lat' dir='ltr'><strong>Vat.</strong></span> <span class='ocrx_word' id='word_1_719' title='bbox 655 4902 815 4972; x_wconf 67' lang='lat' dir='ltr'><strong>L951,</strong></span> <span class='ocrx_word' id='word_1_720' title='bbox 846 4899 1184 4972; x_wconf 75' lang='lat' dir='ltr'><strong>penetrauerit</strong></span> <span class='ocrx_word' id='word_1_721' title='bbox 1211 4899 1282 4958; x_wconf 83' lang='lat' dir='ltr'><strong>ad</strong></span> <span class='ocrx_word' id='word_1_722' title='bbox 1309 4899 1508 4958; x_wconf 69' lang='lat' dir='ltr'><strong>catum.</strong></span> 
     </span>
    </p>
   </div>
   <div class='ocr_carea' id='block_1_86' title="bbox 256 4969 1263 5044">
    <p class='ocr_par' dir='ltr' id='par_1_86' title="bbox 256 4969 1263 5044">
     <span class='ocr_line' id='line_1_88' title="bbox 256 4969 1263 5044; baseline -0.011 -5"><span class='ocrx_word' id='word_1_723' title='bbox 256 4982 283 5022; x_wconf 74' lang='grc' dir='ltr'><strong><em>ἀ</em></strong></span> <span class='ocrx_word' id='word_1_724' title='bbox 314 4981 465 5038; x_wconf 87' lang='lat' dir='ltr'><strong>Cod.</strong></span> <span class='ocrx_word' id='word_1_725' title='bbox 500 4977 621 5034; x_wconf 88' lang='lat' dir='ltr'><strong>Vat.</strong></span> <span class='ocrx_word' id='word_1_726' title='bbox 656 4969 815 5041; x_wconf 62' lang='lat' dir='ltr'><strong>495l,</strong></span> <span class='ocrx_word' id='word_1_727' title='bbox 836 4969 975 5044; x_wconf 67' lang='lat' dir='ltr'><strong>luna</strong></span> <span class='ocrx_word' id='word_1_728' title='bbox 1003 4969 1263 5044; x_wconf 76' lang='lat' dir='ltr'><strong>probeo.</strong></span> 
     </span>
    </p>
   </div>
   <div class='ocr_carea' id='block_1_87' title="bbox 247 5043 1392 5114">
    <p class='ocr_par' dir='ltr' id='par_1_87' title="bbox 247 5043 1392 5114">
     <span class='ocr_line' id='line_1_89' title="bbox 247 5043 1392 5114; baseline -0.003 -12"><span class='ocrx_word' id='word_1_729' title='bbox 247 5067 286 5102; x_wconf 73' lang='grc' dir='ltr'><strong>,ο</strong></span> <span class='ocrx_word' id='word_1_730' title='bbox 318 5051 468 5114; x_wconf 69' lang='lat' dir='ltr'><strong>Cod,</strong></span> <span class='ocrx_word' id='word_1_731' title='bbox 502 5047 625 5104; x_wconf 81' lang='lat' dir='ltr'><strong>Vat.</strong></span> <span class='ocrx_word' id='word_1_732' title='bbox 647 5043 804 5110; x_wconf 67' lang='grc'><strong>4951,</strong></span> <span class='ocrx_word' id='word_1_733' title='bbox 840 5043 977 5100; x_wconf 85' lang='lat' dir='ltr'><strong>Deus</strong></span> <span class='ocrx_word' id='word_1_734' title='bbox 1003 5043 1259 5114; x_wconf 75' lang='lat' dir='ltr'><strong>perderet,</strong></span> <span class='ocrx_word' id='word_1_735' title='bbox 1285 5049 1392 5102; x_wconf 89' lang='lat' dir='ltr'><strong>etc.</strong></span> 
     </span>
    </p>
   </div>
   <div class='ocr_carea' id='block_1_88' title="bbox 267 5114 1194 5186">
    <p class='ocr_par' dir='ltr' id='par_1_88' title="bbox 267 5114 1194 5186">
     <span class='ocr_line' id='line_1_90' title="bbox 267 5114 1194 5186; baseline 0.027 -22"><span class='ocrx_word' id='word_1_736' title='bbox 267 5125 287 5164; x_wconf 72' lang='grc' dir='ltr'><em>ι</em></span> <span class='ocrx_word' id='word_1_737' title='bbox 315 5121 463 5180; x_wconf 86' lang='lat' dir='ltr'><strong>Cod.</strong></span> <span class='ocrx_word' id='word_1_738' title='bbox 499 5117 624 5172; x_wconf 86' lang='lat' dir='ltr'><strong>Vat.</strong></span> <span class='ocrx_word' id='word_1_739' title='bbox 654 5114 814 5186; x_wconf 15' lang='lat'><strong>49,51,</strong></span> <span class='ocrx_word' id='word_1_740' title='bbox 843 5132 950 5170; x_wconf 79' lang='lat' dir='ltr'><strong>non</strong></span> <span class='ocrx_word' id='word_1_741' title='bbox 985 5115 1194 5186; x_wconf 27' lang='grc' dir='ltr'><strong>ραίιιίιξιο</strong></span> 
     </span>
    </p>
   </div>
   <div class='ocr_carea' id='block_1_89' title="bbox 257 5175 1873 5258">
    <p class='ocr_par' dir='ltr' id='par_1_89' title="bbox 257 5175 1873 5258">
     <span class='ocr_line' id='line_1_91' title="bbox 257 5175 1873 5258; baseline -0.008 -10"><span class='ocrx_word' id='word_1_742' title='bbox 257 5207 284 5248; x_wconf 74' lang='grc' dir='ltr'><strong><em>κ</em></strong></span> <span class='ocrx_word' id='word_1_743' title='bbox 313 5175 466 5252; x_wconf 61' lang='lat' dir='ltr'><strong>csa;</strong></span> <span class='ocrx_word' id='word_1_744' title='bbox 495 5189 622 5244; x_wconf 85' lang='lat' dir='ltr'><strong>Vat.</strong></span> <span class='ocrx_word' id='word_1_745' title='bbox 643 5175 811 5256; x_wconf 70' lang='lat' dir='ltr'><strong>sesi;</strong></span> <span class='ocrx_word' id='word_1_746' title='bbox 833 5175 1063 5256; x_wconf 69' lang='grc' dir='ltr'><strong>ραωιῑτγ</strong></span> <span class='ocrx_word' id='word_1_747' title='bbox 1091 5182 1236 5240; x_wconf 78' lang='lat' dir='ltr'><strong>Nunt</strong></span> <span class='ocrx_word' id='word_1_748' title='bbox 1261 5193 1312 5240; x_wconf 87' lang='lat' dir='ltr'><strong>et</strong></span> <span class='ocrx_word' id='word_1_749' title='bbox 1346 5181 1626 5258; x_wconf 82' lang='lat' dir='ltr'><strong>aliquando</strong></span> <span class='ocrx_word' id='word_1_750' title='bbox 1654 5183 1791 5237; x_wconf 86' lang='lat' dir='ltr'><strong>circa</strong></span> <span class='ocrx_word' id='word_1_751' title='bbox 1815 5175 1873 5242; x_wconf 78' lang='lat'><strong>1)</strong></span> 
     </span>
    </p>
   </div>
   <div class='ocr_carea' id='block_1_90' title="bbox 189 5260 1494 5321">
    <p class='ocr_par' dir='ltr' id='par_1_90' title="bbox 189 5260 1494 5321">
     <span class='ocr_line' id='line_1_92' title="bbox 189 5260 1494 5321; baseline -0.007 0"><span class='ocrx_word' id='word_1_752' title='bbox 189 5267 359 5321; x_wconf 79' lang='lat' dir='ltr'><strong>lucem</strong></span> <span class='ocrx_word' id='word_1_753' title='bbox 389 5261 609 5319; x_wconf 83' lang='lat' dir='ltr'><strong>laborat</strong></span> <span class='ocrx_word' id='word_1_754' title='bbox 627 5260 652 5312; x_wconf 69' lang='lat'><strong>.9</strong></span> <span class='ocrx_word' id='word_1_755' title='bbox 1489 5287 1494 5292; x_wconf 66' lang='grc' dir='ltr'><strong><em>ο</em></strong></span> 
     </span>
    </p>
   </div>
   <div class='ocr_carea' id='block_1_91' title="bbox 265 5323 1794 5398">
    <p class='ocr_par' dir='ltr' id='par_1_91' title="bbox 265 5323 1794 5398">
     <span class='ocr_line' id='line_1_93' title="bbox 265 5323 1794 5398; baseline -0.008 -4"><span class='ocrx_word' id='word_1_756' title='bbox 265 5335 291 5375; x_wconf 65' lang='grc' dir='ltr'>δ</span> <span class='ocrx_word' id='word_1_757' title='bbox 323 5333 472 5394; x_wconf 83' lang='lat' dir='ltr'><strong>Cod.</strong></span> <span class='ocrx_word' id='word_1_758' title='bbox 501 5329 626 5388; x_wconf 85' lang='lat' dir='ltr'><strong>Vat.</strong></span> <span class='ocrx_word' id='word_1_759' title='bbox 659 5324 819 5398; x_wconf 67' lang='grc'><strong>4951,</strong></span> <span class='ocrx_word' id='word_1_760' title='bbox 847 5326 978 5387; x_wconf 78' lang='lat' dir='ltr'><strong>ebrii</strong></span> <span class='ocrx_word' id='word_1_761' title='bbox 1002 5325 1172 5388; x_wconf 74' lang='lat' dir='ltr'><strong>uidere</strong></span> <span class='ocrx_word' id='word_1_762' title='bbox 1192 5326 1426 5396; x_wconf 82' lang='lat' dir='ltr'><strong>potestis,</strong></span> <span class='ocrx_word' id='word_1_763' title='bbox 1455 5325 1596 5398; x_wconf 77' lang='lat' dir='ltr'><strong>circa</strong></span> <span class='ocrx_word' id='word_1_764' title='bbox 1615 5323 1794 5398; x_wconf 73' lang='lat' dir='ltr'><strong>iuuant</strong></span> 
     </span>
    </p>
   </div>
   <div class='ocr_carea' id='block_1_92' title="bbox 187 5394 1794 5483">
    <p class='ocr_par' dir='ltr' id='par_1_92' title="bbox 187 5394 1794 5483">
     <span class='ocr_line' id='line_1_94' title="bbox 187 5394 1794 5483; baseline 0.013 -44"><span class='ocrx_word' id='word_1_765' title='bbox 187 5409 314 5483; x_wconf 54' lang='lat' dir='ltr'><strong>quid</strong></span> <span class='ocrx_word' id='word_1_766' title='bbox 349 5413 554 5483; x_wconf 53' lang='grc' dir='ltr'><strong>ηαβεατ</strong></span> <span class='ocrx_word' id='word_1_767' title='bbox 600 5401 686 5483; x_wconf 42' lang='lat' dir='ltr'><strong>in-</strong></span> <span class='ocrx_word' id='word_1_768' title='bbox 708 5394 854 5467; x_wconf 64' lang='lat' dir='ltr'><strong>creto,</strong></span> <span class='ocrx_word' id='word_1_769' title='bbox 899 5397 986 5469; x_wconf 81' lang='lat' dir='ltr'><strong>qui</strong></span> <span class='ocrx_word' id='word_1_770' title='bbox 1025 5398 1163 5452; x_wconf 82' lang='lat' dir='ltr'><strong>circa</strong></span> <span class='ocrx_word' id='word_1_771' title='bbox 1191 5394 1278 5452; x_wconf 72' lang='lat' dir='ltr'><strong>uos</strong></span> <span class='ocrx_word' id='word_1_772' title='bbox 1306 5413 1412 5454; x_wconf 82' lang='lat' dir='ltr'><strong>non</strong></span> <span class='ocrx_word' id='word_1_773' title='bbox 1436 5394 1638 5462; x_wconf 62' lang='lat' dir='ltr'><strong>itidem.</strong></span> <span class='ocrx_word' id='word_1_774' title='bbox 1669 5396 1794 5469; x_wconf 79' lang='lat' dir='ltr'><strong>quid</strong></span> 
     </span>
    </p>
   </div>
   <div class='ocr_carea' id='block_1_93' title="bbox 191 5473 1796 5620">
    <p class='ocr_par' dir='ltr' id='par_1_93' title="bbox 191 5473 1796 5620">
     <span class='ocr_line' id='line_1_95' title="bbox 191 5473 1796 5552; baseline 0.004 -21"><span class='ocrx_word' id='word_1_775' title='bbox 191 5473 480 5552; x_wconf 57' lang='lat' dir='ltr'><strong>agatur&#39;in</strong></span> <span class='ocrx_word' id='word_1_776' title='bbox 509 5473 686 5526; x_wconf 80' lang='lat' dir='ltr'><strong>terra?</strong></span> <span class='ocrx_word' id='word_1_777' title='bbox 1064 5539 1075 5550; x_wconf 81' lang='lat'><strong>_</strong></span> <span class='ocrx_word' id='word_1_778' title='bbox 1119 5539 1130 5549; x_wconf 38' lang='grc' dir='ltr'>ι</span> <span class='ocrx_word' id='word_1_779' title='bbox 1225 5540 1234 5550; x_wconf 40' lang='grc' dir='ltr'><strong>Ι</strong></span> <span class='ocrx_word' id='word_1_780' title='bbox 1348 5539 1360 5550; x_wconf 43' lang='grc' dir='ltr'><strong>ο</strong></span> <span class='ocrx_word' id='word_1_781' title='bbox 1784 5538 1796 5550; x_wconf 69' lang='grc'><em>,</em></span> 
     </span>
     <span class='ocr_line' id='line_1_96' title="bbox 191 5536 1796 5620; baseline -0.006 -20"><span class='ocrx_word' id='word_1_782' title='bbox 191 5619 195 5620; x_wconf 11' lang='grc' dir='ltr'>ί</span> <span class='ocrx_word' id='word_1_783' title='bbox 269 5549 288 5589; x_wconf 83' lang='grc' dir='ltr'>ι</span> <span class='ocrx_word' id='word_1_784' title='bbox 326 5547 479 5620; x_wconf 82' lang='lat' dir='ltr'><strong>Cod.</strong></span> <span class='ocrx_word' id='word_1_785' title='bbox 509 5543 635 5620; x_wconf 80' lang='lat' dir='ltr'><strong>Vat.</strong></span> <span class='ocrx_word' id='word_1_786' title='bbox 667 5538 831 5620; x_wconf 69' lang='grc' dir='ltr'><strong>4951ζ</strong></span> <span class='ocrx_word' id='word_1_787' title='bbox 855 5539 1446 5620; x_wconf 41' lang='grc' dir='ltr'><strong>Παιαπιυειέηιηιαςαξ</strong></span> <span class='ocrx_word' id='word_1_788' title='bbox 1483 5536 1650 5620; x_wconf 38' lang='lat' dir='ltr'><strong>tuna,‘</strong></span> <span class='ocrx_word' id='word_1_789' title='bbox 1671 5538 1796 5608; x_wconf 75' lang='lat' dir='ltr'><strong>facts</strong></span> 
     </span>
    </p>
   </div>
   <div class='ocr_carea' id='block_1_94' title="bbox 183 5581 1798 5690">
    <p class='ocr_par' dir='ltr' id='par_1_94' title="bbox 183 5581 1798 5690">
     <span class='ocr_line' id='line_1_97' title="bbox 183 5581 1798 5690; baseline -0.019 -12"><span class='ocrx_word' id='word_1_790' title='bbox 183 5581 831 5690; x_wconf 53' lang='lat' dir='ltr'><strong>~.ah:‘.t““a;..&#39;a;;._.:;:;t</strong></span> <span class='ocrx_word' id='word_1_791' title='bbox 1315 5581 1798 5690; x_wconf 46' lang='lat' dir='ltr'><strong>amassis};</strong></span> 
     </span>
    </p>
   </div>
   <div class='ocr_carea' id='block_1_95' title="bbox 195 5677 1793 5756">
    <p class='ocr_par' dir='ltr' id='par_1_95' title="bbox 195 5677 1793 5756">
     <span class='ocr_line' id='line_1_98' title="bbox 195 5677 1793 5756; baseline -0.011 -10"><span class='ocrx_word' id='word_1_792' title='bbox 195 5693 282 5756; x_wconf 87' lang='lat' dir='ltr'><strong>tis,</strong></span> <span class='ocrx_word' id='word_1_793' title='bbox 331 5705 460 5745; x_wconf 78' lang='lat' dir='ltr'><strong>uere</strong></span> <span class='ocrx_word' id='word_1_794' title='bbox 511 5677 657 5740; x_wconf 77' lang='lat' dir='ltr'><strong>stulti</strong></span> <span class='ocrx_word' id='word_1_795' title='bbox 701 5691 758 5756; x_wconf 85' lang='lat' dir='ltr'><strong>et</strong></span> <span class='ocrx_word' id='word_1_796' title='bbox 773 5699 886 5756; x_wconf 69' lang='lat' dir='ltr'><strong>uere</strong></span> <span class='ocrx_word' id='word_1_797' title='bbox 910 5677 1551 5756; x_wconf 70' lang='lat' dir='ltr'><strong>sacr_ilegi._§acrilegi_um</strong></span> <span class='ocrx_word' id='word_1_798' title='bbox 1579 5677 1713 5756; x_wconf 64' lang='lat' dir='ltr'><strong>enirn</strong></span> <span class='ocrx_word' id='word_1_799' title='bbox 1740 5677 1793 5734; x_wconf 83' lang='lat' dir='ltr'><strong>in</strong></span> 
     </span>
    </p>
   </div>
   <div class='ocr_carea' id='block_1_96' title="bbox 196 5745 1958 5816">
    <p class='ocr_par' dir='ltr' id='par_1_96' title="bbox 196 5745 1958 5816">
     <span class='ocr_line' id='line_1_99' title="bbox 196 5745 1958 5816; baseline -0.01 1"><span class='ocrx_word' id='word_1_800' title='bbox 196 5745 458 5816; x_wconf 69' lang='lat' dir='ltr'><strong>creatore</strong></span> <span class='ocrx_word' id='word_1_801' title='bbox 514 5753 849 5816; x_wconf 74' lang='lat' dir='ltr'><strong>committitis,</strong></span> <span class='ocrx_word' id='word_1_802' title='bbox 887 5751 1007 5806; x_wconf 83' lang='lat' dir='ltr'><strong>dum</strong></span> <span class='ocrx_word' id='word_1_803' title='bbox 1021 5745 1430 5805; x_wconf 60' lang='lat' dir='ltr'><strong>imbecillitatem</strong></span> <span class='ocrx_word' id='word_1_804' title='bbox 1448 5745 1680 5802; x_wconf 86' lang='lat' dir='ltr'><strong>Creatori</strong></span> <span class='ocrx_word' id='word_1_805' title='bbox 1704 5766 1794 5802; x_wconf 87' lang='lat' dir='ltr'><strong>as-</strong></span> <span class='ocrx_word' id='word_1_806' title='bbox 1902 5745 1958 5804; x_wconf 74' lang='lat' dir='ltr'><strong>so</strong></span> 
     </span>
    </p>
   </div>
   <div class='ocr_carea' id='block_1_97' title="bbox 195 5817 1800 5897">
    <p class='ocr_par' dir='ltr' id='par_1_97' title="bbox 195 5817 1800 5897">
     <span class='ocr_line' id='line_1_100' title="bbox 195 5817 1800 5897; baseline -0.007 -10"><span class='ocrx_word' id='word_1_807' title='bbox 195 5831 432 5887; x_wconf 55' lang='lat' dir='ltr'><strong>“ibitis.</strong></span> <span class='ocrx_word' id='word_1_808' title='bbox 456 5823 692 5883; x_wconf 63' lang='lat' dir='ltr'><strong>laturis</strong></span> <span class='ocrx_word' id='word_1_809' title='bbox 712 5840 838 5895; x_wconf 73' lang='lat' dir='ltr'><strong>ergo</strong></span> <span class='ocrx_word' id='word_1_810' title='bbox 855 5821 1152 5897; x_wconf 60' lang='lat' dir='ltr'><strong>sicutluua,</strong></span> <span class='ocrx_word' id='word_1_811' title='bbox 1165 5829 1224 5874; x_wconf 87' lang='lat' dir='ltr'><strong>ut</strong></span> <span class='ocrx_word' id='word_1_812' title='bbox 1243 5820 1332 5891; x_wconf 81' lang='lat' dir='ltr'><strong>qui</strong></span> <span class='ocrx_word' id='word_1_813' title='bbox 1351 5817 1508 5890; x_wconf 76' lang='lat' dir='ltr'><strong>paulo</strong></span> <span class='ocrx_word' id='word_1_814' title='bbox 1525 5828 1645 5875; x_wconf 73' lang='lat' dir='ltr'><strong>ante</strong></span> <span class='ocrx_word' id='word_1_815' title='bbox 1668 5819 1800 5888; x_wconf 70' lang='lat' dir='ltr'><strong>Mei</strong></span> 
     </span>
    </p>
   </div>
   <div class='ocr_carea' id='block_1_98' title="bbox 1786 4734 3393 4838">
    <p class='ocr_par' dir='ltr' id='par_1_98' title="bbox 1786 4734 3393 4838">
     <span class='ocr_line' id='line_1_101' title="bbox 1786 4734 3393 4838; baseline -0.004 -25"><span class='ocrx_word' id='word_1_816' title='bbox 1786 4734 1792 4742; x_wconf 47' lang='grc'><em>’</em></span> <span class='ocrx_word' id='word_1_817' title='bbox 1905 4759 2169 4838; x_wconf 66' lang='lat' dir='ltr'><strong>deuotione</strong></span> <span class='ocrx_word' id='word_1_818' title='bbox 2190 4754 2444 4838; x_wconf 46' lang='lat' dir='ltr'><strong>fulgetras,</strong></span> <span class='ocrx_word' id='word_1_819' title='bbox 2463 4763 2644 4838; x_wconf 63' lang='lat' dir='ltr'><strong>postea</strong></span> <span class='ocrx_word' id='word_1_820' title='bbox 2821 4751 3128 4838; x_wconf 54' lang='lat' dir='ltr'><strong>infirmitate</strong></span> <span class='ocrx_word' id='word_1_821' title='bbox 3154 4749 3393 4822; x_wconf 68' lang='lat' dir='ltr'><strong>deﬁcias.</strong></span> 
     </span>
    </p>
   </div>
   <div class='ocr_carea' id='block_1_99' title="bbox 1981 4821 3059 4884">
    <p class='ocr_par' dir='ltr' id='par_1_99' title="bbox 1981 4821 3059 4884">
     <span class='ocr_line' id='line_1_102' title="bbox 1981 4821 3059 4884; baseline 0 -6"><span class='ocrx_word' id='word_1_822' title='bbox 1981 4828 1994 4878; x_wconf 81' lang='lat' dir='ltr'><strong>i</strong></span> <span class='ocrx_word' id='word_1_823' title='bbox 2034 4825 2168 4882; x_wconf 90' lang='lat' dir='ltr'><strong>Cod.</strong></span> <span class='ocrx_word' id='word_1_824' title='bbox 2190 4821 2442 4882; x_wconf 66' lang='lat' dir='ltr'><strong>&#39;An&#39;tbros.</strong></span> <span class='ocrx_word' id='word_1_825' title='bbox 2463 4821 2637 4884; x_wconf 61' lang='lat' dir='ltr'><strong>&#39;habet</strong></span> <span class='ocrx_word' id='word_1_826' title='bbox 2663 4821 2718 4880; x_wconf 78' lang='lat' dir='ltr'><strong>in</strong></span> <span class='ocrx_word' id='word_1_827' title='bbox 2746 4821 3059 4880; x_wconf 79' lang='lat' dir='ltr'><strong>Creatorem.</strong></span> 
     </span>
    </p>
   </div>
   <div class='ocr_carea' id='block_1_100' title="bbox 1977 4891 3484 4968">
    <p class='ocr_par' dir='ltr' id='par_1_100' title="bbox 1977 4891 3484 4968">
     <span class='ocr_line' id='line_1_103' title="bbox 1977 4891 3484 4968; baseline -0.005 -15"><span class='ocrx_word' id='word_1_828' title='bbox 1977 4899 1998 4936; x_wconf 77' lang='grc' dir='ltr'><strong>ιε</strong></span> <span class='ocrx_word' id='word_1_829' title='bbox 2023 4896 2156 4954; x_wconf 82' lang='lat' dir='ltr'><strong>Cod.-</strong></span> <span class='ocrx_word' id='word_1_830' title='bbox 2189 4895 2308 4951; x_wconf 88' lang='lat' dir='ltr'><strong>Vat.</strong></span> <span class='ocrx_word' id='word_1_831' title='bbox 2335 4893 2494 4968; x_wconf 71' lang='lat' dir='ltr'><strong>l9_5i,</strong></span> <span class='ocrx_word' id='word_1_832' title='bbox 2512 4897 2650 4968; x_wconf 80' lang='lat' dir='ltr'><strong>sicut</strong></span> <span class='ocrx_word' id='word_1_833' title='bbox 2673 4899 2812 4968; x_wconf 66' lang='lat' dir='ltr'><strong>tunae</strong></span> <span class='ocrx_word' id='word_1_834' title='bbox 2828 4893 3009 4968; x_wconf 82' lang='lat' dir='ltr'><strong>globus</strong></span> <span class='ocrx_word' id='word_1_835' title='bbox 3035 4901 3311 4968; x_wconf 67' lang='lat' dir='ltr'><strong>auersetur</strong></span> <span class='ocrx_word' id='word_1_836' title='bbox 3322 4891 3484 4968; x_wconf 67' lang='lat' dir='ltr'><strong>clari-</strong></span> 
     </span>
    </p>
   </div>
   <div class='ocr_carea' id='block_1_101' title="bbox 1901 4962 3484 5039">
    <p class='ocr_par' dir='ltr' id='par_1_101' title="bbox 1901 4962 3484 5039">
     <span class='ocr_line' id='line_1_104' title="bbox 1901 4962 3484 5039; baseline -0.003 -17"><span class='ocrx_word' id='word_1_837' title='bbox 1901 4977 2006 5022; x_wconf 87' lang='lat' dir='ltr'><strong>tate</strong></span> <span class='ocrx_word' id='word_1_838' title='bbox 2046 4978 2319 5021; x_wconf 86' lang='lat' dir='ltr'><strong>nocturna.</strong></span> <span class='ocrx_word' id='word_1_839' title='bbox 2373 4965 2441 5020; x_wconf 83' lang='lat' dir='ltr'><strong>Et</strong></span> <span class='ocrx_word' id='word_1_840' title='bbox 2460 4967 2603 5022; x_wconf 86' lang='lat' dir='ltr'><strong>illam</strong></span> <span class='ocrx_word' id='word_1_841' title='bbox 2623 4962 3011 5039; x_wconf 62' lang='lat' dir='ltr'><strong>quidem&#39;parua</strong></span> <span class='ocrx_word' id='word_1_842' title='bbox 3033 4962 3240 5022; x_wconf 70' lang='lat' dir='ltr'><strong>nubium</strong></span> <span class='ocrx_word' id='word_1_843' title='bbox 3260 4963 3484 5039; x_wconf 76' lang='lat' dir='ltr'><strong>obducit</strong></span> 
     </span>
    </p>
   </div>
   <div class='ocr_carea' id='block_1_102' title="bbox 1899 5036 3485 5104">
    <p class='ocr_par' dir='ltr' id='par_1_102' title="bbox 1899 5036 3485 5104">
     <span class='ocr_line' id='line_1_105' title="bbox 1899 5036 3485 5104; baseline -0.006 -6"><span class='ocrx_word' id='word_1_844' title='bbox 1899 5040 2215 5104; x_wconf 80' lang='lat' dir='ltr'><strong>obscuritas;</strong></span> <span class='ocrx_word' id='word_1_845' title='bbox 2261 5047 2310 5092; x_wconf 87' lang='lat' dir='ltr'><strong>te</strong></span> <span class='ocrx_word' id='word_1_846' title='bbox 2355 5054 2472 5094; x_wconf 74' lang='lat' dir='ltr'><strong>vero</strong></span> <span class='ocrx_word' id='word_1_847' title='bbox 2522 5036 2797 5098; x_wconf 71' lang='lat' dir='ltr'><strong>teterrima</strong></span> <span class='ocrx_word' id='word_1_848' title='bbox 2850 5036 3075 5094; x_wconf 70' lang='lat' dir='ltr'><strong>latebra</strong></span> <span class='ocrx_word' id='word_1_849' title='bbox 3116 5037 3296 5092; x_wconf 67' lang='lat' dir='ltr'><strong>mortis</strong></span> <span class='ocrx_word' id='word_1_850' title='bbox 3340 5037 3485 5090; x_wconf 59' lang='lat' dir='ltr'><strong>ianua</strong></span> 
     </span>
    </p>
   </div>
   <div class='ocr_carea' id='block_1_103' title="bbox 1899 5109 3485 5250">
    <p class='ocr_par' dir='ltr' id='par_1_103' title="bbox 1899 5109 3485 5250">
     <span class='ocr_line' id='line_1_106' title="bbox 1899 5109 3485 5250; baseline -0.002 -15"><span class='ocrx_word' id='word_1_851' title='bbox 1899 5109 2304 5236; x_wconf 50' lang='lat' dir='ltr'><strong>dui&#39;?)::fvero</strong></span> <span class='ocrx_word' id='word_1_852' title='bbox 2334 5178 2604 5246; x_wconf 60' lang='lat' dir='ltr'><strong>Ambros,</strong></span> <span class='ocrx_word' id='word_1_853' title='bbox 2627 5180 2758 5234; x_wconf 83' lang='lat' dir='ltr'><strong>sicut</strong></span> <span class='ocrx_word' id='word_1_854' title='bbox 2777 5180 2917 5234; x_wconf 78' lang='lat' dir='ltr'><strong>luna:</strong></span> <span class='ocrx_word' id='word_1_855' title='bbox 2943 5177 3123 5250; x_wconf 77' lang='lat' dir='ltr'><strong>globus</strong></span> <span class='ocrx_word' id='word_1_856' title='bbox 3145 5179 3256 5250; x_wconf 78' lang='lat' dir='ltr'><strong>luce</strong></span> <span class='ocrx_word' id='word_1_857' title='bbox 3268 5194 3485 5250; x_wconf 81' lang='lat' dir='ltr'><strong>euacua-</strong></span> 
     </span>
    </p>
   </div>
   <div class='ocr_carea' id='block_1_104' title="bbox 1896 5246 3478 5333">
    <p class='ocr_par' dir='ltr' id='par_1_104' title="bbox 1896 5246 3478 5333">
     <span class='ocr_line' id='line_1_107' title="bbox 1896 5246 3478 5333; baseline -0.003 -27"><span class='ocrx_word' id='word_1_858' title='bbox 1896 5261 1998 5333; x_wconf 85' lang='lat' dir='ltr'><strong>tur,</strong></span> <span class='ocrx_word' id='word_1_859' title='bbox 2020 5261 2071 5306; x_wconf 87' lang='lat' dir='ltr'><strong>et</strong></span> <span class='ocrx_word' id='word_1_860' title='bbox 2105 5250 2250 5333; x_wconf 77' lang='lat' dir='ltr'><strong>illum</strong></span> <span class='ocrx_word' id='word_1_861' title='bbox 2271 5250 2476 5324; x_wconf 84' lang='lat' dir='ltr'><strong>quidem</strong></span> <span class='ocrx_word' id='word_1_862' title='bbox 2502 5265 2664 5322; x_wconf 78' lang='lat' dir='ltr'><strong>parva</strong></span> <span class='ocrx_word' id='word_1_863' title='bbox 2689 5250 2903 5307; x_wconf 83' lang='lat' dir='ltr'><strong>nubium</strong></span> <span class='ocrx_word' id='word_1_864' title='bbox 2927 5246 3133 5306; x_wconf 75' lang='lat' dir='ltr'><strong>obducit</strong></span> <span class='ocrx_word' id='word_1_865' title='bbox 3159 5246 3478 5312; x_wconf 82' lang='lat' dir='ltr'><strong>obscuritas;</strong></span> 
     </span>
    </p>
   </div>
   <div class='ocr_carea' id='block_1_105' title="bbox 1899 5330 3484 5479">
    <p class='ocr_par' dir='ltr' id='par_1_105' title="bbox 1899 5330 3484 5479">
     <span class='ocr_line' id='line_1_108' title="bbox 1899 5330 3484 5479; baseline -0.004 -31"><span class='ocrx_word' id='word_1_866' title='bbox 1899 5330 2332 5479; x_wconf 40' lang='grc' dir='ltr'><strong>ῗειιεῖξῖῗίθιῗιωέοὰ.</strong></span> <span class='ocrx_word' id='word_1_867' title='bbox 2358 5392 2634 5457; x_wconf 68' lang='lat' dir='ltr'><strong>Amm-05.,</strong></span> <span class='ocrx_word' id='word_1_868' title='bbox 2675 5409 2706 5448; x_wconf 89' lang='grc' dir='ltr'><em>ο</em></span> <span class='ocrx_word' id='word_1_869' title='bbox 2728 5393 2906 5459; x_wconf 74' lang='lat' dir='ltr'><strong>stulte,</strong></span> <span class='ocrx_word' id='word_1_870' title='bbox 2936 5391 3052 5464; x_wconf 76' lang='lat' dir='ltr'><strong>jam</strong></span> <span class='ocrx_word' id='word_1_871' title='bbox 3070 5390 3203 5446; x_wconf 80' lang='lat' dir='ltr'><strong>sicut</strong></span> <span class='ocrx_word' id='word_1_872' title='bbox 3221 5389 3346 5444; x_wconf 82' lang='lat' dir='ltr'><strong>luna</strong></span> <span class='ocrx_word' id='word_1_873' title='bbox 3371 5403 3484 5442; x_wconf 77' lang='lat' dir='ltr'><strong>utu-</strong></span> 
     </span>
    </p>
   </div>
   <div class='ocr_carea' id='block_1_106' title="bbox 1900 5471 3486 5602">
    <p class='ocr_par' dir='ltr' id='par_1_106' title="bbox 1900 5471 3486 5602">
     <span class='ocr_line' id='line_1_109' title="bbox 1900 5471 3486 5602; baseline -0.007 -12"><span class='ocrx_word' id='word_1_874' title='bbox 1900 5471 2194 5590; x_wconf 56' lang='lat' dir='ltr'><strong>mz‘hodd.</strong></span> <span class='ocrx_word' id='word_1_875' title='bbox 2223 5534 2282 5590; x_wconf 90' lang='lat' dir='ltr'><strong>S.</strong></span> <span class='ocrx_word' id='word_1_876' title='bbox 2305 5534 2492 5590; x_wconf 85' lang='lat' dir='ltr'><strong>Crucis</strong></span> <span class='ocrx_word' id='word_1_877' title='bbox 2519 5534 2575 5594; x_wconf 82' lang='lat' dir='ltr'><strong>in</strong></span> <span class='ocrx_word' id='word_1_878' title='bbox 2597 5531 2735 5601; x_wconf 62' lang='grc' dir='ltr'><strong>ἔθευ..</strong></span> <span class='ocrx_word' id='word_1_879' title='bbox 2761 5531 2888 5589; x_wconf 87' lang='lat' dir='ltr'><strong>Vat.</strong></span> <span class='ocrx_word' id='word_1_880' title='bbox 2910 5529 3070 5602; x_wconf 58' lang='grc' dir='ltr'><strong>δεδι,</strong></span> <span class='ocrx_word' id='word_1_881' title='bbox 3107 5537 3164 5585; x_wconf 90' lang='lat' dir='ltr'><strong>et</strong></span> <span class='ocrx_word' id='word_1_882' title='bbox 3202 5528 3486 5591; x_wconf 84' lang='lat' dir='ltr'><strong>Laurent.,</strong></span> 
     </span>
    </p>
   </div>
   <div class='ocr_carea' id='block_1_107' title="bbox 1901 5602 3486 5678">
    <p class='ocr_par' dir='ltr' id='par_1_107' title="bbox 1901 5602 3486 5678">
     <span class='ocr_line' id='line_1_110' title="bbox 1901 5602 3486 5678; baseline -0.01 -15"><span class='ocrx_word' id='word_1_883' title='bbox 1901 5604 2069 5672; x_wconf 85' lang='lat' dir='ltr'><strong>Quam</strong></span> <span class='ocrx_word' id='word_1_884' title='bbox 2093 5605 2220 5661; x_wconf 84' lang='lat' dir='ltr'><strong>bene</strong></span> <span class='ocrx_word' id='word_1_885' title='bbox 2244 5607 2493 5678; x_wconf 72' lang='lat' dir='ltr'><strong>scripturn</strong></span> <span class='ocrx_word' id='word_1_886' title='bbox 2514 5612 2588 5660; x_wconf 88' lang='lat' dir='ltr'><strong>est</strong></span> <span class='ocrx_word' id='word_1_887' title='bbox 2615 5621 2633 5659; x_wconf 91' lang='lat'><strong><em>:</em></strong></span> <span class='ocrx_word' id='word_1_888' title='bbox 2663 5603 2869 5678; x_wconf 70' lang='lat' dir='ltr'><strong>Stultus</strong></span> <span class='ocrx_word' id='word_1_889' title='bbox 2893 5602 3032 5678; x_wconf 52' lang='lat' dir='ltr'><strong>sicut</strong></span> <span class='ocrx_word' id='word_1_890' title='bbox 3060 5603 3184 5654; x_wconf 83' lang='lat' dir='ltr'><strong>luna</strong></span> <span class='ocrx_word' id='word_1_891' title='bbox 3231 5605 3486 5678; x_wconf 65' lang='lat' dir='ltr'><strong>mutatur,</strong></span> 
     </span>
    </p>
   </div>
   <div class='ocr_carea' id='block_1_108' title="bbox 1901 5667 3528 5747">
    <p class='ocr_par' dir='ltr' id='par_1_108' title="bbox 1901 5667 3528 5747">
     <span class='ocr_line' id='line_1_111' title="bbox 1901 5667 3528 5747; baseline -0.005 -16"><span class='ocrx_word' id='word_1_892' title='bbox 1901 5667 2022 5747; x_wconf 62' lang='lat' dir='ltr'><strong>quia</strong></span> <span class='ocrx_word' id='word_1_893' title='bbox 2055 5679 2300 5747; x_wconf 83' lang='lat' dir='ltr'><strong>scriptum</strong></span> <span class='ocrx_word' id='word_1_894' title='bbox 2345 5667 2421 5730; x_wconf 73' lang='lat' dir='ltr'><strong>est</strong></span> <span class='ocrx_word' id='word_1_895' title='bbox 2458 5675 2523 5729; x_wconf 82' lang='lat' dir='ltr'><strong>de</strong></span> <span class='ocrx_word' id='word_1_896' title='bbox 2562 5675 2839 5746; x_wconf 86' lang='lat' dir='ltr'><strong>sapiente:</strong></span> <span class='ocrx_word' id='word_1_897' title='bbox 2886 5670 2956 5726; x_wconf 83' lang='lat' dir='ltr'><strong>Et</strong></span> <span class='ocrx_word' id='word_1_898' title='bbox 2999 5667 3317 5742; x_wconf 79' lang='lat' dir='ltr'><strong>permanebit</strong></span> <span class='ocrx_word' id='word_1_899' title='bbox 3373 5682 3488 5724; x_wconf 81' lang='lat' dir='ltr'><strong>cum</strong></span> <span class='ocrx_word' id='word_1_900' title='bbox 3521 5734 3528 5739; x_wconf 86' lang='lat'><strong>_</strong></span> 
     </span>
    </p>
   </div>
   <div class='ocr_carea' id='block_1_109' title="bbox 1961 5749 2819 5877">
    <p class='ocr_par' dir='ltr' id='par_1_109' title="bbox 1961 5749 2819 5877">
     <span class='ocr_line' id='line_1_112' title="bbox 1961 5749 2819 5877; baseline -0.003 -3"><span class='ocrx_word' id='word_1_901' title='bbox 2267 5817 2522 5877; x_wconf 72' lang='lat' dir='ltr'><strong>Ambros.</strong></span> <span class='ocrx_word' id='word_1_902' title='bbox 2545 5815 2700 5874; x_wconf 84' lang='lat' dir='ltr'><strong>deest</strong></span> <span class='ocrx_word' id='word_1_903' title='bbox 2718 5811 2819 5872; x_wconf 63' lang='lat' dir='ltr'><strong>Et.</strong></span> 
     </span>
    </p>
   </div>
  </div>
