4056 6346
537 356 639 414 ιδι
1735 336 1791 396 S.
1835 331 2085 393 MAXlMl
2122 324 2572 389 TAURINENSIS
3700 317 3799 374 £88

537 469 694 543 33']
725 465 1112 543 Anconam-un.
1159 483 1234 543 :—
1282 451 1930 543 Ilortatumhs‘emfratres”
1954 446 2115 543 fuisse
2137 443 2189 505 Δ
2218 442 2303 498 tis.
2331 443 2438 499 Sed
2458 443 2685 511 legimus
2707 439 2774 495 de
2801 438 3083 494 Salvatore
3109 433 3254 506 quod
3280 431 3362 489 sol
3389 429 3562 499 magis
3589 427 3662 486 sit
3691 428 3803 498 ipse

669 517 1087 596 bsimusiscribit,
1114 527 1539 598 utpraetermisso
1566 517 1740 598 errore
1757 517 1963 598 gentili,
1964 517 2115 598 tanta

608 587 974 684 artum,_at_que
1001 587 1253 684 defectum
1285 598 1485 684 ratione
1514 594 1678 684 magis
1716 587 1867 664 quam
1895 587 2120 684 inﬁrmi-

609 659 1013 734 Vsubsiaitere
1053 659 1346 740 intelligant
1374 659 1634 740 :_grant_le
1661 659 1770 717 esse
1817 659 2118 740 mysterium

607 753 767 816 lunae,
787 747 868 802 cui
895 743 1127 799 Christus
1153 736 1362 812 ejusque
1388 736 1623 792 Ecclesia
1655 739 2004 803 comparatur.

614 930 752 986 Ante
774 927 889 982 dies
910 921 1181 996 prosecuti
1206 933 1414 981 sumus,
1444 915 1656 980 fratres,
1701 912 1958 966 adversus
2004 907 2124 961 illos

542 1023 634 1095 qui
677 1026 931 1092 putarent
975 1017 1157 1070 lunam
1204 1010 1272 1066 de
1317 1007 1454 1064 ccclo
1483 1021 1761 1076 magorum
1793 1001 2123 1059 carminibus

543 1093 703 1189 posse
752 1110 979 1176 deduci;
1010 1116 1064 1163 et
1103 1119 1290 1162 eorum
1318 1099 1654 1157 retundimus
1690 1099 1984 1153 vanitatem
2033 1093 2126 1163 qui
2200 1153 2202 1155 ,

545 1227 652 1268 non
677 1208 854 1265 minus
907 1204 1174 1260 defectum
1215 1199 1490 1270 patiuntur
1517 1193 1680 1250 animi
1724 1208 1884 1262 quam
1912 1189 2127 1245 luminis

545 1306 745 1378 patitur
772 1303 860 1357 illa
881 1298 1169 1354 defectum.
1200 1293 1348 1361 Quos
1366 1300 1422 1348 et
1440 1290 1644 1345 hortati
1671 1303 1855 1343 sumus
1885 1293 1961 1348 ut,
1994 1297 2128 1353 prm-

545 1377 795 1451 termisso
825 1404 1012 1446 errore
1039 1385 1244 1456 gentili,
1276 1393 1388 1438 tam
1437 1382 1546 1437 cito
1575 1379 1643 1434 ad
1688 1377 2008 1448 sapientiam
2037 1389 2128 1429 re-

546 1486 728 1549 deant,
757 1497 917 1554 quam
946 1481 1054 1535 cito
1083 1478 1150 1532 ad
1176 1474 1565 1546 plenitudinem
1594 1487 1747 1526 suam
1779 1470 1864 1524 illa
1894 1477 1919 1504 ι
1947 1482 2130 1522 rever-

547 1575 678 1630 titur
701 1581 794 1631 :.et
821 1572 959 1627 sicut
983 1567 1245 1623 velociter
1273 1566 1362 1620 illa
1390 1564 1570 1618 lumen
1601 1562 1804 1630 colligit
1824 1559 1968 1630 quod
1997 1557 2131 1612 ami-

548 1675 712 1731 serat,
743 1667 814 1721 ita
843 1664 1154 1719 festinanter
1182 1659 1269 1714 isti
1300 1659 1456 1713 fidem
1489 1655 1752 1725 recipiant
1779 1667 1936 1722 quam
1971 1663 2134 1718 nega—

549 1767 711 1823 runt;
754 1755 788 1795 ι)-
827 1764 900 1820 et,
955 1753 1198 1822 deposita
1249 1748 1567 1818 insipientia:
1613 1744 1826 1808 nebula,
1876 1742 2135 1811 incipiant
2165 1805 2187 1823 ἐ

2213 534 2450 604 justitiae.
2485 532 2766 600 Quomodo
2795 544 2923 599 ergo
2951 544 3075 584 cum
3105 527 3244 582 lunae
3271 524 3508 581 motibus
3529 534 3807 591 compara-

2219 641 2339 682 mus
2360 627 2382 680 ?
2403 624 2518 680 Non
2540 638 2732 692 magna
2763 622 2922 692 plane
2943 619 3196 675 distantia
3225 615 3550 674 conveniunt
3581 611 3684 667 sibi
3707 611 3804 664 ista

2221 717 2519 774 luminaria.
2551 713 2824 784 Siquidem
2865 712 2990 766 luna
3018 710 3250 780 quadam
3296 705 3633 761 fraternitate
3678 717 3808 757 con-

2223 811 2377 866 sortii
2400 811 2579 863 lumen
2609 813 2884 861 mutuatur
2912 820 2941 858 a
2968 803 3100 868 sole,
3133 809 3190 856 et
3217 799 3383 854 radiis
3411 797 3546 852 lucis
3574 794 3692 864 ejus
3720 810 3809 848 rc-

2222 917 2497 974 percussa,
2527 879 2870 970 splendorem
2910 895 2992 950 sui
3022 892 3242 960 fulgoris
3280 889 3516 960 accipiat
3549 905 3561 940 :
3598 884 3740 940 unde
3764 883 3811 938 si

2225 994 2468 1050 Christus
2495 991 2754 1046 Dominus
2780 988 2880 1044 soli
2921 987 3121 1041 rectius
3164 989 3531 1053 comparatur,
3561 978 3590 1016 ιε
3629 977 3815 1032 lunam

2227 1086 2436 1152 nonnisi
2468 1084 2720 1140 Ecclesia:
2747 1079 3199 1152 comparabimus.
3232 1075 3366 1130 Nam
3414 1074 3529 1144 ipsa
3558 1072 3701 1126 sicut
3729 1069 3815 1123 lu-

2229 1196 2319 1260 na,
2349 1187 2410 1232 ut
2449 1178 2590 1232 inter
2634 1183 2820 1245 gentes
2846 1174 3054 1238 luceat,
3109 1176 3385 1226 mutuatur
3428 1166 3612 1220 lumen
3642 1179 3672 1217 a
3701 1161 3817 1218 sole

2223 1253 2444 1343 justitiae
2460 1279 2514 1326 et
2537 1269 2735 1325 Christi
2763 1266 2927 1322 radiis
2957 1284 2969 1318 :
3001 1265 3106 1319 hoc
3119 1271 3202 1318 est
3225 1258 3597 1332 apostolorum
3624 1253 3820 1326 praedi-

2230 1365 2532 1420 cationibus
2553 1375 2888 1433 repercussa,
2909 1350 3283 1426 splendorem1
3309 1367 3377 1408 ex
3404 1366 3471 1406 eo
3500 1345 3823 1404 immortali-

2230 1457 2356 1513 tatis
2381 1453 2628 1526 acquirit.
2660 1451 2847 1519 Fulget
2867 1449 3011 1504 enim
3032 1444 3268 1502 Ecclesia
3289 1459 3397 1498 non
3427 1456 3548 1503 suo,
3579 1438 3674 1495 sed
3701 1436 3823 1492 Sal-

2231 1547 2434 1604 vatoris
2461 1544 2699 1609 lumine;
2745 1551 2801 1597 ct
2829 1540 3000 1595 radiat
3039 1554 3146 1594 non
3204 1534 3426 1607 proprio
3481 1533 3678 1596 nitore,
3727 1528 3823 1584 sed

2234 1649 2274 1677 ιη
2303 1637 2496 1703 Patris,
2516 1637 2655 1690 sicut
2676 1633 2966 1704 Apostolus
2995 1631 3087 1696 ait,
3118 1628 3335 1684 dicens:
3364 1622 3486 1680 Vivo
3517 1633 3686 1678 autem
3706 1622 3821 1692 jam

2235 1747 2338 1786 non
2367 1746 2478 1800 ego,
2515 1728 2632 1782 vivit
2661 1735 2688 1762 η
2717 1727 2768 1779 in
2799 1741 2878 1778 me
2910 1721 3145 1776 Christus
3175 1716 3317 1788 (Gal.
3344 1718 3403 1787 ιι)
3436 1734 3450 1783 ;
3494 1723 3550 1769 et
3577 1715 3775 1768 iterum
3805 1728 3822 1764 :

550 1851 733 1907 lumen
753 1863 860 1902 non
879 1845 990 1916 jam
1011 1843 1169 1899 oculo
1192 1840 1436 1910 corporis
1462 1837 1752 1904 mstimare,
1777 1835 1869 1890 sed
1897 1834 2130 1898 mentis;
2162 1817 2210 1877 Β
2239 1823 2307 1878 Ut
2352 1823 2396 1876 si
2443 1819 2810 1892 primogenitus
2851 1817 2906 1869 in
2947 1813 3123 1867 multis
3164 1808 3409 1883 fratribus
3429 1811 3440 1816 '
3459 1806 3638 1879 (Rom.
3687 1804 3823 1872 nu).

551 1953 609 2000 et
632 1955 653 1982 ο
685 1949 863 1996 ortum
892 1937 1270 2005 defectumque
1297 1933 1414 2003 ejus
1444 1931 1743 1999 intelligant
1779 1926 1988 1983 ratione
2020 1941 2138 1982 ma-

551 2037 632 2105 gis
660 2049 825 2104 quam
849 2030 1156 2086 inﬁrmitate
1180 2028 1470 2083 subsistere
1495 2042 1509 2090 ;
1532 2022 1556 2060 ά
1580 2039 1699 2093 qua:
1727 2035 1997 2092 nunquam
2021 2028 2137 2074 tan-

551 2134 664 2181 tam
684 2124 848 2179 rebus
875 2121 1081 2178 cunctis
1118 2119 1470 2174 mutationem
1518 2116 1689 2181 daret,
1735 2115 1840 2170 nisi
1876 2122 2020 2168 esset
2061 2112 2136 2166 illi

552 2217 669 2273 haec
687 2216 825 2272 ratio
851 2230 881 2269 a
909 2212 1169 2268 Creatore
1197 2211 1412 2266 collata.
1434 2209 1573 2264 Ecce
1597 2209 1922 2263 elementum
1950 2206 2136 2272 maris,

551 2308 678 2364 luna
708 2307 1011 2370 deﬁciente,
1043 2303 1375 2368 subducitur,
1407 2301 1593 2356 eadem
1620 2307 1916 2363 crescente,
1949 2314 2136 2354 cumu-

551 2401 694 2459 latur
721 2419 733 2454 :
767 2411 825 2456 ut
853 2400 919 2454 ad
945 2407 1151 2454 motum
1176 2395 1293 2465 ejus
1321 2403 1413 2449 aut
1440 2394 1597 2449 unda:
1626 2394 1763 2448 intra
1807 2408 1866 2448 se
1893 2391 2134 2455 redeant,

555 2502 650 2549 aut
671 2503 694 2531 ο
726 2491 924 2547 fluenta
953 2505 1061 2546 non
1091 2489 1306 2558 capiant
1334 2505 1346 2540 :
1375 2487 1447 2541 ita
1474 2494 1534 2540 ut
1576 2485 1787 2554 quoties
1814 2483 1940 2538 luna
1966 2489 2140 2538 muta-

555 2591 645 2638 tur
684 2583 739 2638 in
766 2581 986 2647 lumine,
1019 2580 1180 2635 toties
1218 2578 1438 2658 fumaria
1485 2583 1761 2631 mutentur
1786 2574 1840 2628 in
1871 2572 2139 2630 ﬂuctibus.

555 2673 796 2743 Denique
836 2674 1084 2728 dicuntur
1121 2672 1235 2741 ipsa
1280 2671 1446 2726 maris
1483 2668 1718 2723 natantia
1757 2667 1812 2722 in
1843 2681 2002 2722 carne
2045 2681 2140 2720 sua

555 2766 797 2838 pleniora
825 2779 943 2819 esse
971 2779 1094 2818 cum
1141 2763 1266 2816 luna
1293 2761 1530 2832 perfecta
1557 2770 1658 2824 est,
1711 2769 1765 2814 ct
1793 2755 2058 2815 exhausta
2087 2767 2141 2813 et

555 2856 818 2911 diminuta
839 2869 962 2909 cum
991 2853 1080 2906 illa
1109 2852 1386 2906 minuitur.
1426 2851 1615 2919 Magna
1649 2851 1810 2920 igitur
1837 2850 1977 2904 lunm
2002 2850 2140 2904 ratio

556 2954 658 3012 est,
685 2953 741 3001 et
761 2958 953 3014 magna
982 2942 1306 3013 praestantia,
1331 2957 1449 3012 quae
1475 2942 1658 3010 vigore
1683 2956 1782 2996 suo
1803 2943 1876 2996 ita
1904 2941 2143 2996 elemen-

556 3045 612 3093 ta
641 3037 851 3102 minuit,
885 3043 944 3090 ut
969 3050 1156 3089 rursus
1184 3033 1474 3104 adimpleat
1499 3051 1511 3086 :
1545 3033 1619 3087 ita
1645 3033 1850 3104 implet,
1880 3041 1940 3088 ut
1966 3033 2140 3089 denuo

557 3131 884 3185 minuantur.
927 3127 1162 3193 Scilicet,
1211 3133 1270 3180 ut
1307 3125 1528 3180 diversis
1573 3125 1890 3194 quibusdam
1933 3125 2141 3181 vicibus

557 3231 709 3292 grata
737 3221 806 3276 sit
834 3207 1206 3281 commutatio,
1248 3218 1376 3272 dum
1408 3189 1673 3288 reparatio
1703 3217 1761 3270 lit
1786 3216 2044 3287 perfecta.
2077 3214 2147 3271 Et
2173 3196 2220 3260 (ἶ
2249 3211 2515 3268 Mambres
2549 3208 2692 3278 magi
2732 3219 2857 3261 cum
2885 3201 3054 3273 Moysi
3096 3197 3260 3269 signis
3301 3193 3664 3266 prodigiisque
3699 3189 3844 3244 resi-
3880 3241 3882 3243 .

556 3323 816 3386 quantum
846 3313 1004 3380 terris
1049 3311 1305 3380 largiatur
1345 3316 1713 3378 augmentum,
1766 3309 2017 3365 omnibus
2045 3323 2145 3364 no-

556 3413 672 3461 tum
701 3413 800 3469 est,
830 3414 855 3452 ε
903 3411 1105 3474 quanto
1149 3417 1276 3458 rore
1315 3402 1483 3458 saltus
1523 3401 1727 3466 refecit,
1761 3417 1907 3471 "quos
1933 3401 2143 3456 diurnis

557 3497 709 3587 booris
753 3496 885 3552 solis
937 3495 1098 3550 ardor
1145 3501 1429 3548 exusserat
1478 3509 1491 3546 ;
1536 3501 1592 3548 et
1619 3492 1977 3547 admiratione
2015 3507 2148 3562 qua-

556 3584 700 3659 dam,
733 3587 758 3627 δ
788 3588 1104 3644 ardentibus
1131 3595 1264 3642 testu
1292 3586 1450 3642 rebus
1477 3586 1769 3641 serenitate
1801 3592 2019 3655 praestet
2046 3584 2148 3638 hu-

557 3694 785 3736 morem.
817 3678 966 3734 Novo
995 3678 1139 3733 enim
1167 3691 1384 3747 genere,
1436 3677 1770 3731 illuminante
1796 3676 1940 3742 luna,
1972 3673 2144 3729 madi-

559 3771 681 3828 dam
710 3781 910 3826 terram
943 3772 1206 3829 serenitas
1233 3770 1379 3826 facit.
1412 3769 1641 3825 Grandis
1683 3785 1814 3840 ergo
1842 3771 1983 3826 ratio
2004 3769 2143 3825 lunae

559 3871 661 3930 est,
705 3863 816 3918 imo
838 3862 1039 3930 grande
1068 3863 1228 3932 338
1249 3862 1583 3933 mysterium.
1611 3861 1862 3917 Exinanit
1901 3878 1959 3917 se
1988 3862 2146 3917 lumi-

561 3968 651 4020 ne,
697 3961 756 4008 ut
797 3953 1046 4008 universa
1090 3961 1298 4007 recreet
1335 3953 1563 4008 humore
1599 3962 1655 4008 et
1699 3952 1714 3990 ί
1763 3953 1952 4008 imbre.
1984 3953 2061 4008 lta
2090 3963 2146 4009 et

562 4043 805 4099 Christus
832 4043 1090 4098 Dominus
1117 4043 1412 4099 exinanivit
1456 4059 1515 4098 se
1544 4043 1842 4111 divinitate,
1885 4052 1944 4098 ut
1971 4045 2146 4100 homi-

563 4148 660 4190 nes
686 4135 924 4205 repleret
951 4134 1372 4210 immortalitate.
1404 4133 1557 4190 Unde
1595 4135 1670 4188 ait
1695 4135 1886 4190 beatus
1911 4135 2146 4206 Aposto-

563 4224 648 4282 lus
679 4244 692 4279 :
727 4224 826 4290 Qui
861 4243 975 4280 cum
1001 4228 1056 4280 in
1082 4228 1254 4297 forma
1276 4225 1373 4280 Dei
1405 4234 1540 4281 esset
1560 4228 1886 4293 constitutus,
1927 4245 2030 4283 non
2059 4246 2146 4283 ra—

563 4320 743 4392 pinam
771 4317 1051 4374 arbitratus
1083 4327 1160 4373 est
1188 4334 1298 4373 esse
1319 4335 1374 4372 se
1400 4319 1646 4391 (aqualem
1676 4319 1789 4374 Deo
1811 4337 1828 4374 :
1851 4321 1943 4374 sed
1961 4297 2148 4376 semet-

563 4411 732 4481 ipsum
757 4409 1040 4464 exinanivit
1083 4411 1306 4481 formam
1333 4409 1463 4463 servi
1503 4410 1760 4480 accipiens
1795 4408 2014 4480 (Philip.
2063 4410 2144 4483 ιι).

563 4499 874 4559 Exinanivit
901 4517 1031 4572 ergo
1053 4517 1113 4557 se
1140 4500 1406 4568 Christus,
1440 4510 1499 4556 ut
1525 4502 1692 4557 vitam
1725 4511 1942 4574 priestet
1970 4505 2148 4559 homi-

2237 1914 2406 1971 Recte
2449 1911 2795 1984 plane'lunm
2849 1912 3193 1976 comparatur
3247 1900 3490 1957 Ecclesia
3524 1917 3537 1951 :
3568 1897 3828 1968 quoniam

2237 2017 2294 2064 et
2338 2007 2450 2078 ipsa
2487 2020 2587 2060 nos
2629 2001 2830 2078 lavacri
2877 2013 3001 2054 rore
3046 1993 3336 2068 perfundit,
3376 1999 3433 2046 et
3476 1991 3678 2043 terram
3708 2002 3830 2042 cor-

2237 2103 2385 2176 poris
2431 2099 2601 2156 nostri
2648 2094 2986 2168 baptismatis
3038 2104 3162 2146 rore
3215 2086 3472 2143 viviﬁcat.
3521 2083 3692 2137 Recte
3743 2080 3830 2134 lu-

2238 2214 2322 2252 na:
2385 2200 2728 2264 comparatur
2789 2187 3030 2243 Ecclesia
3091 2203 3103 2237 :
3156 2182 3281 2252 quia
3330 2187 3384 2234 et
3433 2178 3549 2248 ipsa
3611 2185 3635 2210 ο
3699 2187 3830 2240 aug-

2238 2297 2481 2346 mentum
2534 2284 2800 2355 acquirit,
2865 2280 3175 2351 patiturque
3226 2266 3831 2328 defectum._Minuitur

2239 2386 2383 2442 enim
2425 2377 2566 2452 smpe
2598 2399 2611 2434 :
2645 2379 2952 2447 frequenter
2987 2379 3212 2442 augetur
3236 2385 3250 2420 :
3274 2363 3530 2420 minuitur
3569 2374 3833 2431 persecu-

2239 2450 2515 2540 tionibus,
2558 2465 3029 2543 praedicationibus
3081 2460 3385 2531 ampliatur.
3438 2466 3464 2504 ιι
3511 2450 3830 2514 Decrescit,

2241 2584 2364 2626 cum
2409 2564 2666 2620 minuitur
2705 2558 2860 2624 filiis;
2892 2554 3124 2617 crescit,
3162 2565 3285 2606 cum
3323 2543 3651 2618 martyribus
3675 2554 3836 2597 θοι-ος

2241 2670 2439 2726 natur;
2481 2665 2536 2712 et
2585 2654 2771 2711 eadem
2813 2665 3007 2715 causa,
3049 2660 3153 2718 qua
3181 2643 3366 2699 tribuit
3407 2639 3483 2695 illi
3523 2636 3832 2702 defectum,

2243 2755 2357 2824 ipsa
2386 2755 2604 2822 praestat
2633 2738 3361 2814 augmentunnjrequenter
3383 2731 3526 2788 enim
3554 2743 3691 2799 quos
3731 2725 3836 2781 do-

2242 2849 2319 2904 let
2345 2851 2736 2918 persecutores,
2782 2839 2927 2908 ipsos
2965 2831 3158 2903 recipit
3201 2827 3561 2892 confessores.
3610 2820 3837 2888 Quoties

2243 2956 2384 3008 eam,
2415 2938 2553 2993 sicut
2574 2935 2776 3000 lunam,
2806 2928 3007 3001 putatis
3026 2938 3302 2994 magorum
3332 2931 3359 2970 ει
3398 2916 3732 2998 carminibus
3755 2912 3838 2966 la-

2243 3030 2509 3088 borasse?
2539 3027 2760 3094 Quoties
2784 3038 2903 3078 eam
2933 3019 3086 3075 malae
3113 3023 3256 3071 artes
3286 3013 3352 3069 de
3381 3011 3504 3067 coeli
3535 3023 3702 3077 regno
3735 3005 3840 3061 de-

2244 3123 2440 3179 ducere
2470 3117 2790 3175 voluerunt?
2832 3113 2964 3168 Nam
3011 3109 3240 3181 primum
3289 3106 3474 3174 utique
3523 3099 3747 3156 Jamnes
3787 3106 3844 3152 et

2249 3311 2474 3371 sterent,
2505 3300 2796 3356 Ecclesiam
2826 3295 3141 3351 subvertere
3181 3287 3471 3359 cupiebant
3498 3303 3511 3337 :
3543 3284 3638 3339 sed
3666 3281 3843 3336 sacris

2247 3398 2471 3455 vocibus
2489 3391 2851 3449 veneﬁcorum
2863 3400 3080 3442 carmen
3096 3396 3293 3438 nocere
3310 3380 3469 3450 339
3495 3392 3604 3432 non
3635 3373 3836 3445 potuit.

2248 3492 2390 3548 Nihil
2410 3490 2552 3546 enim
2574 3481 2964 3541 incantationes
2988 3477 3190 3545 valent,
3221 3473 3310 3529 ubi
3338 3470 3533 3526 Christi
3565 3467 3841 3524 canticum

2250 3585 2582 3640 decantatur.
2615 3574 2819 3631 Deinde
2864 3585 2986 3627 cum
3025 3567 3166 3638 apud
3195 3565 3440 3636 Sergium
3482 3571 3503 3600 τ
3550 3557 3841 3614 Paulinum

2249 3670 2627 3748 proconsulem
2656 3667 2842 3722 Simon
2873 3662 3056 3732 Magus
3080 3657 3305 3712 Paulum
3331 3652 3634 3724 apostolum
3659 3664 3843 3718 oppu-

2246 3741 2455 3841 gnaret,
2483 3763 2667 3831 utique
2710 3755 2960 3812 Ecclesia:
2988 3769 3082 3808 vas
3104 3749 3368 3817 tentabat,
3399 3755 3452 3801 et
3473 3741 3731 3821 veneﬁcis
3758 3756 3846 3794 ar-

2245 3832 2390 3917 tibus
2411 3859 2558 3914 illum
2586 3865 2841 3924 quassare
2870 3846 3153 3918 cupiebat;
3205 3840 3299 3898 sed
3327 3846 3478 3894 tanta
3517 3836 3584 3891 ab
3612 3833 3702 3888 illo
3729 3832 3844 3905 vir-

2247 3963 2364 4010 tute
2392 3948 2670 4007 convictus
2712 3950 2814 4008 est,
2862 3947 2924 3995 ut
2964 3952 3073 3992 non
3118 3933 3293 3989 solum
3321 3929 3454 3984 artis
3500 3924 3841 3987 inﬁrmitate,

2247 4045 2342 4101 sed
2370 4043 2533 4099 etiam
2555 4037 2836 4093 oculorum
2862 4046 2986 4087 eum
3015 4027 3306 4083 amissione
3333 4026 3579 4086 czrcaret,
3604 4026 3661 4073 et
3686 4015 3841 4087 pari-

2252 4146 2334 4193 ter
2363 4135 2439 4190 illi
2466 4131 2699 4187 a'uferret
2721 4139 2958 4194 carmen,
2985 4129 3039 4176 et
3067 4120 3257 4174 visum.
3288 4114 3406 4170 Non
3433 4111 3576 4167 enim
3598 4107 3844 4164 mereba-

2252 4225 2562 4283 turbabere
2592 4218 2835 4290 corporis
2861 4213 3080 4278 oculos,
3121 4210 3212 4280 qui
3240 4205 3436 4262 mentis
3465 4201 3654 4259 oculos
3675 4197 3843 4269 350

2253 4337 2361 4377 non
2389 4317 2642 4374 habebat.
2693 4311 2833 4379 Quid
2874 4315 3054 4362 autem
3084 4303 3325 4359 dicamus
3365 4299 3433 4354 de
3461 4293 3706 4367 apostolo
3737 4290 3843 4345 Pe.

2254 4421 2339 4468 tro
2369 4413 2392 4466 ?
2420 4409 2555 4476 Quia
2583 4409 2775 4462 iterum
2822 4401 3096 4456 Simonem
3135 4397 3189 4450 in
3218 4393 3460 4447 Romana
3486 4387 3619 4443 urbe
3646 4382 3816 4438 Eccle

2257 4507 2351 4563 size
2380 4501 2724 4558 fundamenta
2754 4494 3084 4556 turbantem,
3116 4486 3423 4543 orationum
3464 4493 3680 4536 suarum
3705 4476 3814 4530 soli

563 4593 721 4651 nibus
751 4613 764 4649 :
799 4596 814 4648 i
852 4593 1132 4650 evacuavit
1183 4608 1241 4648 se
1273 4601 1331 4648 ut
1358 4593 1661 4664 profectum
1690 4565 1891 4651 tribuat
1915 4597 2147 4656 elemen-
2171 4591 2225 4654 D
2251 4599 2420 4655 ditate
2437 4587 2752 4666 prostravit.
2785 4584 2921 4641 Cum
2949 4581 3094 4638 enim
3121 4579 3212 4634 ille
3240 4575 3448 4632 artibus
3474 4570 3700 4645 magicis
3727 4565 3819 4621 ela

637 4829 664 4861 ι
691 4817 822 4876 Cod.
857 4820 1126 4886 Ambros.,
1158 4818 1251 4873 illa
1279 4819 1606 4888 convertitur,
1636 4830 1740 4878 etc.

635 4888 665 4930 δ
692 4891 825 4945 Cod.
858 4892 1104 4945 Ambros.
1139 4890 1266 4958 legit
1291 4899 1345 4942 ut
1371 4906 1470 4960 pro
1500 4901 1568 4945 et.

643 4969 666 5000 ε
697 4960 1104 5043 Cod-Ambros.
1137 4954 1327 5031 plurali
1354 4954 1578 5018 numero
1625 4961 1787 5020 habet
1815 4954 1957 5018 ortus
2002 4963 2146 5036 defe-

567 5039 771 5085 ctusaue
799 5048 927 5085 eius.

743 5048 771 5084 ε
799 5048 927 5084 eius.

638 5047 1102 5184 gggdfﬂxmbros.
1149 5101 1276 5184 legit
1293 5119 1423 5184 quae
1438 5176 1450 5184 .
1464 5119 1741 5184 nunquam
1761 5111 1958 5184 tantam
1992 5104 2148 5184 rebus

568 5173 1126 5297 miscetisumrtationem
1152 5173 1332 5241 daret,
1350 5176 1450 5229 nisi
1497 5173 1626 5229 esset
1664 5175 1768 5228 illis
1797 5174 1903 5229 haec
1926 5192 1957 5227 a
1987 5173 2140 5230 Crea-

730 5261 758 5297 ο
801 5260 832 5296 a
858 5260 908 5296 a.

590 5259 676 5297 ore
701 5259 908 5298 cauata.

643 5325 666 5384 ξ
695 5311 827 5368 Cod.
854 5313 1126 5383 Ambros.,
1148 5324 1236 5368 aut
1263 5332 1318 5369 se
1339 5317 1534 5383 ﬂuenta
1563 5331 1662 5368 non
1693 5316 1919 5384 capiant.

644 5383 663 5424 ί
687 5384 818 5440 Cod.
854 5385 1122 5449 Ambros.,
1153 5402 1295 5439 mare
1321 5393 1539 5439 mutetur
1566 5385 1618 5437 in
1651 5383 1906 5454 ﬂuctibus.

640 5465 666 5504 Β
695 5455 826 5511 Cod.
858 5456 1125 5520 Ambros.,
1150 5456 1270 5509 dum
1297 5463 1544 5509 nocturno
1565 5471 1680 5508 rore
1703 5456 1864 5508 saltus
1893 5455 2073 5524 reﬁcit.

641 5524 667 5564 ιι
693 5526 836 5581 ldem
866 5527 987 5582 cod.
1015 5527 1289 5593 Ambros.,
1318 5524 1600 5579 urentibus.

649 5596 665 5636 ί
696 5597 750 5651 ln
775 5597 896 5652 cod.
927 5597 1178 5651 Ambros.
1203 5595 1356 5650 deest
1382 5596 1558 5648 imbre.
1845 5643 1848 5646 ἠ

650 5679 665 5719 ι
697 5667 831 5723 Cod.
865 5669 1110 5722 Ambros.
1153 5666 1278 5732 legit
1305 5675 1512 5720 evacuat
1540 5682 1594 5720 sc
1632 5665 1776 5732 luna,
1804 5674 1859 5718 ut
1885 5682 1938 5719 se
1975 5666 2153 5737 profe-

572 5747 707 5795 ctum
729 5739 916 5792 tribuat
937 5738 1214 5791 elementis.

646 5807 674 5848 ι
695 5807 827 5865 Cod.
852 5809 1099 5864 Ambros.
1121 5807 1283 5872 habet
1300 5807 1438 5868 luna:
1455 5807 1577 5880 quid
1595 5808 1698 5863 nisi
1716 5805 2005 5864 Ecclesiam
2022 5821 2159 5863 com-

2252 4818 2567 4892 parabimus-
2640 4882 2655 4892 .
2724 4880 2738 4892 .
2814 4879 2824 4892 .
3081 4793 3124 4892 Γ

2331 4889 2347 4928 1
2372 4872 2530 4943 Idem
2558 4882 2678 4940 cod.
2710 4879 2981 4944 Ambros.,
3012 4875 3335 4947 splendorem
3361 4872 3458 4927 sibi
3485 4885 3551 4924 ea;
3576 4883 3656 4922 eo.

2327 4970 2368 4998 ω
2396 4956 2527 5013 Cod.
2554 4954 2801 5008 Ambros.
2828 4951 2993 5004 habet
3021 4946 3110 5001 sed
3140 4946 3338 5019 fratris.

2326 5041 2352 5068 ιι
2383 5030 2526 5083 Idem
2556 5024 2677 5081 cod.
2702 5021 2972 5085 Ambros.,
2994 5019 3110 5072 vivit
3130 5018 3244 5072 vero
3269 5018 3323 5070 in
3351 5021 3576 5085 me,ietc.

2329 5111 2353 5138 ο
2380 5098 2514 5153 Cod.
2542 5095 2788 5172 Ambros.
2838 5084 2965 5172 legit
2985 5091 3106 5172 quia
3138 5099 3193 5172 et
3214 5091 3329 5158 ipsa
3375 5084 3521 5139 habet
3550 5091 3692 5138 ortus
3723 5095 3850 5134 suos

2256 5172 2545 5245 patiturque
2565 5166 2812 5245 defectus.
2837 5161 3112 5245 inuitu'r,
3145 5167 3250 5214 etc.

2249 5223 2526 5367 {Laidem
2573 5223 2694 5291 cdd.
2746 5232 3015 5298 Ambros.,
3047 5223 3308 5284 Decrescit
3351 5244 3465 5282 cum
3510 5225 3751 5281 mactatur
3785 5223 3853 5293 ﬁ.

2271 5330 2351 5367 us.

2271 5330 2351 5368 ιη.

2326 5393 2353 5432 (ι
2383 5379 2514 5435 Cod.
2557 5375 2829 5440 Ambros.,
2859 5371 3068 5438 Quoties
3096 5388 3230 5436 eam,
3259 5375 3390 5426 sicut
3419 5371 3618 5434 lunam,
3649 5375 3849 5440 putatis

2253 5468 2522 5524 magorum
2570 5436 3238 5524 carminatemptaverunt.
3270 5442 3480 5506 Quoties
3528 5436 3656 5492 eam
3691 5436 3851 5489 mala:

2255 5519 2390 5578 artes
2420 5522 2483 5575 de
2512 5519 2698 5574 caelesti
2734 5533 2914 5587 regno,
2939 5525 3042 5587 etc.

2350 5576 2560 5647 r’Codd.
2593 5576 2842 5642 Ambros.
2874 5576 2929 5640 εἰ
2955 5586 3024 5640 90
3051 5585 3107 5641 s.
3138 5582 3325 5640 Crucis
3373 5585 3428 5639 in
3476 5579 3586 5634 Jer.
3621 5576 3852 5632 Paulum

2254 5665 2458 5734 legunt,
2481 5677 2588 5716 non
2617 5658 2924 5734 Paulinum;
2948 5672 3066 5728 qua:
3082 5657 3240 5713 lectio
3263 5651 3555 5711 conformis
3577 5659 3660 5706 est
3676 5647 3852 5702 textui

2257 5728 2378 5792 Act.
2410 5728 2584 5804 apost.
2612 5746 2726 5796 sui,
2759 5728 2813 5783 7.
2910 5748 2920 5757 -
