4056 6346
303 300 412 357 489
460 261 476 270 ’
1323 351 1333 357 ,
1740 286 2021 350 HOMlLlA
2057 284 2162 347 cn.
3485 285 3591 342 490

305 424 397 472 tus
434 423 604 484 esset,
633 421 693 471 ut
719 416 883 472 etiam
925 411 1190 488 per'aeris
1233 413 1407 486 spatia
1433 411 1682 469 volitaret
1708 428 1722 464 :
1750 419 1776 448 ι
1803 411 1891 466 hic
1919 415 1967 475 Α
1994 415 2148 480 petra
2189 405 2309 462 saxi
2337 404 2486 461 illum
2515 402 2762 462 allisione
2786 402 3126 472 comminuit,
3157 409 3219 458 ut
3247 403 3340 473 qui
3368 402 3469 458 sibi
3498 420 3594 460 re-

305 507 458 562 illum
488 507 688 563 virtute
713 506 932 578 dejecit,
963 514 1026 563 ut
1052 515 1204 564 tanto
1231 506 1391 562 altius
1419 503 1659 571 caderet,
1687 509 1889 573 quanto
1997 516 2101 572 gna
2132 499 2372 558 ctelestia
2422 497 2792 568 promittebat,
2841 503 3072 554 terrena:
3110 496 3301 554 mortis
3341 507 3362 537 ο
3395 495 3592 552 duritie

305 599 594 657 sublimius
619 599 913 658 volitasset.
943 599 1088 657 Vere
1114 599 1260 656 enim
1304 597 1498 654 Petrus
1524 596 1552 637 δ
1581 604 1693 651 tam
1722 593 1897 651 solida
2005 593 2225 664 periret.
2257 589 2508 662 Explicit.

1694 710 2041 775 HOMILIA
2075 709 2204 774 Cll.

843 821 925 878 De
949 839 1010 878 eo
1032 821 1168 895 quod
1188 823 1434 893 scriptum
1459 827 1534 875 est
1561 819 1616 874 in
1644 816 1790 872 Isaia
1820 835 1935 889 cap.
1967 833 1985 872 ι
2019 835 2031 869 :
2065 813 2440 887 Cauponesltui
2466 813 2682 869 miscent
2709 828 2895 885 aquam
2917 812 3054 868 uino.

1763 905 2154 964 ADMONITIO.
3155 909 3170 916 '
3364 913 3392 942 ⁸

385 1001 487 1079 ilic
508 1003 672 1079 _idem_
686 1004 874 1079 titulus
909 1005 1107 1079 legitur
1134 1004 1641 1079 apudAQennadium
1676 1003 1737 1079 in
1767 1001 2014 1079 catalogo
2040 1014 2272 1079 _op_erum
2297 999 2354 1055 8.
2383 998 2618 1079 Ma_1_rimi.
2651 997 2708 1079 Si
2750 997 2882 1053 nihil
2921 999 3060 1079 ultra
3101 995 3503 1079 aﬁ‘erriposset
3528 1000 3598 1057 ad

310 1075 611 1131 faciendam
642 1075 821 1140 ﬁdem,
850 1069 990 1133 satis
1004 1069 1296 1133 essethed
1315 1077 1594 1134 Gennadio
1624 1075 1784 1129 trium
1806 1069 2349 1142 praeclarissimorum
2371 1071 2619 1126 codicum
2641 1071 3012 1142 obsequuntur
3033 1069 3369 1142 testimonia,
3393 1072 3602 1142 scilicet

310 1145 682 1219 Seiigallensis
710 1138 896 1219 homil.
928 1147 1017 1212 82,
1048 1159 1104 1203 et
1129 1150 1409 1219 utriusque
1431 1148 1509 1219 AS.
1550 1145 1738 1219 Crucis
1776 1138 1834 1198 in
1868 1142 2190 1219 Jerusalem,
2225 1143 2280 1196 in
2307 1138 2862 1219 quorum_vetustiore
2988 1149 3071 1194 est
3099 1140 3317 1195 homilia
3345 1140 3516 1219 36,_et
3545 1143 3601 1196 in

310 1215 382 1269 99
412 1209 557 1272 hom.
590 1216 681 1284 8‘2,
725 1209 1132 1290 cenformi-hoc
1159 1209 1335 1275 titulo.
1363 1238 1376 1273 :
1413 1217 1604 1290 Incipit
1632 1217 1698 1272 de
1737 1233 1794 1270 eo
1823 1213 1959 1287 quod
1989 1213 2242 1284 propheta
2286 1209 2358 1266 ait
2403 1213 2472 1290 ad
2494 1213 2632 1283 ﬁlios
2663 1209 3177 1290 Israel__;_Caupones
3204 1214 3605 1290 vestri‘miscent

310 1304 505 1357 aquam
550 1281 684 1342 vino.
737 1286 851 1344 Hac
897 1289 1119 1344 bomilia
1163 1290 1379 1346 codices
1430 1281 1540 1344 alii'
1568 1304 1753 1344 omnes
1803 1281 2028 1349 carent;
2079 1281 2261 1357 quam~
2291 1281 2503 1357 reeudit
2527 1299 2624 1357 sua
2674 1283 2728 1336 in
2763 1281 3016 1357 editione
3056 1281 3324 1357 Ambrosii
3353 1282 3602 1357 Gillotigs

311 1351 461 1411 num.
519 1357 585 1412 78
632 1374 970 1425 sermonum;
1019 1377 1206 1416 verum
1253 1360 1592 1417 Benedictini
1630 1357 1884 1416 monachi
1924 1351 2178 1423 congreg.
2229 1353 2287 1409 S.
2330 1352 2502 1408 Mauri
2547 1355 2601 1408 in
2642 1351 2794 1425 praef.
2828 1353 2895 1407 ad
2935 1366 3215 1407 sermones
3256 1352 3498 1425 ejusdem
3539 1353 3599 1425 S.

310 1429 555 1502 episcopi
603 1422 1019 1502 Mediolanensis
1064 1433 1503 1502 pronuntiarunt,
1537 1447 1645 1486 non
1685 1429 1830 1502 aligd
1877 1422 2214 1502 sentiendum
2256 1439 2385 1502 esse
2431 1426 2519 1502 de
2545 1422 2764 1502 homilia
2815 1428 3190 1502 superneap'ut
3235 1438 3255 1474 ι
3301 1422 3468 1502 Isaiae,
3502 1424 3608 1479 nisi

313 1491 462 1623 320d
501 1491 811 1582 Gennadius
848 1491 1084 1585 scripsit:
1146 1502 1382 1573 ldipsum
1429 1491 1714 1559 senserunt
1749 1498 2039 1623 Glémuicps
2081 1510 2200 1565 pag.
2254 1493 2381 1575 29⁵1ι
2411 1493 2728 1576 .Galesinius
2772 1491 2899 1576 pag;
2947 1491 3070 1557 180,
3126 1491 3604 1573 Baynaudus'pag.

389 1570 446 1623 6.
471 1578 529 1623 et
556 1570 890 1623 Margarmus
918 1590 973 1623 In
1001 1573 1137 1623 Bibl.
1168 1573 1312 1623 Max.
1346 1581 1478 1623 tom.
1509 1571 1598 1623 Vl.
1621 1587 1744 1623 nan.
1851 1611 1865 1623 .
1899 1584 1992 1623 aut
2019 1582 2208 1622 omnes
2235 1565 2580 1621 homlliarum
2601 1563 2660 1620 S.
2687 1565 2903 1620 Maxnm
2931 1563 3308 1618 collectionem
3340 1563 3445 1619 hac
3471 1581 3604 1620 con—

429 1578 529 1637 ,et

314 1562 446 1696 ἓως,
471 1578 529 1625 et
556 1570 890 1639 Margarinus
918 1562 974 1628 in
1001 1573 1137 1629 Bibl.
1168 1562 1312 1629 Max.
1346 1581 1478 1630 tom.
1509 1571 1598 1640 Vl,
1621 1587 1744 1644 pag.
1776 1562 1865 1637 ιε,
1899 1568 1992 1640 qui
2019 1562 2208 1622 omnes
2235 1564 2580 1621 homiliarum
2601 1563 2660 1620 S.
2687 1562 2903 1620 Μώιίιίιὶ
2931 1562 3308 1618 collectionem
3340 1563 3445 1619 hac
3471 1562 3606 1620 con—

368 1650 612 1696 usermit.

368 1657 566 1697 usermi
573 1650 612 1696 ι.

316 1733 712 1816 Asculesruu.
744 1765 816 1816 _——
841 1731 1051 1816 Scnpta
1082 1735 1241 1816 Isaiae
1287 1736 1438 1816 o_erb_a
1475 1737 1704 1816 mystice.
1739 1734 1915 1816 expli:
1944 1733 1992 1794 B
2018 1736 2136 1784 ctus
2193 1728 2431 1799 loquitur
2483 1727 2607 1797 qui,
2656 1726 2883 1797 publicis
2934 1725 3245 1782 ministeriis
3289 1726 3608 1790 servientes,

389 1804 561 1858 canda
588 1823 699 1879 esse
727 1810 912 1863 docens
956 1804 1222 1863 Maximus
1270 1808 1344 1862 ait
1373 1807 1435 1879 de
1465 1804 1778 1879 cauponibus
1810 1804 1915 1877 ηυξ

386 1886 630 1949 praesunt
653 1876 922 1946 Ecclesiis,
962 1895 1066 1933 non
1107 1889 1280 1933 autem
1327 1876 1576 1942 tabernis,
1609 1876 1913 1949 prophetam

387 1947 552 2029 loqui,
572 1948 790 2032 illosque
811 1949 875 2002 ab
916 1949 1097 2004 eodem
1133 1952 1283 2075 ανὲμὶ
1313 1951 1449 2074 quod
1476 1947 1770 2033 vino'aqua:
1797 1965 1915 2018 spe-

391 2035 521 2072 ctem
548 2028 873 2075 permiscent.
908 2037 1019 2074 cum
1057 2038 1179 2075 mun
1219 2039 1237 2074 ι
1279 2039 1310 2075 o
1347 2021 1711 2075 lectatiombus
1747 2019 1915 2073 delec-

391 2019 521 2072 ciem
546 2019 873 2090 permiscent,
908 2037 1019 2074 cum
1057 2019 1238 2075 mundi
1279 2019 1711 2076 oblectationibus
1747 2019 1917 2073 delec-

393 2095 591 2163 tantur,
615 2089 865 2163 rebusque
893 2093 1088 2163 sanctis
1112 2092 1235 2147 viles
1258 2093 1510 2147 inserunt.
1536 2091 1802 2146 Praeterea
1831 2107 1916 2145 os-

395 2159 560 2242 tendit
589 2177 698 2284 quat
720 2159 923 2216 ratione
948 2161 1252 2218 Iudaeorum
1271 2163 1563 2218 sacerdotes
1587 2179 1776 2234 aquam
1796 2164 1914 2217 vino

395 2246 674 2284 miscuerin
702 2272 716 2284 .

395 2246 716 2286 ίηωεαετιητ.

395 2368 514 2424 Non
562 2368 906 2425 incommode
936 2377 1062 2426 ante
1091 2370 1207 2426 dies
1236 2369 1263 2407 (ι
1291 2385 1491 2441 paucos
1525 2370 1797 2440 prosecuti
1823 2384 1916 2424 su-

323 2479 448 2520 mus
475 2463 806 2520 iunctionem
836 2463 976 2520 hanc
1008 2465 1398 2521 sacerdotalem
1430 2465 1603 2520 vicem
1631 2464 1921 2533 quamdam

325 2552 532 2626 negotii
561 2557 816 2624 retinere,
845 2565 900 2612 et
943 2564 1205 2626 quaestum
1232 2572 1352 2612 esse
1381 2572 1488 2611 non
1519 2556 1790 2612 modicum
1819 2558 1924 2612 hoc

323 2647 617 2704 clericatus
671 2645 925 2702 cilicium.
983 2646 1080 2702 Est
1127 2657 1362 2717 quaestus
1399 2650 1559 2719 plane
1607 2665 1714 2705 non
1751 2649 1926 2703 modi-

325 2758 445 2806 cus,
476 2740 568 2796 ubi
596 2741 804 2795 lucrum
833 2757 940 2796 non
968 2742 1337 2813 pelmiarum,
1371 2743 1463 2800 sed
1489 2743 1784 2812 acquiritur
1811 2743 1926 2798 ani-

325 2847 574 2902 marum;
606 2840 689 2888 est
718 2847 912 2903 magna
941 2834 1258 2904 negotiatio,
1296 2834 1385 2889 ubi
1415 2835 1714 2906 redemptio
1751 2836 1928 2891 homi-

2018 1837 2221 1877 meram
2274 1821 2384 1876 vini
2431 1820 2668 1892 speciem
2716 1818 3051 1874 fraudulenta
3093 1819 3252 1892 351
3293 1835 3445 1890 aquae
3493 1820 3611 1875 col-

2018 1915 2232 1970 luvione
2268 1913 2596 1984 permiscent
2637 1912 2761 1983 (nec
2803 1912 2948 1966 enim
3003 1907 3109 1967 hoc
3152 1911 3221 1966 ad
3271 1911 3492 1966 beatum
3534 1910 3616 1965 vi-

2019 2023 2139 2062 rum
2165 2022 2318 2063 more
2341 2006 2540 2076 judicis
2571 2006 2752 2061 szeculi
2778 2005 3050 2075 pertinere
3078 2013 3314 2076 poterat,
3346 2021 3442 2061 cur
3489 2020 3618 2060 cor-

2018 2100 2192 2171 ruptis
2261 2099 2608 2155 tabernarum
2679 2098 2946 2163 vasculis,
2983 2097 3174 2152 cminus
3223 2097 3441 2152 ebrioso
3484 2105 3620 2166 potu

2019 2195 2250 2267 populus
2308 2193 2595 2264 uteretur),
2643 2191 2738 2247 sed
2785 2191 2853 2246 de
2904 2189 3010 2245 illis
3056 2192 3242 2260 utique
3285 2190 3620 2261 cauponibus

2020 2287 2260 2356 loquitur
2287 2287 2381 2356 qui
2401 2292 2640 2358 praesunt
2667 2283 2944 2350 Ecclesiis,
2972 2299 3080 2338 non
3110 2283 3382 2348 tabernis;
3415 2283 3506 2354 qui
3544 2282 3621 2336 si-

2021 2379 2276 2434 tientibus
2304 2379 2522 2450 populis
2562 2393 2670 2432 non
2711 2376 3162 2446 concupiscentia
3189 2376 3412 2431 calicem
3440 2374 3622 2446 porri-

2023 2477 2176 2538 gunt,
2203 2469 2300 2526 sed
2317 2470 2552 2539 virtutis,
2578 2483 2685 2524 non
2717 2467 2996 2524 ebrietatis
3019 2467 3326 2522 ministrant
3349 2466 3624 2538 poculum,

2024 2562 2118 2618 sed
2145 2562 2396 2632 poculum
2420 2561 2737 2617 Salvatoris.
2761 2560 2898 2616 lstos
2918 2573 3049 2629 ergo
3070 2573 3343 2630 caupones
3360 2559 3626 2630 propheta

2026 2655 2201 2725 arguit
2220 2661 2277 2709 et
2305 2654 2572 2724 objurgat,
2598 2661 2656 2708 et
2681 2653 2925 2722 queritur
2953 2667 3050 2708 eos
3072 2652 3198 2708 vino
3221 2665 3375 2722 aquae
3389 2649 3628 2720 speciem

2027 2748 2383 2818 permiscere;
2416 2747 2522 2802 hoc
2570 2747 2818 2816 increpat
2864 2745 2918 2800 in
2968 2745 3084 2813 eis,
3133 2758 3256 2800 cum
3293 2739 3630 2798 functionum

2029 2840 2331 2896 divinarum
2381 2848 2564 2896 essent
2601 2839 2879 2911 praesules,
2929 2844 3226 2894 sectatores
3274 2850 3456 2892 rerum
3505 2834 3631 2891 facti

327 2926 416 2981 nis
443 2932 674 2992 constat,
709 2941 820 2984 non
846 2936 868 2963 θ
900 2928 1348 2983 annumeratione
1379 2928 1554 2997 pretii,
1594 2927 1687 2983 sed
1719 2945 1928 2984 annun—
2029 2942 2156 2990 sunt
2181 2935 2558 3001 humanarum,
2591 2933 2734 2990 sicut
2754 2933 2871 3004 ipse
2893 2933 2969 2988 ait
2999 2932 3260 3002 propheta
3294 2949 3306 2984 :
3343 2928 3632 2986 Sectamini

327 3016 560 3072 tiatione
589 3017 864 3088 praecepti.
899 3016 1232 3088 Przeceptum
1262 3019 1404 3073 enim
1433 3018 1634 3073 Christi
1667 3019 1929 3076 talentum
2031 3027 2378 3100 unusquisque
2421 3026 2630 3080 domum
2657 3023 2848 3096 suam(
2875 3025 3054 3097 Αριθωὶ
3082 3025 3156 3095 ι).
3207 3022 3459 3094 Quisquis
3487 3023 3632 3078 enim

335 3107 615 3180 quoddam
644 3117 726 3165 est
755 3111 1073 3181 pretiosum,
1116 3127 1224 3182 quo
1250 3111 1394 3166 salus
1427 3119 1791 3182 comparatur,
1821 3129 1930 3182 quo
1957 3127 2003 3191 ο
2034 3118 2304 3183 sacerdos,
2336 3118 2526 3174 relicto
2557 3115 2903 3187 pontiﬁcatus
2931 3115 3140 3180 ofﬁcio,
3172 3115 3359 3172 mundi
3389 3116 3634 3172 oblecta-

328 3201 447 3257 vita
472 3199 757 3256 redimitur
781 3219 795 3254 :
820 3209 876 3256 ct
904 3215 1098 3270 magna
1121 3210 1206 3258 est
1230 3201 1551 3272 redemptio,
1576 3218 1698 3258 cum
1724 3210 1780 3258 et
1807 3219 1934 3273 pre-

330 3293 471 3348 tium
502 3291 683 3361 datur,
714 3304 770 3348 et
796 3294 1026 3364 pecunia
1052 3310 1164 3348 non
1202 3294 1436 3349 videtur.
1481 3293 1765 3350 Talentum
1807 3310 1936 3366 ergo

332 3399 591 3454 magnum
620 3395 947 3457 praeceptum
977 3394 1060 3442 est
1085 3384 1400 3451 Salvatoris,
1433 3385 1581 3456 quod
1610 3385 1939 3442 commodati

332 3477 456 3533 vice
486 3476 630 3548 apud
655 3477 879 3536 idoneos
905 3476 1170 3548 proﬁcere
1198 3484 1400 3548 potest,
1434 3478 1578 3547 apud
1605 3477 1939 3548 negligentes

334 3578 523 3641 potest
559 3569 809 3642 deperire
833 3589 847 3637 ;
879 3571 997 3626 aliis
1025 3571 1172 3626 enim
1197 3586 1320 3626 cum
1349 3569 1628 3639 multiplici
1650 3569 1823 3637 gratia
1851 3584 1938 3625 re-

334 3661 599 3727 stituitur,
634 3663 702 3718 ab
741 3664 862 3718 aliis
900 3679 1023 3719 cum
1065 3678 1346 3734 poenarum
1394 3677 1552 3717 usura
1603 3661 1934 3732 deposcitur.

335 3751 584 3810 Christus
624 3755 768 3808 enim
812 3754 1074 3809 talentum
1121 3753 1266 3822 quod
1311 3752 1659 3808 commendat
1713 3767 1939 3809 necesse

335 3851 427 3899 est
477 3853 536 3898 ut
583 3845 860 3914 requirat,
908 3853 962 3899 et
1002 3844 1234 3899 solventi
1281 3844 1510 3913 gratiam
1549 3843 1786 3909 referat,
1830 3860 1937 3900 non

336 3922 646 3992 solventem
673 3935 868 3991 subdat
893 3935 1119 4005 injuriis.
1151 3933 1346 3989 Subdit
1368 3935 1530 4004 plane
1555 3933 1766 4004 injuriis
1785 3951 1939 3992 more

343 4028 566 4096 mundi;
598 4037 661 4083 ut
686 4028 919 4094 debitor,
945 4029 1037 4099 qui
1063 4027 1422 4085 redhibitione
1450 4029 1760 4085 substantia:
1780 4032 1940 4088 satis-

340 4119 527 4176 faCere
577 4136 688 4176 non
715 4128 925 4191 potest,
965 4122 1260 4178 satisfaciat
1303 4122 1387 4177 vel
1425 4124 1668 4194 corporis
1711 4124 1934 4180 ultione.

336 4211 463 4267 Hoc
493 4227 621 4282 ergo
652 4212 928 4279 talentum,
959 4211 1170 4281 fratres,
1213 4230 1313 4270 nos
1340 4215 1725 4286 praedicatione
1753 4226 1938 4272 nostra

337 4303 540 4358 vestris
567 4305 874 4374 pectoribus
905 4306 1364 4376 commendamus,
1393 4315 1453 4363 ut
1481 4307 1686 4364 lucrum
1717 4308 1939 4381 aliquod

340 4395 535 4452 salutis
563 4403 755 4451 vestra:
786 4397 1013 4454 Demino
1053 4399 1414 4469 designemns.
1446 4399 1731 4457 Rationem
1761 4402 1939 4457 daturi

340 4502 532 4543 sumus
561 4488 792 4557 qualiter
821 4498 914 4544 aut
961 4491 1270 4560 praedicatio
1320 4501 1502 4549 nostra
1548 4493 1815 4564 proﬁciat,
1845 4501 1938 4549 aut
1963 4521 2016 4582 υ

343 4579 656 4636 obedientia
704 4591 880 4637 vestra
927 4582 1239 4652 fructiticet;
1284 4601 1393 4641 non
1441 4584 1586 4640 enim
1632 4587 1750 4642 sine
1775 4602 1937 4642 causa

347 4669 702 4744 Evangelium
733 4675 1036 4742 annuntiat,
1071 4675 1362 4746 Apostolus
1385 4677 1600 4743 clamat,
1627 4678 1940 4735 sacerdotes

347 4764 645 4834 loquuntur
674 4783 687 4818 :
722 4766 776 4820 in
804 4765 1170 4836 cujuscunque
1195 4783 1356 4823 aures
1380 4784 1488 4823 vox
1525 4777 1711 4825 sancta
1740 4785 1938 4840 perve-

347 4859 513 4925 nerit,
545 4867 640 4913 aut
664 4859 859 4915 beatus
887 4861 992 4915 erit
1020 4860 1338 4925 devotione,
1372 4870 1465 4916 aut
1504 4877 1630 4918 reus
1656 4862 1724 4917 de
1750 4870 1940 4918 conte-

345 4950 602 5006 statione.
635 4949 930 5020 Loquimur
958 4951 1532 5008 enimbeatitudinem
1573 4953 1936 5021 credentibus,

346 5049 721 5098 contestamur
760 5042 1021 5112 judicium
1049 5043 1368 5100 criminosis.
1403 5044 1808 5102 Mercimonium
1835 5046 1938 5116 igi-

347 5141 442 5188 tur
481 5142 565 5189 est
593 5133 986 5191 administratio
1008 5135 1348 5193 sacerdotum
1381 5157 1395 5191 :
1426 5139 1567 5193 unde
1595 5147 1652 5194 et
1677 5139 1941 5209 propheta

348 5226 486 5282 dicit
527 5227 595 5282 ad
624 5227 763 5284 ﬁlios
790 5227 953 5285 Israel
986 5248 998 5283 :
1038 5229 1307 5303 Caupones
1334 5234 1486 5287 vestri
1513 5232 1729 5287 miscent
1754 5249 1943 5303 aquam

349 5321 470 5374 vino
503 5319 660 5392 (Isai.
687 5319 748 5390 ι).
775 5320 894 5377 Non
921 5321 1066 5376 enim
1096 5323 1163 5378 de
1193 5323 1258 5379 iis
1277 5325 1614 5383 cauponibus
1641 5324 1807 5381 Isaias
1827 5341 1945 5381 san-

485 5521 618 5579 Cod.
654 5522 928 5599 Ambros,
959 5526 1032 5578 sic
1062 5523 1208 5578 illum
1247 5524 1371 5596 ﬁdei
1411 5541 1520 5581 suae
1557 5528 1741 5583 virtute
1786 5527 1945 5599 depo-

354 5595 476 5660 suit,
508 5603 566 5647 ut
596 5603 738 5648 tanto
769 5596 941 5661 altius,
984 5602 1088 5651 etc.

427 5664 634 5744 fidem
675 5666 795 5721 cod.
826 5667 1096 5744 Ambros,
1138 5667 1269 5723 Vere
1296 5671 1435 5724 enim
1473 5669 1662 5725 Petrus
1703 5679 1947 5744 tanquam

359 5735 538 5809 solidg
562 5745 710 5809 petra
747 5739 882 5803 saxi,
914 5748 1021 5794 etc.

435 5821 457 5850 c
488 5804 624 5865 Cod.
657 5807 924 5876 Ambros,
959 5820 1176 5868 terrena:
1203 5813 1382 5870 mortis
1413 5813 1604 5871 duritia
1631 5814 1906 5884 deperiret.

644 5906 915 5968 PATROL.
961 5907 1151 5972 LVII.

2041 3209 2276 3263 tionibus
2305 3208 2642 3279 delectatur,
2673 3209 2764 3264 hic
2803 3223 2996 3279 aquam
3027 3209 3153 3263 vino
3180 3209 3498 3278 permiscet,
3529 3207 3634 3264 hoc

2038 3307 2141 3362 est,
2165 3300 2330 3354 rebus
2357 3301 2560 3355 sanctis
2585 3305 2643 3356 et
2668 3299 2891 3354 fervidis
2919 3299 3109 3354 inserit
3135 3314 3223 3353 res
3244 3299 3378 3354 viles
3405 3307 3460 3353 et
3488 3297 3636 3366 frigi-

2039 3390 2154 3446 das.
2179 3391 2286 3446 Sed
2300 3398 2356 3447 et
2379 3391 2460 3450 sic
2483 3406 2771 3463 possumus
2792 3391 3056 3462 accipere,
3073 3389 3218 3462 quod
3245 3390 3406 3445 iidem
3431 3388 3636 3445 Judaeo.

2039 3499 2158 3539 rum
2201 3483 2514 3540 sacerdotes
2555 3499 2749 3554 aquam
2776 3484 2904 3538 vino
2935 3483 3266 3549 miscuerint,
3298 3499 3421 3539 cum
3445 3482 3635 3538 Domi-

2039 3589 2168 3628 num
2197 3573 2536 3629 Salvatorem
2566 3590 2676 3630 non
2703 3574 2847 3630 sicut
2875 3573 3044 3629 Deum
3091 3572 3111 3611 ¹
3144 3573 3510 3644 susciperent,
3539 3573 3638 3632 sed

2039 3666 2178 3720 sicut
2224 3666 2500 3723 hominem
2523 3665 2853 3736 iudicarent,
2887 3673 2941 3720 et
2967 3666 3191 3721 sincerae
3218 3651 3281 3721 ac
3326 3681 3487 3722 mene
3521 3666 3637 3735 ejus

2038 3755 2307 3811 divinitati
2335 3755 2608 3812 turbidum
2634 3756 2887 3828 quiddam
2917 3771 2980 3811 ac
3006 3755 3282 3812 sordidum
3313 3756 3510 3811 inferre
3537 3771 3638 3811 vo-

2040 3849 2258 3919 luerint,
2288 3849 2533 3905 dicentes
2555 3849 2623 3904 ad
2652 3864 2775 3904 eum
2809 3867 2822 3902 ε
2858 3848 3018 3918 Quia,
3048 3866 3164 3903 cum
3192 3850 3344 3904 homo
3374 3851 3465 3916 sis,
3506 3850 3640 3920 facis

2043 3949 2090 3998 te
2108 3945 2278 4016 ipsum
2316 3943 2485 3998 Deum
2508 3942 2696 4013 (Joan.
2731 3943 2787 4014 ι)
2816 3951 2907 3999 :et
2932 3943 3126 3998 iterum
3156 3961 3168 3995 :
3203 3941 3321 3997 Nos
3347 3960 3412 3998 ea:
3442 3943 3638 4015 prosti-

2042 4037 2235 4091 tutione
2276 4053 2381 4092 non
2411 4052 2586 4090 sumus
2613 4037 2727 4090 nati
2758 4034 2930 4108 (Ibid.
2961 4035 3059 4105 vr).
3103 4034 3240 4089 Dum
3289 4035 3435 4090 enim
3483 4050 3542 4089 se
3571 4035 3640 4090 ab

2041 4126 2310 4183 adulterio
2340 4128 2742 4199 prostitutionis
2781 4135 3061 4192 excusant,
3088 4127 3236 4182 illum
3281 4127 3336 4181 in
3359 4125 3640 4181 divinitate

2041 4221 2339 4276 nativitatis
2377 4237 2489 4278 sua:
2529 4221 2834 4276 adulterare
2880 4221 3145 4275 nituntur.
3177 4218 3285 4275 Sed
3311 4217 3490 4274 adhuc
3517 4218 3642 4272 dili-

2040 4313 2255 4389 gentius
2275 4312 2554 4369 videamus
2577 4312 2707 4385 quid
2727 4314 2797 4368 sit
2817 4313 2963 4384 quod
2984 4313 3086 4366 ait:
3107 4310 3428 4366 Permiscent
3451 4327 3640 4382 aquam

2040 4405 2158 4460 vino
2189 4403 2338 4477 (Luc.
2376 4404 2451 4476 ν).
2489 4404 2740 4474 Legimus
2767 4405 2952 4458 vinum
2983 4403 3039 4456 in
3064 4401 3304 4458 Ecclesia
3333 4401 3642 4471 specialiter
3742 4405 3760 4419 ‘

2041 4498 2339 4574 abundare,
2355 4498 2494 4552 sicut
2518 4498 2570 4551 in
2595 4496 2889 4564 Evangelio
2908 4494 3120 4566 (Matth.
3144 4510 3199 4560 n;
3215 4493 3340 4547 Luc.
3357 4493 3412 4563 v)
3435 4493 3639 4548 dictum

2041 4601 2142 4648 est:
2159 4593 2341 4646 vinum
2351 4590 2510 4662 342
2524 4605 2724 4644 novum
2736 4589 2791 4642 in
2805 4595 2952 4641 utres
2963 4599 3133 4640 novos
3144 4599 3262 4640 esse
3274 4584 3632 4651 condendum;

2041 4682 2148 4738 hoc
2167 4688 2251 4736 est
2292 4681 2346 4734 in
2365 4695 2538 4735 novos
2564 4679 2831 4744 homines,
2875 4677 3180 4748 neophytos
3211 4676 3444 4747 Spiritus
3462 4678 3637 4732 sancti

2041 4775 2269 4843 gratiam
2297 4771 2697 4828 conferendam.
2722 4771 2781 4827 Si
2806 4771 2968 4840 igitur
3004 4770 3243 4842 pretiosa
3283 4778 3340 4827 et
3383 4771 3639 4842 spiritalis

2023 4869 2154 4940 Ivini
2196 4867 2368 4938 gratia
2411 4866 2651 4922 abundat
2687 4867 2741 4921 in
2778 4864 3049 4941 Ecclesia;
3081 4880 3218 4936 aqua
3244 4865 3365 4921 vilis
3391 4874 3448 4921 et
3474 4865 3641 4921 fetida

2042 4963 2146 5018 nisi
2176 4963 2231 5018 in
2250 4961 2535 5036 Synagoga
2563 4967 2648 5018 est
2667 4959 2976 5026 referenda;
2996 4959 3160 5015 fetida
3186 4960 3327 5015 enim
3344 4958 3641 5032 Synagoga:

2045 5069 2186 5126 aqua
2211 5062 2317 5124 est,
2346 5070 2467 5125 quae
2494 5054 2818 5124 baptismate
2841 5068 2940 5110 suo
2969 5060 3191 5123 peccata
3215 5069 3323 5108 non
3349 5051 3520 5119 diluit,
3547 5051 3644 5106 sed

2047 5147 2309 5218 acquirit;
2331 5162 2453 5217 quae
2473 5147 2747 5203 hominem
2767 5161 2876 5202 non
2892 5145 3142 5216 purilicat
3160 5144 3380 5216 proprio
3402 5145 3664 5212 lavacro,‘

2046 5237 2142 5294 sed
2176 5238 2390 5310 polluit.
2441 5238 2683 5310 Denique
2719 5239 2858 5295 sicut
2909 5237 2965 5293 in
3000 5237 3110 5292 vini
3149 5237 3356 5292 utribus
3405 5235 3644 5291 Ecclesia

2048 5330 2348 5387 honoratur
2366 5374 2382 5402 ,
2403 5331 2478 5388 ita
2498 5340 2556 5389 et
2574 5348 2700 5389 cum
2729 5347 2884 5402 aqua:
2905 5338 3027 5388 utre
3037 5331 3318 5404 Synagoga
3339 5328 3642 5401 projicitur.

2125 5526 2417 5602 aliterque
2445 5532 2565 5588 cod.
2599 5532 2656 5588 8.
2689 5530 2878 5587 Crucis
2910 5530 2964 5586 in
2993 5529 3105 5602 ger.
3129 5529 3330 5585 omittit
3356 5545 3566 5600 paucos.

2124 5613 2147 5640 ε
2181 5600 2417 5671 Uterque
2445 5603 2565 5660 cod.
2609 5603 2667 5658 S.
2695 5602 2884 5658 Crucis
2909 5602 2962 5655 in
2992 5600 3124 5666 Jer.,
3154 5617 3257 5656 non
3279 5601 3671 5671 annumeratio_

2048 5676 2228 5754 pretii,
2249 5673 2340 5729 sed
2369 5673 3015 5754 anitumerqﬁqprmcepti.

2129 5747 2146 5784 ί
2185 5743 2423 5815 Uterque
2448 5743 2572 5800 cod.
2621 5744 2679 5800 S.
2705 5740 2891 5800 crucis
2919 5740 2972 5797 in
2994 5740 3136 5815 AJer.,
3169 5758 3276 5815 non
3303 5743 3435 5800 sicut
3475 5741 3643 5801 Deum

2049 5813 2384 5886 susceperint,
2410 5815 2502 5872 sed
2528 5817 2661 5872 sicut
2690 5815 2948 5871 hominem
2973 5813 3285 5885 judicarint.

3296 5904 3373 5966 16
