4056 6346
241 311 332 376 δοῦ

1614 306 1893 363 ΗΟΜΙΙᾸΑ
1930 304 2062 363 ΟΠ.

3390 310 3499 367 498

134 456 141 463 ο
236 429 466 490 meridies
483 425 765 482 denarium
787 423 1288 496 daredcspexerit,
1336 422 1578 480 ealendis
1608 421 1675 475 ad
1701 420 1800 476 do-
1826 424 1876 483 Α
1903 427 2093 486 tatem,
2146 419 2231 476 vel
2275 419 2551 476 tristitiam
2602 421 2935 481 metiuntur?
2974 422 3105 490 Quae
3147 437 3272 480 cum
3310 424 3517 496 inepta.

237 537 372 580 mum
397 517 551 575 amici
578 532 714 573 auro
733 524 960 574 onustus
985 523 1263 588 properat,
1293 516 1386 587 qui
1422 514 1595 569 Natali
1637 513 1808 570 domi-

202 616 353 672 .nico
394 611 461 668 ad
486 610 773 668 ecclesiam
810 625 1016 667 vacuus
1049 619 1107 667 et
1162 610 1337 666 inanis
1383 607 1616 663 advenit.
1644 604 1809 660 Vides

237 719 356 775 ergo
379 702 527 777 quod
545 702 688 773 apud
716 703 1006 775 plerosque
1023 702 1144 774 plus
1180 711 1265 759 est
1293 714 1531 773 praesens
1568 696 1807 752 adulau'o

234 812 381 868 mam
408 793 582 851 littera
630 796 1014 852 remuneratio.
1047 794 1328 850 Libentius
1372 792 1537 849 habet
1559 789 1804 845 osctilnm

233 888 443 961 potioris
488 902 653 959 quam
702 888 932 958 gloriam
976 886 1293 943 Salvatoris.
1353 881 1510 952 Quod
1560 880 1803 938 osculum

231 980 458 1036 osculum
481 993 595 1034 non
633 978 919 1034 dicendum
945 986 1048 1045 est,
1075 978 1202 1048 quia
1228 976 1422 1033 venale
1442 982 1543 1030 est.
1575 972 1710 1028 Nam
1745 979 1802 1027 et

230 1070 379 1128 ludas
398 1070 646 1128 Scarioth
670 1072 765 1127 tali
792 1072 980 1129 osculo
1003 1071 1346 1128 osculabatur
1367 1067 1678 1134 Dominum,
1703 1064 1801 1123 sed

227 1162 343 1217 huic
382 1161 530 1217 illum
571 1172 599 1203 ι
647 1163 860 1219 tradere
902 1164 1219 1219 conabatur.
1252 1161 1369 1219 Hoc
1421 1167 1602 1216 autem
1639 1155 1800 1228 quale

230 1264 306 1313 est
330 1255 356 1295 δ
384 1255 554 1327 quod,
581 1256 900 1327 interposita
928 1256 1035 1322 dic,
1079 1256 1173 1313 tali
1198 1255 1345 1311 inani
1382 1252 1631 1320 exordio,
1654 1249 1803 1307 velut

224 1348 528 1419 incipientes
554 1350 758 1414 vivere,
787 1358 881 1403 aut
918 1348 1157 1419 auspicia
1194 1347 1478 1415 colligant,
1507 1343 1798 1412 omniaque

224 1439 558 1511 perquirant;
607 1448 664 1497 et
691 1440 887 1497 exinde
925 1439 1095 1499 totius
1122 1441 1249 1496 anni
1278 1439 1381 1496 sibi
1408 1436 1496 1493 vel
1522 1434 1799 1507 prosperi-

1914 514 2024 570 sint
2050 521 2107 569 et
2134 512 2380 582 ridicula,
2410 521 2526 571 tum
2563 514 2671 573 illis
2702 516 2833 586 ipsis
2881 516 2968 573 vel
2992 515 3202 573 inutilia
3231 525 3379 585 sunt,
3407 518 3497 576 vel

1914 606 2124 663 nociva.
2147 605 2281 662 N
2303 608 2719 678 prosperitatem
2752 622 2863 666 non
2889 606 3118 678 habent,
3144 608 3272 664 dum
3296 609 3495 669 fallun-

1914 708 2003 755 tur
2027 700 2301 769 auguriis:
2340 700 2616 757 tristitiam
2652 716 2869 772 semper
2891 700 3116 771 habent,
3161 701 3288 759 dum
3318 718 3497 760 reme.

1911 792 2219 849 moratione
2246 793 2487 849 omnium
2514 799 2640 849 sunt
2656 793 2872 851 solliciti
2902 808 2973 851 ne
3007 794 3344 864 contingant.
3377 796 3495 853 Hoc

1916 896 1937 923 ε
1964 893 2145 942 autem
2185 885 2345 941 malis
2371 884 2485 942 suis
2514 884 2741 953 addunt,
2766 895 2826 940 ut
2850 885 3005 956 quasi
3031 885 3105 943 de
3121 887 3493 956 auspicatione

1903 975 2121 1031 domum
2156 975 2448 1033 redeuntes
2489 976 2827 1033 ramusculos
2872 984 3087 1045 gestent
3126 979 3178 1033 in
3220 978 3492 1044 manibus,

1904 1067 2113 1123 scilicet
2131 1082 2233 1138 pro
2253 1068 2452 1133 auirio,
2470 1075 2531 1124 ut
2542 1067 2631 1123 vel
2649 1067 2830 1123 onusti
2855 1066 2922 1122 ad
2945 1067 3488 1138 hospitiumredeant:

1903 1174 2013 1215 non
2041 1160 2401 1230 intelligentcs
2426 1160 2632 1229 miseri,
2655 1159 2799 1230 quod
2821 1159 3001 1216 onusti
3016 1159 3244 1229 quidem
3266 1161 3494 1217 redeunt

1903 1265 2012 1306 non
2061 1251 2274 1308 sarcina
2324 1266 2611 1311 munerum
2635 1290 2653 1320 ,
2703 1248 2799 1311 sed
2849 1249 3066 1307 stimulo
3123 1258 3488 1322 peccatorum.

1904 1340 2071 1399 Finit.

1576 1524 1923 1590 BOMILIA
1972 1525 2133 1588 CIV.

1239 1630 1432 1702 Incipit
1464 1629 1528 1684 de
1555 1626 1815 1682 heretici:
1852 1634 2069 1694 peccata
2094 1625 2452 1682 vendentibus.

1657 1712 2056 1773 ADMONITIO.

279 1836 433 1918 345
470 1838 591 1918 ηοο
613 1839 766 1918 titulo
779 1840 1108 1918 inscriptam
1138 1837 1413 1918 homiliam
1458 1830 1669 1918 reperit
1691 1826 2358 1918 _M_abi_lloniuscodice
2384 1827 2739 1918 ASAangallensi
2788 1833 3046 1918 num._8‘0
3087 1837 3205 1891 sine
3245 1836 3489 1918 auctoris

216 1899 442 1967 nomine.
494 1910 556 1969 At
588 1911 918 1967 clarissimus
947 1899 993 1967 is
1020 1911 1122 1972 vir,
1155 1925 1277 1965 cum
1319 1908 1459 1962 inter
1485 1899 1711 1959 (δέδιθι-δε
1742 1899 1959 1955 Maximi
1971 1901 2242 1975 Abomilias
2290 1902 2489 1975 inserta
2507 1900 2890 1975 _videatur,et
2916 1905 3083 1975 stylus
3112 1905 3334 1961 omnino
3354 1921 3487 1962 eon-

216 1978 387 2034 formis
403 1982 640 2047 eluceat,
673 1995 793 2037 eam
823 1981 881 2038 S.
915 1981 1143 2037 antistiti
1171 1977 1489 2034 Taurinensi
1520 1974 1700 2045 potius

1745 1984 1906 2058 quam
1938 1967 2092 2058 alteri
2115 1986 2235 2058 esse
2275 1970 2617 2058 tribuendam
2666 1967 2881 2058 statuit;
2933 1967 3094 2058 atque
3122 1991 3244 2058 cum
3269 1977 3489 2058 reliquis

214 2052 412 2107 naviter
438 2038 685 2109 detectis
701 2053 907 2127 primus
935 2066 1081 2127 num.
1116 2050 1151 2127 ξ)
1180 2048 1373 2127 edidit,
1395 2056 1449 2127 et
1473 2038 1591 2127 post
1614 2038 2096 2127 eumiGallandius.
2120 2042 2347 2127 illorum
2375 2042 2622 2113 exempla
2654 2051 2709 2127 e_t
2742 2038 3031 2127 nossecuti
3058 2056 3260 2111 sumus,
3294 2038 3487 2127 admo-

214 2130 389 2177 nentes
420 2131 609 2178 tamen
630 2110 777 2192 qubd
808 2118 1063 2178 nonnulla
1116 2122 1171 2177 in
1216 2110 1530 2192 pmiatione
1560 2114 1665 2169 bac
1692 2111 1763 2166 de
1814 2110 2034 2192 humilia
2083 2113 2388 2192 attigimus,
2436 2110 2631 2192 nempe
2680 2113 3258 2192 htereticos,_‘quorum
3315 2118 3489 2192 auda-

214 2192 335 2265 ciam
377 2202 431 2248 et
480 2180 821 2265 impietatem
858 2207 1145 2264 aggressus
1192 2180 1277 2247 e'st
1304 2189 1593 2256 Maximus,
1632 2180 1946 2255 progeniem
1990 2180 2279 2254 quamdam

212 2261 509 2317 habendam
541 2261 680 2318 esse.

2329 2156 3488 2258 iiaiiéiéi’SmKHTQnH'sé’Fpeﬁi‘iﬁin

210 2358 596 2426 Accusamus.
643 2382 712 2426 έ-
763 2354 998 2410 Primum
1049 2355 1110 2411 S.
1157 2355 1426 2426 episcopus
1470 2348 1792 2426 Christianos
1824 2346 1876 2411 Β,
1897 2344 2062 2407 nulla,
2090 2345 2495 2416 quibuscunque
2514 2345 2678 2420 346
2694 2346 2896 2418 passim
2924 2346 3042 2404 sine
3056 2347 3250 2403 merito
3278 2364 3342 2404 ac
3370 2349 3488 2405 sine

208 2458 215 2465 -
270 2418 516 2496 admonet
545 2443 607 2479 ne
639 2425 694 2479 in
737 2426 1080 2494 procurandis
1122 2418 1488 2496 teniporatilms
1515 2420 1661 2474 bonis
1688 2418 1795 2496 soi-

274 2494 597 2550 licitndirtem
624 2488 952 2565 impendant;
982 2495 1170 2550 deinde
1204 2488 1294 2550 eos
1335 2493 1660 2549 vehementer
1693 2488 1795 2543 ld-

270 2565 506 2638 hortatur
536 2578 592 2621 nt
612 2567 790 2636 ﬁdem,
813 2568 1092 2638 justitiam,
1126 2566 1399 2638 caritatem
1429 2568 1701 2638 quierant;
1732 2573 1795 2638 ac

270 2636 474 2691 tandem
540 2633 731 2692 inuenit
776 2633 978 2709 centra
998 2638 1267 2692 haereticos
1308 2633 1541 2709 illos—qui
1585 2636 1796 2701 accepta

265 2709 479 2775 pecunia
519 2718 731 2778 peccata
760 2707 1104 2781 dimittehant.

266 2796 490 2869 Semper
528 2798 836 2854 meminisse
862 2806 919 2854 et
941 2807 1065 2853 ante
1080 2797 1266 2854 oculos
1292 2796 1495 2851 habere
1510 2792 1792 2858 debemus,

204 2882 385 2944 fratres
426 2889 812 2959 dilectissimi,
849 2888 994 2959 quod
1046 2887 1307 2944 Dominus
1359 2885 1514 2942 Iesus
1550 2882 1793 2940 Christus

204 2978 317 3035 ideo
363 2980 430 3036 ad
488 2989 696 3035 terram
723 2979 1004 3036 descendit
1043 2980 1112 3035 de
1136 2979 1306 3047 ctelis,
1337 2987 1395 3033 ut
1420 2980 1585 3033 vitam
1639 2975 1794 3030 nobis

202 3069 480 3141 largiretur
529 3080 805 3128 mtemam.
838 3071 1006 3140 Idem,
1031 3088 1152 3128 cum
1170 3081 1315 3130 esset
1344 3071 1437 3127 Dei
1468 3069 1651 3136 Filius,
1677 3067 1791 3125 ﬁeri

201 3163 421 3223 hominis
443 3167 595 3222 illius
617 3168 821 3232 maluit,
854 3174 913 3221 ut
946 3180 1045 3221 nos
1072 3167 1162 3235 qui
1186 3182 1400 3221 eramus
1420 3165 1669 3219 homines
1696 3161 1792 3217 Dei

201 3255 331 3313 ﬁlios
369 3257 601 3315 faceret.
631 3257 748 3314 Non
777 3260 925 3314 enim
947 3266 1170 3334 propter
1190 3259 1331 3313 hanc
1357 3258 1525 3311 vitam
1555 3270 1792 3326 praesen-

201 3354 303 3402 tem
333 3356 511 3405 tantae
542 3349 819 3419 dignitatis
868 3355 1122 3421 operatus
1161 3356 1247 3406 est
1298 3348 1634 3420 mysterium,
1673 3360 1792 3415 quae

198 3446 274 3495 est
297 3440 502 3508 brevis,
534 3440 759 3509 caduca,
789 3442 1071 3507 mortalis,
1101 3439 1196 3496 sed
1242 3446 1464 3509 propter
1490 3436 1639 3493 illam
1673 3449 1793 3507 quae

199 3542 454 3603 perpetua
488 3539 551 3588 et
578 3534 909 3603 sempiterna
939 3538 1042 3596 est.
1075 3532 1264 3604 Neque
1283 3531 1429 3588 enim
1472 3530 1615 3586 Deus
1634 3529 1792 3585 nobis

196 3621 348 3693 huius
368 3624 500 3679 vitae
528 3624 923 3693 lnngzevitatem
950 3633 1303 3696 praestaturus
1331 3631 1471 3692 erat,
1492 3636 1613 3691 qua:
1632 3621 1791 3693 plena

1890 2436 2096 2506 judicio
2116 2435 2456 2509 deferuntur,
2476 2440 2605 2512 quia
2626 2455 2737 2496 non
2762 2439 2820 2496 in
2848 2441 3343 2497 remunerationem
3360 2442 3487 2498 data

1894 2536 2043 2595 sunt,
2089 2529 2186 2587 sed
2232 2530 2305 2587 ad
2342 2531 2718 2588 tentatiouem.
2749 2530 2860 2588 Nos
2902 2532 3099 2601 igitur,
3130 2532 3330 2604 quibus
3379 2536 3489 2590 vita

1894 2626 2099 2674 aeterna
2129 2620 2489 2689 promittitur,
2519 2628 2721 2677 acterna
2749 2635 2970 2693 semper
3019 2623 3161 2678 bona
3210 2624 3490 2694 possidere

1894 2709 2155 2766 debemus
2180 2718 2240 2766 et
2266 2726 2528 2783 quaerere,
2558 2711 2666 2769 boc
2692 2720 2776 2769 est
2804 2712 2991 2780 ﬁdem,
3019 2714 3317 2784 justitiam,
3347 2717 3487 2771 cari-

1893 2807 2083 2857 tatem.
2114 2799 2328 2858 Habent
2355 2802 2501 2858 enim
2540 2804 2641 2858 ista
2671 2803 3193 2886 bonaadversarios
3240 2820 3399 2873 suos;
3433 2813 3488 2861 et

1893 2891 2021 2949 licet
2067 2894 2185 2951 haec
2211 2893 2351 2950 dona
2385 2896 2453 2951 ab
2493 2895 2805 2953 hominibus
2832 2896 3066 2954 conferri
3096 2914 3204 2955 non
3228 2908 3487 2971 possunt,

1893 2984 2205 3055 frequenter
2227 2993 2408 3041 tamen
2434 3001 2464 3041 a
2494 2988 2680 3058 pravis
2693 2988 3005 3045 hominibus
3033 2989 3364 3048 auferuntur.
3396 2993 3488 3047 At-

1893 3092 1997 3148 que
2024 3078 2147 3134 ideo
2168 3078 2312 3135 circa
2345 3077 2473 3136 ﬁdei
2499 3080 2702 3137 bonum
2734 3072 2953 3139 solliciti
2980 3098 3099 3139 esse
3126 3084 3403 3153 debemus,
3434 3095 3489 3142 ct

1887 3168 2118 3240 providi,
2138 3177 2193 3227 et
2214 3169 2282 3225 ad
2305 3171 2606 3227 custodiam
2631 3171 2747 3241 ejus
2776 3174 2972 3230 mentis
3010 3174 3298 3233 devotione
3327 3194 3473 3233 sem-

1891 3276 1989 3332 per
2025 3277 2147 3318 esse
2176 3263 2392 3332 armati,
2425 3277 2526 3319 nec
2550 3264 2985 3321 cito'fallacibus
3014 3269 3236 3323 credere
3277 3270 3489 3325 blandi-

1892 3353 2107 3407 mentis.
2142 3353 2295 3408 Solet
2322 3353 2466 3408 enim
2494 3353 2595 3410 sub
2640 3364 2910 3425 praetextu
2936 3357 3084 3427 pacis
3128 3358 3299 3413 hostis
3342 3361 3475 3414 irre-

1892 3457 2047 3515 pere,
2068 3444 2177 3499 hoc
2194 3451 2277 3499 est
2298 3442 2398 3499 sub
2425 3444 2694 3501 vocabulo
2719 3447 2957 3501 numinis
2998 3445 3292 3503 Christiani
3318 3450 3491 3507 hzeren

1892 3533 2033 3593 ticus
2055 3535 2384 3602 subintrare,
2414 3536 2507 3606 qui
2534 3534 2605 3591 ad
2629 3535 2978 3607 decipiendos
3012 3538 3287 3609 simplices
3315 3541 3489 3597 homi-

1890 3639 1990 3681 nes
2008 3623 2284 3682 Christum
2304 3626 2360 3681 in
2389 3642 2485 3681 ore
2513 3633 2712 3697 portat,
2744 3626 3016 3682 diabolum
3044 3636 3199 3698 gerat
3218 3631 3273 3685 in
3300 3633 3485 3702 corde;

197 3723 273 3770 est
295 3715 579 3776 aerumnis,
596 3715 889 3783 laboribus,
918 3724 1195 3786 egestate;
1229 3731 1297 3772 ne
1323 3730 1433 3771 non
1460 3722 1570 3769 tam
1590 3715 1792 3781 longae-
1815 3715 1863 3779 C
1893 3725 1949 3772 et
1968 3732 2088 3772 eum
2119 3716 2334 3787 quidem
2362 3717 2541 3788 lingua
2571 3718 2885 3789 conﬁtetur,
2908 3720 3004 3775 sed
3023 3728 3207 3776 mente
3233 3721 3489 3795 blasphe-

199 3808 423 3863 vitatem
478 3809 604 3863 vitm
641 3816 923 3879 praestaret
949 3824 1109 3879 quam
1139 3808 1554 3879 perpetuitatem
1579 3801 1609 3842 ά
1634 3805 1790 3859 labo-

195 3902 333 3955 rum.
386 3900 530 3955 Nam
560 3900 669 3957 hoc
696 3901 749 3954 in
781 3900 871 3955 illa
908 3900 1134 3956 remedii
1179 3899 1355 3955 solum
1399 3898 1612 3963 videtur
1648 3912 1791 3966 esse,

194 3992 335 4061 quod
372 4002 401 4030 ο
422 3992 610 4059 brevis
655 3999 758 4046 est.
790 3991 942 4047 Unde
969 3998 1025 4047 et
1052 3990 1344 4062 Apostolus
1382 3991 1495 4045 ait:
1529 3990 1591 4047 Si
1612 3991 1671 4045 in
1697 3989 1795 4043 hac

192 4085 293 4138 vita
313 4093 527 4139 tantum
550 4084 605 4136 in
637 4083 838 4137 Christo
864 4084 1153 4154 speramus,
1192 4083 1594 4138 miserabiliores
1618 4097 1791 4137 sumus

192 4177 433 4232 omnibus
478 4174 845 4247 hominibus“
872 4177 992 4233 Cor.
1021 4176 1134 4249 xv).
1170 4176 1286 4231 Non
1307 4191 1434 4247 ergo
1471 4177 1523 4230 in
1553 4176 1657 4231 hac
1684 4176 1790 4229 vita

190 4274 406 4322 tantum
437 4267 495 4319 in
525 4265 742 4323 Christo
764 4268 1085 4337 sperandum
1126 4276 1228 4336 est,
1260 4269 1313 4323 in
1341 4282 1444 4337 qua
1474 4267 1601 4322 mali
1630 4281 1792 4338 quam

190 4357 317 4414 boni
361 4357 661 4429 plurimum
688 4365 951 4428 possunt:
1000 4359 1053 4413 in
1079 4375 1183 4430 qua
1215 4358 1481 4415 feliciores
1510 4365 1669 4423 sunt,
1700 4358 1793 4429 qui
1828 4420 1829 4425 η

188 4449 409 4519 pejores
432 4456 594 4513 sunt;
619 4456 674 4503 et
701 4463 962 4520 prospere
980 4450 1151 4518 magis
1169 4450 1388 4517 degunt,
1419 4449 1510 4519 qui
1537 4449 1795 4505 crimino-

189 4543 301 4599 sbts
327 4551 749 4600 conversantur.
775 4543 917 4610 Quid
937 4545 1081 4599 enim
1106 4543 1236 4598 boni
1266 4544 1381 4599 haec
1398 4546 1505 4598 vita
1530 4543 1795 4614 possidet?

190 4633 471 4702 Rariores,
508 4634 742 4705 divitias,
763 4637 1073 4705 sanitatem,
1102 4651 1242 4705 quae,
1276 4636 1401 4689 licet
1430 4636 1637 4691 caduca
1662 4635 1787 4698 sint,

194 4738 299 4781 non
327 4739 523 4782 tamen
553 4727 757 4782 meritis
772 4728 1057 4792 accedunt,
1086 4726 1185 4782 sed
1210 4724 1434 4781 fortuito
1454 4725 1789 4793 contingunt.

192 4816 451 4885 Quantos
504 4819 649 4872 enim
697 4818 942 4874 videmus
991 4832 1131 4887 quos
1173 4818 1469 4871 honoratos
1508 4814 1637 4871 iecit
1685 4829 1797 4869 non

196 4909 493 4989 honestas,
526 4910 620 4966 sed
648 4912 925 4982 potestas?
948 4909 1191 4977 Quantos
1236 4909 1450 4967 divitias
1473 4915 1795 4965 consecutos

191 5015 303 5057 non
325 5003 567 5058 relictas
581 5018 611 5056 a
640 5002 970 5073 parentibus,
995 5001 1091 5057 sed
1119 5001 1463 5070 sanguinibus
1482 5002 1805 5071 occupatas?

1892 3815 2028 3865 mat.
2060 3809 2142 3864 Ab
2186 3808 2292 3863 hoc
2320 3808 2485 3877 igitur
2532 3815 2750 3880 oportet
2793 3810 3009 3880 penitus
3055 3810 3335 3881 declinari,
3388 3830 3488 3872 nec

1892 3900 2069 3970 aliqua
2092 3900 2358 3956 societate
2386 3899 2661 3969 conjungi.
2695 3899 2795 3967 Qui
2816 3901 2958 3957 enim
2991 3903 3238 3960 inimicus
3264 3913 3347 3961 est
3375 3906 3486 3962 Do-

1892 3994 2043 4059 mini,
2072 3992 2346 4064 quomodo
2394 3993 2605 4049 amicus
2631 4001 2716 4050 est
2757 3995 3134 4052 servulorum?
3161 3996 3273 4054 Nec
3300 4000 3488 4068 mirari

1892 4084 2150 4142 debemus
2204 4084 2357 4155 quod
2390 4084 2703 4154 hujusmodi
2746 4085 2989 4144 haeretici
3026 4089 3081 4142 in
3116 4097 3301 4145 nostra
3330 4092 3487 4147 aber-

1892 4193 2013 4234 rare
2041 4178 2309 4250 caaperint
2332 4179 2576 4248 regione.
2610 4178 2839 4250 Semper
2866 4182 3009 4235 enim
3050 4196 3268 4253 gregem
3301 4186 3483 4243 ovium

1892 4270 2179 4327 insidiator
2199 4270 2358 4341 lupus
2376 4270 2643 4340 sequitur,
2665 4285 2882 4341 semper
2901 4271 3265 4329 Christianum
3287 4286 3486 4334 emtum

1892 4361 2137 4417 diabolus
2166 4362 2427 4432 deceptor
2454 4362 2713 4419 incursat.
2738 4361 2893 4428 Quod
2932 4364 3147 4432 quidem
3176 4364 3235 4419 ﬁt
3262 4368 3485 4432 utiliter,

1895 4460 1952 4511 ut
1979 4455 2296 4511 sollicitiore
2316 4455 2584 4523 custodia,
2611 4470 2711 4511 nec
2731 4467 2947 4523 gregem
2979 4457 3096 4511 ovis
3123 4458 3356 4525 deserat,
3384 4474 3487 4515 nec

1891 4542 2228 4600 Christianus
2248 4543 2544 4599 Ecclesium
2560 4543 2916 4612 derelinquat.
2938 4543 3094 4601 Unde
3112 4554 3169 4602 et
3196 4547 3485 4617 Apostolus

1893 4635 1970 4689 ait
2000 4654 2014 4689 :
2046 4632 2259 4707 Oportet
2287 4635 2444 4687 etiam
2464 4633 2683 4688 hereses
2710 4634 2959 4698 existere,
2988 4642 3046 4687 ut
3073 4633 3277 4705 probati
3312 4638 3483 4691 mani-

1896 4727 2017 4796 festi
2041 4725 2176 4795 ﬁant
2201 4726 2339 4779 inter
2369 4738 2458 4778 vos
2479 4721 2537 4795 (Ι
2563 4720 2684 4778 Cor.
2708 4721 2791 4795 ιι)
2821 4740 2834 4775 :
2866 4730 3123 4793 tanquam
3167 4725 3212 4779 si
3240 4725 3482 4783 diceret:

1894 4816 2121 4887 Oportet
2141 4829 2261 4871 esse
2280 4814 2603 4871 Christianis
2625 4813 2747 4870 ﬁdei
2775 4825 3029 4885 pugnam,
3060 4823 3125 4870 ut
3143 4816 3219 4873 sit
3238 4816 3482 4887 probatis

1894 4915 2043 4966 certa
2347 4906 2480 4962 Nam
2516 4913 2579 4962 ut
2621 4922 2809 4963 eorum
2854 4907 3072 4963 interim
3125 4909 3484 4980 blasphemias

1896 5011 2240 5069 seponamus,
2270 5005 2579 5053 retexentes
2624 5010 2745 5066 qum
2780 4996 2891 5052 sint
2936 4997 3177 5067 ipsorum
3218 5009 3484 5072 percepta

193 5091 453 5158 Quales
480 5092 846 5149 membrorum
874 5094 1113 5147 sanitate
1135 5093 1425 5163 pollentes,
1448 5092 1543 5163 qui
1562 5106 1675 5146 non
1701 5091 1795 5146 Dei
1818 5094 1871 5155 Β
1896 5088 2131 5145 vivendi.
2163 5087 2447 5158 Prapositi
2490 5102 2679 5143 eorum
2723 5103 2861 5159 quos
2898 5089 3241 5160 presbyteros
3264 5102 3483 5161 vocant,

193 5184 584 5242 misericordia
634 5184 1036 5253 gubernantur;
1088 5183 1185 5239 sed
1223 5182 1499 5254 pecudum
1530 5183 1796 5252 sanguine

195 5274 719 5332 crassam-ﬁlms
766 5274 949 5345 igitur,
998 5276 1129 5346 qui
1168 5275 1481 5345 temporalia
1532 5282 1687 5339 sunt,
1742 5283 1799 5330 et

267 5513 305 5543 ιιι
327 5500 482 5587 ,6ρᾶΓ
517 5504 763 5587 Ambros.
786 5504 863 5587 ita
889 5519 1100 5587 sensum
1129 5504 1328 5574 praebet
1359 5523 1370 5558 :
1397 5503 1489 5560 sed
1507 5505 1625 5559 hinc
1645 5504 1797 5561 illu’m

195 5572 558 5638 osculabatur,
589 5575 710 5629 inde
735 5574 1002 5645 vendebat.
1028 5572 1160 5629 Hoc.

268 5643 295 5681 δ
336 5642 485 5726 God.
529 5644 779 5728 .Ambros.
820 5643 950 5728 legit
979 5664 998 5728 ε.
1024 5645 1163 5728 quod
1204 5648 1511 5728 interposita
1539 5647 1643 5711 die,
1670 5656 1789 5728 τμη-τ

194 5729 354 5784 quam
376 5714 542 5786 inani
568 5716 799 5779 exordio,
824 5714 952 5769 velut
979 5714 1276 5786 incipientes
1318 5714 1480 5772 uisere
1508 5718 1791 5786 procedunt

194 5733 354 5784 quam
376 5733 542 5777 manu
568 5733 799 5779 exorato,
824 5733 952 5769 vetui
979 5733 1079 5771 inet
1136 5733 1276 5771 eum
1318 5733 1480 5772 vivere
1508 5733 1791 5786 praecurrat

193 5785 655 5843 Madvimmn.
686 5797 740 5839 ut
760 5787 991 5843 auspicia
1010 5733 1276 5858 εοῆἔςηηι,
1300 5790 1569 5860 omniaque
1594 5792 1795 5860 perqui-

1876 5181 2152 5236 dieuntur
2184 5179 2295 5234 tale
2324 5179 2531 5234 habere
2551 5179 2895 5246 nudatum,
2925 5188 2985 5235 ut
3012 5180 3197 5251 siquis
3223 5182 3485 5240 laicorurn

1904 5272 2083 5327 {assus
2122 5267 2285 5325 fuerit
2328 5268 2538 5325 crium
2576 5269 3341 5340 admiserunmondieatilli:
3373 5268 3508 5350 Ag!

1895 5515 2054 5574 rant;
2086 5515 2136 5562 et
2153 5507 2341 5565 exinde
2359 5506 2460 5563 sibi
2488 5508 2651 5574 futuri
2679 5508 2833 5565 totius
2861 5510 2988 5562 anni
3007 5551 3020 5574 ,
3051 5488 3157 5563 etc.

1969 5547 2460 5643 ῗὰιῖιὶἷ
2488 5547 2946 5644 Ὲῐὶὶἴᾶἰιῖῖὲἱε

1964 5644 1990 5684 δ
2020 5645 2269 5703 Galland.
2292 5648 2446 5707 edit,
2479 5649 2751 5703 malorum.

1968 5728 1990 5756 θ
2021 5717 2365 5773 Emendamla
2388 5717 2519 5771 edit.
2559 5716 2827 5781 Galland.,
2858 5718 2946 5786 qui
2980 5716 3109 5783 legit
3150 5715 3346 5771 brat-ins
3378 5728 3452 5771 «ut
