4056 6346
523 344 630 398 495

1581 334 1638 389 S.
1681 330 1925 388 ΜΑΧΙΜῙ
1961 329 2265 390 EPISCOPI
2303 329 2749 388 TAURlNENSIS

3709 326 3808 382 496

521 454 914 529 penitentiam,
962 450 1182 521 deplora
1231 448 1370 504 facta
1401 452 1510 514 tua,
1543 446 1681 502 deﬂe
1725 454 1978 516 peccata;
2011 447 2106 502 sed
2135 455 2182 510 Α
2211 463 2357 514 xxvr,
2384 444 2504 517 75).
2531 445 2715 511 Vides,
2747 444 2964 516 inquam
2983 486 2998 512 ,
3021 441 3150 512 quia
3177 440 3323 512 apud
3350 438 3627 496 Christum
3649 437 3703 492 in
3733 439 3808 492 la-

523 551 670 606 dicat
701 567 714 602 :
758 547 862 602 Pro
903 545 1124 600 crimine
1151 544 1218 598 da
1246 550 1456 597 tantum
1517 541 1679 606 mihi,
1711 548 1766 594 et
1812 540 2114 608 indulgetur

523 643 642 697 tibi.
674 640 854 695 Vanus
882 638 1040 709 plane
1065 645 1120 691 et
1138 635 1400 705 insipiens
1429 634 1731 704 presbyter,
1761 633 1992 703 quicum
2024 633 2113 686 ille

521 734 759 805 praedam
790 732 1042 802 accipiat,
1081 737 1239 801 putat
1276 728 1417 799 quod
1454 735 1732 797 peccatum
1762 724 2004 781 Christus
2031 725 2117 779 in-

523 827 758 894 dulgeat.
793 823 974 880 Nescit
996 822 1156 894 347
1188 821 1312 890 quia
1343 819 1592 875 Salvator
1611 818 1752 872 solet
1779 825 1999 887 peccata
2029 816 2123 872 do-

524 933 655 972 nare
685 925 741 972 et
766 933 864 987 pro
894 916 1090 971 delicto
1119 927 1362 984 quatrere
1396 910 1663 986 pretiosas
1692 909 1978 979 lacrymas,
2004 924 2112 962 non

499 1011 779 1082 pecunias
806 1008 1160 1063 numerosas?
1189 1004 1343 1060 Unde
1372 1005 1486 1075 ipse
1508 1003 1582 1056 ait
1616 1020 1626 1054 :
1663 1000 1834 1078 Gratis
1866 1010 1891 1037 ἰ
1922 1001 2114 1082 accipi-1

528 1108 592 1159 tis
610 1147 624 1171 ,
656 1105 818 1176 gratis
847 1104 968 1156 date
994 1100 1258 1173 (Malae/1.
1292 1097 1370 1169 ιι).
1401 1097 1641 1165 Denique
1670 1094 1862 1150 Petrus
1890 1110 2010 1148 cum
2033 1094 2110 1148 ter‘

531 1196 776 1266 negando
805 1196 1090 1251 Dominum
1120 1191 1449 1260 deliquisset,
1482 1188 1693 1244 veniam
1737 1203 1846 1242 non
1875 1185 2114 1240 muneri-

524 1291 624 1346 bus
649 1289 876 1352 meruit,
907 1287 1003 1343 sed
1031 1284 1281 1357 lacrymis
1309 1280 1637 1352 impetravit.
1666 1280 1756 1335 Ait
1784 1278 1924 1334 enim
1955 1277 2022 1332 de
2048 1292 2114 1332 eo

525 1382 896 1454 Evangelista:
929 1377 1100 1436 Flevit
1127 1376 1450 1432 amarissime
1467 1372 1614 1446 (Luc.
1643 1387 1774 1436 χχιι,
1795 1370 1893 1438 6‘2;
1918 1369 2110 1424 Matth.

2217 538 2415 609 crymis
2469 545 2552 592 est
2596 537 2903 606 quantitas,
2935 551 3042 591 non
3083 535 3139 589 in
3163 532 3340 589 donis.
3374 530 3545 598 Quam
3575 531 3809 600 graviter

2220 634 2366 688 enim
2409 631 2557 688 ﬂevit
2594 631 2844 702 culpam,
2892 639 3000 685 tam
3029 627 3278 685 celeriter
3305 627 3468 698 3&8
3490 633 3811 682 consecutus

2221 733 2304 780 est
2323 725 2555 778 veniam.
2579 722 2813 792 Suscipit
2838 735 2966 790 ergo
2995 720 3138 776 dona
3161 719 3466 791 presbyter,
3488 725 3546 773 et
3565 716 3812 787 pactione

2223 815 2452 886 quadam
2492 814 2876 884 indulgentiam
2905 813 2972 868 de
3026 812 3308 868 Salvatore
3355 810 3646 882 promittit.
3679 808 3811 862 Insi-

2224 910 2378 980 piens
2404 909 2681 980 placitum,
2715 908 2769 961 in
2796 922 2903 976 quo
2938 906 3134 962 dicitur
3169 905 3346 960 minus
3374 902 3666 972 deliquisse
3704 899 3812 955 Do-

2219 1001 2365 1055 mino
2395 999 2487 1070 qui
2524 999 2646 1069 plus
2675 998 2966 1054 contulerit
2991 996 3276 1053 sacerdoti.
3322 993 3482 1066 Apud
3508 991 3813 1061 huiusmodi

2218 1104 2582 1166 praeceptores
2609 1111 2822 1167 semper
2843 1095 3040 1151 divites
3068 1096 3408 1162 innocentes,
3432 1107 3653 1162 semper
3679 1105 3813 1160 pau-

2219 1204 2379 1259 peres
2409 1191 2708 1248 criminosi.
2739 1189 3022 1257 Quomodo
3053 1204 3256 1260 pauper
3287 1185 3552 1243 satisfacit
3591 1201 3692 1256 pro
3725 1183 3814 1238 de-

2222 1282 2372 1353 licto,
2401 1284 2492 1354 qui
2523 1300 2630 1340 non
2658 1284 2823 1340 habet
2847 1283 2995 1355 quod
3021 1282 3214 1339 offerat
3241 1298 3338 1354 pro
3366 1280 3632 1352 peccato?

1904 1465 2252 1529 HOMILIA
2297 1470 2425 1533 CV.

1553 1573 1766 1646 Incipit,
1789 1573 1924 1645 quod
1946 1590 2050 1627 non
2082 1573 2266 1628 debent
2293 1576 2470 1630 clerici
2491 1578 2769 1648 negotiari.

1953 1662 2345 1720 ADMONITIO.

595 1761 717 1819 Visa
747 1760 843 1841 fuit
866 1760 1172 1841 Mabillonio
1200 1760 1317 1841 lucc
1351 1758 1574 1816 homilia
1615 1759 1666 1840 ei
1713 1772 1856 1841 nex_a_
1887 1771 2052 1841 quam
2089 1772 2251 1841 supra
2280 1758 2546 1841 edidimus
2572 1759 2747 1841 n._Cll
2773 1758 2984 1841 :__De_eo
3027 1757 3165 1841 quod
3195 1758 3442 1841 scriptum
3470 1764 3563 1841 est‘
3587 1755 3643 1809 in
3673 1755 3818 1811 Isaia

523 1853 638 1907 cap.
673 1853 734 1907 1A:
760 1827 1029 1907 Caupones
1061 1833 1367 1907 tuimiscent
1393 1847 1580 1907 aquam
1601 1831 1736 1907 vino,
1771 1827 1860 1881 ubi
1880 1827 1959 1907 Ide
1982 1828 2284 1907 ministerio
2314 1831 2508 1907 altaris
2545 1831 2655 1899 agit
2693 1831 2753 1886 S.
2785 1827 3070 1896 Maximus,
3099 1829 3663 1907 docetqueqmestum
3693 1844 3818 1907 esse

523 1896 884 1961 sacerdotium
915 1921 1021 1959 non
1047 1903 1372 1968 divitiarum,
1405 1896 1501 1956 sed
1531 1902 1849 1954 animarum.
1876 1896 2010 1951 Cum
2037 1913 2165 1966 ergo
2196 1899 2337 1953 idem
2369 1903 2456 1957 hic
2496 1896 2826 1957 instauretur
2855 1908 3254 1968 argumentum,
3280 1896 3583 1968 iisdemque
3611 1897 3820 1953 doctri«

523 1978 604 2031 nis
626 1976 920 2044 negotiatio
940 1975 1210 2031 srecularis
1239 1975 1558 2029 clericorum
1585 1971 1924 2044 reprobetur,
1959 1970 2160 2044 nemini
2189 1971 2409 2044 dubium
2457 1989 2575 2027 esse
2605 1974 2947 2044 potest‘quiu
2985 1971 3164 2044 eidem
3187 1969 3445 2044 Maximo
3479 1969 3706 2044 ltomilia
3726 1970 3801 2044 sit

517 2039 886 2106 concedenda.
918 2045 1239 2101 Auctoritati
1269 2046 1470 2101 codicis
1522 2039 2265 2113 Sangallensis,_judicioque
2321 2039 2637 2112 Mabillonii,
2679 2053 2734 2098 et
2783 2039 3046 2098 Gallandii
3068 2083 3084 2107 ,
3109 2041 3200 2110 qui
3225 2056 3359 2113 eam
3392 2041 3588 2113 iterum
3614 2039 3806 2113 edidit.

518 2118 729 2173 accedit
756 2119 1120 2172 testimonium
1147 2117 1346 2172 codicis
1372 2115 1440 2169 90
1466 2115 1520 2169 S.
1573 2109 1763 2168 Crucis
1813 2112 1866 2165 in
1915 2109 2233 2178 Jerusalem,
2268 2115 2357 2168 ubi
2410 2123 2493 2168 est
2523 2109 2742 2170 homilia
2783 2115 2871 2180 “2.3,
2904 2130 3027 2168 cum
3073 2109 3179 2181 quo
3221 2112 3510 2167 lectionem
3537 2109 3814 2165 Gallandii

516 2189 870 2252 contulimus,
893 2197 947 2243 et
973 2188 1237 2256 aliquibus
1257 2188 1312 2242 in
1340 2187 1476 2242 locis
1497 2185 1921 2256 emendavimus.
1947 2182 2005 2236 ln
2034 2193 2337 2256 memorato
2359 2186 2550 2242 codice
2579 2185 2634 2240 S.
2665 2185 2852 2241 Crucis
2871 2186 3128 2256 illiusest
3155 2184 3370 2256 titulus:
3397 2181 3423 2235 Ι
3432 2192 3545 2256 teni
3554 2182 3621 2234 de
3633 2183 3816 2256 eodem

518 2261 791 2341 sequentia.
810 2277 826 2324 ;
848 2251 1191 2328 Subsequitur
1210 2259 1354 2314 enim
1379 2257 1656 2312 bomiliam
1676 2255 1987 2324 inscriptam
2014 2273 2026 2308 :
2063 2253 2142 2310 De
2170 2273 2229 2310 eo
2259 2256 2394 2327 quod
2417 2259 2668 2328 scriptum
2692 2265 2771 2312 est
2800 2276 2812 2309 :
2852 2255 3069 2311 Reddite
3089 2273 3202 2327 qua:
3227 2253 3326 2308 Dei
3353 2263 3473 2307 sunt
3503 2251 3640 2320 Deo,
3672 2264 3721 2308 et
3752 2254 3815 2306 de

518 2331 888 2384 militantibus.

520 2425 915 2478 Ancuunuruu.
944 2454 1016 2466 -—-
1044 2421 1352 2478 Sacerdotes
1395 2421 1508 2475 ideo
1557 2426 1777 2491 erogant
1824 2417 2115 2491 mundanas
2147 2422 2194 2482 B
2224 2418 2488 2476 Pecunias
2534 2419 2678 2476 enim
2729 2417 2962 2485 Domini,
3015 2417 3122 2473 hoc
3166 2424 3249 2472 est
3279 2415 3497 2485 eloquia
3521 2413 3820 2470 Salvatoris

592 2496 857 2579 pecunias,
884 2503 963 2579 ,ιρι
1011 2503 1231 2579 retentas
1260 2493 1468 2575 divitias
1512 2489 1800 2579 acquirunt.
1835 2489 2116 2544 Mercimo-

591 2563 734 2620 nium
761 2564 1018 2636 quoddam
1045 2572 1122 2618 est
1151 2563 1560 2636 Christianitatis
1588 2563 1828 2632 ofﬁcium,
1859 2567 1909 2614 et
1957 2577 2139 2632 nego-7

593 2638 740 2690 tiatio
769 2633 1017 2705 pretiosa,
1052 2636 1246 2706 functio
1275 2633 1622 2688 sacerdotum.

593 2788 1065 2861 Reprehendimus
1094 2795 1222 2844 ante
1245 2789 1385 2844 diem
1432 2787 1858 2856 negotiationem
1892 2787 2119 2858 clericos

517 2891 879 2951 exercentes,
903 2882 1122 2951 etjusta
1154 2896 1248 2935 eos
1284 2880 1684 2950 quodammodo
1727 2879 1994 2934 sententia
2024 2895 2118 2934 ca-

514 2977 881 3047 stigavimus:
929 2973 1023 3030 sed
1059 2974 1104 3028 si
1150 2981 1298 3028 recte
1347 2971 1372 3010 δ
1403 2971 1833 3040 consideremus,
1883 2970 2118 3026 ofticium

518 3079 766 3130 nostrum
807 3084 935 3124 vere
974 3067 1251 3136 negotium
1278 3073 1396 3131 est;
1442 3073 1498 3120 et
1531 3065 1734 3120 functio
1772 3065 2118 3120 sacerdotalis

517 3161 802 3216 ministerii
832 3159 1037 3214 functio
1079 3157 1324 3229 quatdam
1360 3166 1443 3212 est
1472 3157 1728 3227 spiritalis
1757 3158 2112 3214 mercimonii.

517 3254 646 3312 Ideo
667 3255 811 3310 enim
841 3262 1058 3310 terrena
1105 3252 1495 3323 impendimus,
1528 3259 1587 3306 ut
1633 3253 1872 3308 cmlestia
1921 3267 2113 3308 conse-

517 3363 778 3419 quamur;
802 3346 923 3402 ideo
952 3359 1238 3415 erogamus
1265 3343 1562 3398 mundanas
1581 3345 1858 3415 pecunias,
1877 3351 1936 3398 ut
1963 3351 2118 3398 aeter-

518 3457 616 3496 nas
645 3439 860 3496 divitias
889 3438 1234 3510 acquiramus
1266 3454 1279 3489 :
1305 3436 1430 3491 ideo
1457 3435 1598 3491 fame
1627 3445 1810 3492 nostra
1834 3436 1970 3490 alios
1998 3450 2116 3505 pas-

517 3534 710 3598 cimus,
733 3539 793 3587 ut
832 3547 944 3587 non
976 3541 995 3568 ε
1029 3529 1287 3600 depereat
1325 3529 1580 3584 alimonia
1609 3535 1813 3594 nostra,
1845 3527 1940 3582 sed
1962 3541 2111 3582 cres—

517 3634 621 3679 cat.
647 3622 786 3690 Quid
814 3623 959 3677 enim
988 3621 1089 3676 sibi
1117 3620 1231 3674 vult
1259 3635 1555 3692 pauperum
1603 3635 1701 3690 per
1723 3635 1822 3675 nos
1866 3618 2109 3684 refectio,

514 3714 647 3786 quid
675 3713 944 3768 nudorum
973 3711 1264 3781 protectio,
1289 3711 1416 3778 quid
1435 3718 1836 3766 carceratorum
1849 3709 2109 3776 visitatio,

2226 2515 2443 2586 populis
2471 2514 2744 2584 eroganda
2768 2513 3135 2583 suscepimus;
3164 2512 3232 2566 de
3257 2510 3453 2580 quibus
3491 2509 3723 2579 eloquiis
3753 2509 3820 2564 ad

2221 2607 2369 2663 illum
2399 2616 2642 2663 tenacem
2681 2614 2736 2661 et
2778 2606 3083 2676 imperitum
3113 2602 3399 2658 sacerdotii
3425 2602 3820 2670 negotiatorem

2224 2704 2488 2759 Dominus
2517 2701 2571 2756 in
2601 2699 2888 2768 Evangelio
2917 2699 3048 2754 dicit
3074 2716 3085 2750 :
3122 2698 3279 2752 Serve
3306 2712 3560 2768 nequam,
3595 2697 3821 2765 oportuit

2229 2807 2277 2851 te
2295 2797 2566 2868 pecuniam
2590 2811 2757 2848 meam
2779 2793 2904 2847 dare
2925 2792 2992 2845 ad
3016 2807 3245 2846 mensam
3275 2788 3587 2842 numulariis
3604 2827 3619 2850 ,
3658 2797 3706 2840 et
3726 2803 3821 2858 ego

2219 2890 2424 2943 veniens
2455 2903 2569 2941 cum
2589 2887 2760 2940 usuris
2791 2886 3074 2956 exegissem
3101 2899 3216 2937 eam
3261 2879 3482 2953 (Matth.
3524 2879 3689 2950 xxv).
3721 2879 3820 2932 Ar~

2219 2982 2397 3051 guitur
2425 2981 2588 3046 enim,
2621 2995 2717 3035 cur
2745 2985 3013 3049 praecepta
3034 2976 3339 3032 Divinitatis
3367 2975 3471 3032 sibi
3493 2975 3702 3030 credita
3734 2990 3820 3029 re—

2226 3075 2524 3130 servaverit
2551 3072 2848 3135 reticendo,
2873 3086 2993 3140 qua:
3021 3069 3377 3139 multiplicare
3405 3067 3668 3123 debuerat
3692 3083 3820 3137 pne

2217 3164 2468 3219 dicando.
2494 3163 2782 3232 Arguetur,
2805 3163 3044 3232 inquam,
3076 3178 3171 3217 cur
3191 3177 3298 3216 non
3324 3160 3677 3215 seminaverit
3695 3175 3819 3214 ero-

2216 3257 2390 3326 gando
2419 3272 2538 3326 qua:
2564 3257 2736 3327 possit
2775 3265 2979 3312 metere
3015 3254 3353 3326 colligendo;
3384 3254 3523 3308 sicut
3553 3253 3631 3308 ait
3659 3253 3816 3323 Apo-

2214 3351 2386 3408 stolus
2413 3368 2425 3403 :
2453 3348 2580 3414 Quia
2606 3352 2933 3405 seminaverit
2963 3350 3133 3415 homo,
3152 3350 3260 3403 hac
3289 3358 3340 3402 et
3368 3355 3524 3402 metet
3556 3345 3696 3419 (Gal.
3715 3347 3816 3423 γι),

2217 3443 2305 3498 Ait
2331 3442 2474 3498 enim
2522 3441 2782 3498 Dominus
2813 3461 2826 3496 :
2864 3442 3087 3498 Veniens
3128 3459 3242 3497 cum
3281 3443 3458 3495 usuris
3501 3441 3814 3512 exegissem.

2214 3536 2457 3607 lntellige
2486 3551 2615 3608 ergo
2663 3538 3086 3607 negotiationem
3129 3537 3204 3592 ibi
3232 3552 3371 3601 esse,
3415 3537 3507 3592 ubi
3554 3544 3816 3608 tanquam

2213 3643 2313 3698 pro
2341 3627 2530 3684 fenore
2557 3645 2718 3685 usura
2742 3630 3052 3699 deposcitur
3084 3648 3096 3683 :
3143 3630 3238 3685 sed
3278 3646 3388 3685 non
3410 3630 3501 3684 illa
3521 3646 3688 3687 usura
3712 3647 3814 3701 per

2214 3736 2376 3791 quam
2424 3735 2711 3776 avarorum
2758 3730 2969 3777 mentes
2996 3721 3256 3778 lucrativa
3296 3723 3542 3791 pecunia:
3573 3723 3830 3778 redhibi—

517 3806 626 3862 Πίὸί
648 3805 774 3875 quia
810 3812 1054 3874 sumptus
1213 3804 1267 3858 in
1436 3812 1720 3873 erogatur,
1760 3819 1866 3857 non
1898 3803 2115 3872 impen-
2224 3815 2370 3871 ιίοηθ
2398 3822 2711 3885 pascuntur,
2939 3825 2961 3852 ο
2993 3814 3047 3868 in
3094 3829 3201 3884 qua
3237 3821 3619 3869 remuneratur
3638 3813 3816 3870 credi-

513 3899 684 3964 ditur,
732 3894 827 3952 sed
849 3904 1114 3964 augetur;
1147 3894 1173 3932 ά
1206 3903 1262 3950 et
1283 3896 1580 3964 negotiatio
1601 3896 2001 3966 quodammodo
2030 3912 2112 3950 ar-

516 3990 672 4058 genti
732 4004 854 4043 cum
907 3987 1138 4057 quadam
1211 3987 1343 4041 lucri
1401 4004 1565 4042 usura
1621 3989 1909 4043 servatur?
1966 3987 2110 4042 The-

516 4096 713 4136 saurus
737 4081 880 4134 enim
905 4079 1123 4150 quidam
1148 4079 1300 4134 diviti
1325 4088 1406 4135 est
1439 4095 1647 4151 pauper
1674 4078 2108 4135 esuriens-Elec-

520 4187 805 4242 mosynam
860 4171 1004 4226 enim
1048 4170 1231 4224 datam
1275 4187 1384 4226 non
1433 4171 1689 4237 comedit,
1730 4172 1826 4227 sed
1853 4157 2105 4227 custodit.

521 4264 779 4320 Solvatur
806 4263 932 4318 licet
960 4278 1105 4327 caro,
1138 4271 1193 4316 et
1219 4263 1382 4318 homo
1427 4264 1481 4318 in
1510 4263 1786 4334 pulverem
1814 4264 2105 4334 redigatur,

524 4371 662 4426 opus
692 4362 872 4410 tamen
902 4354 956 4408 in
994 4369 1060 4409 eo
1097 4361 1339 4408 sanctum
1361 4354 1511 4422 vivit,
1534 4362 1589 4410 et
1608 4365 1907 4425 permanet,
1931 4366 1987 4411 et
2006 4357 2109 4411 erit

507 4431 622 4502 tibi
643 4446 696 4500 in
727 4444 815 4500 die
839 4444 1025 4514 judicii
1057 4444 1206 4499 testis
1235 4443 1490 4514 idoneus,
1522 4446 1613 4514 qui
1642 4447 1742 4501 sibi
1774 4455 1857 4502 est
1883 4447 1952 4501 ad
1980 4463 2104 4517 pas-

514 4551 633 4594 tum
662 4546 916 4608 operator
935 4537 1138 4592 inutilis
1170 4555 1182 4590 :
1216 4537 1288 4592 ita
1312 4547 1371 4593 ut
1392 4539 1501 4616 cito
1531 4540 1580 4594 ei
1609 4540 1676 4595 de
1717 4541 1820 4595 tuis
1860 4541 2110 4598 credatur

514 4633 797 4704 operibus,
827 4649 950 4688 cum
991 4633 1080 4703 de
1106 4633 1216 4687 suis
1265 4634 1471 4689 actibus
1517 4651 1627 4690 non
1670 4635 1940 4691 credatur.
1975 4637 2109 4693 Vide

491 4716 647 4794 ergo
676 4727 723 4780 si
747 4741 855 4780 non
897 4726 1192 4794 negotiatio
1232 4735 1314 4781 est
1342 4727 1700 4800 eleemosyna.
1733 4729 1921 4786 Amico
1963 4732 2107 4801 quod

511 4816 744 4885 largitus
779 4815 942 4872 fueris
971 4817 1064 4872 tibi
1101 4819 1257 4888 perit,
1312 4821 1485 4876 solum
1513 4821 1611 4876 tibi
1644 4839 1752 4878 non
1783 4825 1921 4894 perit
1956 4841 2109 4881 men-

512 4908 639 4963 dico
661 4907 809 4977 quod
853 4909 1085 4964 dederis.
1118 4910 1177 4964 ln
1217 4911 1303 4966 die
1326 4912 1514 4981 judicii
1544 4916 1685 4969 enim
1715 4931 1980 4987 pauperes
2006 4918 2106 4974 tibi

516 5007 778 5069 prosunt,
828 4999 986 5056 amici
1011 5000 1212 5070 ﬁliique
1261 5003 1392 5058 nihil
1445 5015 1689 5075 prosunt.
1753 5008 1835 5063 Illi
1885 5025 2102 5066 causam

513 5099 664 5147 tuam
693 5100 884 5162 agent;
916 5092 1004 5148 isti
1033 5109 1134 5150 nec
1180 5109 1396 5150 causam
1441 5112 1592 5153 suam
1628 5107 1888 5169 poterunt
1915 5101 2104 5159 defen-

2217 3909 2323 3964 tori
2349 3908 2612 3977 debitum,
2643 3923 2744 3962 nec
2771 3906 3011 3962 debitum
3039 3916 3334 3961 evacuatur
3358 3947 3372 3971 ,
3406 3906 3500 3961 sed
3530 3906 3619 3960 illa
3653 3922 3814 3965 usura

2216 4001 2526 4072 deposcitur
2555 4000 2645 4054 ubi
2696 4015 2805 4056 non
2847 3999 3196 4054 denariorum
3260 4000 3420 4064 ratio,
3453 3999 3550 4055 sed
3598 4016 3814 4054 morum

2217 4092 2560 4147 conversatio
2587 4098 2935 4162 supputatur,
2962 4090 3052 4146 ubi
3073 4107 3178 4146 non
3217 4090 3286 4146 de
3313 4091 3490 4162 capite
3511 4093 3676 4147 sortis
3700 4093 3813 4159 agi~

2217 4191 2333 4250 tur,
2359 4182 2456 4239 sed
2489 4183 2556 4239 de
2593 4183 2771 4253 capite
2798 4182 2990 4237 salutis
3019 4181 3324 4252 inquiritur.
3351 4180 3638 4237 Debitores
3666 4183 3812 4239 enim

2216 4292 2419 4344 sumus,
2447 4284 2501 4331 et
2529 4275 2749 4330 obnoxii
2775 4275 3074 4330 retinemur
3095 4274 3164 4328 ad
3191 4274 3431 4330 debitum
3449 4317 3464 4340 ,
3494 4292 3601 4331 non
3624 4275 3814 4330 chiro-

2215 4371 2420 4441 grapho
2486 4370 2818 4438 litterarum,
2868 4369 2962 4425 sed
3019 4369 3382 4439 chirographo
3428 4379 3811 4440 peccatorum.

2218 4463 2372 4519 Unde
2419 4472 2474 4518 et
2513 4463 2805 4533 Apostolus
2832 4464 2907 4518 ait
2931 4464 2999 4519 de
3036 4464 3264 4519 Domino
3307 4465 3490 4520 dicens
3523 4483 3535 4516 :
3591 4464 3811 4534 Delens,

2215 4556 2349 4627 quod
2379 4555 2650 4610 adversum
2699 4571 2793 4608 nos
2837 4563 2951 4609 erat
2979 4555 3378 4626 chirographum
3408 4554 3556 4628 (Col.
3589 4556 3648 4624 ιι)
3696 4574 3708 4607 :
3753 4561 3814 4611 et

2214 4649 2438 4717 reliqua.
2463 4646 2631 4716 Hujus
2651 4659 2782 4715 ergo
2802 4647 2968 4702 debiti
2990 4661 3206 4701 usuram
3231 4645 3484 4714 jubemur
3499 4645 3809 4712 exsolvere;

2215 4757 2341 4798 nam
2371 4740 2525 4795 istius
2553 4739 2812 4794 debitoris
2837 4738 3082 4793 meminit
3099 4737 3359 4792 Dominus
3375 4737 3535 4808 350
3550 4736 3604 4789 in
3633 4733 3812 4789 Evan-

2213 4831 2375 4901 gelio,
2407 4830 2594 4887 dicens
2627 4828 2943 4884 tradendum
2964 4829 3107 4883 hunc
3133 4843 3253 4885 esse
3279 4827 3552 4895 exactori,
3583 4827 3810 4882 mitten-

2213 4923 2340 4978 dum
2377 4922 2430 4976 in
2459 4936 2751 4987 carcerem,
2781 4929 2838 4976 et
2880 4936 2989 4976 non
3017 4920 3396 4977 dimittendum
3422 4920 3599 4977 donec
3625 4920 3809 4977 solvat

2215 5017 2563 5073 novissimum
2611 5017 2966 5087 quadrantem
3012 5016 3227 5088 (Matth.
3255 5017 3344 5088 v).
3389 5016 3619 5074 istorum
3669 5007 3806 5087 ergo

2216 5107 2551 5178 eloquiorum
2582 5116 2785 5174 et~uos,
2817 5107 3013 5164 fratres
3033 5150 3049 5177 ,
3075 5123 3295 5164 usuram
3333 5109 3622 5177 debemus;
3670 5109 3804 5181 quia

515 5181 1107 5277 dere._hlercimonium
1136 5187 1277 5242 enim
1307 5189 1577 5257 quoddam
1606 5199 1690 5247 est
1729 5190 2104 5250 Christianita—
2127 5214 2184 5277 D
2207 5202 2352 5256 enim
2392 5219 2553 5260 usura
2583 5204 2650 5259 ab
2699 5203 2902 5259 utendo
2948 5203 3176 5271 dicitur,
3206 5204 3661 5274 quemadmodum
3697 5219 3804 5260 nos

512 5274 584 5331 tis
607 5275 842 5331 officim
858 5284 914 5333 et
935 5280 1229 5349 negotiatio
1243 5283 1502 5353 pretiosa,
1518 5283 1722 5341 functio
1733 5287 2091 5346 sacerdotum.

583 5480 610 5548 ξι
635 5469 901 5548 Callani,
935 5471 1123 5548 Gratis
1139 5478 1430 5548 accepistis.

581 5541 609 5580 δ
641 5543 815 5598 Minus
844 5554 993 5600 recte
1039 5545 1209 5602 editio
1257 5541 1524 5604 Gallandii
1570 5559 1626 5606 et
1651 5547 1846 5607 Venet.
1875 5563 2096 5611 senten-

510 5613 641 5668 tiam
671 5624 970 5684 exponunt,
993 5617 1119 5670 dum
1143 5619 1220 5672 sic
1243 5617 1430 5687 legunt
1456 5639 1468 5673 :
1506 5621 1596 5676 sed
1623 5623 1668 5675 si
1693 5633 1830 5677 recte
1856 5628 2098 5682 conside-

512 5700 688 5767 ramus
714 5688 940 5767 rigidum
959 5705 1084 5767 non_
1102 5706 1214 5767 vere
1242 5692 1503 5767 negotium
1545 5701 1640 5760 est,
1673 5695 1764 5748 sed
1785 5698 1980 5767 functio
2008 5716 2095 5753 sa-

509 5755 787 5876 ἓῗὶάοιςιιίξ
816 5761 1104 5825 ministerii,
1130 5755 1325 5832 [unctio
1353 5765 1590 5832 qutedam
1611 5755 1688 5821 est
1703 5755 1951 5835 spiritalis
1971 5787 2098 5826 nter-

599 5841 742 5876 οοηη.

599 5841 742 5879 sonu.

2204 5297 2288 5352 his
2335 5305 2552 5354 utamur
2592 5298 2821 5368 eloquiis
2863 5298 3128 5355 rationem
3176 5298 3353 5354 daturi
3399 5313 3605 5355 sumus.
3675 5296 3808 5356 Non-

2288 5500 2310 5528 ε
2353 5487 2635 5548 Editiones
2673 5491 2811 5550 Ven.
2854 5498 2910 5546 et
2936 5490 3204 5560 Galland.,
3233 5493 3444 5564 deﬁciat
3487 5511 3589 5568 pro
3635 5497 3796 5570 depe-

2208 5571 2341 5616 reat.

2278 5631 2304 5704 f1
2332 5632 2412 5688 Ex
2441 5634 2564 5690 cod.
2598 5634 2665 5689 90
2693 5636 2750 5691 S.
2781 5634 2968 5692 Crucis
2993 5637 3047 5692 in
3076 5635 3206 5704 Jcr.,
3229 5635 3493 5695 Gallandii
3519 5649 3578 5697 et
3596 5640 3792 5696 Venet.

2205 5702 2472 5760 editiones
2493 5705 2860 5763 emendandas.

2279 5784 2302 5811 θ
2332 5774 2663 5834 Concinnam
2689 5779 2775 5838 hic
2799 5787 2853 5836 et
2877 5779 3076 5837 claram
3107 5795 3277 5838 usum:
3299 5781 3576 5845 notionem
3602 5779 3664 5843 8.
3690 5798 3798 5838 00-

2203 5851 2320 5902 ctor
2339 5847 2559 5907 praebet.
