4056 6346
210 397 316 454 497
1629 402 1912 460 HOMILIA
1950 404 2079 459 CVI.
3408 407 3513 463 498

213 512 643 597 enimincassum
666 510 1014 584 Evangelium
1043 515 1322 585 pmdicat,
1337 531 1445 574 non
1474 517 1642 587 gratis
1671 519 1815 590 Apo-
1839 521 1894 582 Α
1918 520 2066 575 beati
2112 527 2271 576 erunt
2297 518 2365 575 de
2412 517 2722 591 devotione,
2747 528 2839 581 aut
2879 524 2957 580 rei
2982 523 3049 582 de
3091 523 3517 584 contestatione.

210 605 390 665 stolus
417 603 635 671 clamat,
664 618 774 660 non
818 604 938 661 sine
961 618 1123 661 causa
1145 606 1460 664 sacerdotes
1481 607 1805 679 loquuntur:
1919 609 2000 667 Ex
2010 611 2180 682 plicit.

214 700 274 757 in
318 710 770 770 quorumcunque
798 711 957 755 aures
983 712 1092 755 vox
1132 704 1323 755 sancta
1348 692 1661 769 pervenerit
1675 744 1695 784 ι
1720 710 1815 759 aut

1595 801 1945 869 HOMILIA
1988 806 2146 869 CVI.

1269 904 1351 960 De
1378 907 1559 963 timore
1585 906 1685 964 Dei
1714 919 1764 965 et
1790 913 2112 967 correctione
2142 911 2463 985 linguarum.

1688 1002 2092 1060 ADMONITIO.

289 1095 589 1180 Plurimum
615 1109 725 1178 nos.
742 1093 941 1176 debere
968 1093 1194 1177 professi
1223 1108 1409 1177 sumus
1436 1093 1492 1148 in
1516 1092 1834 1218 grtefatione
1862 1096 2230 1179 eruditissimo
2258 1096 2561 1182 viro.Joan.
2610 1098 2862 1182 Baptistae
2890 1099 3097 1157 Branca
3121 1101 3369 1158 biblioth.
3398 1102 3526 1157 Am-

289 1182 487 1218 nsnanm
515 1165 728 1218 nmsndi
756 1164 1066 1218 substituto.
1093 1180 1183 1218 qui
1208 1179 1413 1218 nnmus
1441 1180 1513 1218 no
1553 1180 1598 1218 ts
1619 1164 1781 1218 huius
1808 1166 2047 1218 homnine
2069 1182 2278 1218 comam
2303 1168 2447 1218 feeit.
2475 1169 2585 1218 Nos
2607 1178 2768 1218 etiam
2800 1169 3079 1218 admonuit
3106 1188 3223 1218 nam
3246 1188 3312 1218 η
3341 1173 3526 1218 mdim

214 1168 487 1224 brosiana:
515 1165 728 1239 praesidi
756 1164 1066 1239 substituto,
1093 1164 1183 1233 qui
1208 1164 1413 1239 primus
1441 1164 1603 1239 nobis
1619 1164 2047 1239 hujushomilize
2069 1168 2447 1239 copiamifecit.
2475 1169 2585 1224 Nos
2607 1164 2768 1224 etiam
2800 1169 3079 1226 admonuit
3106 1188 3223 1229 eam
3246 1188 3314 1228 ex
3341 1173 3527 1229 codice

217 1239 403 1294 saeculi
427 1255 484 1294 xt
511 1233 784 1308 quondam
814 1233 1066 1308 Ecclesia;
1092 1233 1460 1308 praepositum
1502 1235 1607 1290 loci
1638 1233 1879 1308 Biaschae
1908 1236 1962 1290 in
1992 1233 2213 1293 dimcesi
2254 1238 2640 1296 Mediolanensi
2669 1250 2918 1296 recenter
2946 1258 2975 1296 a
3005 1243 3250 1299 biblioth.
3295 1243 3527 1299 Ambro-

217 1310 371 1383 s_ian_a
400 1305 718 1383 comparato
746 1322 778 1361 a
806 1305 1220 1383 se_exscriptaui
1245 1306 1431 1383 luisse,
1461 1308 1837 1383 quamnullibi
1860 1307 2178 1383 impressam
2205 1309 2428 1383 invenit,
2455 1311 2554 1365 nisi
2578 1312 2631 1366 in
2653 1320 2963 1383 pervetusto
2986 1312 3259 1369 Breviario
3285 1315 3350 1368 ad
3373 1330 3529 1369 usum

218 1325 371 1365 siana
400 1324 718 1432 comngarato
746 1324 778 1361 a
806 1324 866 1361 se
893 1324 1219 1430 exscriptam
1245 1324 1431 1372 llllsse,
1461 1324 1622 1376 quam
1649 1324 1837 1363 nutum
1860 1324 2178 1377 Impressam
2205 1324 2428 1375 invenlt,
2455 1328 2554 1365 lllSl
2578 1328 2631 1366 in
2653 1324 2963 1383 pervetusto
2989 1324 3259 1369 b'reviario
3285 1324 3350 1368 ad
3373 1330 3529 1369 usum

218 1380 479 1436 Ecclesia:
560 1377 919 1450 ediolaneusis
946 1392 1034 1450 an.
1085 1375 1224 1450 A499.
1258 1376 1394 1450 Dum
1422 1392 1554 1450 vero
1581 1377 1869 1450 Florentia:
1891 1378 1945 1433 in
1972 1379 2248 1450 codicibus
2276 1378 2678 1450 Laurentianis,
2700 1392 2755 1438 et
2777 1383 2864 1439 hic
2885 1383 3069 1438 Romae
3093 1385 3144 1438 in
3165 1384 3531 1441 celeberrimis

217 1447 839 1525 manuscriptishSancta:
864 1445 1054 1525 C_rucis_
1082 1448 1136 1502 in
1161 1446 1461 1525 Jerusalem
1491 1448 1834 1525 absconditas
1861 1449 2034 1525 sancti
2059 1449 2289 1525 ‘Masimi
2319 1466 2450 1525 opes
2476 1445 2905 1525 exquireremus,
2934 1454 3165 1509 duorum
3200 1456 3531 1525 praestantis-

217 1522 483 1594 simorum
500 1517 753 1594 codicum
784 1517 1091 1573 testimonia
1119 1519 1396 1594 consecuti
1424 1535 1629 1594 sumus,
1662 1521 1859 1594 quibus
1898 1520 2101 1594 codicis
2149 1517 2493 1594 Ambrosiam
2545 1517 2678 1579 lides
2706 1517 2933 1594 augetur
2961 1533 3015 1580 et
3044 1517 3359 1581 illustratur.
3392 1526 3531 1581 Sunt

218 1601 401 1648 autem
432 1590 737 1664 h_i_:_codex
760 1605 941 1664 chxu
969 1587 1192 1664 pag._69
1220 1597 1455 1664 a_tergo,
1488 1590 1616 1644 olim
1638 1587 1786 1664 redi].
1818 1592 1953 1664 eccl.
1983 1601 2216 1664 metrop.
2250 1590 2598 1664 Florentinaz.
2624 1612 2766 1651 nunc
2779 1587 2845 1651 in
2867 1596 3249 1664 Laurentiana,
3278 1605 3333 1650 et
3359 1597 3533 1653 codex

217 1679 274 1744 t_x
295 1677 421 1744 p_ag_.
447 1661 508 1744 δι
535 1659 592 1744 δέ
614 1658 884 1744 qrucisin
901 1657 1227 1744 Alei-Esaiam.
1253 1657 1526 1744 'qulot
1553 1662 1789 1744 codices,
1812 1670 1894 1744 tot
1915 1661 2055 1744 tituli
2085 1657 2710 1744 ad'hamiliam__omnino
2737 1667 2954 1744 diversi.
2979 1668 3127 1744 ~[iam
3150 1657 3534 1744 Ambrosianus

216 1730 308 1792 sic
325 1730 493 1787 habet
516 1730 786 1804 .qubato
811 1731 864 1804 i_n
894 1730 1179 1804 traditione
1201 1730 1421 1804 symboli
1452 1731 1670 1804 homilia
1702 1731 1946 1787 Maximi.
1988 1732 2189 1804 Venite,
2222 1732 2341 1804 ﬁlii,
2366 1735 2543 1789 audite
2570 1753 2683 1802 me;
2715 1740 2951 1793 timorem
2974 1738 3186 1794 Domini
3212 1736 3402 1793 docebo
3423 1754 3530 1793 vos.

217 1804 366 1861 Idem
380 1802 707 1877 ‘est_titulus_
725 1801 779 1855 in
808 1800 1514 1877 Breviariqllediolanensi.
1550 1800 1741 1877 Codex
1768 1812 1950 1877 autem
1980 1803 2115 1877 eccl.
2149 1800 2383 1877 metrop.
2427 1800 2672 1862 Florent.
2695 1810 2970 1877 praemisso
2995 1809 3150 1864 Luca:
3178 1807 3378 1877 Evang.
3413 1809 3536 1863 loco

217 1889 340 1945 cap.
431 1874 647 1952 illisit
673 1871 826 1952 Iesus
861 1871 1129 1952 discipulis
1166 1873 1274 1927 suis
1292 1888 1334 1952 _:_
1356 1870 1536 1952 Es_tote
1563 1873 1945 1952 misericordes,
1977 1874 2110 1952 sicut
2131 1872 2314 1952 _Pater_'
2333 1870 2519 1952 'uester
2560 1870 2853 1952 misericors
2882 1888 2975 1945 est,
3008 1890 3056 1952 e_t
3084 1880 3299 1952 reliqua.
3330 1870 3537 1952 'Serma

220 1942 395 2001 sancti
422 1942 647 1998 Maximi
664 1944 901 2014 episcOpi
925 1943 1065 2014 unde
1087 1960 1266 2013 supra.
1292 1942 1532 1997 Tandem
1553 1943 1727 1999 codex
1747 1943 1963 2000 Sanctae
1984 1943 2175 2001 Crucis
2200 1946 2254 2000 in
2283 1944 2578 2002 Jerusalem
2610 1949 2687 2003 sic
2718 1942 2993 2005 inscribit:
3016 1942 3205 2006 Sermo'
3223 1951 3391 2005 sancti
3418 1950 3538 2005 lla-

378 2015 609 2090 episcopi
636 2012 711 2090 dAe‘
725 2012 908 2090 timore
941 2012 1042 2068 Dei
1076 2014 1465 2090 et_correctio_ne
1493 2014 1811 2090 linguarum.
1840 2015 1963 2075 Non
1980 2016 2214 2090 primum
2236 2032 2338 2090 nec
2366 2019 2657 2074 secundum
2680 2021 3017 2090 probandum
3038 2021 3280 2076 ducimus
3303 2022 3536 2088 titulum,

223 2088 353 2157 quia
388 2082 793 2161 nihilprol‘ecto
821 2085 890 2140 de
909 2100 984 2161 eo
1011 2084 1155 2161 quod
1185 2082 1590 2161 annuntiant‘iu'
1616 2086 1851 2161 homilia
1869 2082 2241 2161 contineatur:
2267 2087 2402 2161 Cum
2431 2104 2560 2143 vero
2590 2082 2784 2145 tertius
2817 2092 2999 2146 titulus
3028 2091 3227 2146 indicet
3253 2082 3538 2161 argumen;

221 2155 356 2223 tum,
391 2155 537 2225 quod
566 2164 751 2227 orator
769 2164 882 2227 tota
907 2157 960 2210 in
980 2156 1243 2212 concione
1268 2156 1633 2227 prosequitur,
1663 2157 1807 2211 hunc
1834 2156 2075 2212 homilia:
2098 2157 2442 2226 praeﬁximus,
2468 2175 2698 2227 eamque
2722 2161 2800 2215 De
2824 2163 3005 2217 timore
3028 2161 3125 2215 Dei
3145 2172 3194 2216 et
3220 2155 3539 2217 correctione

222 2224 520 2300 linguarum
550 2224 922 2300 appellandam
951 2224 1387 2300 censuimusIADe
1415 2224 1710 2300 traditione
1736 2228 1990 2300 symboli,
2022 2224 2169 2300 quod
2196 2227 2423 2284 sabbato
2449 2239 2575 2284 ante
2596 2224 2919 2287 dominicam
2946 2231 3252 2287 Palmarum
3282 2233 3539 2289 catechu-

222 2296 400 2353 menis
429 2298 483 2351 in
510 2297 1026 2370 proximosabbato
1068 2296 1623 2370 sanctobaptizandis
1670 2296 2006 2362 tradebatur,
2044 2296 2159 2368 jam
2195 2300 2327 2354 satis
2356 2300 2410 2355 iu
2440 2302 2611 2370 prima
2640 2302 2864 2369 hujusce
2895 2302 3082 2357 classis
3110 2303 3330 2357 homilia
3370 2300 3542 2361 locuti

222 2382 440 2435 sumus;
469 2381 638 2437 quare
668 2368 799 2422 nihil
827 2383 861 2423 a
883 2368 1039 2423 nobis
1066 2368 1156 2424 hic
1182 2367 1487 2424 addendum
1514 2378 1779 2439 superest,
1810 2369 1915 2425 nisi
1946 2367 2119 2440 ipsam
2149 2370 2409 2426 orationis
2437 2367 2677 2443 phrasim
2704 2367 2996 2428 Maximum
3024 2373 3201 2445 palam
3228 2374 3426 2429 facere.

225 2486 623 2563 Anounu'rmr.
645 2517 718 2563 -ε
738 2483 819 2563 De
848 2486 1032 2563 timore
1064 2484 1162 2563 Dei
1194 2500 1354 2555 agens
1384 2482 1652 2563 duximus
1687 2499 1829 2563 prie-5
1858 2486 1911 2549 B
1941 2500 2050 2540 non
2079 2484 2253 2541 solum
2284 2501 2506 2563 corpus,
2528 2485 2625 2542 sed
2643 2486 2878 2543 animam
2899 2489 3149 2543 vulnerat
3167 2487 3538 2546 innocentem.

226 2570 241 2579 ί
295 2565 447 2649 certe
473 2557 723 2649 senarii
756 2554 1831 2649 “ﬁtfit-f'fliif?-."€i€-l’i°£’i€£“z.f‘

1943 2576 2149 2646 Lingua
2178 2560 2320 2633 mala
2348 2554 2405 2636 et
2436 2578 2739 2634 inconsulta
2765 2579 3105 2635 contumeliis
3133 2576 3160 2616 ά
3188 2576 3418 2649 perculit
3444 2592 3541 2633 cor

297 2626 424 2701 quot
454 2626 724 2701 mala'per
768 2626 1001 2701 nefarios
1041 2642 1302 2701 sermones
1343 2626 1701 2698 perpetrantur
1720 2626 1829 2680 elo-

240 2764 249 2767 ,
300 2698 637 2772 quentissima
660 2698 900 2753 oratione
921 2699 1262 2769 prosequitur.

303 2852 733 2910 Gloriosissimus
751 2853 1157 2924 prophetarum,
1183 2852 1436 2923 idemque
1458 2868 1550 2908 rex
1575 2853 1836 2909 dominici

226 2947 419 3021 populi
437 2947 630 3002 beatus
650 2944 839 3010 David,
860 2944 953 3014 qui
980 2960 1171 3001 omnes
1196 2945 1444 3001 homines
1472 2945 1538 3000 ad
1569 2943 1834 3001 audienda

226 3042 357 3097 vita:
385 3038 712 3110 purgatioris
740 3037 984 3092 instituta
1012 3053 1338 3094 concurrere
1364 3037 1602 3106 generali
1632 3038 1835 3093 adhor-

228 3128 445 3191 tatione
488 3131 781 3203 compellit,
824 3132 1010 3188 dicens
1051 3150 1064 3184 :
1114 3131 1315 3195 Venite,
1364 3131 1483 3202 ﬁlii,
1516 3130 1690 3184 audite
1731 3147 1833 3196 me,

233 3230 473 3283 timorem
514 3224 724 3281 Domini
766 3223 956 3280 docebo
983 3242 1073 3280 vos
1105 3224 1274 3296 (Psal.
1310 3224 1520 3296 χχχιιι).
1561 3223 1701 3279 Vere
1731 3222 1835 3278 do-

230 3319 393 3377 cendi
415 3317 770 3391 peritissimus
797 3315 1104 3388 patriarcha
1124 3315 1467 3380 venerabilis,
1498 3315 1613 3384 qui,
1647 3323 1706 3370 ut
1735 3314 1837 3368 bu-

234 3415 414 3471 manis
458 3412 729 3469 mentibus
778 3411 1028 3467 timorem
1068 3410 1164 3465 Dei
1198 3409 1480 3480 praeceptis
1507 3407 1840 3478 prophetica:

234 3506 579 3565 auctoritatis
606 3505 863 3571 insinuet,
887 3510 1128 3575 paternae
1148 3499 1447 3557 affectionis
1466 3497 1839 3554 blandimenta

233 3597 534 3671 praemittit.
565 3594 821 3652 Subditos
845 3609 1079 3665 namque
1106 3593 1325 3650 ditionis
1353 3606 1464 3647 sua:
1490 3591 1627 3646 lilios
1646 3590 1835 3661 appel-

232 3691 336 3759 lat,
360 3699 422 3745 ut
449 3705 545 3745 eos
574 3705 683 3744 non
711 3699 820 3744 tam
850 3696 1058 3743 terrore
1094 3688 1257 3755 regiae
1303 3684 1589 3757 potestatis
1614 3689 1839 3739 revocet

236 3799 268 3840 a
300 3784 562 3855 peccatis,
588 3796 749 3852 quam
778 3780 1052 3850 diligentis
1089 3778 1283 3834 affectu
1314 3786 1633 3833 cunctorum
1659 3773 1837 3830 sensi-

1941 2668 2261 2735 fraternum,
2282 2678 2339 2728 et
2355 2686 2456 2742 per
2474 2681 2667 2742 pacata
2686 2671 2916 2728 invicem
2936 2678 3159 2742 pectora
3179 2668 3543 2740 perniciosam

1941 2760 2095 2816 litem
2123 2762 2313 2818 sociat.
2346 2759 2554 2831 Lingua
2582 2761 2723 2816 mala
2749 2761 2967 2816 adhibet
2987 2761 3277 2830 imaginem
3295 2759 3543 2816 veritatis

1942 2860 2000 2910 et
2016 2852 2304 2909 veritatem
2322 2852 2617 2909 mendaciis
2639 2851 2938 2908 decolorat.
2971 2850 3176 2922 Lingua
3202 2849 3344 2905 mala
3371 2848 3542 2908 inimi-

1943 2945 2022 3001 cis
2051 2945 2273 3000 auribus
2300 2944 2592 3001 commissa
2640 2944 2741 2999 sibi
2782 2944 3078 3000 amicorum
3114 2942 3293 3014 prodit
3320 2956 3540 3001 arcana.

1945 3036 2151 3107 Lingua
2171 3039 2313 3094 mala
2332 3054 2470 3110 quos
2488 3045 2678 3110 aperto
2704 3040 2898 3094 metuit
2923 3039 3248 3110 compellare
3267 3053 3541 3111 sermone,

1943 3131 2157 3187 occulta
2201 3131 2389 3185 nititur
2432 3131 2829 3187 obtrectatione
2876 3116 3100 3190 foedare.
3147 3130 3353 3202 Lingua
3381 3132 3545 3188 dece-

1942 3225 2133 3295 ptione
2156 3224 2381 3293 laqueos
2410 3223 2742 3293 simplicibus
2783 3224 2973 3290 nectit,
3007 3224 3277 3279 bonorum
3300 3223 3544 3279 virorum

1943 3316 2267 3384 sanguinem
2288 3315 2443 3386 petit,
2471 3315 2775 3384 potentium
2804 3314 3104 3370 inﬂammat
3122 3316 3351 3380 animos,
3372 3322 3429 3369 et
3448 3314 3545 3369 hu«

1943 3406 2155 3461 milium
2192 3406 2356 3461 corda
2385 3405 2697 3477 perturbat;
2728 3414 2786 3461 et
2812 3415 3067 3477 tanquam
3095 3406 3147 3460 ei
3173 3420 3283 3461 non
3310 3405 3545 3461 sufﬁciat

1942 3501 2177 3555 humana
2204 3499 2556 3569 confundere,
2586 3500 2783 3556 caelum
2810 3501 2985 3572 ipsum
3012 3500 3361 3572 blasphemiis
3382 3508 3545 3571 atque

1944 3590 2329 3661 indignissimis
2355 3592 2533 3662 pulsat
2554 3593 2784 3663 injuriis,
2815 3606 2875 3649 ut
2901 3595 3248 3665 propheticus
3275 3610 3454 3650 sermo
3474 3594 3545 3651 de

1945 3683 2124 3753 impiis
2159 3690 2522 3754 protestatur,
2565 3684 2750 3739 dicens
2801 3704 2813 3739 :
2853 3684 3149 3741 Posuerunt
3183 3688 3239 3741 in
3277 3685 3455 3741 calum
3485 3701 3544 3744 os

1942 3791 2113 3844 suum,
2142 3783 2191 3828 et
2214 3774 2393 3845 lingua
2418 3793 2597 3831 eorum
2630 3780 2868 3833 transivit
2896 3781 2951 3833 in
2980 3788 3118 3834 terra
3146 3777 3317 3852 (Psal.
3350 3779 3541 3852 Lxxu).

234 3876 342 3933 bus
368 3884 678 3947 promptam
701 3873 842 3929 bene
866 3871 1082 3927 vivendi
1111 3871 1315 3925 inserat
1336 3869 1693 3925 voluntatem.
1716 3865 1843 3923 Fre-
1869 3864 1917 3932 C
1947 3865 2016 3921 Et
2040 3873 2164 3937 post
2191 3867 2392 3934 omnia,
2424 3866 2778 3936 dilectissimi,
2802 3885 2922 3926 cum
2953 3869 3024 3926 de
3051 3871 3316 3926 universis
3344 3871 3428 3928 his
3454 3872 3546 3929 ha<

234 3975 471 4040 quenter
490 3967 654 4029 enim.
668 3980 807 4034 quos
833 3979 941 4018 non
962 3961 1185 4032 corrigit
1201 3960 1434 4015 durioris
1454 3960 1838 4030 increpationis

230 4061 528 4132 asperitas,
561 4058 817 4113 saturitas
846 4055 996 4111 verbi
1032 4054 1296 4112 mollioris
1328 4052 1587 4109 emendat
1619 4071 1631 4106 :
1662 4051 1839 4109 Timo-

232 4170 366 4219 rem,
403 4150 598 4221 inquit,
622 4147 836 4203 Domini
857 4147 1046 4202 docebo
1070 4164 1176 4201 vos.
1205 4145 1374 4201 Docet
1394 4160 1495 4201 nos
1522 4145 1603 4200 vir
1621 4152 1840 4201 sanctus

232 4244 558 4313 religiosum
583 4240 847 4304 timorem,
880 4246 940 4294 ut
966 4252 1207 4293 amorem
1233 4235 1437 4292 terreni
1474 4234 1660 4305 iudicii
1687 4243 1839 4307 post-

232 4351 529 4412 ponamus.
581 4333 854 4390 Timorem
894 4332 1111 4390 Domini
1152 4332 1329 4397 docet,
1373 4330 1467 4400 qui
1512 4346 1728 4402 semper
1754 4338 1842 4387 est

236 4428 520 4493 salutaris,
550 4428 673 4497 quia
713 4441 855 4499 saepe
892 4426 1054 4482 timor
1079 4425 1315 4481 hominis
1343 4424 1440 4481 Dei
1469 4425 1638 4480 nutrit
1665 4423 1838 4480 offen-

234 4538 378 4578 sam.
402 4520 496 4576 Sic
516 4519 629 4589 jam
669 4518 967 4583 videamus,
995 4535 1134 4590 quos
1171 4519 1364 4575 doctor
1404 4520 1648 4589 egregius
1673 4518 1841 4574 divini

234 4613 456 4669 timoris
485 4611 649 4667 faciat
692 4611 912 4681 gradus,
941 4626 1105 4683 quam
1147 4627 1259 4667 suae
1285 4611 1526 4680 regulam
1554 4611 1842 4667 sanctioris

237 4705 479 4763 instituit
500 4704 815 4776 disciplima.
839 4715 868 4744 ι
894 4704 1122 4761 Prohibe
1145 4706 1376 4778 linguam
1393 4714 1535 4761 tuam
1557 4724 1589 4761 a
1610 4707 1769 4773 malo,
1792 4716 1845 4762 et

237 4799 385 4855 labia
412 4804 502 4851 tua
529 4814 593 4852 ne
621 4798 897 4869 loquantur
917 4798 1110 4853 dolum.
1143 4797 1418 4855 Perfectus
1437 4800 1701 4870 religiosa:
1719 4801 1844 4855 vitae

154 4918 165 4927 -
238 4892 504 4963 magister
529 4891 766 4963 linguam
795 4906 906 4962 pra
930 4892 1180 4946 omnibus
1207 4891 1446 4947 refrenet
1472 4909 1504 4947 a
1526 4893 1702 4963 culpa,
1725 4908 1845 4963 qua:

239 4986 312 5041 ab
342 4983 566 5040 exordio
609 4983 794 5039 mundi
842 4983 985 5054 apud
1014 4983 1321 5055 paradisum
1360 4984 1457 5040 Dei
1495 4987 1551 5041 in
1592 4996 1845 5058 serpente

184 5148 197 5158 .
238 5078 421 5151 prima
460 5077 721 5148 peccavit.
767 5075 903 5132 Nam
948 5077 1197 5147 malignae
1233 5078 1425 5148 linguae
1460 5077 1561 5133 fuit
1603 5080 1846 5136 ministe-

238 5169 412 5237 rium,
438 5173 500 5223 ut
518 5166 839 5223 suaderetur
857 5168 987 5225 Adae
1011 5170 1065 5224 in
1087 5171 1311 5226 exitium
1337 5174 1552 5241 generis
1579 5174 1660 5230 sui
1688 5175 1849 5232 inter-

1941 3961 2071 4017 beat
2096 3968 2380 4032 peccatum
2404 3963 2727 4028 remedium,
2763 3980 2861 4035 per
2889 3966 3128 4033 linguam
3154 3965 3350 4021 malam
3377 3973 3433 4021 et
3460 3965 3546 4021 in-

1943 4055 2315 4111 continentem
2361 4064 2634 4126 peccatur,
2675 4058 2819 4128 quod
2866 4059 3072 4115 homini
3122 4074 3300 4130 neque
3335 4060 3392 4115 in
3439 4061 3547 4116 hoc

1944 4149 2141 4205 saeculo
2161 4151 2413 4220 praesenti
2441 4151 2671 4218 laxetur,
2700 4151 2914 4208 dicente
2941 4152 3169 4209 Domino
3203 4170 3215 4206 :
3243 4148 3344 4218 Qui
3371 4161 3547 4208 autem

1943 4239 2373 4313 blasphemaverit
2393 4244 2447 4297 in
2474 4242 2731 4315 Spiritum
2760 4254 3016 4309 sanctum,
3047 4261 3151 4299 non
3179 4245 3468 4299 remittetur
3494 4244 3548 4299 ei

1945 4352 2104 4406 neque
2121 4336 2177 4389 in
2198 4334 2294 4389 hoc
2319 4336 2527 4401 saeculo,
2547 4353 2708 4409 neque
2728 4339 2781 4391 in
2805 4341 2978 4410 futuro
3002 4336 3150 4411 (Luc.
3183 4335 3302 4408 xu).
3325 4335 3392 4391 Et
3411 4336 3546 4406 quid

1943 4428 2119 4498 plura,
2164 4426 2396 4484 fratres?
2440 4427 2709 4499 Quidquid
2755 4430 2991 4485 humano
3036 4430 3245 4500 pectori
3296 4428 3541 4483 diabolus

1946 4521 2242 4590 iniquitatis
2267 4520 2520 4586 illexerit,
2554 4520 2733 4591 lingua
2760 4504 2913 4575 mala'
2932 4521 3222 4597 famulante
3242 4518 3542 4590 perﬁcitur.

1944 4614 2050 4670 Sed
2080 4614 2148 4668 ad
2175 4614 2600 4670 destructionem
2624 4613 2996 4683 judiciumque
3025 4614 3141 4683 ejus
3173 4614 3433 4669 Dominus
3461 4614 3545 4669 in-

1944 4715 2186 4772 vocatur,
2216 4708 2483 4763 clamante
2510 4707 2776 4777 propheta
2810 4725 2823 4760 :
2854 4707 3133 4779 Dispergat
3152 4706 3407 4762 Dominus
3427 4709 3546 4762 uni-

1944 4816 2089 4855 versa
2140 4798 2282 4853 labia
2328 4798 2536 4863 dolosa,
2577 4808 2627 4852 et
2674 4798 2909 4870 linguam
2948 4801 3109 4873 352
3155 4800 3546 4874 magniloquam

1948 4891 2119 4965 (Psal.
2141 4893 2249 4962 ’xn).
2282 4892 2351 4946 Et
2388 4892 2517 4947 alibi
2552 4892 2790 4962 quidem,
2817 4892 3015 4948 Perdes
3045 4910 3132 4949 eos
3160 4895 3246 4967 qui
3271 4894 3548 4967 loquuntur

1945 4985 2290 5040 mendacium.
2336 4984 2568 5055 Propter
2604 4984 2723 5041 haec
2759 4987 2998 5042 cavenda
3026 4988 3166 5043 mala
3203 4997 3259 5043 et
3294 4987 3548 5057 fugienda

1946 5078 2139 5133 beatus
2168 5077 2336 5132 David
2364 5091 2798 5149 unumquemque
2831 5088 3075 5135 nostrum
3115 5089 3433 5151 praemonet,
3466 5080 3549 5135 di-

1946 5184 2077 5227 cens
2111 5187 2122 5221 :
2156 5166 2349 5224 Cohibe
2391 5170 2621 5242 linguam
2657 5178 2798 5225 tuam
2837 5187 2870 5225 a
2906 5172 3064 5241 malo,
3096 5181 3147 5228 et
3190 5174 3331 5230 labia
3359 5181 3447 5228 tua
3480 5189 3548 5228 nc

239 5258 409 5315 dicta
433 5257 644 5313 arboris
668 5272 830 5328 poma
857 5258 1169 5330 decerpere.
1200 5261 1386 5334 Neque
1412 5266 1555 5321 enim
1596 5267 1649 5322 in
1687 5275 1847 5324 ωιθιι-
1872 5251 1925 5312 D
1951 5263 2226 5332 loquantur
2256 5260 2431 5341 dolum
2452 5260 2628 5331 (Psal.
2653 5262 2863 5336 xxxm).
2896 5262 2964 5319 Et
2990 5274 3114 5336 post
3140 5281 3311 5337 pauca
3332 5264 3549 5334 subjun-

239 5365 381 5409 num
409 5350 617 5421 lapsum
639 5348 668 5388 ι’
692 5350 1175 5422 351impulisset
1200 5354 1420 5425 invidia,
1443 5357 1490 5412 si
1510 5358 1846 5427 prudentiori
1953 5354 2031 5425 git
2056 5372 2068 5408 :
2098 5353 2312 5427 Inquire
2348 5370 2548 5425 pacem,
2577 5362 2627 5409 et
2670 5371 2877 5428 sequere
2915 5374 3048 5411 eam.
3082 5356 3377 5411 Emendata
3404 5355 3548 5410 enim

243 5440 481 5500 consilio
502 5440 613 5497 Eva
642 5441 879 5510 linguam
901 5456 1055 5497 suam
1075 5443 1331 5500 cohibere
1349 5446 1611 5503 voluisset
1630 5464 1661 5503 a
1680 5448 1843 5505 malo.
1955 5446 2136 5516 lingua
2177 5454 2289 5515 tua,
2324 5454 2487 5516 atque
2515 5447 2582 5503 ab
2612 5447 2759 5503 omni
2794 5447 3090 5517 maliloquii
3118 5445 3280 5502 sorde
3309 5444 3546 5509 detersa,

243 5533 648 5605 Linguaigitur
670 5532 815 5591 mala
833 5532 1077 5589 ministra
1104 5533 1307 5591 diaboli
1326 5546 1428 5603 est,
1458 5554 1523 5595 ac
1549 5540 1711 5595 totius
1731 5556 1851 5611 pra-
1956 5555 2138 5595 veram
2159 5548 2526 5610 aeternamque
2545 5555 2758 5611 pacem,
2787 5540 2842 5595 id
2862 5549 2944 5595 est
2963 5537 3234 5593 Christum
3262 5535 3547 5590 Dominum

243 5627 441 5684 vitatis
466 5623 680 5683 ancilla.
712 5621 919 5694 Lingua
951 5625 1095 5681 mala
1131 5627 1427 5682 acutissimi
1463 5638 1487 5667 θ
1527 5628 1645 5685 vice
1668 5629 1849 5698 gladii
1958 5640 2012 5687 et
2041 5632 2302 5699 invenies,
2334 5632 2672 5703 et‘sequeris.
2720 5632 2891 5689 Nemo
2930 5646 2989 5686 se
3018 5629 3239 5684 seducat
3263 5645 3275 5680 :
3298 5620 3402 5682 nisi
3429 5639 3548 5699 quia

300 5771 357 5827 γι
565 5757 625 5816 S.
664 5757 856 5817 Crucis
891 5759 946 5815 in
986 5758 1161 5817 Jerus.
1193 5761 1365 5831 legit:
1398 5758 1588 5848 Cohibe
1624 5763 1857 5837 linguam
1959 5769 2333 5848 lissetinvidia.

251 5840 566 5904 “0%,9‘0-
665 5903 677 5904 ,
734 5901 759 5904 _
819 5902 845 5904 _
953 5903 959 5904 ,
1017 5902 1025 5904 ,
1094 5901 1117 5904 _
1276 5903 1280 5904 ν
1428 5840 1437 5848 ’
2035 5849 2058 5879 ε
2084 5838 2231 5894 Idem
2258 5839 2380 5895 cod.
2412 5840 2471 5895 S.
2502 5841 2689 5896 Crucis
2716 5841 2769 5894 in
2797 5838 3091 5904 Jer.,voce.

332 5904 359 5944 1³
388 5902 559 5959 Idem.
580 5903 704 5959 cod.
726 5901 787 5960 S.
806 5902 993 5959 Crucis
1012 5902 1069 5960 in
1087 5901 1225 5972 Jer.,-
1248 5903 1506 5961 diabolica
1524 5921 1641 5963 cum
1659 5923 1854 5965 oronu-
2023 5909 2049 5947 ά
2078 5908 2226 5966 Idem
2249 5909 2369 5965 cod.
2396 5909 2453 5967 S.
2486 5909 2673 5967 Crucis
2700 5911 2753 5965 in
2783 5901 2925 5974 δαίνυ’
2947 5909 3183 5975 percutit.
