4056 6346
498 309 604 364 503

1548 299 1603 356 S.
1648 299 1890 355 MAXIM!
1927 298 2228 355 EPISCOPI
2270 291 2718 351 TAURINENSIS

3667 300 3766 358 5M

498 423 659 478 steria
680 463 696 488 ,
744 426 799 473 et
836 419 891 472 in
936 416 1097 472 rebus
1142 414 1437 470 visibilibus
1467 415 1749 471 invisibilia
1773 416 2082 471 exercuisse
2108 420 2163 481 Α
2187 413 2512 481 naviculam,
2545 421 2596 468 et
2630 415 3000 488 transfretavit,
3013 424 3077 470 et
3094 417 3230 472 venit
3245 418 3301 470 in
3321 417 3581 472 civitatem
3601 433 3761 473 manu.

464 575 470 588 ,
498 513 734 584 negotia,
766 508 929 565 lectio
949 507 1209 564 hodierna
1229 509 1570 564 monstravit.
1600 509 1860 574 Ascendit,
1887 509 2079 579 inquit,

496 610 554 662 in
593 601 905 669 naviculam,
947 608 998 655 et
1037 602 1422 673 transfretavit,
1469 610 1519 655 et
1565 601 1701 656 venit
1738 602 1793 654 in
1824 602 2083 656 civitatem

495 714 663 754 sitam.
690 696 880 752 Nonne
907 695 1022 767 ipse
1050 702 1133 749 est
1156 695 1249 763 qui
1270 694 1462 764 fugatis
1490 692 1738 750 ﬂuctibus
1767 696 1929 751 maris
1957 710 2083 767 pro-

492 788 659 844 funda
688 786 951 842 nudavit:
1009 793 1068 841 ut
1090 786 1413 843 lsraeliticus
1434 787 1666 857 populus
1694 787 1834 842 inter
1859 793 2082 859 stupen-

494 891 576 938 tes
605 881 776 937 undas
808 880 953 936 sicco
975 881 1199 949 vestigio
1217 922 1232 946 ,
1264 878 1356 935 veI
1379 882 1643 936 montium
1686 896 1925 938 concava
1953 898 2080 954 per-

495 975 753 1036 transiret
785 972 980 1048 (Exod.
1013 972 1166 1045 xiv)?
1194 974 1382 1029 Nonne
1411 975 1501 1030 hic
1529 982 1612 1030 est
1640 975 1732 1045 qui
1758 974 1902 1030 Petri
1932 976 2083 1047 pedi-

493 1068 597 1124 bus
641 1067 889 1138 marinos‘
930 1065 1162 1122 vertices
1213 1065 1520 1130 inclinavit,
1578 1075 1639 1120 ut
1676 1067 1778 1122 iter
1824 1067 2082 1137 liquidum

492 1160 742 1216 humanis
800 1159 1071 1228 gressibus
1135 1157 1368 1213 solidum
1433 1159 1698 1229 praeberet
1764 1159 2082 1231 obsequium

495 1253 710 1326 (Matth.
741 1251 855 1323 xx)?
897 1250 964 1306 Et
991 1251 1120 1321 quid
1141 1247 1225 1306 est
1251 1250 1399 1320 quod
1431 1259 1456 1288 α
1486 1251 1588 1306 sibi
1615 1253 1779 1307 maris
1807 1253 1886 1309 sic
1910 1253 2080 1310 dene-

491 1354 582 1416 gat
621 1345 972 1409 servitutem,
1025 1351 1082 1397 ut
1120 1343 1420 1397 brevissimi
1466 1345 1613 1400 lacus
1651 1347 1935 1400 transitum
1983 1349 2083 1403 sub

490 1438 743 1495 mercede
790 1437 1003 1492 nautica
1052 1435 1444 1492 transfretaret.
1495 1437 1770 1507 Ascendit,
1801 1440 1992 1512 inquit,
2026 1443 2082 1496 in

491 1529 812 1596 naviculam,
851 1538 904 1584 et
932 1531 1302 1602 transfretavit.
1346 1529 1414 1584 Et
1442 1530 1571 1600 quid
1600 1532 1821 1598 mirum,
1854 1533 2083 1589 fratres?

491 1621 738 1678 Christus
778 1622 927 1678 venit
974 1622 1246 1692 suscipere
1287 1621 1628 1679 inﬁrmitates
1677 1633 1888 1680 nostras
1912 1669 1928 1695 ,
1970 1625 1997 1664 δ
2026 1633 2084 1682 et

491 1731 618 1772 suas
640 1716 794 1772 nobis
823 1715 1069 1772 conferre
1096 1715 1356 1779 virtutes;
1386 1716 1620 1771 humana
1647 1730 1918 1787 qumrere,’
1936 1736 2078 1790 prae-

2187 505 2416 562 Creator
2455 520 2635 561 rerum
2671 506 2817 562 orbis
2858 507 3142 577 Dominus,
3173 517 3526 581 posteaquam
3557 525 3617 565 se
3643 527 3766 582 pros

2185 606 2308 670 pter
2335 613 2436 653 nos
2458 605 2642 657 nostra
2672 598 2996 667 angustiavit
3020 600 3076 655 in
3106 615 3290 670 carne,
3317 601 3484 672 ccepit
3518 609 3542 638 ο
3572 601 3768 660 habere

2183 691 2474 745 humanam
2520 690 2783 761 patriam,
2817 699 3100 761 parentum
3129 693 3368 747 omnium
3409 694 3527 764 ipse
3553 709 3763 765 parens,

2186 789 2246 836 ut
2273 781 2526 837 invitaret
2561 798 2735 848 amor,
2772 784 3070 838 attraheret
3110 785 3337 852 caritas,
3367 785 3615 841 vinceret
3641 785 3768 841 aﬁ‘e-

2185 875 2293 932 ctio
2315 915 2330 942 ,
2381 875 2632 930 suaderet
2677 876 3009 943 humanitas,
3050 877 3186 947 quos
3215 879 3425 948 fugarat
3449 879 3768 943 dominatio,

2183 978 2361 1026 metus
2397 969 2755 1046 disperserat,
2794 968 2812 1008 τ
2845 968 3047 1027 fecerat
3083 972 3166 1027 vis
3193 974 3476 1043 potestatis
3505 983 3767 1029 extorres.

2193 1065 2346 1122 Venit
2365 1068 2420 1121 in
2451 1066 2709 1120 civitatem
2735 1083 2902 1134 suam,
2928 1077 2954 1116 ε
2976 1077 3025 1122 et
3044 1085 3158 1122 ecce
3176 1068 3461 1137 oﬁerebant
3482 1070 3530 1123 ei
3559 1070 3771 1140 paraly-

2186 1160 2342 1214 ticum
2376 1160 2637 1231 jacentem
2678 1161 2734 1213 in
2774 1159 2923 1224 lecto,
2973 1169 3023 1213 et
3061 1161 3362 1231 respiciens,
3397 1158 3592 1229 inquit,
3619 1158 3772 1214 Iesus

2184 1252 2342 1322 ﬁdem
2368 1251 2606 1331 itlprum,
2649 1253 2784 1307 dixit
2819 1251 3107 1324 paralytico
3128 1269 3146 1306 :
3178 1252 3423 1324 Confide,
3446 1253 3527 1325 ﬁli
3545 1295 3561 1320 ,
3593 1253 3771 1307 dimit—

2186 1351 2361 1398 tuntur
2390 1342 2480 1398 tibi
2508 1353 2718 1416 peccata
2751 1352 2856 1398 tua.
2891 1343 3059 1398 Audit
3083 1347 3327 1412 veniam,
3359 1354 3413 1401 et
3442 1354 3590 1400 tacet
3611 1361 3772 1415 para-

2184 1435 2503 1506 lyticus‘,nec
2524 1435 2686 1491 ullam
2704 1434 2727 1471 ιι
2745 1436 3039 1505 respondet
3066 1437 3292 1504 gratiam
3308 1476 3325 1502 ,
3354 1437 3477 1507 quia
3500 1437 3623 1507 plus
3648 1451 3773 1492 cor-

2184 1526 2332 1596 poris
2350 1542 2509 1596 quam
2532 1527 2723 1581 anima:
2742 1526 2997 1583 tendebat
3017 1526 3086 1582 ad
3114 1544 3296 1583 curam
3322 1547 3335 1582 :
3370 1537 3426 1584 et
3447 1529 3777 1600 temporales

2185 1635 2373 1690 pmnas
2401 1619 2624 1674 resoluti
2654 1621 2895 1692 corporis
2917 1621 2996 1677 sic
3033 1619 3266 1677 deﬂebat
3285 1662 3299 1684 ,
3325 1632 3384 1678 ut
3401 1631 3632 1678 aeternas
3653 1639 3775 1694 pm-

2185 1724 2282 1764 nas
2343 1711 2690 1766 resolutionis
2748 1713 2939 1767 animae
2984 1728 3093 1767 non
3141 1711 3366 1770 deﬁeret
3413 1733 3426 1768 :
3477 1715 3777 1784 gratiorem

491 1817 636 1864 stare
662 1808 876 1875 divina;
923 1807 1171 1877 accipere
1213 1805 1466 1876 injurias,
1505 1807 1732 1863 reddere
1765 1809 2081 1878 dignitates;
2115 1819 2164 1880 Β
2197 1801 2211 1840 ί
2239 1803 2340 1860 sibi
2356 1813 2676 1874 praesentem
2694 1805 2860 1860 vitam
2872 1805 3264 1875 judicans,non
3294 1805 3551 1863 futuram.
3585 1808 3780 1864 Merito

490 1901 631 1958 ferre
661 1903 848 1966 taedia,
890 1899 1094 1956 referre
1123 1902 1410 1968 sanitates;
1441 1903 1566 1971 quia
1589 1903 1830 1959 medicus
1857 1906 1948 1974 qui
1977 1922 2087 1962 non

489 1996 594 2052 fert
642 1994 1011 2062 inﬁrmitates,
1064 1992 1400 2048 inﬁrmitates
1441 2008 1630 2048 curare
1669 1997 1869 2059 nescit,
1916 2003 1970 2051 et
1993 1997 2086 2068 qui

490 2105 600 2144 non
641 2089 799 2143 fuerit
836 2103 956 2142 cum
999 2083 1210 2141 inﬁrmo
1242 2085 1571 2157 inﬁrmatus,
1603 2088 1814 2144 inﬁrmo
1843 2105 1953 2144 non
1982 2105 2086 2160 po-

490 2189 599 2236 test
645 2179 890 2235 conferre
933 2179 1239 2235 sanitatem.
1291 2179 1536 2236 Christus
1582 2195 1745 2251 ergo,
1786 2183 1832 2236 si
1871 2183 1926 2237 in
1973 2184 2085 2238 suis

477 2272 778 2327 mansisset
826 2271 1140 2337 virtutibus,
1192 2287 1474 2326 commune
1511 2287 1633 2327 cum
1673 2273 1981 2329 hominibus
2009 2274 2087 2330 nil

493 2366 747 2434 haberet;
790 2373 844 2421 et
871 2365 974 2420 nisi
1005 2365 1281 2436 implesset
1310 2366 1489 2423 carnis
1517 2366 1763 2422 ordinem
1783 2409 1799 2432 ,
1829 2369 2007 2423 carnis
2029 2368 2083 2424 in

490 2461 584 2516 illo
609 2467 754 2516 esset
782 2460 956 2516 otiosa
983 2443 1276 2531 susceptio.
1320 2459 1586 2516 Sustinuit
1612 2473 1742 2530 ergo
1769 2462 1868 2517 has
1897 2476 2084 2519 neces-

454 2603 456 2607 .
489 2553 681 2608 sitates
703 2592 718 2617 ,
756 2559 818 2606 ut
856 2551 1022 2606 homo
1046 2566 1212 2606 verus
1239 2551 1488 2606 humanis
1507 2551 1922 2608 necessitatibus
1952 2567 2080 2624 pro-

489 2644 727 2699 baretur.
775 2653 798 2681 ο
840 2641 1119 2711 Ascendit,
1168 2643 1363 2712 inquit,
1410 2645 1467 2697 in
1497 2643 1810 2710 naviculam,
1836 2642 2082 2700 Christus

489 2733 743 2790 Ecclesiae
771 2749 880 2790 sum
902 2748 1117 2802 navem,
1140 2735 1320 2789 saeculi
1350 2732 1542 2790 ﬂuctus
1571 2750 1785 2806 semper
1810 2737 2081 2804 mitigatu-

489 2842 582 2882 rus
611 2826 876 2894 ascendit,
908 2833 968 2880 ut
996 2825 1281 2881 credentes
1304 2826 1359 2880 in
1379 2842 1437 2881 se
1464 2826 1532 2882 ad
1552 2828 1826 2882 cmlestem
1853 2829 2080 2899 patriam

489 2919 779 2990 tranquilla
827 2919 1172 2986 navigatione
1220 2918 1509 2988 perducat,
1543 2927 1598 2974 et
1626 2920 1922 2990 municipes
1950 2921 2081 2975 civi-

467 3012 618 3080 tatis
663 3027 774 3066 sute
822 3010 983 3067 faciat
1035 3026 1173 3080 quos
1220 3010 1569 3065 humanitatis
1637 3027 1746 3066 suae
1793 3011 1920 3068 fecit
1960 3028 2081 3068 esse

491 3111 790 3160 consortes.
822 3102 939 3158 Non
970 3116 1098 3172 ergo
1127 3101 1371 3158 Christus
1397 3101 1602 3170 indiget
1629 3104 1772 3169 navi,
1805 3104 1902 3159 sed
1929 3105 2080 3160 navis

2189 1897 2431 1954 Christus
2479 1897 2819 1955 offerentium
2870 1900 3028 1956 ﬁdem
3077 1917 3186 1956 non
3215 1903 3464 1973 respicit,
3496 1911 3554 1958 et
3580 1917 3780 1962 vecor-

2186 1990 2328 2045 diam
2368 1993 2588 2062 respicit
2628 1993 2707 2049 sic
2745 1993 3007 2063 jacentis,
3039 2001 3100 2048 ut
3141 1994 3264 2050 ﬁdei
3304 1996 3494 2051 aliena:
3522 1997 3782 2066 suﬁ'ragio

2188 2083 2471 2155 paralytici
2510 2085 2687 2139 anima
2719 2094 2846 2141 ante
2885 2095 3169 2142 curaretur
3205 2104 3365 2159 quam
3402 2105 3620 2160 corpus.
3673 2090 3784 2145 Re-

2187 2178 2427 2247 spiciens,
2458 2178 2647 2246 inquit,
2672 2177 2829 2248 ﬁdem
2852 2178 3060 2234 illorum
3083 2182 3135 2246 ;l
3169 2181 3388 2236 cernitis
3418 2183 3470 2236 in
3499 2183 3606 2238 hoc
3631 2183 3782 2252 loco,

2186 2267 2379 2325 fratres
2397 2312 2413 2338 ,
2443 2268 2614 2324 Deum
2645 2285 2751 2324 non
2777 2284 3022 2339 quaerere
3053 2271 3422 2342 insipientium
3449 2273 3778 2340 voluntates,

2186 2373 2294 2416 non
2337 2369 2585 2430 spectare
2632 2362 2994 2430 ignorantium
3043 2362 3203 2419 ﬁdem
3229 2404 3245 2429 ,
3293 2380 3403 2420 non
3441 2365 3784 2424 inﬁrmorum

2184 2451 2348 2506 stulta
2391 2450 2663 2506 desideria
2692 2454 3021 2522 perscrutari
3047 2497 3062 2523 ,
3091 2442 3192 2510 sed
3222 2453 3248 2492 ¹ί
3273 2455 3342 2510 ad
3371 2456 3594 2513 alterius
3619 2456 3785 2515 ﬁdem

2183 2545 2500 2610 subvenire,
2532 2545 2678 2615 quod
2703 2561 2802 2616 per
2826 2547 3000 2602 solam
3027 2547 3255 2617 gratiam
3282 2549 3624 2619 conferebat,
3653 2569 3785 2610 cum

2183 2638 2447 2708 quidquid
2474 2638 2668 2695 divinae
2705 2640 3000 2696 voluntatis
3037 2650 3121 2697 est
3171 2659 3280 2699 non
3308 2651 3554 2713 negaret.
3599 2645 3669 2700 Et
3694 2663 3786 2703 re-

2181 2746 2333 2796 vera,
2364 2731 2583 2800 fratres,
2612 2732 2832 2801 quando
2855 2733 3098 2789 medicus
3121 2734 3487 2804 languentium
3518 2745 3616 2793 aut
3641 2755 3786 2809 qua

2182 2824 2275 2892 rit,
2307 2830 2400 2878 aut
2427 2824 2651 2894 reSpicit
2693 2825 3037 2890 voluntates,
3088 2841 3211 2881 cum
3254 2843 3469 2898 semper
3507 2832 3787 2890 contraria

2181 2914 2450 2970 desideret
2499 2924 2555 2970 et
2601 2917 2842 2985 requirat
2879 2914 3152 2985 inﬁrmus;
3185 2919 3310 2974 hinc
3346 2930 3430 2975 est
3450 2921 3598 2989 quod
3637 2938 3787 2978 nunc

2183 3005 2406 3073 ferrum,
2439 3021 2582 3062 nunc
2608 3008 2786 3076 ignem
2806 3050 2821 3076 ,
2855 3025 3000 3066 nunc
3027 3025 3208 3065 amara
3239 3013 3433 3082 pocula
3463 3015 3690 3082 ingerit,
3727 3022 3786 3069 et

2188 3103 2411 3172 apponit
2445 3103 2659 3172 invitis,
2701 3111 2762 3159 ut
2801 3119 2986 3160 curam
3032 3107 3151 3161 sani
3185 3107 3420 3162 sentiant
3465 3124 3630 3178 quam
3670 3127 3786 3170 non

490 3196 698 3264 indiget
724 3195 971 3263 Christo,
1020 3196 1147 3265 quia
1183 3195 1300 3250 sine
1341 3195 1546 3251 caelesti
1575 3197 1964 3264 gubernatione
1987 3213 2082 3252 na-
2111 3200 2155 3263 C
2187 3203 2441 3267 poterant
2468 3199 2670 3254 sentire
2697 3208 3042 3270 :cgrotantes.
3066 3201 3133 3257 Et
3166 3204 3209 3259 si
3239 3204 3403 3261 homo
3429 3206 3653 3276 injurias
3678 3207 3784 3263 de-

491 3288 587 3344 vis'
601 3286 856 3343 Ecclesia:
893 3302 989 3357 per
1017 3286 1345 3341 mundanum
1393 3286 1644 3356 pelagus,
1667 3284 1694 3323 ἀ
1715 3287 1811 3341 tali
1849 3295 1905 3342 et
1934 3296 2083 3344 tanto

492 3381 804 3438 discrimine
828 3380 898 3436 ad
922 3380 1198 3436 caelestem
1228 3388 1443 3450 portum
1473 3395 1581 3434 non
1607 3381 1751 3434 valet
1780 3382 2078 3450 pervenire.

490 3472 618 3531 Haec
663 3473 932 3541 diximus,
983 3471 1208 3537 fratres,
1257 3479 1516 3541 quantum
1562 3471 1630 3526 ad
1678 3473 2085 3541 intelligentiam

491 3567 729 3636 pertinet
775 3565 1149 3636 spiritualem:
1191 3565 1356 3637 358
1393 3579 1580 3619 verum
1621 3581 1764 3620 nunc
1807 3567 1975 3636 ipsius
2001 3567 2086 3623 hi-

492 3662 672 3716 storiae
719 3660 965 3718 ordinem
1011 3674 1421 3731 prosequamur.
1488 3657 1766 3724 Ascendit,
1797 3658 1999 3730 inquit,
2030 3662 2087 3714 in

564 3807 591 3867 ἐι
630 3796 765 3867 Cod.
796 3797 1004 3862 Casin.,
1035 3797 1171 3867 quod
1193 3798 1301 3867 ipse
1329 3795 1448 3851 sibi.

561 3866 591 3906 δ
631 3865 768 3922 Cod.
800 3867 1005 3938 Casin.,
1029 3865 1266 3938 conferre
1285 3868 1555 3938 sanitates.
1582 3866 1640 3920 In
1660 3865 1784 3921 cod.
1815 3866 2078 3922 Vat.6451

462 3939 688 3996 desunt
713 3945 762 3992 et
787 3955 880 3991 sua
918 3937 1065 3992 nobis
1105 3937 1342 4009 conferre
1375 3937 1604 3992 remedia
1643 3937 1918 4004 sanitatis;
1961 3939 2085 4009 quia

495 4010 740 4079 medicus,
771 4010 856 4079 qui
884 4010 1135 4079 nonfert,
1159 4016 1265 4063 etc.

569 4089 589 4116 η
631 4075 919 4133 Οοόᾙνθι.
947 4075 1115 4141 6451,
1145 4079 1390 4132 Ascendit
1417 4081 1473 4132 in
1501 4078 1794 4132 naviculam
1823 4075 2082 4143 Christus,

463 4148 743 4221 ‘Ecctesite
784 4164 1001 4221 navem,
1045 4149 1222 4202 saeculi
1267 4149 1454 4216 ﬂuctus
1492 4165 1693 4218 semper
1730 4149 2081 4221 mitigatums.

494 4217 758 4282 Ascendit,
785 4226 843 4270 ut
863 4218 1145 4283 credentes,
1170 4226 1278 4273 etc.

565 4285 591 4325 ἀ
630 4287 775 4359 [dem
799 4288 919 4342 cod.
955 4287 1105 4359 Y_at.,
1137 4305 1228 4359 per
1249 4289 1379 4342 talia
1400 4297 1448 4342 et
1471 4296 1614 4359 tanta
1634 4289 1959 4359 discrimina.

571 4368 593 4395 θ
632 4357 780 4412 Idem
811 4359 930 4413 cod.
963 4343 1110 4422 Vat.,
1136 4343 1284 4428 carpit
1303 4343 1524 4412 civitatis
1541 4357 1778 4413 Judaicte
1805 4343 2084 4428 essercivis,

491 4438 730 4500 parentes
754 4429 942 4483 habere
970 4430 1140 4499 coepit,
1174 4433 1444 4500 parentum
1473 4431 1704 4484 omnium
1732 4429 1843 4500 ipse
1871 4447 2084 4501 parens.

571 4500 590 4540 ί
633 4499 784 4554 Idem
811 4499 937 4556 cod.
971 4497 1116 4566 νει,
1148 4509 1199 4554 et
1219 4502 1412 4573 fecerat
1424 4503 1516 4573 jus
1537 4502 1826 4571 potestatis,
1859 4509 1964 4557 etc.

465 4532 472 4536 ·
571 4532 586 4540 ·
633 4532 784 4554 ιυῦιιι
811 4532 937 4556 υυυ.
987 4532 1116 4566 vah,
1148 4532 1198 4554 σι
1220 4532 1345 4566 μςυσι
1357 4532 1410 4553 ιιι
1424 4532 1516 4566 μω
1537 4532 1826 4566 μυισοιιιιω,
1859 4532 1964 4557 ceu.

2185 3291 2364 3360 spicit,
2378 3291 2661 3348 maledicta
2684 3295 3006 3364 contemnit,
3031 3303 3086 3350 et
3105 3297 3357 3353 sauciatis
3370 3299 3563 3354 morbo
3585 3308 3784 3370 sponte

2184 3382 2352 3437 vitam
2381 3383 2628 3439 conferat
2685 3393 2740 3440 et
2767 3385 3032 3462 salutem;
3091 3397 3295 3459 quanto
3335 3392 3507 3460 magis
3536 3392 3785 3451 Christus

2187 3465 2430 3530 medicus
2454 3476 2699 3531 bonitate
2727 3477 2909 3532 divina
2937 3480 3138 3535 morbis
3182 3483 3391 3537 saucios
3432 3493 3784 3553 peccatorum

2188 3575 2243 3622 et
2262 3568 2515 3638 phrenesi
2552 3570 2836 3625 criminum
2867 3571 3202 3640 laborantes,
3245 3574 3314 3630 ad
3355 3576 3584 3632 salutem
3612 3579 3784 3634 etiam

2188 3661 2386 3717 invitos
2414 3663 2640 3717 attrahit
2669 3671 2728 3720 et
2762 3664 3046 3722 nolentes?
3074 3669 3089 3698 ³
3120 3664 3165 3722 Ο
3192 3667 3236 3723 si
3267 3668 3494 3724 velimus
3512 3711 3527 3735 ,
3560 3668 3780 3741 fratres,

2261 3808 2288 3880 ξς
2318 3797 2494 3880 Iidem
2513 3800 2681 3880 lcodd.
2716 3800 2839 3880 Vat.
2858 3809 2916 3880 et
2942 3801 3146 3867 Casin.,
3187 3814 3238 3880 et
3274 3804 3567 3880 obtulerunt
3591 3810 3639 3880 e_i
3671 3826 3780 3880 pa-

2188 3869 2466 3941 ralyticum
2495 3872 2758 3942 jacentem
2793 3874 2849 3927 in
2891 3873 3020 3930 lecto
3040 3914 3054 3941 ,
3085 3884 3135 3930 et
3153 3876 3349 3942 videns,
3382 3878 3573 3949 inquit,
3594 3869 3776 3947 Iesus,

2188 3949 2300 3996 etc.

2259 4011 2287 4088 1}
2324 4010 2472 4092 idem
2499 4014 2620 4092 cod_.
2644 4014 2792 4092 V_at.,
2817 4017 3098 4092 aequitum
3130 4021 3400 4089 respondit
3421 4023 3666 4092 gratiam.

2267 4081 2282 4118 ί
2327 4081 2476 4161 Idem
2512 4084 2633 4140 cod.
2681 4085 2801 4140 Vat.
2844 4085 3007 4161 6451,
3040 4106 3193 4161 ctiam
3216 4081 3477 4161 "futuram.
3514 4091 3649 4148 Cod.
3679 4092 3780 4148 Ca-

2190 4151 2318 4234 sin.,
2332 4153 2451 4234 _s_ibi
2477 4166 2780 4234 praesentem
2808 4159 2964 4234 vitam
2976 4151 3197 4234 judicat,
3217 4151 3380 4234 quam
3396 4164 3644 4234 futuram.

2268 4224 2281 4273 i
2332 4221 2626 4300 ldem'_cod.
2659 4225 2812 4300 Εἴρᾳ,
2839 4221 3564 4300 digit'paralyticofcernitis
3595 4235 3650 4287 in
3679 4234 3780 4289 hoc

2192 4293 2324 4358 loco,
2349 4301 2454 4349 etc.
2481 4295 2615 4351 Cod.
2647 4295 2854 4360 Casin.,
2880 4293 3102 4353 Cernitis
3122 4293 3176 4353 in
3207 4302 3341 4356 hunc
3369 4304 3556 4358 locum.

2263 4363 2292 4402 κ
2328 4363 2477 4442 Idem
2501 4365 2624 4421 cod.
2658 4367 2929 4442 Vat.,_se_d
2953 4370 3168 4424 alterius
3187 4373 3310 4442 ﬁdei
3330 4375 3598 4428 subvenire
3616 4385 3665 4428 et
3686 4393 3777 4430 re-

2190 4437 2610 4561 virg,efratres,
2653 4445 2758 4494 etc.
2803 4437 3028 4509 Reliqua
3071 4437 3431 4511 praecedentia
3480 4445 3676 4502 desunt
3717 4448 3778 4505 in

2192 4521 2225 4561 c
2301 4521 2351 4561 1c
2388 4545 2402 4558 .

2192 4521 2402 4562 000108.

565 4618 582 4648 ι
625 4613 669 4669 0
691 4618 736 4670 si
765 4616 1006 4702 velimus,
1043 4618 1234 4702 fratres
1253 4657 1267 4681 ,
1292 4633 1322 4669 ο
1345 4617 1389 4670 si
1416 4617 1630 4700 velimus
1659 4633 1862 4702 omnem
1891 4622 2082 4702 mentis
2112 4623 2160 4686 D
2184 4623 2438 4702 xiliorum
2470 4623 2792 4696 (cujusmodi
2818 4639 2945 4683 sunt
2970 4629 3353 4689 illustrationes
3372 4637 3588 4702 mentis,
3617 4653 3777 4694 com-

491 4696 682 4759 nostra:
710 4688 996 4759 paralysim
1019 4688 1314 4756 pervidere,
1348 4689 1577 4741 animam
1611 4698 1841 4743 nostram
1873 4691 2076 4745 virtuti-

492 4757 583 4828 bus
605 4757 907 4828 destitutam
933 4759 1114 4828 jacere
1152 4759 1207 4811 in
1236 4761 1475 4828 vitiorum
1503 4762 1682 4813 stratis
1716 4776 2076 4817 cerneremus:

491 4827 680 4904 luceret
724 4824 883 4904 nobis
921 4824 1173 4904 quomodo
1222 4827 1486 4904 Christus,
1512 4838 1578 4904 Aet
1604 4840 1810 4904 nostras
1851 4833 2078 4904 quotidie

491 4899 688 4971 noxias
701 4902 907 4971 respicit
935 4898 1246 4963 voluntates,
1275 4908 1324 4951 et
1351 4900 1418 4952 ad
1440 4899 1697 4971 salutaria
1725 4919 1819 4956 nos
1850 4898 2079 4960 remedia

491 4969 743 5041 pet-trahit
782 4968 848 5024 'et
883 4979 1124 5041 per-urget
1159 4971 1362 5023 invitos.
1390 4968 1618 5038 -—-Quid
1669 4973 1774 5029 hoc
1831 4983 1950 5030 est:
1995 4977 2077 5032 Ad

489 5037 747 5116 salutaria
787 5037 892 5095 nos'
922 5037 1153 5116 remedia
1186 5043 1436 5116 per_tral_tit
1468 5037 1810 5116 Aetgperurget
1845 5049 2028 5101 invitos
2053 5050 2078 5102 Σ)

491 5104 714 5162 Scilicet
735 5104 1199 5183 eo_perti_net_quo
1233 5111 1322 5183 illa
1358 5104 1611 5183 Ecclesiae
1639 5104 1848 5183 spectat
1877 5117 2070 5182 oratio,

489 5190 599 5255 qua
627 5177 879 5255 sacerdos
911 5177 1201 5250 (domin—ica
1296 5177 1806 5255 post'Pentecosten)
1849 5201 1962 5239 rem
1992 5177 2073 5239 di;

487 5247 670 5320 vinam
701 5247 933 5320 facturus
960 5260 1212 5320 precatur
1242 5247 1436 5317 Deum,
1469 5263 1528 5308 ut
1557 5255 1626 5306 ad
1664 5271 1718 5307 se
1754 5247 1960 5310 nostras
1992 5273 2073 5308 re-

491 5315 646 5394 belles
669 5315 1246 5394 compettat'prOpitius
1276 5315 1602 5389 voluntates;
1651 5341 1757 5379 non
1795 5340 1902 5394 quo
1933 5324 2073 5379 Deus

486 5388 742 5461 praesidio
769 5388 951 5461 gratiae
973 5388 1099 5457 sum,
1133 5393 1198 5447 iis
1225 5408 1362 5461 quos
1391 5388 1711 5449 convertere
1740 5388 1894 5450 ad'sc
1925 5396 2069 5459 velit,

487 5458 687 5515 inferat
727 5458 1098 5516 necessitatem
1125 5504 1139 5526 ,
1197 5458 1318 5517 cum
1360 5473 1414 5517 et
1457 5463 1702 5518 Ecclesia
1727 5473 1782 5518 et
1809 5463 2074 5518 Maximus

485 5530 720 5602 doceant
759 5532 1160 5602 pnedicentque
1205 5533 1511 5587 libertatem
1561 5534 1801 5598 arbitrii;
1843 5535 1936 5588 sed
1965 5549 2073 5602 quo

487 5600 632 5656 Deus
661 5600 1031 5658 misericordia
1057 5600 1266 5657 summa
1297 5618 1392 5657 sua
1422 5605 1477 5656 in
1498 5603 1645 5657 nobis
1674 5603 1787 5656 sine
1812 5600 1998 5668 nobis;
2015 5612 2074 5658 ut

487 5668 546 5744 _S.
578 5672 904 5744 Augustinus
933 5671 1352 5744 animadvertit,
1403 5673 1645 5743 quzcdam
1669 5682 1924 5742 operetur
1951 5675 2072 5744 qui-

486 5739 588 5794 bus
614 5739 776 5815 veluti
816 5744 1047 5815 stimulis
1074 5743 1361 5815 incitemur
1387 5739 1548 5812 atque
1578 5739 1862 5815 urgeamur
1889 5745 1955 5798 ad
1971 5739 2069 5801 're-

488 5815 575 5863 cte
603 5814 886 5873 agendum.
930 5814 1089 5869 Hisce
1117 5814 1377 5882 stimulis,
1423 5829 1540 5886 qure
1570 5829 1794 5868 numero
1822 5824 1946 5870 sunt
1975 5832 2074 5870 au-

2188 4696 2516 4775 minationes
2547 4705 2893 4775 terroresque
2910 4715 3189 4775 poenarum
3208 4746 3222 4769 ,
3251 4706 3382 4775 etc.)
3412 4696 3774 4775 inviti'initio,

2189 4781 2289 4849 seu
2312 4781 2420 4849 non
2450 4767 2681 4849 libentes
2706 4767 2989 4849 interdum
3017 4767 3280 4849 sentimus
3301 4767 3504 4849 moveri
3527 4795 3628 4833 nos
3648 4767 3779 4849 per;

2189 4837 2438 4919 trahique
2467 4838 2532 4891 ad
2556 4839 2999 4919 reﬁsipiscendnm.
3023 4841 3167 4919 _Nam
3195 4845 3258 4899 iis
3280 4848 3577 4904 resistimus
3606 4837 3778 4919 atque

2188 4908 2547 4991 obluctamur.
2594 4907 2725 4991 Quis
2751 4921 2931 4991 autem
2958 4913 3253 4991 reluctatur
3281 4907 3697 4991 atqueobsistat'
3719 4907 3777 4978 ei

2187 4981 2264 5049 rei
2309 4994 2470 5048 quam
2512 4981 2563 5034 in
2605 4996 2662 5036 se
2711 4981 3003 5037 immissam
3051 4987 3251 5040 sentiat
3288 4981 3394 5042 no'n
3439 4990 3639 5044 invitus
3674 5008 3774 5049 seu

2186 5048 2364 5103 libens.
2389 5091 2392 5096 .
2417 5051 2592 5120 Atque
2634 5053 2783 5108 inviti
2821 5055 3080 5110 vocabulo
3118 5055 3173 5110 S.
3214 5056 3501 5114 Maximum
3526 5076 3633 5115 non
3665 5048 3772 5117 ho;

2184 5121 2384 5202 minem
2417 5125 3049 5202 pressum-necessitate,
3079 5126 3175 5202 sed
3204 5127 3420 5202 liberum
3445 5131 3765 5202 intelligere,
3817 5173 3827 5197 ,

2183 5190 2274 5256 qui
2305 5198 2483 5271 tamen
2517 5207 2616 5244 non
2655 5192 2816 5271 libens
2845 5204 3000 5265 agat,
3028 5190 3096 5271 es
3123 5197 3238 5264 ejus
3264 5201 3578 5271 pmfatione
3604 5190 3770 5271 plane
3810 5205 3818 5226 ’

2183 5261 2537 5340 perspicitur,
2567 5278 2727 5331 quam
2750 5264 2819 5340 in
2857 5261 3394 5340 ahnotatiotiem'col.
3438 5270 3542 5324 564
3572 5261 3767 5340 réjeci~

2184 5343 2321 5412 inus.
2337 5328 2473 5412 nJam
2505 5328 2632 5412 vero
2661 5333 2763 5387 etsi
2792 5337 3106 5412 resistamus
3135 5338 3288 5412 initio
3314 5342 3462 5398 hisce
3492 5328 3768 5412 adjufnen-

2185 5399 2281 5477 tis,
2333 5399 2473 5454 Deus
2522 5410 2704 5477 tamen
2752 5406 2953 5477 auxilio
2995 5407 3120 5462 inde
3163 5409 3366 5466 elﬁcaci
3412 5427 3531 5477 suo,
3557 5399 3634 5468 ita
3665 5429 3768 5469 nos

2187 5468 2438 5550 (quorum
2461 5472 2709 5550 misereri
2731 5474 3022 5550 efﬁcaciter
3041 5478 3192 5550 velit)
3215 5483 3421 5536 emollit
3449 5468 3762 5550 obduratos,

2181 5538 2513 5620 reluctantes
2542 5545 2733 5609 sedat,
2767 5538 3261 5620 graviterferentes
3288 5552 3482 5616 allicit,
3520 5563 3578 5608 ut
3604 5538 3762 5620 mire,

2180 5607 2342 5694 illaesa
2372 5611 2620 5694 libertate
2645 5607 2845 5694 nostra,
2874 5633 2972 5674 nos
2993 5618 3334 5694 determinet,
3355 5607 3765 5694 viresquepim:

2175 5686 2283 5756 stet
2328 5682 2522 5756 quibus
2568 5688 2930 5756 nosmetipsos
2976 5705 3080 5743 una
3127 5691 3288 5746 simul
3321 5682 3765 5750 'determinémus

2179 5748 2249 5835 ad
2276 5748 2533 5835 salutaria
2556 5748 3257 5835 remedia-nobisparanda,
3289 5773 3450 5834 atque
3478 5748 3630 5820 adise
3672 5748 3764 5821 ca;

2178 5821 2339 5876 ritate
2366 5821 2513 5879 ducti
2542 5826 2844 5895 aspiremus
2867 5821 3088 5898 iustitiae
3114 5821 3764 5904 fontémfservandaeqne
