4056 6346
238 295 332 354 515

1655 279 1938 336 HOMILIA
1973 281 2106 338 CXI.

3398 282 3506 342 514

237 425 336 466 esse
365 401 555 478 gaudii,
583 400 673 455 sed
702 399 971 465 mmroris;
999 403 1177 469 postea
1196 411 1314 450 vero
1344 396 1566 466 fructum
1612 395 1800 463 paci/i-
1833 399 1879 455 Α
1910 394 2180 465 faciatque
2209 394 2587 466 conjunctione
2615 397 2698 454 sui
2724 398 2908 454 utilem
2936 413 3190 464 massam,
3221 397 3366 470 quod
3387 416 3508 472 pro-

240 517 343 555 cum
390 492 681 550 exercitatis
729 508 818 562 per
847 508 961 545 eam
984 499 1009 526 ⁸
1040 487 1217 543 reddet
1232 488 1451 559 justitiaa
1476 483 1663 556 (Hebr.
1688 484 1806 552 xu).

240 592 389 660 Igitur
427 585 679 658 quoniam
730 592 813 638 tot
869 582 1186 638 tractatibus
1235 580 1370 634 meis
1397 576 1687 648 profecisse
1714 590 1812 630 vos

241 681 407 745 credo,
448 679 574 732 libet
622 676 866 746 quaedam
921 674 1074 730 vobis
1097 673 1396 728 divinarum
1426 670 1692 725 disserere
1718 668 1810 722 lit-

242 785 482 836 terarum,
508 779 566 824 ut
596 769 888 837 intelligam
920 769 944 806 b
967 767 1113 838 quod
1144 765 1197 820 id
1222 764 1366 835 quod
1392 763 1639 828 dixerim,
1690 761 1813 816 ﬁdei

241 864 508 920 vivacitate
537 861 780 931 capiatis.
806 859 894 914 Ait
915 859 1170 914 Dominus
1193 858 1246 912 in
1271 863 1460 911 sancto
1484 852 1810 923 Evangelio}:

239 956 324 1011 Cui
343 954 505 1010 simile
533 951 799 1008 wstimabo
821 968 1036 1023 regnum
1063 949 1200 1003 Dei?
1228 949 1411 1002 Simile
1441 956 1518 1000 est
1540 948 1814 1018 fermento,

241 1047 366 1120 quod
409 1035 674 1115 acceptum
700 1043 883 1096 mulier
922 1040 1193 1096 abscondit
1218 1041 1272 1093 in
1307 1039 1502 1110 farina,
1527 1037 1685 1091 donec
1708 1038 1815 1108 fer-

240 1145 511 1194 mentatum
549 1145 626 1191 est
661 1144 824 1190 totum
855 1133 1006 1205 (Luc.
1040 1132 1174 1202 xui).
1208 1131 1478 1186 Ferntenti
1519 1131 1628 1184 vim
1657 1138 1819 1200 atque

243 1231 482 1286 virtutem
530 1227 778 1283 omnibus
823 1237 1006 1282 notam
1034 1239 1156 1280 esse
1185 1240 1290 1280 non
1319 1224 1536 1279 dubium
1560 1233 1659 1279 est.
1685 1223 1816 1278 Nam

241 1338 352 1380 cum
379 1321 446 1376 sit
469 1319 833 1390 magnitudine
855 1333 1097 1389 parvum,
1131 1314 1312 1386 specie
1339 1316 1587 1386 simplex,
1627 1323 1816 1369 natura

241 1428 515 1472 commune
546 1421 748 1467 tantam
792 1409 1160 1465 fortitudinem
1209 1408 1535 1462 intrinsecus
1575 1407 1730 1474 gerit,
1762 1413 1822 1459 ut

239 1521 349 1562 cum
370 1503 712 1560 reconditum
739 1501 918 1570 fuerit,
949 1512 970 1540 ε
1001 1516 1192 1556 succus
1207 1499 1325 1570 ejus
1349 1499 1453 1554 hoc
1482 1507 1652 1553 totum
1674 1513 1819 1552 mas-

238 1614 344 1653 sam
370 1597 536 1652 faciat
563 1612 684 1652 esse
703 1595 848 1666 quod
869 1596 984 1666 ipse
1009 1600 1110 1660 est,
1139 1601 1193 1648 et
1224 1594 1297 1648 ita
1326 1607 1540 1662 semper
1558 1590 1585 1628 ἀ
1612 1591 1821 1646 univer-

234 1707 341 1747 sum
371 1690 645 1745 cumulum
672 1689 1000 1759 aspersionis
1030 1688 1192 1760 37o
1217 1702 1326 1742 sua:
1353 1686 1535 1756 vigore
1550 1684 1818 1750 diffundit,

1917 487 2034 556 pria
2063 486 2416 542 dissolutione
2445 488 2724 544 videbatur
2744 491 2950 546 inutile.
2983 490 3072 546 Sic
3099 505 3229 561 ergo
3249 497 3304 546 et
3328 491 3512 547 Domi:

1916 593 2017 632 nus
2043 576 2197 634 Jesus
2226 579 2488 646 Christus,
2522 597 2646 636 cum
2675 590 2820 638 esset
2867 583 3029 638 totius
3057 582 3242 638 mundi
3270 582 3506 639 fermen-

1917 675 2071 738 tum,
2115 669 2339 727 diversis
2387 671 2723 742 passionibus
2769 673 3101 738 confractus,
3150 674 3417 730 laceratus
3456 683 3510 731 et

1917 763 2208 820 dissolutus
2237 770 2424 831 est,et
2465 781 2655 821 succus
2696 765 2812 834 ejus
2855 783 2953 837 pro
2978 768 3152 822 salute
3183 775 3387 833 nostra,
3413 767 3508 836 qui

1918 865 2001 913 est
2026 858 2298 927 pretiosus
2324 857 2562 927 sanguis,
2608 856 2806 913 effusus
2834 869 2938 925 est,
2969 867 3028 914 ut
3056 858 3387 918 admixtione
3426 859 3510 913 sui

1919 964 2080 1006 omne
2109 966 2279 1022 genus
2318 952 2610 1007 humanum
2652 953 2925 1018 solidaret,
2965 953 3110 1024 quod
3155 970 3253 1025 per
3303 953 3514 1009 diversa

1919 1053 2045 1100 ante
2073 1046 2368 1102 resolutum
2384 1046 2620 1116 jacebat.
2647 1047 2804 1118 371
2829 1045 2919 1101 Sic
2941 1048 3083 1102 enim
3105 1047 3253 1102 velut
3279 1045 3530 1102 fermen-'

1923 1147 2036 1194 tum
2055 1140 2324 1210 quoddam
2352 1156 2472 1206 nos,
2497 1139 2587 1210 qui
2629 1140 2800 1195 farina
2829 1155 2896 1196 ex
2925 1141 3173 1210 gentibus
3199 1139 3515 1196 videbamur

1921 1247 2060 1298 esse,
2086 1232 2426 1288 adhaesimus.
2455 1231 2584 1297 Nos,
2610 1231 2850 1303 inquam,
2880 1233 2972 1304 qui
3002 1248 3098 1304 per
3127 1240 3299 1288 totmn
3326 1233 3515 1288 orbem

1922 1321 2148 1394 dispersi
2174 1333 2230 1378 et
2272 1325 2519 1380 diminuti
2565 1325 2779 1395 penitus
2814 1324 3144 1394 jacebarnus,
3173 1325 3359 1393 vigore
3383 1340 3512 1395 pas-

1923 1414 2090 1469 sionis
2135 1412 2334 1470 Christi
2391 1417 2443 1470 in
2489 1415 2654 1486 ipsius
2673 1431 2870 1486 corpus
2896 1415 3341 1484 redactisumus;
3374 1416 3517 1470 sicut

1921 1506 2112 1561 beatus
2142 1507 2431 1578 Apostolus
2460 1509 2534 1563 ait
2565 1527 2576 1563 :
2625 1506 2886 1574 Quoniam
2910 1525 3089 1565 sumus
3118 1525 3301 1579 corpus
3327 1507 3518 1562 Christi

1924 1607 1972 1651 et
1999 1599 2226 1652 membra
2249 1599 2463 1671 (Ephes.
2495 1601 2571 1671 v).
2603 1600 2710 1656 Nos
2735 1603 2913 1671 igitur,
2957 1603 3050 1672 qui
3095 1617 3164 1657 ex
3214 1601 3520 1656 nationibus

1925 1689 1979 1743 in
2028 1691 2262 1760 pulveris
2304 1692 2522 1746 modum
2575 1708 2605 1748 e
2659 1693 2795 1748 facie
2819 1694 3176 1764 jactabamur,
3210 1693 3521 1763 aspersione

234 1794 288 1840 ut
314 1800 533 1840 omnem
584 1785 759 1854 ipsam
803 1782 1228 1852 magnitudinem
1255 1781 1472 1852 pollinis
1520 1778 1681 1835 iaciat
1708 1778 1817 1832 fer-
1849 1790 1897 1850 Β
1922 1784 2198 1852 sanguinis
2226 1784 2435 1840 Domini
2460 1785 2513 1840 in
2535 1801 2769 1842 massam
2801 1787 3086 1842 soliditatis
3117 1785 3234 1856 ejus
3255 1800 3514 1855 aggrega-

231 1885 488 1946 mentum,
522 1892 587 1932 ac
637 1877 716 1931 sic
753 1891 839 1930 res
887 1876 1000 1944 ipsa
1041 1873 1352 1928 fortitudine
1372 1889 1466 1929 sua
1496 1872 1692 1926 molem
1720 1871 1822 1925 sibi

232 1970 426 2041 proprii
451 1969 656 2039 vigoris
686 1969 935 2039 acquirit.
963 1967 1078 2023 Hoc
1106 1977 1286 2023 autem
1316 1966 1518 2023 faciunt
1546 1967 1818 2032 mulieres,

232 2070 284 2116 ut
315 2061 438 2116 viris
469 2060 588 2115 suis
616 2060 970 2115 salubriorem
994 2075 1189 2130 panem
1223 2067 1280 2114 et
1314 2060 1495 2114 cibum
1524 2059 1708 2112 utilem
1738 2058 1822 2110 di-

229 2152 444 2221 ligenter
475 2151 791 2207 exhibeant.
825 2151 932 2205 Sed
984 2143 1239 2220 quoniam
1265 2151 1351 2206 lex
1392 2150 1686 2220 spiritualis
1714 2157 1816 2215 est,

230 2253 280 2299 et
321 2243 681 2314 Evangelium
726 2255 748 2281 ο
781 2244 1134 2315 spiritualiter
1180 2244 1558 2314 parabolarum
1613 2244 1826 2298 ratione

230 2337 488 2404 subsistit,
529 2336 802 2392 videamus
824 2336 956 2406 quid
978 2337 1049 2390 sit
1072 2334 1416 2401 fermentum,
1446 2353 1564 2406 qua:
1612 2335 1824 2401 mulier,

229 2432 352 2502 quid
379 2430 583 2486 farina.
614 2429 867 2501 Legimus
888 2431 942 2484 in
964 2429 1257 2499 Evangelio
1292 2449 1303 2483 :
1336 2428 1458 2484 Nisi
1481 2446 1698 2502 granum
1734 2430 1828 2482 tri-

226 2527 309 2581 tici
329 2527 532 2580 cadens
561 2525 616 2579 in
641 2535 834 2579 terram
859 2534 1115 2579 mortuum
1145 2524 1319 2595 fuerit,
1343 2523 1512 2594 ipsum
1533 2522 1699 2576 solum
1720 2538 1829 2575 mau-

226 2628 338 2685 net;
371 2620 415 2674 si
449 2627 633 2673 autem
653 2628 908 2673 mortuum
939 2618 1114 2689 fuerit,
1140 2615 1355 2670 multum
1397 2617 1622 2687 fructum
1668 2615 1824 2684 a/fert

225 2707 398 2778 (Joan.
445 2709 576 2781 xu).
625 2708 767 2779 Ergo
803 2709 849 2765 si
896 2709 1134 2763 triticum
1175 2708 1447 2774 Dominus,
1481 2716 1536 2762 et
1563 2705 1826 2763 Dominus

223 2811 302 2858 est
347 2803 704 2868 fermentum,
767 2801 892 2871 quia
941 2800 1263 2856 fermentum
1295 2801 1506 2856 nonnisi
1548 2800 1615 2855 de
1643 2800 1825 2856 tritico

225 2897 336 2954 ﬁeri
384 2899 559 2962 solet,
588 2904 735 2952 recte
762 2911 892 2966 ergo
930 2894 947 2934 ί
982 2894 1246 2950 fermento
1275 2893 1520 2950 Christus
1548 2910 1828 2964 compara-

225 2996 327 3055 tur,
375 2989 472 3060 qui
535 3003 657 3043 cum
687 2996 829 3043 esset
857 2987 1038 3057 specie
1065 2987 1248 3052 homo,
1278 2985 1577 3039 humilitate
1607 3001 1824 3054 parvus,

223 3081 600 3138 imbecillitate
621 3079 881 3149 dejectus,
907 3087 1062 3134 tanta
1085 3079 1408 3145 intrinsecus
1431 3077 1708 3148 sapientiae
1728 3077 1830 3131 vir-

1923 1892 2060 1931 mur.
2099 1875 2292 1932 Mulier
2321 1886 2501 1933 autem
2531 1878 2640 1944 illa,
2675 1893 2795 1948 quae
2846 1879 3042 1934 dicitur
3091 1877 3422 1933 abscondere
3470 1877 3522 1931 in
3548 1897 3562 1907 ο

1922 1971 2092 2025 farina
2120 1971 2460 2037 fermentum,
2485 1987 2604 2041 quae
2627 1978 2731 2042 est,
2753 1972 2856 2027 nisi
2877 1972 2934 2026 8.
2958 1955 3220 2036 Ecclesia,
3245 1986 3364 2040 qum
3388 1986 3527 2039 quo-

1924 2062 2053 2117 tidie
2103 2062 2406 2118 doctrinam
2433 2063 2633 2118 Christi
2683 2065 2735 2118 in
2785 2064 3037 2119 cordibus
3067 2063 3266 2118 nostris
3295 2070 3524 2117 conatur

1924 2155 2294 2212 abscondere?
2322 2157 2464 2228 Ipsa,
2497 2157 2737 2227 inquam,
2787 2165 2872 2212 est
2917 2157 3110 2212 mulier
3161 2172 3279 2226 quae
3327 2158 3434 2212 alio
3466 2157 3521 2212 in

1927 2245 2048 2302 loco
2071 2247 2234 2301 etiam
2258 2248 2463 2303 molere
2485 2248 2700 2315 dicitur,
2733 2249 2871 2304 sicut
2898 2248 2974 2302 ait
3006 2248 3263 2304 Dominus
3289 2265 3299 2300 :
3353 2246 3524 2301 Erunt

1926 2337 2043 2393 dum
2091 2340 2366 2407 molentes,
2417 2358 2521 2395 una
2570 2351 2887 2405 assumetur,
2942 2348 2994 2393 et
3046 2356 3154 2393 una
3204 2340 3522 2410 relinquetur

1930 2429 2146 2502 (Matth.
2174 2431 2341 2504 xxiv).
2367 2430 2519 2487 Molit
2547 2432 2690 2486 enim
2712 2431 2769 2487 8.
2796 2430 3037 2486 Ecclesia
3078 2446 3177 2500 per
3205 2431 3396 2497 legem,
3421 2444 3522 2498 per

1927 2525 2226 2594 apostolos,
2278 2541 2376 2595 per
2422 2526 2735 2596 prophetas,
2766 2541 2887 2580 cum
2917 2524 3338 2580 catechumenos
3366 2520 3514 2587 facit,

1929 2624 1984 2672 et
2004 2619 2349 2688 asperitatem
2377 2618 2690 2687 gentilitatis
2717 2617 2943 2687 dissipat
2973 2624 3133 2684 atque
3177 2613 3519 2678 comminuit,

1929 2717 1989 2764 ut
2010 2711 2258 2766 emolitos
2288 2725 2384 2766 eos
2413 2710 2465 2765 in
2505 2709 2690 2764 farina:
2722 2707 2959 2771 modum,
2994 2714 3149 2776 aptos
3183 2702 3202 2743 ι
3236 2704 3395 2760 faciat
3423 2704 3544 2760 do—'

1929 2803 2113 2858 minici
2141 2803 2416 2871 sanguinis
2458 2801 2754 2858 adhaerere.
2787 2799 3131 2874 Fermentum
3161 2798 3303 2854 enim
3333 2797 3530 2852 dixerit

1929 2894 2051 2952 ﬁdei
2067 2902 2234 2952 totam
2259 2894 2468 2949 Domini
2491 2893 2820 2964 passionem.
2835 2891 3180 2947 Fermentum
3202 2889 3342 2945 enim
3364 2889 3526 2960 372

1929 2990 2118 3046 salutis
2141 2997 2337 3044 nostra:
2367 2994 2450 3043 est
2477 2986 2750 3060 symbolus
2781 2986 2914 3056 ipse,
2941 2988 2976 3020 σι
3007 2985 3101 3055 qui
3128 2983 3375 3049 traditur,
3407 2982 3525 3037 sine

1930 3098 2038 3151 quo
2059 3080 2324 3137 fermento
2345 3081 2431 3135 vel
2459 3080 2704 3151 symbolo
2735 3094 2894 3150 nemo
2933 3084 3113 3149 potest
3152 3077 3275 3131 vitae
3312 3083 3528 3130 aeterna:

223 3181 334 3231 tute
361 3174 633 3246 pollebat,
664 3181 724 3229 ut
750 3174 994 3230 doctrina
1024 3173 1192 3244 ipsius
1220 3171 1449 3227 mundus
1481 3171 1596 3241 ipse
1621 3171 1706 3224 vix
1737 3184 1824 3224 ca-
1851 3173 1898 3235 C
1930 3171 2287 3228 substantiam
2342 3170 2661 3240 promereri.
2722 3167 2788 3222 Et
2834 3169 2961 3238 quia
3016 3167 3150 3222 duas
3179 3165 3526 3235 Evangelium

221 3278 388 3340 pcret,
431 3267 535 3340 qui
565 3283 686 3324 cum
714 3282 776 3323 se
812 3267 976 3337 erepit
996 3282 1094 3337 per
1121 3273 1291 3321 totum
1320 3265 1505 3320 orbem
1533 3262 1828 3317 divinitatis

223 3363 406 3432 vigore
434 3360 764 3426 diffundere,
797 3362 982 3416 statim
1012 3371 1037 3409 ε
1076 3376 1237 3416 omne
1261 3361 1538 3415 hominum
1567 3373 1736 3427 genus
1775 3357 1829 3410 in

221 3456 591 3511 substantiam
620 3470 772 3510 suam
801 3454 884 3510 sui
913 3460 1185 3525 potestate
1207 3453 1493 3523 protraxit,
1526 3459 1585 3505 ut
1613 3460 1670 3506 et
1692 3448 1721 3487 ιι
1751 3449 1832 3518 ju-

225 3562 350 3618 gum
401 3548 645 3620 Spiritus
668 3548 751 3606 sui
778 3548 950 3604 sancti
989 3546 1294 3602 infunderet
1322 3546 1590 3612 omnibus,
1621 3545 1723 3600 hoc
1751 3553 1835 3600 est

222 3641 574 3699 Christianos
616 3650 840 3698 cunctos
873 3641 1096 3697 faceret
1124 3657 1242 3696 esse
1269 3640 1413 3709 quod
1455 3640 1700 3694 Christus
1728 3647 1830 3693 est.

224 3734 362 3791 Nam
403 3734 420 3773 ί
459 3735 609 3805 quod
665 3735 827 3790 homo
857 3735 1116 3788 Dominus
1162 3733 1316 3790 Iesus
1357 3742 1412 3788 et
1446 3732 1590 3786 solus
1616 3731 1834 3785 essetin

224 3827 462 3892 mundo,
528 3835 780 3896 tanquam
828 3825 1148 3879 fermentum
1192 3825 1243 3878 in
1273 3839 1448 3878 massa
1478 3821 1832 3886 reconditum,

223 3921 525 3979 universos
553 3919 798 3973 homines
824 3916 1072 3987 praestitit
1094 3931 1212 3970 esse
1235 3915 1378 3985 quod
1411 3915 1525 3985 ipse
1548 3923 1647 3968 est.
1682 3911 1838 3979 Quis-

221 4013 350 4083 quis
383 4011 561 4079 igitur
594 4012 606 4059 Ξ
651 4009 726 4062 illi
756 4007 1018 4062 fermento
1047 4005 1245 4062 Christi
1274 4005 1575 4071 adlimserit,
1609 4003 1838 4059 efﬁcitur

221 4111 277 4159 et
306 4103 444 4173 ipse
480 4098 802 4153 fermentum
829 4105 936 4151 tam
966 4096 1067 4152 sibi
1088 4097 1422 4180 utilisquam
1448 4095 1673 4150 idoneus
1722 4093 1839 4147 uni-

219 4193 409 4251 versis
432 4208 448 4257 ;
485 4198 541 4245 et
559 4189 627 4244 de
655 4205 750 4244 sua
773 4197 951 4245 certus
979 4189 1172 4255 salute,
1199 4197 1254 4244 et
1277 4188 1345 4244 de
1365 4188 1592 4243 aliorum
1617 4185 1841 4256 acquisi-

221 4288 382 4342 tione
411 4298 661 4339 securus.
693 4282 843 4338 Sicut
870 4282 1028 4351 igitur
1057 4282 1401 4348 fermentum,
1432 4297 1553 4336 cum
1578 4283 1629 4336 in
1660 4297 1842 4336 cumu-

221 4379 339 4435 lum
377 4374 854 4447 conspergendum
879 4383 962 4430 est
984 4373 1294 4439 farinarum,
1314 4373 1685 4442 confringitur,
1701 4388 1844 4427 com-

223 4469 534 4533 minuitur,
562 4467 869 4538 dissipatur,
902 4474 956 4522 et
1002 4467 1175 4537 ipsum
1222 4481 1383 4522 omne
1412 4465 1751 4529 dissolvitur;
1784 4470 1843 4517 ut

1930 3263 2186 3319 describit
2228 3262 2512 3326 molentes,
2566 3269 2729 3329 atque
2777 3275 2939 3314 unam
2969 3253 3267 3314 Ecclesiain
3292 3258 3526 3312 diximus

1930 3353 2214 3408 salubriter
2237 3352 2470 3416 molere;
2495 3352 2742 3418 alteram,
2764 3365 2925 3420 quam
2954 3349 3168 3405 nonnisi
3186 3349 3527 3421 Synagogam

1935 3447 2182 3516 accipere
2210 3445 2502 3500 debemus?
2531 3445 2682 3499 Molit
2709 3444 2853 3499 enim
2875 3452 2931 3499 et
2952 3443 3067 3514 ipsa
3089 3457 3187 3514 per
3227 3441 3446 3513 Moysen
3472 3447 3529 3496 et

1934 3539 2246 3610 prophetas,
2279 3538 2374 3593 sed
2405 3538 2667 3594 inutiliter
2691 3539 2863 3604 molit,
2895 3538 3036 3594 sicut
3067 3535 3196 3592 dicit
3238 3534 3529 3606 Apostolus

1935 3631 2003 3686 de
2039 3629 2236 3686 Judzeis
2270 3648 2282 3684 :
2341 3630 2738 3685 aemulationem
2784 3630 2882 3685 Dei
2926 3628 3145 3693 habent,
3177 3627 3273 3682 sed
3300 3641 3410 3682 non
3437 3641 3528 3680 se-

1937 3722 2172 3777 cundum
2225 3722 2526 3778 scientiam.
2572 3722 2857 3790 lnutiliter,
2902 3723 3142 3791 inquam,
3167 3719 3320 3774 molit
3353 3718 3526 3790 Syna-

1937 3829 2093 3885 goga,
2125 3815 2249 3884 quia
2298 3830 2529 3870 massam
2556 3831 2707 3870 suam
2755 3815 2951 3870 Christi
2981 3815 3224 3870 doctrina
3251 3829 3360 3868 non
3383 3820 3522 3866 tem-

1939 3916 2113 3978 perat.
2139 3907 2312 3977 Atque
2335 3907 2456 3964 ideo
2485 3908 2790 3963 evitandum
2817 3907 3058 3978 praecipit
3098 3905 3394 3978 Synagogao
3423 3903 3529 3958 Do-

1940 4001 2118 4056 minus
2146 4016 2264 4056 esse
2295 3999 2616 4055 fermentum
2649 4000 2832 4056 dicens
2861 4019 2872 4054 :
2905 3999 3089 4054 Cavete
3113 4016 3198 4053 vos
3226 4015 3257 4051 a
3281 3999 3530 4068 fermento

1943 4095 2330 4151 Pharisaeorum
2355 4093 2570 4168 (Matth.
2603 4093 2680 4166 x).
2714 4093 3091 4164 Temperatum
3119 4099 3205 4147 est
3231 4090 3376 4146 enim
3405 4105 3530 4144 san-

1943 4190 2191 4260 guinibus
2231 4197 2286 4244 et
2314 4188 2723 4244 crudelitatibus
2764 4187 3073 4243 Judazorum
3126 4185 3418 4241 dicentium
3467 4183 3535 4236 de

1944 4282 2172 4337 Domino
2200 4299 2212 4335 :
2256 4281 2485 4353 Sanguis
2513 4290 2542 4318 ιι
2566 4283 2677 4353 ejus
2705 4298 2856 4349 super
2891 4297 2984 4335 nos
3013 4289 3060 4334 et
3083 4294 3238 4348 super
3267 4274 3405 4347 filios
3436 4291 3534 4328 no-

1945 4386 2097 4430 stros.
2129 4374 2281 4430 Unde
2302 4376 2376 4429 ait
2397 4374 2741 4443 Evangelium
2764 4390 2776 4425 :
2803 4371 2973 4426 Erunt
2993 4371 3111 4424 dua:
3129 4370 3380 4422 molentes
3398 4383 3412 4428 ;
3430 4378 3538 4417 una

1945 4475 2253 4534 assumetur,
2275 4473 2324 4519 et
2348 4483 2454 4520 una
2483 4465 2824 4534 relinquetur.
2857 4463 3176 4516 Assumetur
3195 4458 3338 4513 enim
3361 4457 3413 4509 in
3445 4469 3532 4508 re-

226 4566 554 4636 dispersam
587 4561 732 4615 illam
761 4560 946 4614 farime
974 4560 1370 4614 multitudinem
1425 4559 1478 4612 in
1508 4573 1671 4612 unum
1703 4555 1727 4593 ¹ί
1759 4555 1841 4609 vi-
1869 4567 1923 4628 1)
1947 4561 2125 4631 quiem
2145 4566 2401 4613 aeternam
2425 4555 2481 4610 S.
2513 4554 2773 4618 Ecclesia,
2800 4568 2921 4623 qum
2949 4551 3177 4605 Domino
3205 4547 3384 4603 cibum
3410 4560 3536 4600 san-

227 4672 430 4726 gorem
454 4654 811 4722 constringat,
845 4662 1006 4723 atque
1036 4654 1090 4706 in
1117 4654 1345 4708 solidum
1392 4667 1589 4722 corpus
1614 4650 1838 4720 redigat,

228 4753 384 4825 quod
413 4753 474 4808 in
503 4750 740 4822 pulveris
765 4749 980 4805 modum
1005 4749 1119 4819 ipsa
1145 4748 1514 4804 deminutione
1538 4746 1844 4816 languebat;

308 5031 337 5061 α
368 5017 521 5077 Cod.
556 5017 622 5072 10
650 5015 926 5082 Laurent.,
957 5015 1144 5071 reddit.

306 5092 337 5130 ιι
372 5091 525 5147 Tres
553 5089 676 5144 cod.
717 5103 878 5158 supra
907 5089 997 5143 cit.
1040 5087 1223 5156 legunt
1249 5101 1368 5158 qua,
1401 5083 1456 5138 id
1479 5083 1616 5154 quod
1643 5083 1844 5151 dixero,

233 5165 364 5236 ﬁdei
385 5163 682 5236 uiuacitate
702 5160 936 5228 capiatis.

315 5246 340 5274 ε
371 5231 526 5289 Cod.
561 5231 626 5284 10
659 5228 844 5300 Laur.,
871 5245 1088 5300 succus,
1109 5228 1286 5300 ut_hoc
1318 5235 1478 5300 totum
1518 5229 1675 5300 faciat
1715 5241 1843 5300 esse,

235 5316 294 5360 ut
320 5307 405 5361 sic
434 5319 530 5358 res
550 5303 666 5369 ipsa
687 5311 781 5357 est.
815 5299 947 5356 Cod.
979 5297 1049 5355 90
1067 5298 1127 5356 8.
1151 5298 1338 5355 Crucis
1363 5299 1417 5352 in
1434 5295 1543 5354 Jer.
1575 5295 1848 5367 legitquod

235 5383 628 5576 78:35:.90
654 5459 786 5500 mox
827 5443 944 5510 cit.,
986 5458 1188 5513 semper
1220 5459 1311 5513 per
1357 5442 1648 5497 uniuersum
1673 5455 1850 5494 cumu-

262 5537 378 5576 um.

321 5602 346 5630 ι·
371 5587 524 5648 Cod.
559 5585 626 5641 90
645 5585 703 5642 S.
732 5584 920 5642 Crucis
949 5586 1000 5640 in
1029 5583 1164 5651 Jer.,
1194 5583 1504 5653 specialiter.

325 5661 347 5700 ί
384 5657 535 5717 Cod.
568 5655 636 5711 90
665 5657 723 5713 S.
753 5657 939 5714 Crucis
959 5658 1012 5712 in
1040 5655 1149 5712 Jer.
1174 5655 1302 5725 legit
1322 5665 1458 5710 recte
1486 5672 1610 5727 ergo
1637 5656 1857 5727 fermen-

245 5743 365 5790 tum
396 5729 637 5800 Domino
665 5738 1012 5800 comparatur.

326 5813 354 5852 ι
387 5799 540 5859 Cod.
573 5798 638 5855 10
667 5797 944 5867 Laurent.,
974 5800 1148 5856 statim
1167 5799 1393 5856 omnium
1417 5798 1676 5854 hominum
1698 5813 1857 5872 genus

1952 4650 2152 4706 ctitatis
2197 4647 2452 4711 emoluit;
2485 4645 2818 4713 relinquetur
2846 4641 2912 4696 ad
2941 4639 3116 4695 molas
3155 4647 3180 4674 ο
3211 4635 3412 4709 perﬁda
3437 4633 3539 4707 Sy-

1952 4753 2182 4813 nagoga,
2213 4751 2405 4810 gyrum
2423 4750 2637 4806 semper
2664 4747 2890 4806 passura
2917 4745 3030 4788 sua:
3047 4727 3304 4801 perﬁdiae.

1949 5008 2006 5063 in
2033 5006 2378 5064 substantiam
2404 5019 2556 5061 suam
2581 5002 2664 5076 sui
2689 5009 2949 5076 potestate
2968 4997 3250 5072 pertraxit.

2023 5077 2053 5117 ιι
2072 5077 2205 5135 Cod.
2241 5078 2310 5132 90
2338 5077 2394 5132 8.
2419 5076 2608 5133 Crucis
2631 5072 2818 5130 in'Jer.
2850 5072 2980 5141 legit
3005 5086 3234 5127 succum.

2032 5149 2047 5188 ¹
2076 5149 2208 5206 Cod.
2234 5147 2302 5202 90
2331 5163 2493 5218 supra
2515 5149 2642 5218 cit.,
2667 5143 2812 5200 Nam
2835 5161 2970 5198 cum.

2027 5221 2042 5272 ι
2082 5220 2216 5277 Cod.
2240 5219 2309 5274 90
2329 5217 2536 5275 omittit
2563 5217 2662 5272 illi.

1987 5365 1998 5377 _
2026 5289 2054 5330 ι
2087 5290 2344 5377 Uterque.
2375 5292 2496 5377 cod.
2520 5287 2579 5345 8.
2605 5286 2797 5346 Crucis
2821 5287 2878 5343 in
2903 5285 3016 5343 Jer.
3051 5284 3183 5356 legit
3206 5284 3262 5338 in
3281 5299 3439 5337 unum
3469 5279 3548 5336 sui

1951 5372 2127 5437 uigore
2148 5372 2496 5434 constringat.

1957 5509 1973 5521 ,
1997 5434 2068 5521 ,,¹,
2089 5433 2168 5521 “,3
2189 5441 2437 5521 mergite
2489 5431 2614 5490 cod.
2659 5429 2716 5488 8.
2744 5429 2932 5490 Crucis
2957 5430 3012 5486 in
3058 5426 3193 5495 Jer.,
3224 5441 3261 5480 x
3287 5422 3430 5480 Plut.
3460 5434 3550 5478 xiv

1957 5507 2088 5564 bibl.
2120 5505 2378 5562 Laurent.

2032 5589 2072 5617 ιιι
2093 5576 2449 5657 Qoncordant
2471 5583 2582 5657 tres
2593 5574 2700 5657 fit.
2731 5572 2965 5657 codices.
3057 5640 3070 5657 Ι
3131 5641 3142 5653 ο

2031 5659 2063 5689 ⁸
2093 5646 2332 5720 Etet-que
2350 5646 2472 5720 cod.
2496 5646 2563 5720 8ὲ
2588 5645 2866 5720 Cr_ucis-in_
2887 5641 3026 5720 Je_r.,
3049 5640 3222 5712 hujus.

2036 5730 2062 5757 °
2093 5709 2333 5792 Uterque
2359 5717 2482 5778 cod.
2531 5715 2590 5774 8.
2636 5715 2824 5774 Crucis
2853 5713 2909 5771 in
2935 5711 3070 5777 Jer.,
3100 5709 3315 5764 cruenta
3369 5709 3549 5783 Syna-

1964 5810 2120 5868 909a.
