4056 6346
511 281 629 345 515.

1535 286 1592 343 Β.
1635 281 1877 340 MAXIMI
1916 278 2217 336 EPISCOPI
2261 278 2708 337 TAURINENSIS

3705 278 3803 340 516

1858 395 2208 462 HOMILIA
2252 396 2447 460 CXII.

1376 523 1677 597 Increpatio
1704 520 1776 576 ad
1807 518 2053 592 populum
2080 517 2147 571 de
2174 516 2412 572 absentia
2440 535 2538 572 sua
2580 518 2645 571 ab
2674 518 2939 576 ecclesia;

1988 627 2385 685 ADMONITIO.

578 723 691 779 Etsi
721 723 951 779 Maurini
968 724 1181 780 nullum
1205 738 1264 780 se
1288 724 1392 780 hac
1411 723 1469 779 in
1496 723 1720 779 homilia
1742 721 1993 793 reperire
2039 719 2393 776 S.~Ambrosii
2417 721 2705 793 vestigium
2725 723 2992 790 scribant,
3023 738 3146 781 eam
3177 737 3360 782 tamen
3390 741 3542 784 num.
3574 730 3649 783 45
3677 730 3809 785 inter

507 810 788 855 sermones
810 795 1075 864 ejusdem,
1107 796 1236 852 edit.
1270 794 1440 851 Paris.
1466 794 1623 857 1690,
1647 795 1953 864 collocant;
1976 808 2143 861 quam
2182 807 2283 847 nos
2303 800 2496 864 sancto

2579 794 2763 849 aximo
2790 795 3133 862 ascribi-Ius,
3188 798 3515 854 auctoritate
3560 799 3807 856 codicum

506 861 871 942 Sangallensis
896 883 1044 942 num.
1075 866 1243 942 2t,_ct
1264 864 1331 942 εξθ
1361 867 1577 942 Sanctae
1593 864 1785 942 Crucis
1811 863 1866 921 in
1893 861 2197 942 Jerusalem
2225 878 2375 942 num.
2408 862 2479 942 _8_8
2532 880 2658 921 cum
2682 865 2840 923 titulo
2865 882 2878 917 9
2912 864 3221 937 Increpatio
3238 868 3310 925 ad
3333 871 3599 942 pupulum.
3629 870 3811 942 Sequi-

505 933 829 993 mur—autem
850 938 1141 993 lectionem
1172 937 1403 995 laudatae
1426 937 1678 993 editionis
1704 950 1931 1005 operum
1961 933 2139 989 sancti
2166 933 2464 991 Ambrosii.

508 1050 899 1124 Ancuuearuu.
917 1049 1197 1124 —Apibu,s
1226 1050 1287 1124 S.
1321 1046 1585 1124 Maximus
1634 1054 1902 1124 comparat
1945 1061 2114 1102 sacer-
2138 1050 2189 1108 A
2218 1046 2440 1105 obnoxii
2458 1046 2527 1103 ‘de
2549 1055 2882 1120 contemptu.
2909 1047 3066 1108 Unde
3085 1058 3142 1107 et
3160 1064 3262 1121 ego
3288 1051 3558 1109 interdum
3586 1067 3810 1124 parcens

576 1123 755 1201 (totes;
789 1118 1196 1201 flol‘elquetht‘i
1226 1123 1465 1201 frequens
1496 1122 1609 1192 ejus
1626 1118 1934 1201 prtedicatio
1974 1134 2101 1201 pro-

533 1203 536 1207 ’
587 1195 720 1264 fectu
745 1191 921 1262 aliquo
946 1186 1129 1264 salutis
1146 1186 1355 1264 fratrea
1376 1208 1480 1264 non
1504 1186 1751 1261 corrigat,
1792 1197 1843 1243 et
1876 1186 2012 1260 quod
2042 1202 2105 1241 eo

576 1261 789 1319 absente
809 1261 922 1321 rari
951 1261 1025 1321 ad
1046 1262 1322 1323 ecclesiam
1344 1262 1571 1317 veniant.

581 1408 866 1483 Deberem,
897 1410 1117 1481 fratres,
1142 1423 1267 1486 post
1292 1415 1393 1477 hos
1420 1415 1726 1487 complures
1753 1414 1870 1473 dies
1905 1412 2110 1489 aliquid

506 1512 727 1573 uberius
752 1494 1071 1583 praedictam,
1097 1517 1153 1565 et
1174 1516 1450 1571 revertens
1479 1525 1511 1563 a
1559 1516 1714 1569 tanto
1742 1508 1991 1565 examine
2017 1523 2106 1567 sa-

507 1604 807 1664 cerdotum,
831 1601 975 1663 dulci
995 1615 1096 1656 nos
1122 1614 1373 1659 sermone
1397 1598 1642 1661 reﬁcere.
1670 1599 1819 1654 Bene
1845 1598 1956 1659 dixi
1985 1614 2110 1657 exa-

506 1695 654 1750 mine
681 1693 1057 1765 sacerdotum;
1078 1692 1204 1764 quia
1229 1691 1370 1750 sicut
1398 1709 1529 1763 apes
1548 1693 1616 1749 de
1638 1693 1941 1751 divinarum
1969 1691 2107 1747 Scri-

506 1795 782 1857 pturarum
829 1782 1066 1839 ﬂosculis
1112 1784 1299 1840 suavia
1340 1773 1502 1840 mella
1528 1783 1839 1849 conficiunt,
1872 1792 1927 1843 et
1950 1784 2107 1854 quid-

488 1877 640 1955 ,quid
689 1876 757 1933 ad
802 1876 1126 1933 medicinam
1156 1876 1394 1948 pertinet
1420 1876 1723 1937 animarum
1746 1876 1857 1935 oris
1885 1877 1967 1937 sui
1990 1884 2107 1932 arte

506 1978 877 2041 componunt;
927 1976 1083 2027 recte
1125 1976 1509 2047 comparantur
1549 1970 1739 2040 apibus
1763 1969 2104 2037 sacerdOtes;

506 2063 631 2133 quia
659 2062 798 2118 sicut
823 2076 955 2133 apes
983 2061 1285 2117 castitatem
1310 2060 1561 2131 corporis
1590 2059 1905 2135 praeierunt,
1928 2060 2106 2114 cibum

508 2154 634 2209 vitae
661 2153 900 2210 cmlestis
921 2153 1200 2221 exhibent,
1232 2153 1476 2209 aculeum
1508 2153 1641 2221 legis
1671 2161 1958 2219 exercent;
1986 2153 2109 2223 puri

504 2236 649 2310 enim
668 2248 736 2303 ad
763 2243 1267 2313 sanctiﬁcationem,
1300 2260 1496 2301 suaves
1524 2244 1597 2301 ad
1622 2243 1993 2311 refectionem,
2019 2260 2107 2299 se-

504 2339 616 2407 veri
641 2346 768 2395 sunt
792 2338 861 2393 ad
889 2338 1172 2395 ultionem.
1206 2335 1413 2409 Apibus
1438 2336 1599 2406 plane
1625 2341 1752 2390 sunt
1780 2349 2103 2404 comparan-

2207 1140 2361 1199 vobis
2381 1147 2564 1197 tacere
2591 1141 2757 1198 velim
2784 1159 2797 1196 :
2821 1142 2921 1200 sed
2944 1143 3089 1203 male
3109 1159 3209 1201 vos
3240 1144 3600 1201 contumaciae
3624 1159 3813 1205 causas

2207 1232 2452 1301 reddere,
2465 1249 2628 1304 quam
2641 1250 2728 1292 me
2740 1236 2843 1308 37
2849 1235 3243 1308 anegligentiae
3255 1238 3521 1295 sustinere
3526 1238 3808 1308 judicium.

2209 1323 2462 1397 Comperi
2482 1328 2648 1398 enim,
2673 1328 2886 1395 fratres,
2909 1329 3058 1400 quod
3084 1345 3181 1400 per
3200 1330 3505 1389 absentiam
3533 1332 3718 1391 meam
3736 1332 3811 1391 ita
3883 1326 3887 1329 ’

2208 1419 2316 1476 rari
2352 1420 2554 1491 quique
2583 1420 2653 1478 ad
2694 1422 2979 1484 ecclesiam
3024 1423 3274 1492 veniatis,
3328 1425 3405 1485 ita
3432 1426 3594 1496 pauci
3621 1424 3809 1484 adme-

2207 1509 2336 1569 dum
2364 1511 2692 1581 procedatis,
2722 1513 2878 1583 quasi
2898 1528 2988 1571 me
3010 1513 3415 1585 proficiscente,
3434 1531 3652 1575 mecum
3668 1518 3811 1589 pari-

2211 1613 2293 1661 ter
2318 1606 2599 1674 veneritis,
2644 1613 2701 1663 et
2739 1608 2894 1677 quasi
2940 1622 3067 1666 etim
3113 1609 3527 1667 necessitatibus
3548 1625 3656 1681 ego
3682 1625 3808 1681 per-

2208 1695 2416 1760 trahor,
2448 1711 2547 1754 vos
2574 1712 2787 1755 mecum
2815 1697 3044 1759 traxerit
3070 1699 3189 1769 ipsa
3227 1701 3547 1759 necessitas.
3604 1699 3811 1757 Pariter

2210 1800 2243 1843 a
2266 1785 2428 1843 domo
2458 1787 2552 1844 Dei
2583 1787 2836 1845 absentes
2881 1804 3099 1857 sumus;
3130 1790 3230 1847 sed
3253 1790 3360 1846 hoc
3383 1790 3633 1855 interest,
3668 1788 3821 1860 quod

2210 1891 2296 1931 me
2321 1877 2601 1933 absentem
2622 1880 2917 1935 necessitas
2940 1878 3124 1946 efficit,
3156 1896 3255 1936 vos
3281 1881 3555 1941 voluntas.
3580 1880 3815 1939 Nescitis

2210 1967 2335 2036 quia
2362 1969 2465 2025 etsi
2490 1985 2589 2042 ego
2613 1970 2681 2025 ab
2702 1971 2934 2026 ecclesia
2962 1970 3173 2037 desum,
3204 1970 3453 2027 Christus
3477 1973 3548 2027 ab
3574 1970 3813 2039 Ecclesia

2208 2071 2326 2125 sua,
2349 2060 2441 2128 qui
2468 2068 2554 2116 est
2582 2061 2801 2132 ubique,
2830 2076 2941 2119 non
2960 2061 3151 2119 deest?
3178 2061 3365 2133 Venis,
3400 2059 3590 2129 frater,
3622 2063 3695 2119 ad
3720 2079 3810 2121 ec-

2210 2151 2450 2218 clesiam,
2503 2169 2613 2209 non
2669 2154 2882 2210 invenis
2931 2153 3007 2209 ibi
3054 2154 3435 2225 episcoporum
3482 2154 3810 2226 Episcopum

2209 2239 2584 2298 Salvator-em?
2614 2242 2749 2299 Nam
2775 2242 3117 2303 Christianus
3167 2246 3262 2317 qui
3290 2254 3421 2303 tunc
3449 2254 3665 2303 tantum
3682 2245 3810 2318 pro-

2209 2334 2350 2391 cedit
2371 2335 2437 2390 ad
2458 2336 2745 2392 ecclesiam
2767 2337 2984 2413 quando
3010 2339 3297 2410 episcopus
3317 2355 3557 2412 praesens
3578 2349 3689 2407 est,
3703 2357 3811 2399 non

505 2433 585 2501 di,
603 2433 696 2504 qui
718 2432 864 2491 velut
890 2431 1128 2489 alvcario
1148 2429 1383 2501 quodam
1412 2429 1589 2500 gratia
1608 2429 1799 2491 matris
1848 2427 2107 2489 Ecclesia:
2133 2440 2183 2500 Β
2210 2422 2374 2507 374.
2398 2439 2507 2487 tam
2538 2431 2633 2487 Dei
2663 2448 2825 2489 causa
2847 2434 3060 2490 videtur
3092 2435 3605 2506 processissequam
3633 2435 3809 2493 humi.

508 2524 881 2593 continentur,
921 2523 976 2578 in
1004 2537 1115 2595 qua
1140 2521 1481 2577 diversorum
1517 2521 1837 2577 meritorum
1886 2521 2108 2578 cellulas

505 2612 835 2672 dulcissimis
888 2614 1367 2686 przndicationibus
1413 2622 1823 2685 componentes,
1881 2614 1949 2673 de
2000 2630 2109 2671 uno

505 2701 808 2762 Salvatoris
854 2706 1104 2762 examine
1152 2705 1585 2769 Christianorum
1636 2706 1887 2762 examina
1940 2707 2109 2763 multa

506 2797 834 2869 producunt.
856 2796 995 2852 Cum
1016 2812 1253 2868 semper,
1276 2795 1490 2864 fratres,
1514 2813 1622 2853 non
1652 2797 1982 2854 cessaverim
2010 2814 2109 2854 vos

505 2899 735 2965 paterna
754 2887 957 2965 pietate
985 2889 1285 2960 corripere,
1310 2889 1478 2944 miror
1506 2889 1637 2943 nihil
1662 2904 1763 2946 vos
1790 2891 1925 2946 meis
1952 2905 2104 2947 com-

507 2981 897 3051 monitionibus
910 2979 1249 3053 .profecisse,
1273 2989 1328 3036 et
1354 2980 1515 3036 doleo
1535 2981 1679 3053 quod
1708 2979 1962 3051 frequens
1977 2998 2111 3059 prte-

509 3068 712 3147 dicatio
741 3090 865 3131 mea
882 3090 994 3130 non
1022 3089 1122 3132 vos
1150 3071 1399 3151 profectu
1426 3072 1607 3143 aliquo
1638 3073 1828 3129 salutis
1850 3072 2106 3141 corrigat,

454 3188 457 3189 '
506 3169 604 3227 sed
623 3168 859 3240 quadam
882 3166 1301 3225 contestatibnis
1337 3180 1497 3236 poena
1519 3165 1871 3236 constringat.
1905 3162 2099 3220 Praedi-

507 3264 651 3327 catio
672 3264 817 3323 enim
839 3261 1136 3321 sacerdotis
1159 3262 1213 3316 in
1235 3261 1395 3333 plebe
1423 3260 1700 3318 salvandis,
1717 3267 1801 3316 est
1820 3261 2106 3327 correctio,

506 3363 563 3421 et
587 3356 914 3417 contestatio
938 3352 1273 3426 iudicandis;
1296 3359 1663 3412 contestamur
1682 3352 1827 3408 enim
1848 3351 1953 3409 illis
1981 3361 2107 3411 ante

502 3448 791 3520 judicium,
816 3447 965 3521 quod
1010 3447 1130 3503 illos
1159 3454 1376 3503 maneat
1417 3446 1472 3507 in
1502 3446 1619 3516 ipso
1636 3444 1869 3516 judicio;
1893 3454 1953 3501 ut
1980 3453 2108 3503 tunc

504 3530 651 3605 omni
679 3543 1039 3607 excusatione,
1060 3542 1339 3609 submota,
1357 3546 1415 3603 et
1440 3539 1519 3597 rei
1542 3539 1651 3596 sint
1675 3538 1743 3599 de
1763 3541 2017 3609 peccatis,
2052 3546 2108 3594 et

2210 2518 2321 2584 nis;
2371 2535 2470 2575 nec
2518 2520 2771 2593 implesse
2820 2518 3118 2583 Christiani
3164 2524 3406 2583 timentis
3430 2522 3813 2593 cilicium,“

2212 2610 2371 2667 amici
2423 2609 2716 2671 deferentis
2763 2615 3104 2683 obsequium.
3160 2614 3301 2684 Quid
3327 2630 3461 2686 ergo
3496 2632 3594 2673 vos
3624 2632 3812 2686 arguo.

2210 2716 2331 2758 cum
2355 2704 2570 2773 possitis
2598 2721 2685 2762 me
2713 2722 2822 2763 uno
2851 2721 3102 2762 sermone
3122 2709 3486 2767 convincere?
3506 2707 3813 2767 Convincor

2210 2796 2377 2861 enim,
2424 2811 2546 2851 cum
2599 2797 2650 2851 in
2701 2798 2804 2853 hac
2829 2805 2987 2868 parte
3017 2799 3247 2857 clericos
3274 2800 3435 2854 vobis
3455 2801 3638 2868 magis
3659 2800 3815 2858 video

2209 2888 2562 2959 negligentes.
2595 2888 2881 2957 Quomodo
2910 2890 3053 2946 enim
3082 2906 3304 2961 possum
3333 2892 3613 2962 corrigere
3645 2892 3802 2963 filios,

2210 2996 2332 3037 cum
2380 2980 2572 3038 fratres
2618 2982 2911 3041 emendare
2936 2999 3045 3041 non
3074 2984 3316 3054 possim?
3341 2984 3449 3043 Aut
3488 2999 3599 3055 qua
3622 2983 3813 3043 ﬁducia

2210 3086 2561 3148 succenseam
2592 3073 2767 3140 laicis,
2808 3088 2931 3133 cum
2958 3089 2991 3127 a
3037 3074 3385 3139 consortibus
3408 3074 3635 3149 pudoris
3660 3090 3809 3131 vere-

2210 3165 2403 3221 cundia
2433 3152 2833 3223 conticescam?
2855 3165 2974 3239 Ego'
2993 3176 3198 3233 autem,
3230 3166 3446 3232 fratres,
3477 3184 3593 3224 non
3623 3169 3690 3226 de
3704 3185 3815 3227 οωε

2210 3260 2369 3316 nibus
2396 3261 2608 3331 loquor.
2637 3261 2775 3319 Sunt
2801 3270 2951 3317 certe
2979 3261 3203 3335 quidam
3222 3261 3431 3329 devoti,
3474 3268 3601 3319 euut
3632 3270 3687 3317 et
3723 3262 3810 3322 alii

2211 3354 2579 3424 negligentes:
2613 3368 2715 3427 ego
2746 3354 3014 3409 neminem
3045 3354 3289 3422 nomino,
3342 3354 3683 3415 conscientia
3715 3368 3811 3417 sua

2214 3460 2653 3516 unumquemque
2682 3445 2989 3503 conveniat.

1847 3631 2198 3697 HOMILIA
2245 3631 2471 3695 CXIII.

1713 3736 1843 3794 Post
1869 3736 2286 3808 increpationem
2310 3736 2576 3791 allocutio.

1945 3828 2341 3887 ADMONITIO.

576 3928 733 3986 Hanc
766 3942 983 3991 quoque
1026 3925 1301 3985 homiliam
1344 3932 1535 3983 sancto
1566 3921 1985 3981 Taurinensium
2027 3921 2286 3990 episcopo
2317 3919 2585 3987 Maximo,
2618 3935 2729 3975 non
2758 3926 2939 3991 autem
2983 3920 3269 3991 Ambrosio
3299 3920 3803 3991 Mediolanensium,

505 4016 628 4057 esse
667 3987 1038 4055 ascribendam
1069 3997 1469 4061 existimamus;
1500 3994 1643 4066 quod
1677 3993 1818 4066 illius
1847 4008 1969 4047 cum
2000 3987 2119 4066 cod;
2148 3987 2524 4066 Ambrosiam,
2557 3997 2667 4043 tum
2700 3987 2951 4066 in‘99‘_S.l
2970 3988 3158 4066 crucis
3186 3992 3238 4047 in
3269 3991 3573 4066 Jerusalem
3608 4010 3717 4066 pra:
3742 3987 3800 4049 se

507 4070 645 4126 ferat
674 4084 892 4133 nomen,
926 4084 989 4123 ac
1014 4066 1260 4129 Maurini,
1296 4066 1414 4121 loco
1444 4060 1497 4119 in
1520 4060 1796 4134 superiori
1820 4063 2188 4134 admonitione
2216 4060 2472 4134 indicato,
2507 4061 2966 4134 nega_n_t_similem
2986 4060 3111 4134 ejus
3139 4078 3240 4132 qua
3273 4062 3591 4134 Ambrosius
3608 4060 3797 4118 'utitur

507 4155 631 4196 esse
668 4130 941 4195 scribendi
969 4139 1254 4192 rationem.
1291 4135 1512 4204 Legitur
1567 4130 1760 4207 eadem
1807 4133 2113 4207 homiliain
2142 4130 2561 4207 eodaVaticano
2595 4130 2753 4207 1277,
2782 4145 2905 4207 pag.
2938 4130 3035 4207 6_l,
3058 4130 3312 4207 inscripta
3349 4153 3365 4186 επ
3408 4133 3549 4188 Item
3571 4135 3799 4207 ejusdem

511 4212 581 4266 de
605 4211 817 4275 eodem;
846 4210 899 4263 in
927 4209 1046 4265 cod.
1078 4207 1136 4263 S.
1161 4207 1350 4263 Crucis
1373 4202 1543 4261 habet
1581 4206 1793 4275 titulum
1825 4222 1837 4257 :
1871 4202 2001 4258 Post
2039 4203 2447 4273 increpationem
2477 4202 2758 4268 allocutio;
2794 4202 2937 4259 etin
2964 4202 3396 4261 Laurent—Plut.
3431 4222 3516 4261 xw
3545 4202 3797 4263 subm-

508 4281 677 4337 brosii
703 4274 917 4336 nomine
943 4297 955 4332 :
987 4278 1116 4337 Post
1138 4277 1544 4342 increpatiouem
1575 4274 1801 4329 allectio.

509 4393 907 4457 Ancuusuruu.
952 4425 1025 4436 —
1071 4391 1275 4445 Gaudet
1328 4387 1596 4458 Maximus
1645 4388 1814 4442 sciens
1867 4387 2107 4458 discipuli
2133 4389 2178 4451 C
2215 4384 2430 4457 quando
2455 4386 2756 4441 austeriora
2785 4396 2804 4426 ο
2830 4386 3115 4441 annuntiat
3135 4387 3641 4457 praedicator-uuae
3658 4387 3799 4445 enim

581 4466 845 4519 tristitiam
867 4464 1104 4535 magistri
1133 4478 1243 4514 esse
1264 4459 1519 4514 laetitiam.
1550 4457 1780 4535 Erponjt
1808 4458 1939 4512 illud
1968 4455 2108 4511 Mat;

580 4536 701 4591 Πρωὶ
733 4551 821 4590 xvr
856 4553 867 4588 :
910 4528 1013 4589 vas
1042 4542 1213 4587 autem
1233 4546 1380 4602 quem
1401 4546 1511 4583 esse
1536 4528 1753 4583 dicitis?

530 4713 537 4717 .
579 4669 829 4729 Amarior
874 4668 1105 4725 fortasse
1151 4666 1335 4736 fuerit,
1378 4663 1600 4733 fratres,
1632 4666 1944 4737 praedicatio
1981 4682 2107 4733 mea

510 4765 799 4834 superiore
857 4763 1166 4829 deumtica,
1228 4761 1377 4832 quod
1435 4761 1723 4831 plerosque
1784 4760 1851 4819 de
1915 4760 2105 4816 vestris

510 4864 536 4893 ιι
570 4854 746 4909 acrius
775 4853 1097 4921 magisteriis
1138 4861 1194 4907 et
1221 4853 1449 4908 veritate
1478 4853 1823 4909 convenerim
1844 4893 1858 4919 ,
1902 4864 1957 4908 et
1998 4853 2099 4907 sim

509 4952 832 5016 prosecutus
859 4958 979 5012 quae
1017 4942 1304 5012 aliquantis
1329 4941 1357 4981 ι)
1386 4943 1749 4998 blandimenta
1786 4958 1893 4998 non
1923 4942 2101 4997 defer-

2210 4482 2258 4537 ei
2282 4481 2428 4537 salus
2452 4480 2709 4550 gignitur,
2737 4480 2952 4550 quando
2982 4480 3198 4535 tristitia
3229 4481 3623 4559 emendationis
3651 4481 3797 4548 inge-

2208 4572 2365 4627 ritur.
2399 4571 2537 4626 Dicit
2565 4571 2705 4639 enim
2728 4571 2919 4626 beatus
2944 4572 3236 4641 Apostolus
3260 4596 3272 4625 ς
3304 4571 3449 4626 Nam
3468 4589 3586 4640 qua
3613 4589 3795 4635 secun-

2208 4665 2332 4719 dum
2358 4664 2529 4720 Deum
2555 4674 2631 4721 est
2655 4665 2866 4719 tristitia
2897 4666 3202 4735 pwnitentia
3234 4666 3258 4702 ιί
3294 4668 3349 4721 iu
3378 4666 3602 4721 salttum
3634 4664 3797 4725 tte“-

2207 4759 2309 4815 lem
2348 4766 2591 4829 operatur
2622 4756 2711 4828 (ΙΙ
2752 4755 2873 4812 Cor.
2905 4758 3021 4829 vn).
3055 4757 3224 4814 Recte
3256 4768 3277 4795 ε
3308 4773 3439 4827 ergo
3470 4758 3644 4826 latior,
3670 4758 3797 4826 quia

2210 4850 2440 4905 salutem
2470 4863 2670 4919 operor
2698 4864 2819 4904 cum
2861 4849 3108 4918 objurgn.
3155 4848 3173 4887 ί
3209 4849 3360 4905 Licet
3399 4858 3626 4906 mmreat
3658 4850 3792 4903 lilins

2210 4941 2315 4995 mei
2344 4940 2631 5009 asperitate
2660 4939 2928 4994 sermonis
2946 4982 2960 5007 ,
3011 4948 3036 4988 8
3068 4940 3161 5009 qui
3180 4956 3313 5000 .eum
3341 4938 3606 5009 proiicere
3635 4939 3792 4993 ix.th-

511 5045 656 5105 rent,
689 5035 782 5090 sed
810 5034 1091 5096 tristitiam
1111 5034 1435 5103 evocarent.
1464 5035 1665 5095 Verum
1693 5034 1829 5091 nihil
1855 5050 1975 5090 mea
2012 5034 2109 5091 inn
2203 5032 2309 5101 ligo
2339 5048 2437 5102 per
2466 5047 2776 5087 maerorem.
2810 5030 2899 5086 Ait
2926 5041 3146 5089 sanctus
3177 5031 3473 5101 Apostolus
3501 5049 3513 5084 :
3552 5029 3676 5096 Qui:
3717 5038 3792 5083 est

510 5134 711 5194 terest;
761 5139 871 5195 ego
889 5126 1037 5181 enim
1081 5125 1292 5195 gaudeo
1319 5127 1499 5183 sciens
1536 5127 1787 5197 discipuli
1819 5126 2098 5180 tristitiam
2200 5123 2339 5178 utin:
2365 5123 2506 5193 ﬁlius
2533 5138 2680 5195 qum
2722 5138 2826 5178 non
2858 5124 3093 5179 uerberat
3118 5134 3267 5193 pater
3290 5122 3478 5195 (Hebr.
3518 5121 3789 5191 nutibus:

452 5300 461 5313 ‘
506 5218 750 5289 magistri
779 5233 898 5275 esse
944 5218 1202 5275 laetitiam.
1234 5216 1387 5275 Tunc
1412 5218 1559 5283 enim
1598 5218 1817 5277 auditor
1858 5214 2093 5291 proﬁcit,
2202 5215 2345 5271 enim
2373 5231 2588 5286 semper
2611 5224 2766 5287 pater
2790 5216 3066 5273 osculatur
3088 5213 3277 5284 filium,
3300 5215 3401 5277 sed
3417 5223 3475 5271 et
3502 5212 3793 5285 aliquando

579 5437 605 5466 ⁸
634 5426 781 5504 Coel.1
811 5426 1087 5504 Ambros,
1112 5427 1178 5481 de
1203 5427 1389 5487 vestris
1406 5423 1899 5504 actisnmagisteriis,
1932 5429 1991 5475 et
2010 5436 2093 5481 υσ-
2274 5421 2301 5504 ίξ
2330 5420 2466 5504 Cod.
2492 5422 2744 5504 (Ambros...
2771 5419 2976 5504 omittit
2999 5419 3075 5473 in.

510 5489 710 5556 ritates.
741 5489 875 5554 Cod.
910 5489 1252 5569 stetit-ent,
1282 5496 1577 5569 magisterii“
1599 5489 1920 5569 amaritate:
2276 5491 2459 5569 fCod.
2492 5492 2560 5569 S_._
2582 5491 2768 5548 Crucis
2782 5491 2848 5569 _in
2876 5489 3022 5569 gen,
3040 5502 3153 5569 ego.

580 5570 609 5611 ι)
640 5568 990 5626 lidemcodd.
1024 5559 1275 5622 Laurent.
1309 5559 1460 5633 et'99
1510 5564 1567 5618 S.
1601 5563 1787 5633 Crucis
1812 5562 1868 5633 in
1892 5561 2105 5630 Jerus.,-
2280 5563 2299 5602 ί
2333 5563 2466 5620 Cod.
2515 5562 2637 5618 Vat.
2683 5570 2739 5618 et
2779 5563 2836 5619 S.
2869 5559 3147 5617 Crucis'in
3175 5559 3348 5623 Jerus.
3372 5606 3388 5633 ,
3436 5562 3633 5625 Herem
3669 5560 3788 5616 licet

510 5658 613 5697 non
650 5640 1009 5697 blandimenta.
1043 5637 1335 5708 differrent.
1381 5626 1514 5691 Cod.
1548 5633 1668 5695 Vat.
1722 5630 1889 5700 I277“,
1922 5626 2097 5706 defer-
2125 5646 2177 5710 ι)
2204 5634 2365 5710 ﬁlius:

512 5720 643 5766 rent.
852 5732 855 5735 ν
1005 5777 1008 5778 ν
1099 5702 1126 5708 ”
1211 5776 1219 5778 _
1296 5774 1319 5778 _
1691 5776 1700 5778 A
1989 5702 1998 5706 ⁷
2125 5702 2214 5710 ’⁷
2278 5716 2302 5755 8
2331 5703 2465 5763 Cod.
2496 5706 2770 5774 Ambros,
2810 5704 2894 5778 qui
2915 5702 3208 5774 proﬁceret,
3241 5712 3343 5760 etc.

588 5780 774 5843 °.Cod.
805 5779 950 5837 998.
985 5777 1171 5842 Crucis
1207 5776 1262 5833 in
1289 5774 1425 5845 Jen,
1453 5776 1782 5845 pronuntiat.
1867 5850 1876 5857 _
