4056 6346
539 296 652 354 519

1583 285 1640 342 8.
1681 283 1929 341 MAXlMl
1968 279 2269 338 EPISCOPI
2309 276 2759 337 TAURINENSIS

3717 286 3826 344 διο

540 409 804 466 miliarem
848 406 1027 479 potius
1081 399 1321 474 augeas,
1359 401 1571 459 videtur
1623 392 1743 458 eSse
1798 399 2116 455 damnabile.
2149 400 2198 460 Α
2227 393 2252 432 ιι
2275 397 2579 465 exagitatur
2593 403 2652 452 ut
2680 395 2864 460 nubat,
2896 402 2992 450 aut
3014 394 3060 450 si
3080 395 3312 452 voluerit
3336 397 3390 454 in
3411 398 3829 473 castitatisper-

545 504 701 574 377
751 499 1043 570 Propterea
1096 497 1238 552 enim
1297 495 1541 567 quaedam
1601 493 1952 549 militantibus
2004 498 2129 547 sunt

541 591 808 663 stipendia
853 590 1174 654 constituta;
1231 603 1299 644 ne
1358 587 1485 643 dum
1541 597 1786 658 sumptus
1832 585 2125 656 quaeritur,

541 683 720 755 praeda
765 691 1059 754 grassetur.
1102 679 1234 735 lllud
1254 687 1434 735 autem
1473 681 1632 751 quale
1678 687 1781 744 est,
1825 677 1970 748 quod
2007 691 2130 732 cum

541 779 611 835 ob
656 793 896 834 errorem
953 785 980 813 ⁸
1020 775 1251 844 aliquem
1297 789 1328 828 a
1369 773 1672 828 senioribus
1719 780 2035 840 arguuntur,
2076 775 2132 824 et

541 871 838 942 imputatur
857 869 1123 938 aliquibus
1147 867 1214 922 de
1241 867 1365 932 illis,
1387 882 1483 922 cur
1507 866 1686 921 ebrius
1713 863 1891 930 fuerit,
1925 879 2025 919 cur
2044 877 2132 918 res

543 964 746 1020 alienas
771 961 1091 1034 pervaserit,
1119 959 1322 1016 eadem
1345 974 1441 1013 cur
1469 957 1807 1012 turbulentus
1835 954 2130 1020 admiserit,

540 1057 725 1114 statim
753 1053 1076 1124 respondeat
1108 1071 1121 1106 :
1153 1050 1292 1118 Quid
1315 1050 1579 1106 habebam
1618 1049 1798 1105 facere
1838 1049 2003 1104 homo
2029 1062 2130 1102 ste-

543 1148 738 1205 cularis
777 1146 806 1185 ι³
841 1154 896 1201 et
924 1145 1118 1200 miles?
1162 1154 1183 1181 ε
1217 1142 1465 1211 Nunquid
1492 1141 1814 1197 monachum
1862 1155 1980 1196 sum
2009 1154 2136 1210 pro—

542 1238 714 1296 fessus
741 1246 834 1294 aut
861 1238 1136 1294 clericum.
1163 1234 1326 1303 Quasi
1347 1236 1520 1290 omnis
1541 1235 1633 1303 qui
1661 1233 1891 1289 clericus
1916 1247 2025 1286 non
2053 1237 2137 1285 est

543 1340 637 1388 aut
675 1331 989 1395 monachus,
1017 1329 1189 1400 possit
1216 1329 1266 1382 ei
1294 1328 1460 1383 licere
1486 1326 1631 1396 quod
1668 1342 1777 1381 non
1805 1326 1949 1380 licet.
1990 1321 2135 1378 Cun-

543 1424 643 1480 ctis
672 1424 830 1492 igitur
859 1419 1048 1477 ofﬁciis
1077 1417 1104 1458 ἀ
1141 1420 1504 1490 praescribitur
1545 1433 1734 1474 norma
1759 1416 1992 1483 vivendi,
2026 1430 2137 1470 om-

543 1516 628 1571 nis
655 1515 724 1570 ad
751 1515 891 1570 bene
938 1514 1202 1583 agendum
1233 1517 1558 1581 provocatur
1600 1525 1779 1576 sexus,
1811 1518 1942 1564 actas
1981 1517 2036 1562 et
2064 1507 2140 1562 di-

545 1607 741 1677 gnitas.
763 1605 930 1675 Igitur
955 1619 1114 1660 nemo
1133 1618 1193 1659 se
1217 1603 1443 1673 publicis
1472 1607 1694 1658 excuset
1722 1601 1949 1666 actibus,
1976 1615 2137 1654 nemo

546 1699 615 1754 de
659 1697 1012 1767 occupatione
1066 1696 1270 1750 militias
1314 1702 1694 1764 conqueratur.
1727 1693 1882 1764 Apud
1922 1707 2136 1748 omnem

2231 505 2447 546 manere
2467 489 2766 560 proposito,
2799 488 2816 526 ί
2842 487 3020 544 dando
3036 504 3263 546 munera
3277 505 3374 546 sua
3389 491 3441 546 in
3460 490 3718 550 facultate
3731 495 3831 562 vix

2230 590 2527 653 pemianet.
2551 581 2684 638 Cum
2713 581 2799 638 bis
2827 595 2955 650 ergo
2985 579 3262 639 fraudibus
3288 584 3618 654 repleverint
3635 601 3832 643 saccu-

2231 675 2312 730 los
2331 691 2476 742 suos,
2494 677 2508 725 ἱ
2541 674 2744 730 videbis
2766 674 2917 730 laetos
2939 673 3058 730 illos
3081 683 3136 731 et
3154 685 3438 734 accuratos
3457 678 3528 734 ad
3538 680 3832 736 ecclesiam

2231 784 2546 841 properare,
2576 776 2631 824 et
2659 767 2772 823 Deo
2809 768 3012 837 gratias
3057 782 3238 838 agere,
3268 771 3425 840 quasi
3477 772 3547 828 ab
3577 773 3696 843 ipso
3724 774 3834 829 illis

2233 861 2349 917 1):ch
2402 861 2629 931 pecunia
2683 858 3024 928 conferatur;
3081 860 3215 916 illud
3267 877 3485 932 quoque
3538 874 3836 934 peccantes

2233 953 2379 1023 quod
2422 953 2731 1023 rapinarum
2785 966 3003 1008 suarum
3041 952 3210 1009 Deum
3237 955 3429 1011 volunt
3467 971 3590 1012 esse
3616 958 3838 1028 partici-
3883 946 3891 983 "

2235 1061 2376 1115 pem.
2410 1045 2548 1100 Dicit
2573 1053 2752 1100 autem
2781 1053 3030 1126 sanctum
3079 1044 3429 1116 Evangelium
3461 1065 3474 1100 :
3523 1046 3838 1121 Interroga-

2234 1147 2413 1193 verunt
2437 1137 2587 1192 illum
2615 1148 2665 1192 et
2692 1138 2913 1202 milites;
2943 1137 3064 1209 quid
3091 1139 3337 1209 faciemus
3361 1148 3410 1193 et
3433 1141 3564 1195 nos?
3593 1143 3680 1194 Ait
3728 1140 3836 1197 illis

2235 1230 2505 1285 Joannes:
2539 1227 2812 1284 Neminem
2842 1231 3168 1294 concutiatis,
3201 1248 3360 1303 neque
3389 1234 3704 1288 calumniam
3751 1237 3838 1306 {a-

2239 1325 2415 1387 ciatis;
2440 1322 2532 1378 sed
2562 1325 2789 1378 contenti
2835 1332 2996 1376 estote
3025 1324 3296 1394 stipendiis
3326 1326 3508 1379 vestris
3531 1323 3684 1397 (Luc.
3729 1328 3834 1395 nt).

2205 1416 2336 1472 .1ch
2359 1417 2471 1486 jam
2500 1431 2794 1486 agnoscere
2821 1432 2881 1472 se
2921 1416 3082 1471 debet
3108 1417 3283 1472 omnis
3307 1418 3473 1473 homo
3494 1420 3584 1488 qui
3615 1421 3835 1476 militat.

2239 1509 2353 1563 Non
2377 1511 2520 1564 enim
2546 1519 2756 1564 tantum
2783 1508 2850 1564 de
2880 1509 2944 1564 iis
2971 1509 3326 1566 militantibus
3346 1509 3627 1581 Scriptura
3656 1511 3840 1582 loqui-

2240 1611 2325 1657 tur
2353 1602 2442 1670 qui
2474 1610 2678 1655 armata
2707 1600 2894 1655 militia
2924 1600 3252 1667 detinentur,
3294 1601 3390 1657 sed
3416 1602 3662 1672 quisquis
3691 1604 3832 1657 mili-

2243 1697 2328 1751 tiae
2357 1711 2467 1752 suae
2495 1695 2708 1764 cingulo
2755 1695 2943 1763 utitur,
2981 1694 3258 1764 dignitatis
3286 1709 3399 1750 suze
3425 1695 3582 1751 miles
3610 1696 3838 1765 ascribi-

545 1789 907 1846 Christianum
965 1788 1137 1858 prima
1189 1786 1490 1842 honestatis
1539 1785 1701 1841 debet
1763 1801 1883 1840 esse
1927 1785 2116 1839 militia
2171 1790 2216 1850 Β
2246 1796 2350 1842 tur.
2383 1787 2558 1856 Atque
2581 1786 2701 1841 ideo
2731 1785 2847 1841 htec
2872 1786 3139 1842 sententia
3169 1794 3351 1855 potest
3378 1786 3502 1852 dici,
3535 1803 3589 1843 v.
3619 1801 3672 1855 ε.
3698 1786 3842 1841 mili-

551 1880 734 1935 °Nam.
754 1889 812 1935 ut
838 1879 892 1935 id
913 1880 1058 1950 quod
1079 1879 1304 1935 dicimus
1324 1879 1648 1935 auctoritate
1666 1878 1975 1947 evangelica
1990 1893 2140 1933 com-

546 1971 852 2043 probemus,
881 1970 1159 2026 videamus
1198 1971 1485 2026 lectionem
1537 1986 1656 2040 quae
1706 1970 1866 2041 paulo
1894 1979 2018 2025 ante
2047 1970 2140 2026 de-

548 2081 702 2123 cursa
742 2073 844 2121 est.
880 2065 968 2120 Ait
997 2065 1141 2121 enim
1176 2063 1564 2132 Evangelium:
1608 2064 1867 2118 Venerunt
1893 2072 2066 2118 autem
2093 2069 2142 2116 et

548 2155 825 2212 Publicuni
857 2158 926 2212 ad
941 2157 1198 2213 Joannem
1221 2166 1277 2210 ut
1305 2157 1694 2228 baptizarentur
1715 2156 1780 2210 ab
1806 2175 1864 2211 eo
1877 2175 1896 2222 ;
1920 2165 1971 2210 et
1990 2157 2140 2211 dixe-

548 2259 665 2304 runt
711 2251 781 2303 ad
823 2268 970 2305 eum:
1001 2250 1276 2323 Magister,
1309 2250 1434 2320 quid
1459 2251 1830 2322 faciemus?At
1853 2249 1942 2304 ille
1963 2249 2096 2304 dixit
2123 2267 2140 2304 :

548 2340 678 2394 nihil
705 2342 922 2411 amplius
972 2344 1192 2412 exigatis
1219 2358 1372 2414 quam
1414 2342 1550 2414 quod
1579 2344 1912 2397 constitutum
1937 2353 2015 2398 est
2055 2361 2144 2397 vo-

547 2430 623 2486 bis
654 2432 804 2504 (Luc.
837 2435 936 2504 tn).
961 2433 1197 2490 Honesta
1219 2434 1376 2506 plane
1406 2433 1821 2491 Publicanorum
1845 2436 2144 2506 interroga-

547 2524 647 2590 tio,
677 2539 740 2580 ac
768 2526 942 2582 sancti
963 2527 1238 2596 propheta:
1263 2527 1412 2596 justa
1434 2527 1736 2597 responsio.
1760 2527 1839 2581 llli
1863 2529 2006 2583 enim
2036 2530 2145 2584 sol—

548 2616 678 2672 liciti
706 2606 1056 2688 interrogant,
1087 2635 1155 2675 ne
1184 2628 1276 2674 aut
1307 2621 1614 2689 ignorantes
1643 2622 1762 2692 plus
1792 2623 2059 2690 exigendo
2089 2624 2144 2677 in

551 2718 832 2778 peccatum
861 2712 1118 2778 incidant,
1159 2721 1252 2766 aut
1271 2723 1544 2770 cessantes
1583 2716 1849 2784 publicam
1878 2717 2148 2788 decipiant

549 2800 898 2856 iunctionem.
929 2802 1027 2858 Hic
1057 2812 1238 2858 autem
1279 2804 1557 2860 moderate
1587 2807 1828 2876 praecipit
1863 2816 1921 2861 ut
1949 2816 2003 2862 et
2041 2809 2144 2862 ini-

549 2891 729 2961 quitas
759 2893 934 2947 locum
963 2909 1071 2947 non
1116 2895 1326 2960 habeat,
1354 2903 1409 2950 et
1437 2899 1789 2952 constitutum
1834 2899 2030 2954 habeat
2049 2915 2144 2955 ve-

553 2984 716 3054 ctigal
745 2983 1017 3040 effectum.
1049 2985 1168 3040 Non
1197 2987 1339 3041 enim
1369 2987 1503 3042 dixit
1533 3007 1544 3040 :
1575 2988 1715 3043 Nihil
1763 2992 2007 3059 exigatis,
2054 2993 2148 3048 sed

552 3076 688 3131 nihil
714 3077 944 3146 amplius
972 3077 1216 3147 exigatis.
1249 3076 1402 3134 Unde
1451 3079 1799 3148 intelligimus
1827 3085 1970 3151 quod
2007 3084 2150 3153 apud

2243 1881 2406 1948 tibus,
2456 1878 2876 1948 protectoribus,
2923 1878 3238 1946 cunctisque
3268 1879 3594 1946 rectoribus,
3624 1886 3681 1934 et
3721 1880 3840 1934 cui-

2243 1987 2454 2041 cunque
2480 1970 2573 2039 qui
2600 1968 2867 2040 stipendia
2897 1969 2998 2023 sibi
3021 1967 3047 2006 κ
3077 1969 3288 2038 publice
3315 1969 3535 2026 decreta
3554 1971 3844 2040 consequi-

2247 2072 2362 2130 tur;
2394 2063 2439 2118 si
2465 2061 2694 2131 amplius
2724 2061 2933 2130 quazrit,
2966 2069 3222 2130 tanquam
3247 2061 3608 2116 calumniator
3635 2069 3693 2116 et
3719 2077 3843 2116 con-

2245 2171 2431 2229 cussor
2457 2153 2680 2208 Joannis
2719 2153 2986 2209 sententia
3015 2152 3425 2207 condemnatur.
3471 2150 3656 2221 Usque
3705 2152 3842 2208 adeo

2246 2257 2424 2303 autem
2455 2249 2558 2303 hoc
2601 2246 2823 2302 inolevit
2862 2247 3082 2311 malum,
3113 2254 3172 2300 ut
3195 2244 3305 2314 jam
3333 2245 3487 2314 quasi
3507 2260 3577 2300 ex
3607 2260 3840 2302 consue-

2247 2345 2431 2399 tudine
2467 2341 2768 2398 vendantur
2812 2342 2992 2411 leges,
3019 2349 3433 2411 corrumpantur
3451 2339 3598 2410 jura,
3622 2350 3840 2395 senten-

2251 2437 2321 2490 tia
2351 2436 2467 2506 ipsa
2493 2435 2698 2489 venalis
2727 2434 2816 2500 sit,
2849 2441 2905 2488 et
2923 2433 3071 2488 nulla
3095 2432 3207 2502 jam
3237 2450 3396 2489 causa
3419 2433 3589 2504 possit
3612 2448 3740 2491 esse
3767 2433 3839 2487 si-

2246 2542 2317 2581 ne
2345 2524 2654 2583 causa.Hac
2683 2536 2864 2580 autem
2891 2525 3070 2578 divina
3095 2526 3384 2593 sententia,
3408 2541 3526 2595 quae
3556 2524 3624 2579 ad
3644 2525 3840 2580 milites

2248 2621 2502 2690 loquitur,
2535 2626 2715 2689 potest
2760 2620 2921 2672 etiam
2966 2617 3031 2671 ad
3079 2618 3305 2675 clericos
3351 2619 3690 2689 retorqueri;
3717 2619 3839 2688 quia

2248 2713 2456 2768 etiamsi
2486 2729 2593 2768 non
2622 2711 2854 2766 militare
2882 2711 3164 2765 videantur
3191 2712 3411 2778 saeculo,
3440 2718 3622 2765 tamen
3654 2709 3838 2764 Domi-

2249 2823 2319 2862 no
2343 2814 2395 2862 et
2426 2807 2535 2861 Deo
2565 2806 2875 2870 militamus,
2908 2804 3048 2858 sicut
3077 2804 3150 2857 ait
3177 2803 3473 2872 Apostolus
3498 2821 3511 2855 :
3547 2801 3721 2857 Nemo
3743 2803 3838 2855 mi-

2252 2903 2407 2954 litans
2435 2898 2546 2954 Deo
2571 2898 2802 2968 implicat
2821 2913 2876 2950 se
2895 2896 3112 2966 negotiis
3134 2894 3464 2950 swcularibus
3483 2893 3572 2962 (ΙΙ
3594 2893 3837 2958 Timoth.,

2250 2994 2326 3063 ιι)⁴
2371 2992 2693 3054 lVidemur,
2752 2989 2993 3058 inquam,
3039 3005 3146 3042 non
3199 2988 3432 3042 militare
3487 2987 3733 3042 remissis
3781 3002 3838 3041 ac

2251 3085 2537 3140 liuentibus
2559 3081 2774 3150 tunicis,
2804 3080 2898 3136 sed
2927 3080 3186 3135 habemus
3207 3080 3407 3133 militia:
3438 3089 3639 3134 nostne
3661 3080 3840 3148 cingu-

562 3172 730 3228 Deum
759 3187 868 3226 non
899 3180 1008 3227 tam
1035 3174 1247 3227 exactio
1287 3188 1448 3241 quam
1487 3172 1503 3211 ί
1535 3176 1748 3228 exactio
1779 3176 1959 3245 iniqua
2001 3177 2151 3231 dam-
2175 3179 2220 3242 C
2256 3180 2386 3243 lum,
2416 3193 2524 3247 quo
2571 3176 2904 3232 castimonia:
2951 3175 3209 3229 interiora
3247 3175 3734 3242 constringuntur:
3776 3171 3838 3227 de

551 3271 728 3318 natur.
763 3264 902 3319 Dicit
948 3264 1094 3318 enim
1139 3263 1254 3333 ipse
1283 3264 1540 3319 Dominus
1574 3283 1585 3318 :
1622 3264 1841 3319 Reddite
1882 3284 1996 3338 qua:
2045 3267 2143 3323 Dei

549 3366 669 3411 sunt
692 3356 819 3423 Deo,
846 3366 896 3412 et
921 3374 1034 3429 qua:
1059 3355 1284 3412 Cwsaris
1322 3355 1518 3412 δαίδανὶ
1541 3357 1754 3430 (Matth.
1798 3361 1950 3431 xxn).
1979 3361 2144 3430 Igitur

549 3452 694 3520 quod
732 3450 913 3508 Ctesar
941 3452 1183 3522 prmcipit
1213 3452 1492 3507 ferendum
1523 3461 1636 3517 est;
1666 3454 1811 3532 quod
1854 3455 2144 3524 imperator

549 3543 734 3600 indicit
762 3545 1096 3600 tolerandum
1125 3551 1224 3600 est.
1255 3543 1362 3600 Sed
1387 3545 1445 3598 tit
1468 3545 1829 3611 intolerabile,
1855 3546 1981 3600 dum
2009 3547 2140 3607 illud

549 3638 733 3708 praeda
788 3640 1085 3695 exactionis
1135 3639 1455 3694 accumulat.
1489 3637 1604 3695 Hoc
1648 3648 1828 3695 autem
1870 3639 2030 3710 quale
2076 3640 2146 3694 sit

551 3732 696 3800 quod
718 3733 874 3788 iidem
907 3734 1008 3802 ipsi
1027 3734 1120 3803 qui
1139 3732 1442 3802 hujusmodi
1462 3734 1809 3789 necessitates
1830 3741 2143 3804 procurant,

551 3825 787 3894 peccatis
806 3825 914 3879 suis
943 3835 1166 3894 peccata
1183 3827 1580 3894 congeminant,
1607 3826 1711 3880 hoc
1736 3836 1817 3881 est
1838 3827 1981 3897 quod
2001 3827 2144 3881 frau—

552 3916 648 3972 des
693 3931 757 3971 ac
799 3917 1016 3987 rapinas
1056 3932 1180 3972 suas
1228 3918 1568 3973 commodum
1613 3927 1828 3984 vocant,
1861 3936 1982 3974 cum
2029 3921 2143 3990 ipsa

553 4007 730 4076 praeda
759 4008 921 4078 378
947 4006 1254 4064 conferatur
1297 4011 1349 4064 in
1395 4010 1774 4065 commodum?
1804 4010 1936 4067 [llud
1964 4020 2143 4067 autem

553 4097 758 4151 addunt
786 4099 1078 4154 sceleribus
1121 4101 1260 4164 suis,
1301 4109 1359 4156 ut
1396 4116 1533 4170 quos
1574 4101 1880 4158 indefensos
1916 4103 2144 4158 viderint

553 4188 700 4258 ipsos
721 4189 902 4258 potius
931 4199 1342 4258 persequantur,
1367 4201 1421 4247 et
1444 4202 1636 4262 putent
1666 4205 1690 4241 ις
1711 4209 1770 4249 se
1792 4197 2146 4253 necessitates

553 4280 827 4352 decepisse
851 4283 1093 4354 publicas
1112 4326 1126 4352 ,
1153 4285 1256 4340 nisi
1304 4286 1494 4341 domos
1526 4288 1835 4358 deceperint
1877 4291 2146 4360 orphano—

553 4388 674 4430 rum
706 4393 720 4429 :
751 4376 828 4431 ita
854 4384 912 4433 ut
937 4393 1167 4446 quorum
1189 4387 1346 4449 pater
1376 4387 1502 4434 ante
1546 4380 1764 4436 biduum
1789 4381 2010 4438 forsitan
2040 4386 2149 4440 fue-

553 4475 638 4524 rat
667 4469 889 4537 amicus,
922 4471 1150 4540 collega,
1184 4471 1274 4526 vel
1303 4472 1486 4538 frater,
1520 4473 1912 4532 interveniente
1947 4488 2142 4547 morte,

2251 3289 2358 3343 quo
2388 3271 2605 3340 cingulo
2647 3270 2808 3340 379
2854 3267 3110 3323 Dominus
3139 3266 3211 3320 ait
3239 3265 3308 3320 ad
3347 3264 3641 3334 Apostolus
3669 3280 3794 3320 suos
3821 3281 3834 3317 :

2251 3365 2368 3419 Sint
2393 3363 2546 3418 lumbi
2568 3363 2723 3417 vestri
2749 3361 3037 3431 prmeincti,
3067 3370 3115 3413 et
3145 3361 3366 3413 lucernae
3389 3359 3631 3413 ardentes
3657 3359 3712 3412 in
3739 3375 3839 3412 ma-

2249 3461 2394 3513 nibus
2423 3457 2604 3512 vestris
2635 3454 2784 3528 (Luc.
2830 3455 2944 3524 xu).
2980 3453 3178 3508 Milites
3206 3454 3366 3522 igitur
3395 3451 3596 3508 Christi
3637 3469 3838 3520 sumus,

2247 3561 2301 3606 et
2340 3548 2664 3620 stipendium
2694 3548 2760 3602 ab
2792 3547 2908 3617 ipso
2955 3546 3262 3616 donumque
3307 3546 3659 3616 percipimus,
3707 3547 3838 3600 sicut

2245 3643 2376 3699 dicit
2401 3643 2589 3697 beatus
2632 3639 2920 3710 Apostolus
2949 3658 2962 3692 :
2997 3637 3099 3704 Qui
3126 3639 3269 3692 dedit
3297 3637 3440 3693 nobis
3472 3639 3662 3710 pignus
3691 3639 3839 3708 spiri-

2250 3744 2327 3789 tus
2352 3733 2438 3807 (11
2462 3733 2583 3788 Cor.
2616 3732 2688 3802 1);
2720 3732 2829 3787 hoc
2858 3736 2960 3799 est,
2991 3731 3082 3801 qui
3102 3730 3330 3800 Spiritus
3345 3731 3516 3785 sancti
3541 3746 3640 3785 nos
3663 3746 3837 3784 remu-

2247 3828 2527 3884 neratione
2547 3826 2754 3880 ditavit.
2780 3825 2836 3879 Si
2856 3825 2975 3894 quis
3006 3838 3133 3892 ergo
3162 3823 3592 3878 Christianorum
3621 3825 3726 3879 hoc
3751 3823 3838 3890 do.

2245 3923 2428 3977 nativo
2455 3927 2741 3976 contentus
2768 3919 2906 4001 forte
2936 3933 3044 3972 non
3066 3915 3255 3978 fuerit,
3288 3924 3342 3971 et
3365 3916 3558 3985 quaerit
3586 3915 3828 3986 amplius,

2245 4016 2433 4086 incipit
2461 4015 2566 4069 hoc
2591 4015 2708 4083 ipso
2730 4026 2916 4067 carere
2943 4009 3088 4079 quod
3115 4010 3329 4064 meruit.
3355 4019 3393 4045 ω
3418 4007 3577 4076 Quod
3605 4008 3835 4080 speciali-

2245 4111 2331 4165 ter
2381 4106 2646 4176 contingit
2692 4105 2960 4159 literaticis
3007 4102 3259 4157 Arianis:
3293 4101 3418 4156 dum
3466 4102 3612 4156 enim
3661 4100 3834 4156 nescio

2245 4203 2374 4273 quid
2403 4200 2634 4270 amplius
2662 4207 2930 4268 quaerunt,
2961 4197 3296 4250 invenientes
3334 4194 3535 4250 erroris
3576 4194 3836 4264 spiritum,

2245 4305 2275 4334 ιι
2303 4296 2531 4365 gratiam
2563 4293 2796 4362 Spiritus
2818 4290 2988 4345 sancti
3019 4289 3382 4359 perdiderunt.
3416 4287 3548 4342 Nam
3580 4298 3634 4343 et
3655 4287 3836 4342 catho-

2247 4390 2380 4444 licus
2409 4387 2637 4442 clericus
2666 4386 2768 4439 bac
2794 4383 3058 4438 sententia
3087 4384 3253 4454 380
3290 4383 3574 4436 retinetur.
3606 4379 3665 4434 Si
3704 4381 3837 4435 enim

2247 4498 2355 4537 non
2395 4487 2680 4537 contentus
2701 4475 2980 4547 stipendiis
3001 4474 3161 4530 fuerit
3188 4490 3308 4544 qua:
3331 4484 3355 4511 ο
3381 4473 3447 4528 de
3475 4473 3634 4527 altari
3661 4473 3838 4528 Domi-

553 4563 794 4634 ejusdem
845 4565 997 4620 liberi
1044 4565 1343 4621 habeantur
1392 4576 1643 4638 tanquam
1688 4570 1876 4640 ignoti,
1918 4573 2049 4628 viles
2098 4583 2155 4630 et
2184 4559 2231 4618 Ῑ)
2258 4590 2327 4629 no
2351 4572 2575 4642 jubente
2600 4568 2966 4638 consequitur,
2998 4568 3091 4622 sed
3121 4575 3336 4622 exercet
3364 4566 3735 4632 mercimonia,
3763 4566 3838 4618 in~

554 4656 754 4712 miseri.
788 4655 959 4712 Vidua
989 4666 1168 4713 autem
1208 4659 1254 4714 si
1305 4674 1409 4728 qua
1460 4659 1638 4728 fuerit,
1678 4671 1772 4716 aut
1823 4663 1902 4720 sic
1947 4664 2151 4735 injuriis

626 4792 807 4865 fC_od.
840 4793 906 4848 10
929 4793 1211 4862 Laurent.,
1241 4794 1420 4865 aliqui.

624 4863 653 4903 ι)
693 4863 827 4936 Tres
855 4865 1134 4936 citscodd.
1170 4863 1360 4936 proiet
1389 4867 1589 4921 habent
1622 4877 1729 4922 aut.

630 4945 652 4973 ο
678 4934 831 5016 Cod.‘
848 4935 914 5016 it)
947 4934 1222 5016 Laurent.,
1248 4935 1500 5007 Nunquid
1520 4940 1800 4994 monachus
1821 4957 1934 4995 sum
1950 4945 2175 5016 profes—'

560 5022 646 5059 sus
671 5014 760 5058 aut
783 5007 1040 5060 clericus?

626 5075 651 5111 ά
683 5073 817 5155 god.
929 5073 1116 5155 Uruch
1141 5079 1195 5155 in
1224 5079 1358 5135 Jer..
1387 5081 1548 5155 sacris
1571 5082 1752 5155 litteris
1773 5085 2149 5155 prwscribitur,

508 5230 516 5237 ἱ
556 5143 1014 5274 ξέοὶέιὲῐᾷἳοόὰ.
1048 5147 1322 5218 Casinen.,
1355 5152 1615 5208 addentes
1641 5143 1800 5222 'quod
1831 5156 1886 5210 in
1931 5143 2148 5226 vulgatd

615 5235 646 5272 x
839 5234 864 5273 s
895 5259 908 5272 .

631 5300 653 5326 ο
683 5259 1008 5347 Cdiiddrdat.
1042 5307 1161 5347 cum
1192 5294 1311 5350 cod.
1348 5294 1415 5349 10
1443 5293 1724 5363 Laurent.,
1755 5304 1811 5351 et
1839 5313 1960 5352 cum
1991 5307 2142 5354 utro-

631 5375 662 5415 e
690 5358 746 5415 S.
778 5361 966 5418 Crucis
991 5363 1044 5417 in
1069 5362 1178 5418 Jer.

556 5375 662 5431 que
690 5375 746 5415 S.
778 5375 966 5418 urucrs
991 5379 1044 5417 tn
1069 5375 1178 5418 Jer.

554 5431 906 5558 duini:me
935 5431 1210 5503 Laurent"
1236 5454 1339 5492 mm
1364 5446 1470 5492 tam
1486 5440 1706 5503 επαείίον
1725 5457 1877 5512 quam
1904 5441 2145 5512 iniquitas

591 5514 852 5560 amnatur.

626 5586 652 5645 β
686 5575 922 5645 Uterque
946 5578 1066 5632 cod.
1097 5577 1153 5632 S.
1180 5577 1386 5634 Crucis.
1417 5580 1469 5634 in
1499 5579 1608 5635 Jer.

625 5643 654 5717 1}
677 5643 915 5716 Uterque
941 5649 1062 5704 cod.
1096 5648 1152 5704 S.
1188 5649 1374 5705 Crucis
1397 5651 1451 5706 in
1475 5650 1610 5717 Jer.,
1641 5652 1918 5706 excitatur.

562 5715 757 5842 ueinlta
779 5715 937 5776 cedd.
967 5719 1026 5775 S.
1054 5719 1240 5777 Crucis
1269 5722 1322 5776 in
1351 5719 1462 5778 Jer.
1521 5715 1776 5789 Laurent.
1804 5722 1890 5792 10,
1917 5730 1972 5779 et
1999 5721 2151 5780 Casi-

2258 4667 2617 4724 tercessiones
2643 4663 2857 4727 vendit,
2884 4661 3161 4716 viduarum
3207 4676 3427 4715 munera
3476 4660 3704 4715 libenter
3730 4674 3838 4712 ειη-ι
3927 4717 3930 4722 ,

2331 4802 2344 4854 i
2384 4800 2518 4856 Cod.
2560 4799 2616 4855 S.
2656 4797 2843 4854 Crucis
2888 4798 2943 4852 in
2970 4795 3105 4862 Jer.,
3136 4795 3344 4862 videas;
3377 4794 3498 4850 cod.
3531 4811 3663 4853 vero
3708 4795 3837 4851 Lau-

2254 4882 2394 4931 rent.
2406 4913 2419 4934 ,
2453 4871 2681 4927 uidebas.

2328 4946 2352 4985 ιι
2394 4945 2471 4998 lta
2503 4952 2729 5010 uterque
2755 4939 2875 4996 cod.
2901 4939 2957 4995 S.
2992 4937 3180 4994 Crucis
3207 4939 3258 4992 in
3281 4936 3390 5010 Jer.

2332 5015 2350 5055 1
2383 5014 2518 5069 Cod.
2550 5011 2618 5065 99
2645 5009 2821 5082 legit:
2865 5011 3110 5064 Videntur
3137 5012 3343 5082 itaque,
3347 5009 3460 5079 jam
3494 5025 3599 5062 non
3629 5009 3838 5063 militare

2255 5087 2484 5142 remissis
2513 5101 2574 5138 ac
2600 5081 2872 5152 ﬂuentibus
2903 5083 3111 5148 tunicis,
3137 5080 3235 5134 sed
3257 5080 3503 5133 habemus
3533 5081 3729 5134 militiae
3748 5097 3839 5133 no-

2254 5169 2375 5214 stra:
2397 5155 2678 5226 cingulum,
2699 5171 2796 5226 quo
2818 5154 3138 5226 castimonia:
3157 5153 3405 5226 interiora
3425 5153 3836 5226 constringitur.

2250 5228 2390 5283 Cod.
2417 5223 2497 5280 10⁷
2512 5223 2748 5279 Laurent
2775 5227 2848 5278 ita
2888 5241 2900 5276 :
2943 5223 3206 5286 Videntur,
3233 5223 3462 5294 inquam,
3495 5239 3600 5275 non
3627 5223 3838 5294 militare

2250 5301 2501 5365 remissis,
2537 5313 2597 5349 ac
2637 5295 2913 5364 ﬂuentibus
2953 5295 3160 5355 tunicis,
3191 5292 3604 5365 sed'ltabeamus
3652 5292 3838 5346 militiis

2250 5379 2444 5424 nostra:
2472 5363 2752 5448 cingulum,
2784 5383 2882 5448 quo
2906 5365 3228 5448 castimoniae
3255 5363 3507 5446 interiora
3535 5365 3838 5433 constringi-

2252 5459 2383 5506 mus,
2406 5449 2454 5493 et
2482 5436 2739 5509 stipendia
2760 5436 2824 5490 ab
2852 5437 2964 5506 ipso
2992 5437 3279 5506 donumque
3306 5436 3632 5504 percipimus.

2324 5523 2364 5548 ω
2398 5510 2632 5579 Uterque
2663 5508 2785 5579 cod.
2811 5506 2869 5562 S.
2909 5505 3100 5564 Crucis
3123 5506 3177 5560 in
3203 5503 3341 5574 Jer.,
3371 5503 3553 5560 Casin.
3585 5505 3669 5573 12,
3697 5513 3749 5559 et
3770 5502 3836 5556 to

2257 5583 2513 5637 Laurent.
2547 5578 2662 5634 huic
2691 5578 2912 5634 addunt.

2328 5663 2353 5690 η
2387 5652 2518 5707 Cod.
2556 5650 2618 5703 lO
2647 5649 2926 5716 Laurent.,
2956 5652 3149 5706 erroris
3175 5651 3433 5721 spiritum,
3456 5650 3638 5722 gratia:
3656 5646 3836 5702 Christ:

2261 5725 2518 5795 Spiritum
2543 5721 2929 5795 prodiderunt._
3036 5793 3044 5795 ἓ
3108 5793 3117 5795 _
3190 5789 3208 5795 _
3376 5791 3385 5795 Δ

2335 5789 2628 5868 °_Uterque
2647 5793 2768 5849 cod.
2803 5792 2861 5848 S.
2890 5790 3077 5850 Crucis
3104 5793 3158 5850 in
3182 5789 3316 5861 .‘er.,
3349 5791 3414 5848 ds
3439 5791 3654 5849 Altario.
