4056 6346
587 296 694 358 sas
1830 288 1886 346 s.
1926 286 2181 351 malm
2221 286 2667 351 rauamsnsrs
3766 290 3863 357 εει

500 404 505 409 ⁷
587 419 742 482 sione
759 395 958 472 Christi
987 426 1089 473 nec
1116 418 1293 469 morte
1321 410 1527 482 divelli,
1565 410 1634 465 ab
1663 408 1825 487 382
1853 406 1969 478 ejus
1996 406 2170 463 socie-
2195 408 2253 479 Δ
2275 419 2430 465 more
2449 404 2647 479 pullos,
2669 401 2766 463 sed
2790 402 3043 481 luporum
3073 416 3227 463 more
3256 416 3449 477 rapere
3474 418 3677 480 porcos
3708 424 3722 461 ε
3754 409 3860 479 qui,

586 519 699 569 tate
728 508 1151 579 interrogatione
1173 505 1436 563 ancillulis
1456 510 1770 576 separatur;
1794 509 1850 557 et
1874 500 1973 557 nisi
2002 499 2171 557 veluti
2273 496 2400 555 dum
2425 515 2523 557 suo
2553 497 2740 555 labore
2766 496 2938 571 possit
2961 496 3162 562 vivere.
3186 494 3425 556 ferarum
3450 497 3607 557 rabie
3628 499 3864 571 prmum

586 602 806 660 modum
834 598 1120 671 quemdam
1149 606 1391 657 statuens
1408 637 1422 662 ,
1457 596 1619 655 tertio
1645 610 1770 651 eum
1812 592 2038 650 dixisset
2065 591 2173 647 Do-

585 699 793 755 minum
820 694 1161 766 negaturum,
1192 691 1414 749 forsitan
1446 691 1638 761 szepius
1668 691 2048 758 interrogatus,
2072 684 2174 742 fre-

483 846 493 855 ,
584 797 819 861 quenter
844 787 1177 857 denegasset.
1211 784 1349 852 Quid
1371 798 1500 854 ergo
1529 782 1890 853 respondetur
1916 780 1991 837 illi
2015 788 2173 851 petu—

584 879 754 937 lauti?
789 879 980 952 Vulpes
1002 880 1177 951 foveas
1206 876 1415 942 habent,
1443 886 1490 931 et
1513 876 1740 934 volucres
1770 875 1884 930 caeli
1927 873 2100 943 nidos,
2123 883 2173 932 et

584 971 759 1030 Filius
772 973 1001 1028 hominis
1012 986 1117 1026 non
1140 967 1287 1025 habet
1302 968 1387 1024 ubi
1409 976 1560 1040 caput
1579 968 1791 1023 reclinet
1803 965 2019 1041 (Matth.
2032 966 2167 1040 Vill).

586 1065 779 1124 Videte
809 1065 895 1121 cui
935 1065 1013 1120 rei
1062 1063 1328 1119 subtiliter
1357 1070 1719 1135 comparetur.
1762 1058 1854 1115 Est
1898 1060 2041 1115 enim
2068 1059 2174 1116 hoc

584 1170 754 1237 genus
783 1157 1029 1214 animalis
1084 1154 1246 1212 fallax
1268 1198 1284 1224 ,
1315 1162 1370 1209 et
1398 1155 1601 1226 rapinis
1645 1169 1857 1226 semper
1885 1154 2171 1220 intentum,

587 1260 613 1289 "
643 1250 890 1321 rapinam
916 1248 1104 1311 fraude
1146 1261 1429 1315 exercens,
1458 1246 1604 1315 quod
1653 1245 1787 1301 nihil
1815 1252 2009 1311 tutum,
2038 1245 2174 1301 nihil

584 1343 843 1409 otiosum,
876 1341 1007 1397 nihil
1036 1339 1273 1411 patiatur
1297 1354 1417 1395 esse
1441 1354 1713 1407 securum,
1730 1338 1875 1408 quod
1903 1338 2173 1409 interipsa

583 1448 801 1507 quoque
826 1433 1104 1489 hominum
1134 1431 1403 1491 domicilia
1441 1430 1679 1504 praedam
1704 1431 1967 1504 requirat.
2000 1429 2173 1501 Quam

512 1584 521 1591 ,
584 1526 1050 1599 comparationem
1097 1542 1205 1583 non
1257 1526 1432 1588 solum
1474 1536 1697 1597 propter
1724 1526 1869 1582 illam
1919 1525 2175 1598 scriptam

583 1626 739 1689 puto,
770 1617 868 1674 sed
896 1625 1120 1689 propter
1164 1618 1453 1688 plerosque
1499 1618 1663 1673 etiam
1693 1617 2052 1685 Christianos,
2082 1620 2174 1690 qui

585 1726 683 1767 ore
719 1711 937 1780 quidem
984 1708 1268 1765 Dominum
1318 1707 1663 1779 confitentur,
1709 1711 1951 1766 moribus
1995 1718 2173 1766 autem

2272 598 2453 665 captat
2479 590 2728 647 alienam.
2762 588 3060 649 Baeticos
3079 589 3246 647 etiam
3272 605 3463 648 omnes
3490 590 3735 658 arbitror
3751 594 3859 650 vul-

2270 684 2431 761 pibus
2457 683 2871 763 comparandos,
2901 683 2996 755 qui
3033 699 3157 741 cum
3184 685 3239 741 in
3269 684 3433 749 domo
3476 686 3693 746 Domini
3724 688 3866 745 habi-

2273 788 2393 845 tare
2438 795 2551 836 non
2600 778 2849 850 possint,
2895 777 3275 834 conventicula
3314 778 3418 835 sibi
3445 778 3695 850 quaedam
3724 780 3865 835 velut

2276 871 2465 933 foveas
2492 880 2800 947 praeparant
2820 871 3157 937 tenebrosas,
3191 871 3248 928 in
3293 871 3487 947 quibus
3515 872 3867 942 pertinaciter

2273 965 2509 1023 latentes
2554 964 2875 1021 insidiantur
2919 962 3177 1023 Ecclesia:
3195 1002 3210 1029 ,
3264 971 3322 1019 ut
3361 962 3409 1019 si
3455 978 3563 1034 qua
3612 964 3867 1020 innocens

2276 1057 2454 1113 anima
2483 1055 2624 1113 forte
2646 1055 2994 1128 processerit,
3026 1055 3178 1113 velut
3206 1055 3411 1128 pullum
3439 1055 3653 1125 gallinae
3682 1056 3867 1112 matris

2275 1152 2627 1209 absorbeant.
2676 1150 3024 1218 insidiantur,
3070 1151 3327 1221 inquam,
3365 1149 3556 1221 vulpes
3592 1147 3864 1215 Ecclesia.

2275 1246 2382 1302 hoc
2400 1252 2505 1313 est,
2535 1246 2860 1314 evangelica:
2884 1244 2961 1301 illi
2984 1244 3199 1314 gallinae
3226 1242 3296 1299 de
3320 1258 3426 1314 qua
3456 1243 3535 1297 ait
3561 1240 3828 1298 Dominus
3852 1261 3865 1296 :

2278 1337 2488 1406 Quoties
2521 1339 2659 1396 uolui
2692 1354 3008 1412 congregare
3044 1338 3188 1410 ﬁlios
3228 1346 3342 1394 tuos
3371 1338 3503 1391 sicut
3531 1335 3735 1409 gallina
3762 1336 3867 1397 col-

2275 1434 2390 1510 ligit
2415 1434 2584 1506 pullos
2611 1451 2729 1491 suos
2748 1430 2841 1489 sub
2877 1434 2990 1488 alas
3013 1448 3134 1487 suas
3158 1429 3379 1503 (Matth.
3405 1429 3568 1500 xxm)
3602 1440 3654 1484 θ.

2346 1526 2591 1584 Vitemus
2613 1540 2764 1596 ergo,
2794 1524 3008 1591 fratres,
3038 1523 3270 1580 vitemus
3314 1520 3601 1594 pestiferos
3628 1521 3866 1593 vulpium

2276 1621 2644 1679 insidiantium
2690 1618 2876 1683 dolos,
2906 1618 3141 1674 vitemus
3169 1614 3478 1673 mortiferas
3507 1616 3867 1686 nequissimo-

2281 1729 2401 1769 rum
2433 1711 2783 1767 animantium
2814 1710 3108 1780 captiones,
3133 1724 3204 1764 ne
3223 1708 3363 1764 sicut
3386 1706 3574 1779 vulpes
3601 1706 3868 1778 quondam

582 1804 824 1876 vulpium
854 1802 1062 1877 fallacia
1082 1803 1443 1861 diversantur.
1460 1803 1647 1859 Omnis
1670 1806 1815 1859 enim
1835 1804 2181 1863 Christianus
2212 1806 2259 1867 Β
2287 1821 2425 1878 quas
2445 1804 2678 1860 Samson
2725 1802 2941 1875 (ludia.
2991 1802 3101 1872 xv)
3132 1801 3224 1857 ille
3268 1800 3594 1857 fortissimus
3640 1801 3699 1856 in
3747 1810 3869 1871 agro

583 1897 678 1966 qui
708 1896 818 1951 vult
845 1910 939 1953 sua
990 1903 1213 1966 peccata
1253 1895 1452 1960 celare,
1504 1897 1593 1953 hic
1626 1898 1980 1968 spiritualiter
2000 1899 2176 1971 vuipis

584 1994 687 2045 est.
720 1986 872 2045 Sicut
900 1986 1042 2043 enim
1070 1987 1246 2058 vulpis
1283 1994 1508 2058 propter
1547 1986 1764 2045 fraudes
1791 2004 1915 2045 suas
1940 1990 2175 2047 latibulis

584 2082 928 2148 demoratur;
954 2081 1030 2143 ita
1057 2089 1114 2141 et
1143 2090 1399 2153 peccator
1429 2090 1616 2139 tacens
1647 2079 1871 2155 prop‘ier
1890 2084 2173 2140 conscien—

514 2226 521 2231 .
584 2174 715 2230 tiam
746 2188 968 2233 suorum
992 2180 1338 2244 peccatorum
1374 2171 1545 2230 foveis
1567 2172 1852 2229 delitescit.
1887 2174 1913 2213 ι’
1941 2172 2009 2229 Et
2034 2175 2194 2231 sicut‘

582 2266 674 2327 illa
703 2282 812 2322 non
842 2265 1005 2321 audet
1032 2265 1175 2325 inter
1201 2265 1408 2324 medias
1430 2264 1713 2321 hominum
1743 2267 1928 2322 turbas
1958 2282 2170 2321 morum

581 2373 806 2417 suorum
832 2366 1110 2416 ostentare
1155 2356 1457 2423 fallaciam;
1504 2357 1579 2412 ita
1606 2365 1663 2412 et
1684 2357 1772 2413 hic
1801 2358 2075 2414 erubescit
2116 2358 2171 2413 in

581 2449 763 2509 media
787 2449 1017 2511 ecclesia
1046 2448 1476 2507 conversationis
1502 2463 1616 2505 sua:
1663 2448 1960 2520 nequitiam
1999 2449 2171 2505 conti-

579 2544 707 2606 teri.
738 2543 968 2615 Vulpem
991 2543 1153 2615 plane
1180 2536 1406 2601 dixerim
1443 2558 1660 2599 omnem
1687 2541 2054 2600 Christianum
2079 2545 2171 2615 qui

580 2651 681 2695 suo
711 2636 993 2694 insidiatur
1019 2636 1231 2705 vicino,
1259 2636 1352 2707 qui
1391 2637 1632 2707 quotidie
1660 2637 1850 2693 nititur
1878 2636 2012 2694 lines
2038 2638 2171 2693 alie-

580 2743 682 2787 nos
700 2729 977 2794 arrodere,
1010 2728 1216 2787 fructus
1244 2729 1499 2789 invadere
1523 2771 1539 2797 ,
1590 2730 1841 2786 animalia
1881 2731 2164 2795 devorare,

581 2826 639 2881 et
664 2819 810 2889 quod
836 2828 921 2877 est
948 2819 1209 2878 familiare
1229 2820 1355 2879 huic
1380 2820 1633 2892 tempori,
1665 2836 1774 2879 non
1797 2829 1906 2877 tam
1926 2822 2165 2892 vulpium

2286 1896 2689 1961 Philistiuorum
2718 1895 2878 1968 333
2917 1903 3152 1950 armatas
3198 1891 3404 1949 facibus
3453 1892 3708 1960 immisit,
3757 1908 3870 1963 quae

2283 1991 2464 2049 omnia
2493 1990 2839 2047 combussere
2867 1986 3097 2060 ﬂammis
3124 2003 3244 2059 qua:
3287 1986 3566 2058 contigere
3589 1985 3865 2057 vestigiis;

2280 2083 2356 2140 ita
2385 2084 2589 2140 fructus
2618 2090 2926 2140 nostrarum
2955 2090 3205 2151 segetum
3243 2095 3630 2153 perversorum
3657 2080 3866 2151 dogma.

2279 2186 2394 2233 tum
2427 2178 2612 2249 vulpes
2650 2184 2744 2232 aut
2789 2175 3108 2232 insidiarum
3153 2174 3474 2245 deceptione
3502 2173 3747 2247 capiant,
3785 2183 3867 2229 aut

2280 2267 2614 2324 flammarum
2642 2268 2926 2324 adustione
2949 2275 3287 2323 consument.
3317 2265 3498 2322 Simus
3525 2279 3681 2336 ergo,
3712 2274 3773 2320 ut
3798 2266 3864 2323 le-

2279 2360 2475 2431 gimus,
2506 2368 2561 2416 et
2613 2359 2886 2430 simplices
2914 2358 3078 2433 38‘.
3103 2367 3163 2415 ut
3182 2358 3462 2426 columbae,
3513 2366 3570 2415 et
3615 2360 3777 2414 atati
3814 2366 3865 2415 ut

2279 2461 2581 2525 serpentes,
2611 2460 2673 2509 ut
2699 2453 3101 2526 simplicitatem
3130 2453 3336 2510 scilicet
3363 2451 3738 2509 columbarum
3764 2467 3864 2509 ser-

2277 2544 2521 2616 pontium
2549 2552 2767 2605 tueatur
2795 2544 3010 2612 astutia,
3041 2551 3097 2600 et
3122 2544 3196 2600 ita
3224 2544 3425 2600 malum
3456 2541 3639 2600 facere
3670 2543 3864 2600 nescia-

2278 2653 2424 2705 mus,
2456 2646 2516 2694 ut
2539 2646 2717 2694 tamen
2750 2638 2924 2694 vitare
2951 2638 3253 2709 possimus;
3304 2653 3401 2709 per
3447 2636 3738 2693 Dominum
3776 2651 3862 2693 no-

2270 2736 2445 2785 strum
2466 2728 2651 2786 Jesum
2678 2727 2977 2796 Christum,
3009 2729 3095 2786 cui
3122 2737 3206 2786 est
3246 2729 3424 2786 honor
3453 2736 3512 2785 et
3538 2727 3737 2799 gloria,
3766 2735 3857 2786 etc.

1924 2932 2268 2996 HOMILIA
2312 2932 2534 3000 CXVI.

1355 3057 1458 3114 Ubi
1482 3056 1737 3115 Dominus
1765 3056 1978 3114 sabbata
1997 3075 2208 3115 manum
2231 3058 2436 3121 aridum
2465 3060 2661 3115 curauit
2683 3056 2834 3131 (law.
2866 3076 2982 3132 cap.
3022 3060 3119 3133 γι).

2033 3172 2420 3231 ADMONITIO.

655 3290 775 3363 ipsa
804 3288 1039 3347 humilia:
1062 3288 1241 3363 lectio,
1289 3288 1513 3363 cuilibet
1550 3287 2105 3363 Maximiani_eloquii
2138 3305 2255 3363 non
2279 3289 2468 3363 inscio,
2500 3289 2620 3363 quis
2648 3290 2717 3344 sit
2744 3289 2888 3363 illius
2901 3286 3490 3363 _auctor,_manifestat.
3520 3288 3750 3363 Accedit
3772 3305 3855 3363 eo-

582 3358 761 3445 dicutn
775 3369 1008 3445 quatuor
1036 3360 1331 3445 auctoritas
1349 3360 1606 3445 earundem
1634 3368 1825 3445 sancto
1846 3358 2079 3445 Magium
2102 3360 2504 3445 ascribe‘n'tium,
2524 3361 2576 3415 id
2590 3368 2683 3445 est
2708 3361 2868 3445 trium
2894 3358 3107 3445 sanetae
3132 3358 3349 3445 Crucis,
3359 3366 3415 3414 et
3440 3361 3622 3430 quarti

583 3431 768 3491 leusis.
793 3428 853 3487 in
879 3429 1068 3497 codice
1119 3430 1176 3485 S.
1204 3430 1392 3487 Crucis
1427 3430 1493 3485 90
1542 3438 1721 3487 exstat
1762 3446 1909 3487 num.
1937 3431 2026 3496 ‘58,
2060 3432 2114 3486 in
2136 3430 2258 3486 cod.
2303 3428 2372 3485 99
2406 3447 2554 3485 num.
2588 3429 2644 3499 8,
2676 3439 2732 3487 et
2777 3432 2832 3491 in
2857 3431 2980 3490 cod.
3014 3429 3047 3484 9
3074 3447 3222 3486 nunt.
3249 3430 3303 3497 Ξ,
3334 3430 3437 3487 hac

3464 3447 3592 3502 cum
3613 3431 3851 3488 uniformi

584 3504 936 3574 inscriptione
964 3500 1104 3574 {Ubi
1132 3501 1387 3574 Dominus
1416 3500 1630 3574 sabbato
1660 3518 1871 3574 manum
1900 3502 2102 3574 aridam
2130 3502 2344 3574 curavit.
2371 3500 2514 3556 idem
2537 3510 2619 3556 est
2648 3501 2835 3574 titulus
2856 3501 2977 3558 cod.
3012 3501 3376 3574 Sangallensis
3396 3500 3548 3574 nium.
3578 3502 3673 3559 41.
3699 3502 3854 3560 Bene-

584 3571 768 3632 didtini
790 3572 1038 3646 monachi
1067 3587 1321 3646 congreg.
1351 3571 1537 3646 Sancti
1572 3571 1895 3646 Mauripec
1923 3572 1994 3646 _i_n
2025 3572 2322 3646 appendice
2350 3588 2527 3646 serm._
2547 3573 2717 3646 sancti
2766 3573 3067 3646 Augustini,
3100 3589 3201 3630 nec
3230 3574 3282 3628 in
3306 3573 3630 3646 praefatione
3654 3574 3723 3631 ad
3744 3588 3844 3631 ser

586 3658 773 3701 tuuucs
799 3643 971 3701 sancti
998 3641 1429 3701 Ambrosiiedit.
1462 3641 1632 3699 Paris.
1662 3641 1819 3709 1690,
1844 3641 2138 3713 quidquam
2162 3642 2363 3699 habent
2386 3643 2531 3714 quod
2561 3643 2719 3700 nobis
2747 3641 3077 3701 adversetur.

592 3770 1299 3842 Acarnanum—Explicat
1328 3768 1389 3842 S_.
1413 3768 1677 3826 Maximus
1699 3770 1866 3828 locum
1896 3768 2169 3842 Evangelii
2198 3770 2246 3834 C
2277 3782 2472 3824 succus
2501 3765 2823 3823 intuuderet.
2858 3766 2975 3824 Non
3017 3770 3217 3825 mirum
3247 3775 3331 3825 est
3359 3768 3404 3823 si
3434 3768 3480 3824 is
3501 3776 3748 3824 arentem
3781 3780 3856 3825 re-

658 3844 709 3911 in
734 3857 830 3911 quo
848 3842 1034 3911 legitur
1060 3839 1322 3899 Christum
1349 3840 1634 3896 Dominum
1667 3858 1877 3896 curasse
1900 3839 2173 3911 quemdam

663 3910 935 3982 habentem
983 3927 1195 3982 manum
1238 3912 1485 3975 aridam;
1530 3929 1590 3966 ac
1643 3912 1817 3982 plures
1857 3910 2173 3982 interpreta-

660 3982 824 4123 tionres
868 3980 936 4034 ad
988 3979 1277 4054 Scriptura;
1314 3979 1713 4054 intelligentiam
1760 3979 2172 4037 accommodatas

660 4068 755 4121 pro
781 4061 879 4106 ert.

659 4068 879 4121 prolem.

660 4225 956 4299 Diligenter
977 4243 1076 4284 vos
1103 4228 1338 4284 audiisse
1357 4229 1538 4296 credo,
1568 4229 1782 4299 fratres,
1813 4231 2173 4300 evangelicum

591 4322 882 4379 lectionem
908 4337 1030 4393 quae
1056 4337 1230 4392 nuper
1267 4323 1408 4378 lecta
1447 4331 1563 4393 est,
1596 4324 1686 4379 ubi
1735 4324 1992 4381 Dominus
2015 4324 2176 4380 Jesus

590 4410 838 4469 Christus
856 4413 1130 4484 ingressus
1158 4413 1384 4468 sabbato
1414 4426 1762 4485 synagogam,
1792 4414 2026 4469 hominis
2074 4414 2175 4469 sibi

589 4503 842 4562 habentis
870 4519 1090 4561 manum
1118 4504 1321 4560 aridam
1348 4505 1611 4576 spirituali
1654 4506 1920 4562 medicina
1947 4507 2171 4574 curavit,

589 4612 700 4655 non
726 4596 989 4669 appositis
1018 4596 1327 4653 herbarum
1377 4598 1584 4663 succis,
1628 4614 1739 4654 non
1776 4599 2175 4671 pigmentorum

587 4690 1031 4749 medicaminibus
1057 4691 1341 4762 colligatis,
1372 4690 1467 4747 sed
1498 4692 1662 4749 verbo
1682 4692 1900 4763 iubens,
1930 4703 1985 4751 et
2013 4695 2066 4750 in
2096 4694 2174 4750 ira

588 4785 907 4859 praecipiens
952 4785 1149 4841 refudit
1189 4785 1406 4856 corpori
1450 4774 1757 4843 sanitatem.
1791 4788 1901 4854 Ira,
1934 4790 2173 4861 inquam,

587 4875 732 4931 sicut
755 4877 832 4931 ait
851 4875 1212 4946 Evangelista,
1228 4878 1463 4933 restituit
1482 4878 1722 4948 vigorem
1745 4881 2000 4938 dexterae.
2023 4881 2177 4939 Unde

589 4967 939 5037 intelligimus
964 4968 1451 5038 qualisdominicm
1478 4971 1825 5042 benignitatis
1850 4975 1921 5029 sit
1947 4974 2172 5041 sanitas,

587 5056 742 5128 cujus
766 5059 1148 5128 indignationis
1175 5062 1299 5117 talis
1328 5072 1413 5118 est
1439 5064 1707 5121 medicina
1731 5083 1745 5133 ;
1776 5074 1869 5122 aut
1910 5067 2173 5139 quemad-

2275 3862 2486 3931 paravit
2508 3860 2807 3925 dexteram,
2837 3861 2928 3930 qui
2959 3870 3131 3917 totum
3165 3878 3363 3933 corpus
3391 3860 3461 3917 de
3492 3872 3516 3899 ο
3548 3861 3728 3917 arenti
3752 3859 3856 3932 pui-

2276 3969 2405 4010 vere
2433 3955 2776 4025 procreavit,
2807 3963 2863 4010 et
2897 3954 2949 4009 id
2976 3955 3127 4020 verbi
3176 3955 3404 4027 imperio
3448 3956 3693 4013 restituit
3728 3951 3855 4025 quod

2277 4048 2330 4102 in
2361 4049 2626 4120 principio
2670 4048 2877 4105 factura
2923 4049 3254 4129 operationis
3284 4048 3551 4113 instituit,
3582 4048 3735 4105 velut
3776 4061 3852 4102 au-

2278 4148 2484 4198 ctorem
2514 4159 2671 4201 suum
2709 4143 2918 4217 plasma
2945 4156 3277 4212 cognoscens
3324 4142 3647 4213 obsequitur
3676 4139 3696 4181 ί
3723 4151 3775 4196 et
3808 4140 3855 4196 in

2278 4235 2640 4306 portiuncula,
2672 4237 2757 4292 cui
2789 4244 2959 4292 totam
2987 4251 3049 4291 se
3094 4235 3319 4292 deberet
3346 4235 3401 4291 in
3426 4244 3630 4291 massa.
3662 4233 3768 4291 Sed
3789 4233 3856 4288 vi-

2280 4327 2505 4383 deamus
2528 4342 2649 4396 qua:
2673 4328 2744 4383 sit
2771 4328 2823 4383 in
2847 4326 3131 4400 Synagoga
3160 4341 3349 4381 manus
3378 4325 3562 4392 arida;
3593 4339 3716 4395 quas
3740 4321 3861 4379 nihil

2278 4421 2496 4495 corpori
2553 4436 2653 4476 suo
2704 4419 2963 4492 prodest,
3026 4419 3243 4492 quando
3296 4418 3553 4491 operibus
3606 4416 3857 4480 siccavit,

2284 4514 2501 4586 quando
2530 4514 2692 4569 etiam
2738 4513 2972 4585 primum
3021 4512 3172 4570 arida
3213 4527 3336 4571 esse
3364 4511 3596 4584 coeperit
3635 4508 3861 4582 requira-

2279 4622 2417 4663 mus.
2447 4605 2567 4662 Non
2595 4608 2740 4665 enim
2767 4607 2925 4664 unius
2950 4605 3187 4663 hominis
3237 4612 3445 4667 tantum
3476 4618 3577 4677 per
3616 4602 3860 4659 Salvato-

2278 4716 2395 4758 rem
2442 4717 2605 4758 causa
2650 4701 2873 4772 geritur,
2921 4715 3021 4757 nec
3057 4699 3217 4757 unius
3249 4698 3486 4757 hominis
3532 4695 3861 4754 imbecillitas

2279 4802 2617 4865 procuratur,
2645 4793 2739 4850 sed
2769 4794 2933 4849 totius
2976 4793 3189 4865 generis
3232 4791 3454 4848 humani
3479 4800 3505 4839 ε
3528 4790 3772 4847 salvetur
3791 4789 3864 4844 in-

2280 4882 2524 4940 firmitas.
2556 4883 2697 4940 Nulli
2726 4891 2909 4940 autem
2935 4882 3156 4940 dubium
3185 4889 3271 4939 est
3298 4881 3578 4939 dexteram
3595 4882 3689 4939 vel
3712 4878 3865 4935 totius

2280 4978 2526 5050 corporis
2553 4977 2953 5049 praeclariorem
2994 4976 3305 5048 portionem
3334 4976 3439 5033 hoc
3466 4973 3636 5033 cilicii
3662 4990 3860 5047 gerere,

2283 5077 2343 5126 ut
2365 5068 2557 5125 diurna
2586 5068 2842 5125 alimenta
2866 5083 2966 5124 suo
2992 5067 3211 5140 corpori
3238 5066 3637 5135 subministrat,
3669 5076 3725 5125 et
3743 5081 3862 5140 pro-

588 5148 810 5209 modum
850 5151 1093 5222 placatus
1124 5153 1365 5224 prodest,
1409 5156 1502 5226 qui
1540 5157 1615 5213 ita
1660 5158 1946 5215 miseretur
1980 5160 2167 5217 iratus.
2199 5148 2255 5212 D
2279 5162 2516 5219 videntia
2544 5160 2777 5235 quadam
2801 5159 2869 5216 ad
2890 5157 3177 5216 fruendam
3207 5159 3375 5216 vitam
3409 5159 3659 5215 membra
3677 5167 3859 5217 caetera

586 5239 769 5300 Verbo
795 5243 958 5315 igitur
987 5245 1143 5316 jubet
1180 5255 1237 5303 ut
1279 5249 1455 5304 arenti
1481 5249 1720 5306 dexterae
1743 5267 2005 5308 venarum
2044 5250 2072 5292 ἀ
2118 5270 2177 5312 se

587 5379 802 5523 {musa
818 5380 1093 5510 ΞΣ),
1141 5393 1197 5441 et
1237 5385 1307 5441 99
1353 5385 1411 5441 S.
1443 5386 1632 5447 Crucis
1660 5389 1714 5443 in
1754 5388 1902 5459 Jer.,
1933 5393 2173 5465 rapinam

658 5521 707 5603 δ’
723 5521 802 5579 ita
831 5521 962 5580 mss.
1208 5526 1264 5592 S.
1317 5526 1507 5585 Crueis
1531 5527 1587 5583 in
1609 5528 1718 5589 Jer.
1745 5532 1937 5603 saepius
1968 5534 2088 5603 cit.,
2119 5546 2177 5592 et

586 5590 659 5648 ιο
682 5591 941 5668 Laurent.
969 5590 1237 5668 supplent.
1339 5667 1350 5668 ί
1819 5590 1839 5603 ’
1942 5662 1947 5668 .

662 5674 685 5703 ο
720 5663 967 5746 pterque
992 5663 1166 5746 codex
1314 5667 1619 5746 Crueishic
1647 5663 1992 5746 linemhabet
2016 5675 2178 5746 hujus

586 5731 843 5817 hominm,
876 5731 1342 5817 quemadmodum
1377 5746 1434 5795 et
1466 5739 2047 5817 editio_ifarisiensis,_a
2070 5731 2176 5817 qua

587 5812 774 5859 erutus
813 5815 898 5864 est
934 5814 1138 5876 textus,
1181 5816 1237 5865 et
1282 5824 1313 5865 a
1360 5825 1490 5871 mss.
1522 5812 1801 5873 codicibus
1825 5812 2177 5884 emendatus;

2281 5263 2473 5328 pascat
2493 5270 2558 5317 ac
2584 5254 2806 5311 nutriat.
2831 5251 2984 5310 Hanc
3010 5250 3176 5324 igitur
3229 5248 3513 5308 dexteram
3556 5250 3613 5305 in
3651 5247 3860 5308 iudaice

2288 5393 2686 5481 codex‘tamen
2724 5394 3086 5466 Sangallensis
3112 5395 3228 5452 haec
3248 5408 3371 5466 quae
3394 5401 3696 5466 sequuntur
3717 5388 3858 5450 nobis

2282 5466 2692 5622 “"«if’iti‘i‘iia.
2739 5536 2827 5606 90,
2869 5534 2940 5592 99
2970 5536 3052 5622 .s.‘
3077 5534 3272 5622 Crucis
3296 5537 3354 5595 in
3380 5533 3519 5605 1a.,
3549 5543 3611 5596 et
3635 5534 3704 5593 ω
3723 5532 3854 5590 m-

2283 5614 2463 5692 rentz,‘
2483 5626 2730 5692 uenarum
2752 5624 2937 5666 succus
2955 5607 3348 5692 infundantur.

2361 5688 2385 5718 θ
2423 5677 2592 5737 Codd.
2625 5689 2737 5737 tres
2764 5696 2893 5737 mox
2919 5677 3040 5749 cit.,
3068 5687 3374 5750 apparatus.

2364 5748 2386 5789 ἲ
2425 5749 2505 5821 ita
2530 5758 2759 5821 uterque
2789 5749 2915 5807 cod.
2945 5747 3224 5821 S._Crucis
3240 5750 3299 5821 in
3323 5745 3440 5821 ζειν.

2362 5831 2388 5869 8
2428 5819 2602 5883 Codd.
2630 5817 2689 5880 SI
2721 5821 2910 5883 Crucis
2936 5822 2994 5882 in
3011 5819 3131 5882 lor.
3152 5829 3211 5882 et
3230 5818 3299 5881 10
3319 5817 3608 5888 μυκαὶ..
3633 5820 3861 5877 malm
