4056 6346
158 331 258 392 525

1544 314 1824 376 HOMILIA
1863 315 2066 375 CXVII.

3327 319 3433 380 516

155 443 345 522 popqu
371 437 577 498 scribas
621 453 742 494 esse
783 437 1012 494 dixerim
1036 433 1123 493 vel
1150 436 1420 504 doctores,
1464 435 1556 506 qui
1583 435 1733 492 velut
1760 434 1814 497 Α
1837 430 2065 489 dextera
2085 431 2426 491 coruscabat.
2451 431 2868 508 Sedvideamus,
2879 449 3072 496 manus
3095 438 3199 496 ista
3218 440 3434 511 quando

155 533 453 614 praeclarior
471 529 649 604 portio
680 531 735 586 in
763 527 1155 586 Pharisaeorum
1185 545 1415 602 corpore
1446 545 1475 583 a
1507 527 1738 584 Domino

157 625 453 690 constituti,
507 623 882 694 neglexerunt,
929 631 985 677 et
1033 621 1087 677 in
1136 630 1330 684 emtera
1377 619 1617 676 membra
1646 633 1742 675 sua

160 731 185 761 ι
211 717 590 798 praphetarum
619 712 852 770 oraculis
886 713 1162 782 saginare;
1192 711 1297 769 hoc
1326 720 1408 768 est
1455 711 1747 767 noluerunt

158 809 421 870 Christum
449 806 664 876 corpori
703 821 822 872 suo,
856 804 1151 862 secundum
1199 803 1593 876 prophetarum
1625 818 1748 859 ora-

163 888 295 969 cula,
325 898 473 955 velut
499 911 680 955 escam
707 897 830 952 vitae
849 905 1066 952 aeteruze
1105 895 1405 967 porrigere,
1435 904 1596 968 atque
1625 895 1748 951 ideo

161 991 396 1051 doctrina
417 1003 607 1046 eorum
627 995 883 1060 tanquam
909 1004 1102 1044 manus
1129 988 1273 1044 aruit
1302 987 1605 1054 imbecillis,
1621 987 1749 1060 quia

165 1082 360 1142 fontem
387 1080 643 1154 perennis
669 1079 698 1120 δ
725 1079 1004 1152 sapientia:
1023 1095 1132 1136 non
1153 1079 1416 1150 quaesivit.
1452 1075 1750 1150 Propterea

163 1181 386 1251 denique
408 1177 610 1234 factum
636 1183 720 1234 est
737 1185 800 1233 ut
816 1175 971 1248 quasi
995 1181 1275 1232 contracta
1299 1173 1521 1232 dextera
1543 1175 1749 1232 clavem

171 1285 193 1314 ε
220 1273 453 1331 scientia:
495 1279 685 1328 tenere
732 1287 839 1327 non
886 1277 1088 1341 posset,
1137 1269 1277 1326 sicut
1327 1270 1405 1324 ait
1444 1268 1746 1326 Dominus:

175 1363 262 1424 Vae
279 1365 437 1432 vobis,
476 1365 676 1422 Scriba:
715 1373 764 1419 et
783 1362 1045 1420 Pharistti
1059 1361 1191 1436 ,fqui
1215 1363 1528 1418 absconditis
1557 1363 1750 1419 clavem

169 1457 386 1516 scientia:
414 1455 566 1532 (Luc.
591 1456 690 1530 χι),
724 1465 778 1512 et
799 1453 1024 1526 reliqua.
1054 1453 1180 1512 Haec
1201 1463 1380 1511 autem
1407 1452 1572 1512 clavis
1589 1455 1750 1511 Chri-

169 1561 274 1610 stus
299 1560 382 1608 est
411 1549 675 1607 Dominus
693 1593 710 1620 ,
737 1567 846 1622 quo
894 1549 961 1606 ad
991 1548 1366 1607 credulitatem
1396 1547 1519 1605 fidei
1563 1557 1752 1620 pecto-

169 1659 279 1702 rum
324 1627 655 1700 nostrorum,
689 1656 885 1698 arcana
931 1649 1267 1718 reserantur.
1309 1639 1414 1695 lsta
1461 1639 1626 1695 clavis
1654 1637 1678 1677 δ
1719 1656 1752 1696 a

169 1733 441 1794 Pbarisaeis
465 1736 730 1808 perditur,
762 1736 831 1791 ab
860 1735 1121 1808 apostolis
1161 1734 1464 1801 invenitur;
1509 1734 1652 1789 sicut
1676 1734 1751 1789 ait

1851 525 2082 596 primum
2129 525 2278 582 arida
2316 541 2438 584 esse
2478 528 2702 599 coeperit
2727 530 2816 586 vel
2857 539 3091 588 mortua.
3135 530 3252 600 Ego
3289 533 3435 589 illam

1850 618 2082 689 primum
2110 619 2164 673 in
2193 617 2366 674 Adam
2386 621 2592 676 aruisse
2621 622 2904 690 conﬁrmo,
2929 639 3052 681 cum
3082 634 3272 682 contra
3299 627 3438 683 veti-

1851 717 1964 766 tum
1990 709 2205 768 Domini
2234 711 2534 779 imerdictm
2559 715 2770 772 arboris
2790 714 2818 754 ιι
2846 733 3006 788 poma
3036 717 3327 790 decerpsit,
3373 735 3438 776 ac

1849 809 1980 882 tunc
1999 817 2216 858 succum
2263 803 2684 862 immortalitatis
2728 808 2925 864 amisit.
2957 807 3026 864 Et
3066 817 3194 866 tunc
3237 811 3438 867 siccata

1851 893 2249 966 quodammodo
2268 906 2373 964 est,
2399 899 2615 971 quando
2634 899 2914 959 hominem
2935 901 3004 959 ad
3030 903 3321 974 imaginem
3343 904 3442 961 Dei

1851 988 2051 1046 factum
2089 999 2315 1063 peccato
2357 1007 2458 1050 suo
2497 993 2636 1050 solvi
2661 993 2792 1050 fecit
2818 996 2874 1050 in
2921 996 3222 1068 pulverem;
3263 998 3442 1069 Atque

1852 1073 2059 1138 utinam
2086 1083 2202 1140 sola
2229 1099 2423 1142 manus
2449 1093 2672 1158 peccato
2695 1094 2974 1148 teneretur
2995 1089 3264 1158 obnoxia;
3292 1089 3442 1161 quod

1851 1181 1938 1230 est
1961 1176 2195 1245 gravius,
2227 1193 2390 1236 omne
2416 1194 2614 1250 corpus
2635 1187 2814 1236 morte
2849 1179 3168 1240 damnatum
3193 1191 3296 1252 est,
3317 1199 3442 1241 cum

1853 1267 2019 1341 386
2039 1268 2263 1326 dextera
2285 1271 2459 1342 prima
2486 1272 2814 1344 peccaverit.
2845 1271 2956 1328 Nec
2973 1274 3183 1331 mireris
3201 1277 3248 1332 si
3267 1289 3442 1332 mem-

1850 1361 2012 1418 brum
2041 1363 2279 1420 dexterae
2300 1365 2356 1420 in
2381 1365 2552 1422 Adam
2581 1382 2691 1424 non
2713 1367 2914 1422 mansit
2941 1367 3210 1437 integrum
3243 1387 3257 1424 :
3289 1370 3444 1439 vigor

1852 1452 1998 1508 enim
2044 1455 2101 1508 in
2146 1453 2236 1510 illa
2274 1456 2593 1513 aeternitatis
2633 1458 2864 1514 exaruit.
2909 1458 3047 1515 Nam
3093 1459 3234 1516 sicut
3275 1459 3445 1533 Moysi

1855 1543 2082 1601 dextera
2107 1546 2463 1604 custodientis
2487 1549 2742 1604 mandata
2780 1548 2994 1606 Domini
3040 1550 3200 1606 niveo
3242 1549 3446 1625 fulgore

1852 1639 2206 1710 resplenduit,
2241 1640 2314 1696 ita
2351 1649 2410 1696 et
2435 1640 2568 1698 Δὰω
2594 1641 2820 1699 dextera
2853 1642 2868 1680 ί
2900 1643 3304 1715 pmvaricantis
3350 1641 3449 1700 Dei

1851 1739 2120 1804 precepts
2148 1733 2428 1792 mortifero
2447 1735 2654 1806 pallore
2671 1745 2952 1792 contracta
2979 1745 3080 1793 est.
3115 1737 3266 1794 Hanc
3289 1739 3450 1808 igitur

165 1827 411 1886 Dominus
465 1827 630 1886 Petro
677 1847 689 1880 :
742 1827 856 1882 Tibi
904 1826 1040 1883 dabo
1079 1827 1248 1882 claues
1293 1826 1441 1899 regni
1484 1827 1744 1883 calorum.
1785 1829 1829 1887 Β
1855 1824 1988 1884 Adae
2015 1841 2232 1882 manum
2255 1826 2507 1884 Salvator
2540 1836 2694 1883 curat
2721 1829 2776 1883 in
2799 1842 3093 1901 synagoga,
3121 1831 3226 1886 hoc
3256 1840 3451 1887 esito-

167 1933 190 1964 ο
216 1919 353 1993 Ergo
395 1922 553 1978 aruit
591 1919 817 1976 dextera
863 1917 1164 1993 Synagogaa
1203 1935 1416 1987 manus,
1443 1919 1757 1992 relinquens

159 2014 438 2084 Christum,
489 2013 544 2070 in
572 2011 903 2085 principibus
930 2014 1091 2087 385
1118 2010 1426 2068 Iudaeorum
1453 2012 1754 2070 deteriora-

161 2107 232 2165 v'it
257 2123 382 2180 ergo
419 2107 735 2181 Synagogm
781 2105 1024 2162 dextera.
1074 2104 1328 2177 Quisquis
1369 2104 1516 2161 enim
1557 2101 1758 2159 Christi

159 2199 352 2259 fontem
392 2200 619 2258 deserit
653 2195 674 2238 ί
721 2199 1032 2256 debilitatur
1057 2199 1327 2272 protinus,
1358 2199 1467 2255 imo
1504 2198 1760 2259 membris

161 2295 400 2353 omnibus
426 2293 678 2351 debilior
704 2292 990 2365 reperitur.
1034 2289 1141 2346 Sed
1184 2291 1400 2346 invenio
1432 2289 1600 2362 ipsam
1645 2304 1761 2343 ma-

159 2402 275 2444 num
328 2385 620 2459 quondam
667 2385 879 2442 caeteris
921 2383 1180 2440 membris
1225 2383 1390 2440 fuisse
1447 2382 1757 2438 meliorem.

159 2476 377 2538 Sanctus
405 2479 571 2538 enim
595 2476 829 2553 Moyses,
859 2477 969 2534 dux
993 2475 1200 2534 Iudaici
1225 2475 1453 2550 populi,
1477 2475 1626 2532 velut
1653 2475 1764 2532 cla-

165 2571 268 2630 rior
293 2571 560 2645 corporis
588 2572 672 2627 sui
711 2571 936 2628 dextera
962 2569 1080 2638 fuit,
1113 2587 1233 2626 cum
1282 2569 1456 2637 legem
1485 2569 1762 2641 porrigen-

161 2664 277 2722 dam
305 2665 526 2723 meruit
549 2680 582 2719 a
605 2663 897 2720 Divinitate
910 2664 1213 2736 percipere.
1245 2659 1500 2728 Dextera,
1523 2661 1761 2734 inquam,

160 2768 270 2816 erat
312 2765 555 2816 sanctus
597 2755 831 2831 Moyses,
871 2757 964 2828 qui
1006 2757 1146 2812 filios
1191 2755 1381 2826 Israel,
1409 2755 1558 2811 velut
1601 2770 1766 2810 manu

161 2851 376 2922 provida
403 2850 633 2908 caelesti
657 2864 855 2905 manna
883 2848 1124 2906 nutrivit.
1157 2847 1285 2906 Haec
1323 2849 1485 2920 plane
1523 2855 1610 2906 est
1629 2847 1764 2904 dex-

162 2949 296 3015 tera,
315 2957 437 3016 qua:
458 2939 724 2999 lamnem
753 2949 809 2999 et
848 2939 1143 3002 Mambrem
1173 2955 1360 3011 magos
1399 2941 1540 2998 nivei
1584 2940 1767 3012 splen-

113 3019 120 3028 ’
163 3033 304 3092 doris
347 3037 551 3094 nitore
599 3035 855 3094 convicit.
902 3032 984 3090 lta
1033 3035 1178 3091 enim
1221 3035 1478 3107 scriptum
1531 3033 1698 3090 babes
1749 3051 1762 3087 :

165 3136 189 3177 ι
207 3127 342 3186 Cum
367 3127 704 3202 protulisset
721 3126 934 3200 Moyses
953 3126 1022 3183 de
1049 3127 1170 3184 sinu
1193 3142 1414 3183 manum
1439 3141 1613 3192 suam,
1632 3140 1767 3197 prat-

1861 1916 1969 1973 tius
1994 1918 2210 1985 generis
2238 1919 2460 1974 humani
2505 1919 2928 1977 imbecillitatem
2974 1937 3167 1978 sanre
3195 1923 3452 1990 festinat;

1865 2007 1879 2058 i
1920 2006 2060 2063 unde
2088 2010 2390 2065 communis
2413 2010 2486 2065 ita
2515 2019 2599 2066 est
2628 2011 2913 2068 medicina.
2958 2012 3095 2068 Dicit
3121 2015 3264 2070 enim
3289 2016 3455 2071 etiam

1861 2104 1976 2162 illi:
2011 2103 2255 2162 Extende
2299 2123 2514 2162 manum
2555 2116 2718 2174 tuam,
2750 2109 2846 2179 qui
2891 2124 3014 2164 eam
3049 2109 3208 2166 idolis
3255 2111 3450 2167 immo-

1862 2196 2028 2253 laudo
2052 2199 2323 2258 contraxit
2365 2217 2377 2252 :
2420 2198 2657 2255 extende
2692 2214 2913 2256 manum
2942 2208 3110 2268 tuam,
3138 2205 3292 2272 cujus
3319 2202 3456 2258 dex-

1862 2298 1980 2346 tera
2007 2305 2197 2348 usuras
2226 2291 2539 2362 accipiendo
2573 2292 2817 2349 siccavit.
2866 2293 3006 2349 Dicit
3033 2295 3109 2349 illi
3159 2314 3170 2348 :
3221 2291 3456 2352 eitende

1864 2399 2105 2454 manum,
2131 2384 2223 2456 qui
2249 2400 2347 2456 per
2373 2401 2496 2441 eam
2523 2401 2638 2441 rem
2659 2385 3026 2456 orphanorum
3049 2384 3074 2427 ¹ι
3100 2396 3158 2443 et
3177 2388 3458 2446 viduarum

1863 2477 2028 2546 gestit
2055 2475 2328 2532 invadere.
2359 2475 2469 2533 Sed
2495 2485 2551 2532 et
2581 2485 2638 2531 tu
2675 2478 2767 2548 qui
2811 2485 2970 2548 putas
2993 2491 3212 2536 manum
3258 2480 3460 2538 habere

1865 2578 1924 2629 te
1949 2587 2158 2636 sanam,
2191 2587 2324 2627 cave
2353 2588 2422 2627 ne
2450 2572 2676 2627 avaritia
2706 2573 3076 2628 contrahatur.
3109 2574 3249 2642 Quin
3280 2576 3461 2646 potius

1866 2662 2102 2720 extende
2130 2678 2251 2718 eam
2282 2679 2381 2733 pro
2406 2663 2774 2720 misericordia
2804 2663 3116 2734 frequenter
3153 2664 3224 2721 ad
3253 2681 3461 2738 paupe-

1865 2771 2003 2824 rem,
2033 2772 2135 2828 pro
2163 2756 2534 2826 hospitalitate
2582 2757 2776 2827 smpius
2827 2757 2895 2811 ad
2942 2758 3309 2828 peregrinum.
3356 2757 3463 2815 Εἰς

1870 2852 2037 2908 tende
2079 2866 2198 2907 eam
2237 2865 2337 2922 pro
2367 2850 2603 2921 peccatis
2642 2863 2858 2920 semper
2885 2849 2954 2905 ad
2995 2850 3307 2920 Dominum,
3341 2860 3462 2911 esto

1867 2943 2197 3008 misericors,
2230 2950 2351 2998 esto
2384 2942 2599 3011 largus;
2633 2941 2859 3004 observa
2881 2941 3029 3012 quod
3051 2946 3127 2999 ait
3155 2945 3421 3016 propheta
3447 2963 3462 3000 :

1870 3035 1959 3093 Ne
1983 3038 2054 3092 sit
2082 3051 2269 3091 manus
2297 3044 2386 3090 tua
2417 3033 2484 3088 ad
2514 3034 2874 3104 accipiendum
2899 3044 3164 3106 porrecta,
3189 3046 3239 3092 et
3257 3037 3328 3093 ad
3345 3055 3464 3095 ero-

1869 3131 2101 3205 βατιάκια
2146 3140 2420 3189 contracta
2459 3128 2648 3202 (Eccl.
2682 3131 2788 3202 tv).
2825 3128 2917 3186 Sic
2943 3132 3088 3186 enim
3133 3148 3328 3189 manus
3373 3141 3467 3190 tua

165 3218 287 3276 clari
329 3220 602 3279 candoris
644 3220 765 3278 luce
804 3217 1070 3290 fulgebat;
1115 3229 1278 3292 atque
1319 3220 1443 3278 ideo
1482 3236 1766 3292 magorum
1790 3221 1840 3287 C
1870 3242 2002 3284 sana
2019 3239 2139 3283 esse
2165 3208 2386 3297 poterit,
2425 3222 2442 3262 ι
2474 3222 2520 3278 si
2549 3223 2884 3281 abstineatur
2909 3223 3069 3280 malis
3090 3222 3278 3295 factis,
3308 3223 3468 3282 bonis

113 3383 120 3392 ι
165 3309 450 3373 destructa:
491 3321 632 3371 sunt
670 3313 930 3380 tenebrae,
979 3313 1107 3385 quia
1135 3312 1308 3387 Moysi
1335 3314 1542 3372 meritis
1577 3315 1762 3371 lucens

1867 3335 2000 3376 vero
2029 3317 2286 3390 operibus
2312 3315 2657 3374 extendatur.

1501 3427 1852 3492 HOMILIA
1894 3425 2150 3493 CXVII.

1664 3527 1748 3584 De
1774 3529 1994 3586 camelo.

1634 3619 2030 3678 ADMONITIO.

235 3711 576 3798 Longiorem
603 3713 1011 3798 inscriptionem
1036 3728 1153 3798 pra:
1173 3728 1236 3798 se_
1258 3713 1364 3798 fert
1386 3715 1500 3770 haec
1522 3713 1741 3798 bomilia
1787 3715 1840 3770 in
1871 3713 2062 3798 codice
2094 3731 2126 3798 _x
2155 3709 2296 3798 Plut.
2333 3711 2578 3798 xiv-bibl.
2610 3709 3004 3798 Laurentiange,
3035 3713 3122 3772 his
3148 3713 3326 3772 verbis
3351 3734 3365 3772 :

173 3783 427 3859 mea,
473 3786 614 3859 quod
643 3783 920 3858 plurimum
965 3783 1268 3839 detestanda
1299 3786 1399 3850 sit,
1442 3803 1534 3859 per
1563 3787 2160 3859 cantelum_s-igniﬁcnta.
2213 3785 2369 3859 Deest
2398 3785 2488 3859 illi
2519 3801 2724 3859 nomen,
2747 3788 3012 3859 auctoris;
3043 3802 3203 3859 quam
3232 3790 3476 3844 nonnulli

170 3865 358 3928 gucto
386 3853 686 3928 Anibrosio
717 3859 1042 3928 tribuerunt,
1071 3865 1131 3928 ut
1155 3863 1369 3928 veteres
1405 3853 1528 3928 ejus
1565 3870 1791 3928 operum
1821 3853 2155 3928 Parisienses
2180 3857 2434 3912 editores.
2462 3855 2532 3928 At
2557 3853 2787 3912 Maurini
2817 3853 3474 3928 Maximo-adjudicarunt.

169 3923 361 4001 verius
391 3927 659 4001 quidem;
690 3944 813 4001 cum
853 3927 1062 4001 sacpius;
1076 3925 1285 4001 laudati
1317 3923 1536 4001 codices

168 4155 292 4200 vero
321 4143 400 4199 99
425 4153 559 4196 eam
585 4139 751 4194 refert
779 4138 929 4195 num.
959 4138 996 4191 ι
1021 4153 1142 4194 cum
1169 4139 1325 4194 titulo
1354 4157 1365 4192 :
1399 4138 1478 4194 De
1503 4138 1720 4196 camelo.

166 4258 581 4320 Διασιεκτοκ.
605 4253 757 4310 --S.
787 4251 1083 4326 Maximus,
1134 4253 1220 4326 qui
1261 4256 1554 4324 frequenter
1595 4263 1782 4326 contra

229 4328 492 4388 auaritiae
511 4325 694 4398 vitittm
713 4326 990 4397 peroravit,
1012 4325 1096 4398 ltic
1115 4323 1298 4398 iterum
1318 4327 1602 4398 perspicuis
1629 4323 1781 4382 Chri-

231 4404 301 4458 sti
339 4397 574 4457 Domini
605 4395 922 4452 documentis
951 4395 1198 4452 admonet
1233 4395 1416 4451 diuites
1438 4395 1520 4451 ἰιι
1567 4407 1782 4453 caueant

231 4473 404 4528 nimio
419 4467 752 4526 terrestrium
768 4468 1064 4523 divitiarum
1076 4468 1248 4524 studio
1265 4467 1494 4524 caelestes
1513 4468 1782 4524 thesauros

233 4545 513 4600 amittere.

235 4723 386 4780 Dicit
416 4723 478 4778 in
512 4717 811 4791 Evangelia
839 4720 1098 4778 Dominus
1129 4720 1284 4778 Iesus
1313 4721 1560 4778 Christus
1584 4739 1596 4774 :
1622 4721 1786 4776 Amen

168 4814 281 4872 ﬂeo
320 4814 501 4880 vobis,
541 4812 750 4884 facilius
786 4821 864 4868 est
903 4816 1126 4869 transire
1159 4815 1411 4870 camelum
1438 4832 1528 4888 per
1557 4816 1790 4886 foramen

169 4921 314 4976 actis,
337 4921 513 4980 quam
539 4902 748 4959 diuitem
769 4905 969 4960 intrare
988 4906 1044 4960 in
1065 4923 1281 4979 regnum
1302 4906 1544 4962 caelorum
1571 4903 1788 4978 (Matth.

172 4997 303 5072 xu).
345 4999 492 5068 Quae
533 4997 802 5052 sententia
829 5011 1025 5053 vereor
1051 5013 1120 5054 ne
1142 4997 1282 5054 forte
1309 4998 1464 5054 vobis
1483 4997 1788 5066 conveniat,

169 5094 261 5160 qui
299 5092 542 5149 divitias
591 5089 772 5146 saeculi
817 5088 976 5161 hujus
1022 5097 1115 5146 aut
1161 5090 1374 5148 habetis
1413 5099 1506 5145 aut
1531 5089 1788 5162 quaeritis.

1791 4000 1955 4125 uertit
1979 3999 2044 4054 de
2060 4016 2120 4082 eo
2140 3999 2276 4070 quod
2295 3999 2494 4082 dictum
2508 4007 2586 4054 est
2599 4001 2654 4054 in
2671 3997 2976 4073 Evangelia,
2992 4000 3194 4055 dicente
3214 4000 3441 4057 Domino
3458 4019 3476 4056 :

1791 4087 1818 4125 ιι
1883 4078 2053 4126 mitem
2093 4079 2289 4126 intrare
2315 4087 2368 4125 tn
2397 4087 2615 4126 renuunt
2655 4071 2933 4126 calorum:
2975 4080 3032 4126 et
3057 4080 3142 4126 est
3170 4072 3259 4126 '50.
3291 4072 3476 4126 Codex

1617 3937 1786 3984 uncta;
1814 3927 2001 3983 Crucis
2031 3927 2084 3981 in
2125 3926 2419 3983 Jerusalem
2463 3926 2816 3985 Maximianus
2841 3930 2983 3984 inter
3006 3926 3299 3985 conciones
3339 3931 3480 3986 hanc

170 3999 327 4070 etiam
351 3995 742 4054 arinumerent.
760 3995 819 4052 in
833 3995 1023 4070 codice
1037 3995 1104 4050 90
1128 3997 1229 4051 hoc
1250 3997 1406 4052 titulo
1428 3999 1741 4070 insignitur:
1760 3997 1789 4052 Ι

167 4067 407 4128 Facilius
439 4078 524 4124 est
566 4070 816 4122 camelum
845 4085 938 4139 per
959 4069 1201 4191 {oramen
1240 4084 1365 4127 acus
1402 4067 1631 4136 intrare,
1663 4087 1818 4143 quant

168 4155 292 4191 vam
321 4143 400 4191 99
425 4153 559 4191 eam
585 4139 751 4191 refert
779 4153 929 4191 num.
1021 4153 1142 4191 cum
1169 4139 1325 4191 titulo
1354 4157 1365 4191 :
1399 4138 1478 4191 De
1503 4141 1720 4191 camelo.

2093 4069 2289 4126 intrare
2315 4072 2368 4125 in
2397 4087 2615 4144 regnum
2655 4069 2933 4138 calorum;
2975 4080 3032 4128 et
3057 4080 3142 4128 est
3170 4072 3259 4127 '50.
3291 4072 3476 4130 Codex

1886 4270 2016 4311 acus
2043 4270 2329 4310 cavernam
2371 4255 2649 4326 praeterire
2691 4271 2800 4314 non
2827 4256 3069 4327 patitur:
3101 4255 3176 4311 ita
3203 4263 3260 4312 et
3285 4255 3479 4312 divites

1886 4355 2142 4405 oneratos
2185 4350 2411 4404 avaritia
2433 4389 2447 4416 ,
2495 4357 2553 4406 et
2595 4350 2890 4422 cupiditate
2915 4348 3169 4416 fmdatos,
3199 4350 3314 4420 ipsa
3353 4351 3480 4405 vitae

1886 4441 2199 4499 deformitas
2227 4443 2388 4515 387
2431 4458 2527 4514 per
2552 4451 2755 4498 arctam
2781 4443 2923 4497 viam
2953 4442 3104 4513 regni
3144 4441 3367 4496 minime
3395 4442 3481 4496 in-

1887 4535 2054 4591 troire
2099 4535 2383 4607 permittit.
2416 4533 2507 4590 Ait
2534 4535 2678 4590 enim
2727 4533 2870 4590 idem
2911 4533 3173 4589 Dominus
3199 4551 3211 4586 :
3241 4534 3404 4588 Arcto
3429 4541 3480 4588 et

1889 4637 2111 4702 angusta
2134 4631 2216 4684 uia
2241 4639 2319 4684 est
2339 4644 2454 4700 qum
2484 4627 2624 4682 ducit
2646 4627 2718 4681 ad
2753 4628 2910 4682 vitam
2927 4625 3140 4695 (Matth.
3167 4627 3291 4698 vn).
3319 4625 3484 4698 Igitur

1891 4721 1943 4776 in
1985 4721 2192 4776 camelo
2239 4718 2614 4776 difﬁcultatem
2661 4718 2914 4775 introitus
2959 4726 3179 4790 prastat
3226 4718 3486 4776 habitudo

1893 4813 2276 4866 membrorum.
2307 4810 2369 4865 lu
2400 4810 2568 4866 divite
2594 4817 2775 4866 autem
2795 4811 3236 4882 impedimentum
3275 4813 3486 4885 magni-

1893 4905 2026 4962 tudo
2075 4904 2242 4960 eﬂicit
2289 4913 2658 4976 peccatorum.
2705 4902 2911 4982 Gibbus
2955 4905 3101 4962 enim
3139 4906 3359 4978 quidam
3405 4916 3488 4963 est

1896 4997 2106 5064 animat,
2138 5003 2294 5068 turpe
2334 4995 2466 5068 quid
2513 4995 2756 5068 cogitare
2799 4996 2886 5053 vel
2932 4995 3130 5066 fcere,
3182 5013 3247 5056 ac
3291 4999 3488 5054 mentis

1896 5087 2141 5160 quaedam
2163 5096 2404 5144 tortuosa
2427 5085 2762 5154 deformitas,
2787 5087 3078 5145 immundis
3096 5089 3255 5146 rebus
3276 5103 3492 5161 semper

172 5158 326 5241 Sicut
345 5185 509 5242 enim
534 5182 730 5238 cameli
759 5158 987 5247 animal,
1015 5179 1160 5252 quod
1197 5189 1280 5238 est
1307 5158 1610 5239 tortuosum
1633 5187 1796 5253 atque
1820 5158 1876 5222 Ῑ)
1901 5158 2183 5239 intendere
2199 5221 2215 5248 ,
2247 5189 2303 5237 et
2327 5181 2397 5237 ab
2425 5178 2682 5237 Ecclesiae
2709 5188 2900 5237 sancto
2938 5180 3125 5238 limine
3149 5182 3295 5239 curis
3321 5158 3492 5238 smon-

174 5270 452 5342 deforme,
481 5273 819 5346 perversitas
838 5274 954 5344 ipsa
975 5274 1221 5346 corporis
1242 5289 1340 5346 per
1361 5272 1795 5347 augustissimam
1897 5273 2099 5332 laribus
2118 5273 2356 5330 avocari.
2379 5271 2532 5330 Unde
2549 5269 2684 5330 mihi
2703 5273 2916 5331 videtur
2934 5274 3077 5332 hanc
3092 5275 3490 5335 deformitatem

131 5483 138 5490 ,
247 5446 275 5475 ι
315 5435 458 5492 Haec
481 5443 564 5487 ex
593 5425 720 5484 cod.
752 5424 822 5481 90
843 5426 902 5481 S.
930 5425 1118 5483 Crucis
1145 5427 1202 5483 in
1225 5426 1340 5484 Jer.

246 5503 274 5545 b
319 5503 590 5573 mer-que
613 5493 1050 5573 ggd._S._Cru_cis_
1067 5497 1256 5573 in_Jer.

251 5587 274 5618 ο
315 5566 510 5632 Ιίὰθιιῖ
539 5568 702 5626 codd.
732 5567 790 5623 8.
821 5566 1010 5625 Crucis
1036 5568 1090 5624 in
1117 5567 1229 5624 Jer.
1294 5601 1302 5609 ο

246 5648 272 5686 ἀ
312 5647 402 5704 lta
432 5660 514 5701 ex
539 5639 671 5696 cod.
694 5639 764 5696 90
791 5639 847 5696 S.
874 5639 1062 5696 Crucis
1089 5640 1145 5695 in
1169 5637 1282 5696 Jer.

251 5729 275 5758 ι’
315 5719 398 5775 Su
444 5714 670 5787 plemus
687 5713 803 5768 haec
823 5727 892 5767 ex
915 5717 1148 5782 utroque
1166 5711 1287 5768 cod.
1318 5711 1376 5767 8.
1399 5709 1588 5767 Crucis
1608 5711 1662 5766 in
1681 5708 1795 5766 Jer.

250 5788 274 5831 ί
482 5783 565 5840 90
596 5779 654 5836 8.
679 5780 866 5839 Crucis
893 5783 946 5838 in
969 5781 1078 5839 Jer.

439 5779 464 5842 ἶ
482 5783 565 5840 90
596 5779 654 5836 8.
679 5780 866 5839 Crucis
893 5783 946 5838 in
969 5779 1078 5839 Jerl

251 5872 282 5913 ι
308 5857 466 5920 Cod.
497 5852 584 5911 90
607 5852 668 5908 8.
693 5853 882 5910 Crucis
912 5854 966 5910 in
993 5852 1104 5910 Jer.
1135 5855 1250 5911 haec
1275 5853 1510 5924 supplet.

1976 5424 2006 5498 ἑ
2033 5425 2168 5498 Cod.
2200 5424 2269 5482 £0
2292 5423 2575 5498 Laurent.2
2605 5443 2831 5498 pomum.

1982 5497 2000 5536 ί
2037 5497 2278 5568 Uterque
2299 5497 2422 5568 cod.
2455 5497 2511 5568 S.
2539 5495 2728 5555 Crucis
2749 5499 2803 5554 in
2822 5497 2932 5555 Jer.

1979 5569 1993 5620 i
2029 5569 2106 5624 lta
2130 5567 2256 5626 cod.
2288 5567 2360 5625 90
2385 5568 2443 5624 8.
2473 5567 2664 5626 Crucis
2690 5569 2745 5624 in
2767 5568 2878 5626 Jer.

1976 5638 2001 5678 ιι
2031 5640 2108 5695 lta
2133 5657 2203 5696 ex
2229 5639 2352 5697 cod.
2378 5640 2488 5710 jam
2515 5641 2607 5696 cit.
2651 5639 2740 5712 90,
2767 5648 2825 5694 et
2849 5638 2970 5696 cod.
3002 5653 3038 5712 x_
3057 5634 3318 5712 Laurent.
3362 5636 3497 5712 legi-

1905 5720 1994 5767 tur
2052 5713 2150 5795 .qtu'
2176 5729 2306 5836 p3;
2307 5708 2424 5765 eam
2447 5729 2575 5778 ,γαπ
2603 5711 2956 5783 orphanorum
2981 5708 3348 5781 viduarumque
3369 5708 3498 5766 con-

1905 5799 2020 5836 sues
2043 5800 2064 5836 s
2091 5799 2209 5836 unua
2303 5799 2348 5836 e.

1904 5784 2064 5838 suesti
2091 5783 2348 5837 inuadere.

1982 5852 1998 5891 ι
2036 5851 2276 5921 Uterque
2301 5851 2428 5909 cod.
2455 5853 2516 5909 S.
2543 5849 2734 5912 Crucis
2751 5853 2807 5907 in
2829 5849 2944 5908 Jer.
2967 5851 3084 5908 haec
3109 5848 3282 5911 addit.
