4056 6346
534 285 636 346 551

1736 281 1792 337 S.
1836 276 2083 336 MAXIMI
2119 273 2574 336 TAURINENSIS

531 413 788 478 sequatur
815 401 1042 476 primam
1067 397 1364 467 homiliam,
1395 415 1512 473 quae
1542 399 1760 472 incipit:
1796 399 2006 456 Lwtitia
2028 405 2225 470 quanta
2243 396 2336 464 sit,
2359 401 2684 467 quantusque
2703 408 3004 476 concursus,
3033 389 3469 521 domum”
3489 389 3562 446 sit
3587 407 3602 444 :
3631 387 3834 462 Incipit

531 479 726 521 dictum
753 485 872 521 ante
903 473 1098 521 Natale
1120 473 1359 521 Domini:
1387 473 1510 521 huic
1534 472 1770 521 serlnnni
1793 471 2136 521 nmmittitur
2159 486 2172 521 :
2200 467 2339 521 Item
2357 473 2408 521 et
2427 465 2492 520 de
2511 465 2624 521 illo.
2650 465 2886 520 Titulum
2907 465 3074 521 altum
3098 479 3170 520 ex
3211 465 3223 476 ’
3299 471 3360 520 nt
3376 462 3594 519 codices
3609 460 3834 519 Sancta

531 463 726 534 dictum
753 463 872 530 ante
899 473 1098 530 Natale
1120 463 1360 538 Domini;
1387 463 1510 528 h'uic
1534 463 1770 528 sermoni
1793 463 2136 542 pratmitti'tur
2159 486 2172 524 :
2200 467 2339 524 Item
2357 463 2408 522 et
2427 465 2492 520 de
2511 463 2624 522 illo.
2650 465 2886 542 Titulum
2907 463 3074 542 alium

3299 471 3360 520 nt
3376 462 3594 519 codices
3609 460 3836 519 Sancta

530 549 718 605 Crucis
747 549 798 602 in
821 545 1118 602 Jerusalem
1153 543 1220 598 99
1247 533 1395 600 num.
1423 543 1512 611 26,
1545 553 1600 600 et
1627 533 2014 608 Beneventani,
2041 536 2773 612 quibusrmemorataeditio
2804 535 3124 612 Parisiensjs
3143 533 3668 612 conformatur,_hpc
3695 539 3829 612 est_:

533 603 627 675 De
640 603 836 673 Natale
855 617 1066 674 Domini
1095 617 1342 672 veniente.
1373 603 1608 672 Tandem
1635 615 1846 674 codices
1865 614 1954 669 alii
1985 603 2108 684 post
2137 611 2408 684 decimum
2436 609 2692 684 saeculum
2724 607 3036 684 exarati,_ut
3055 605 3386 684 Casinensis,
3413 603 3837 684 Mediolanensis

533 690 654 756 μϐ,
686 700 739 744 et
769 689 1150 760 Neapolitanus
1176 689 1376 743 habent
1407 706 1418 740 :
1453 686 1799 760 Inidominica
1827 678 2286 760 tertia—Adventus,
2319 681 2404 738 vel
2431 679 2510 760 Qa
2537 679 2793 760 Adventu.
2843 678 2928 760 9p

531 747 1160 833 Benedictini'monachi
1203 775 1274 814 ex
1303 774 1369 814 eo
1397 759 1564 833 quod‘
1585 759 1653 833 in
1685 757 1956 833 nonnullis
1985 771 2114 813 mss.
2149 747 2361 833 legatur
2393 770 2406 806 :
2441 750 2816 833 lle
2833 747 3034 833 ixi—lia“
3061 749 3296 833 pontii“,
3329 747 3690 833 arguentium,
3713 761 3834 830 mo-

529 848 642 889 rem
663 848 784 889 esse
803 830 1056 888 Ecclesiae
1077 818 1497 888 vetustissimum
1533 828 1720 886 ﬁdeles
1745 829 1984 886 excitare
2017 837 2076 886 ut
2095 818 2295 884 sanctis
2323 818 2580 894 operibus
2607 829 2662 878 et
2689 821 2972 878 adactibus
2998 821 3311 894 natalitiam
3322 819 3546 894 Domini
3573 818 3840 894 solemni-

1194 887 1299 958 uod
1347 902 1454 958 hoc
1493 916 1557 957 ex
1594 899 1863 967 sermone,
1895 907 1951 956 et
1973 917 2042 958 ex
2071 899 2251 970 prima
2275 895 2334 952 S.
2359 887 2576 970 Maximi
2603 894 2828 970 humilia
2863 901 3115 970 constare
3141 891 3255 963 jam
3282 891 3534 970 diximus.
3576 887 3834 970 Nosepi-

530 912 696 960 tatem
743 901 1102 974 prati/eniam;

2933 678 3060 734 time
3099 679 3361 734 adnotant
3405 687 3571 747 super
3623 673 3838 731 laudati

526 959 772 1046 grapheii
797 975 930 1028 Ante
951 959 1149 1029 Natale
1167 959 1381 1030 Domini
1403 973 1790 1044 assumpsimus
1818 959 1882 1028 es
1911 959 2191 1028 codicibus
2219 964 2557 1038 Sangallensi
2585 972 2641 1022 et
2661 963 3002 1031 Taurinensi,
3035 959 3172 1035 quos
3196 963 3418 1036 majoris
3443 976 3567 1019 esse
3587 959 3836 1018 auctori-

530 1047 655 1101 tatis
683 1050 1021 1103 censeamus;

527 1133 1258 1192 Ancuuesrnn.-—Totusest
1278 1135 1532 1190 sermonis
1548 1141 1731 1189 auctor
1757 1135 1813 1188 in
1835 1132 2128 1188 excitandis
2159 1133 2210 1194 Α
2235 1143 2362 1186 cum
2400 1141 2707 1198 peccamus.
2763 1125 3119 1197 Compellitur
3145 1138 3278 1196 ergo
3329 1125 3587 1198 operibus
3635 1125 3844 1183 nosH-is

597 1205 793 1279 Christi
813 1207 1075 1279 ﬁdelibus,
1099 1215 1159 1262 ut
1182 1207 1454 1276 condignis
1481 1204 1681 1279 aclibus
1702 1205 1772 1279 ait
1793 1200 2122 1279 ejas_Natale

597 1275 959 1350 celebrandum
996 1295 1054 1350 se
1105 1275 1444 1350 prwparent;
1481 1277 1582 1350 vim
1640 1275 1839 1350 faciunt
1897 1275 2122 1350 Domino

597 1349 933 1423 eleeptosynis
955 1361 1003 1405 et
1020 1346 1268 1423 lacrgntis
1284 1366 1302 1413 ;
1317 1348 1611 1423 spirituales
1632 1346 1864 1403 maculas
1888 1346 2120 1414 abluant,

597 1430 655 1480 ut
681 1419 918 1478 carnalia
950 1419 1185 1494 fulgeant
1212 1419 1532 1474 vestimenta.
1877 1450 1888 1460 κ

601 1583 744 1638 Satis
769 1580 1092 1652 abundeque
1129 1578 1330 1635 dixisse
1371 1591 1460 1633 me
1478 1577 1642 1633 credo
1669 1575 1948 1648 superiore
1973 1587 1998 1612 ιι
2020 1574 2123 1630 do-

527 1677 724 1732 minica
747 1672 1201 1746 quemadmodum
1229 1672 1434 1743 compti
1461 1671 1548 1728 vel
1569 1670 1722 1726 nitidi
1752 1669 1996 1726 Natalem
2017 1669 2126 1724 Do-

526 1767 658 1822 mini
686 1766 962 1835 suscipere
985 1763 1297 1828 debeamus,
1322 1771 1378 1820 et
1393 1763 1810 1833 superveniente
1836 1761 2128 1818 festivitate

528 1859 646 1930 ejus
673 1857 970 1912 ambitione
997 1855 1317 1922 retinere.”
1345 1855 1620 1922 Retinere,
1651 1857 1888 1925 inquam,
1940 1864 1999 1911 ut
2024 1855 2127 1912 etsi

525 1950 641 2006 dies
687 1948 1045 2006 solemnitatis
1073 1955 1332 2016 transeat,
1363 1947 1507 2020 apud
1534 1963 1634 2003 nos
1661 1955 1842 2004 tamen
1890 1947 2128 2004 sanctiﬁ—

526 2043 756 2105 cationis
800 2041 920 2113 ejus
955 2041 1237 2098 beatitudo
1267 2049 1604 2114 permaneat.
1637 2040 1762 2098 Haec
1783 2042 1926 2097 enim
1951 2041 2126 2110 gratia

526 2135 723 2193 natalis
744 2133 908 2208 394
934 2141 1022 2192 est
1045 2132 1262 2189 Domini
1289 2132 1608 2200 Salvatoris,
1641 2132 1778 2187 utin
1797 2131 2036 2188 futurum
2059 2130 2127 2186 ad

527 2228 939 2302 prmdestinatos
965 2233 1229 2295 transeat,
1264 2226 1317 2280 iu
1371 2225 1705 2298 prieteritum
1734 2231 2015 2280 remaneat
2060 2223 2128 2279 ad

527 2327 776 2382 devotos.
799 2323 1027 2396 Oportet
1045 2337 1176 2393 ergo
1196 2337 1297 2379 nos
1317 2335 1437 2377 esse
1455 2320 1742 2376 sanctitate
1761 2335 1947 2392 puros,
1969 2334 2129 2375 mun-

523 2416 625 2474 dos
643 2417 922 2490 pudicitia,
957 2414 1156 2470 nitidos
1183 2413 1492 2477 honestate,
1525 2418 1586 2466 ut
1611 2426 1720 2481 quo
1747 2409 1893 2466 diem
1929 2409 2128 2466 festum

2227 1215 2488 1276 Dominus
2517 1227 2576 1274 ut
2603 1219 2760 1276 nobis
2779 1233 2935 1275 suam
2962 1218 3396 1275 misericordiam
3427 1219 3726 1289 largiatur;
3757 1225 3845 1276 at-

2228 1330 2335 1386 que
2374 1314 2498 1368 ideo
2525 1313 2656 1384 ipse
2694 1313 2750 1368 in
2787 1311 3080 1384 Evangelio
3127 1319 3318 1370 sancto
3369 1313 3540 1370 dicit:
3582 1314 3629 1367 Α
3659 1311 3844 1369 diebus

2227 1407 2448 1462 Joannis
2473 1405 2723 1476 Baptista:
2740 1421 2957 1477 regnum
2981 1405 3266 1461 calorum!
3287 1407 3488 1478 cogitas
3503 1404 3724 1476 (Matth.
3736 1403 3848 1478 ιι).

2230 1499 2362 1567 Qua:
2389 1499 2660 1555 sententia
2690 1513 2853 1568 quem
2910 1497 3245 1554 intellectum
3291 1497 3490 1554 habeat
3514 1496 3841 1554 ~videamus.

2229 1591 2475 1660 Regnum
2519 1591 2784 1647 caelorum
2825 1587 2855 1627 ¹ι
2885 1589 3102 1646 nonnisi
3148 1589 3397 1645 Christus
3439 1597 3523 1646 est
3552 1570 3843 1660 Dominus,

2231 1682 2324 1751 qui
2376 1690 2570 1750 regnat
2615 1682 2672 1737 in
2700 1681 2869 1740 cmlis.
2919 1681 3054 1750 Cogi
3074 1689 3257 1741 autem
3283 1682 3516 1738 verbum
3543 1688 3684 1738 tunc
3699 1681 3846 1740 solet

2231 1773 2358 1843 dici,
2385 1791 2508 1830 cum
2527 1789 2618 1830 res
2647 1775 2826 1844 aliqua
2845 1774 3030 1830 rarior
3051 1773 3265 1830 assidua
3293 1773 3614 1844 operatione
3639 1773 3844 1834 densa-

2233 1874 2339 1923 tur.
2383 1867 2462 1922 Ex
2502 1882 2610 1940 quo
2653 1881 2783 1938 ergo
2825 1865 3063 1927 Joannes
3109 1865 3352 1938 Baptista
3401 1864 3564 1938 (Ibid.
3597 1865 3679 1938 m)
3719 1865 3844 1924 Sal-

2230 1959 2435 2016 vatoris
2469 1958 2486 1996 ί
2518 1959 2860 2017 annuntiavit
2887 1959 3202 2026 adventum,
3232 1974 3303 2016 ex
3349 1973 3417 2017 eo
3461 1973 3691 2028 regnum
3729 1975 3844 2020 cm-

2231 2049 2431 2117 lorum,
2461 2050 2476 2100 i
2509 2049 2656 2121 quod
2701 2047 2924 2105 liuidum
2973 2064 3038 2105 ac
3063 2050 3352 2105 remissum
3379 2049 3522 2120 apud
3572 2049 3846 2109 leaena!

2226 2144 2462 2216 jacebat,
2521 2143 2859 2200 credentium
2915 2126 3241 2216 populorum
3295 2142 3463 2215 cmpit
3522 2141 3844 2201 assiduitate

2233 2236 2472 2306 densari,
2521 2244 2577 2292 et
2604 2234 2633 2274 ¹ί
2663 2235 2840 2292 omnis
2867 2235 2959 2292 illa
2984 2235 3138 2304 regni
3162 2235 3360 2292 raritas
3385 2233 3840 2308 praedicationum

2233 2329 2670 2400 frequentatione
2715 2327 2959 2384 solidari.
2991 2327 3126 2383 Tam
3152 2327 3298 2384 enim
3323 2343 3512 2384 rarum
3562 2329 3664 2383 fuit
3692 2328 3839 2400 apud

2231 2422 2445 2479 Iudaeos
2473 2437 2722 2492 regnum,
2745 2428 2806 2477 ut
2828 2420 3086 2478 transiret
3109 2419 3176 2476 ad
3201 2430 3392 2490 gentes
3415 2438 3429 2488 ;
3452 2429 3562 2476 tam
3591 2419 3838 2488 liuidum,

529 2509 782 2566 advenire
803 2507 1157 2580 propinquius
1179 2505 1472 2574 cernimus,
1495 2519 1563 2562 eo
1589 2504 1896 2561 accuratius
1916 2503 2128 2560 inceda-
2159 2533 2202 2594 Β
2233 2524 2295 2570 ιιι
2323 2525 2634 2572 remaneret
2679 2513 2746 2570 ad
2769 2513 3021 2585 μορυιοε,
3051 2513 3206 2570 nunc
3231 2521 3414 2571 autem
3435 2521 3582 2570 tanta
3609 2514 3838 2572 crate...

529 2617 670 2659 mus.
693 2601 752 2658 Si
782 2601 925 2656 enim
950 2599 1277 2656 muliercula:
1309 2597 1487 2654 solent
1507 2596 1715 2667 aliquas
1741 2593 1906 2652 ferias
1931 2611 2120 2652 susce-

531 2703 722 2769 pturaa,
780 2694 1016 2750 maculas
1067 2692 1299 2748 vestium
1325 2705 1546 2746 suarum
1573 2703 1715 2760 aqua
1741 2688 1950 2744 diluere
1981 2705 2008 2742 :-
2025 2702 2124 2744 cur

531 2803 643 2846 non
671 2787 842 2856 magis
865 2801 966 2840 nos
1006 2785 1284 2855 excepturi
1333 2781 1576 2838 Natalem
1621 2778 1836 2837 Domini
1883 2777 2124 2833 maculas

535 2879 836 2935 animarum
885 2884 1192 2932 nostrarum
1245 2874 1562 2930 abluamus?
1615 2871 1685 2928 Et
1709 2872 1814 2928 illa:
1833 2871 2051 2942 quidem
2079 2869 2127 2928 si

535 2973 675 3030 adeo
703 2971 913 3028 infecta:
940 2978 997 3026 et
1024 2971 1267 3026 obscurae
1294 2969 1546 3026 sordibus
1567 2969 1785 3036 fuerint,
1809 2975 1870 3024 ut
1889 2967 2127 3024 maculas

534 3081 677 3138 aqua
700 3082 810 3122 non
829 3072 1040 3140 purget,
1057 3064 1259 3124 addunt
1276 3064 1556 3122 mollitiem
1577 3064 1705 3132 olei,
1725 3063 1942 3136 saponis
1963 3061 2129 3120 etiam

537 3157 890 3214 acrimoniam
923 3175 934 3210 :
991 3172 1091 3212 nos
1136 3171 1372 3226 quoque,
1423 3157 1468 3212 si
1513 3165 1622 3211 tam
1649 3170 1816 3226 grave
1843 3161 2129 3226 peccatum

534 3246 817 3315 habemus,
844 3255 902 3304 ut
927 3247 981 3303 id
1015 3248 1234 3304 minime
1261 3248 1392 3305 solis
1419 3246 1632 3306 ﬂetibus
1660 3249 1928 3314 abluatur,
1961 3247 2128 3308 adda-

539 3357 658 3398 mus
683 3341 1070 3397 misericordize
1091 3341 1294 3412 oleum,
1331 3351 1352 3379 ο
1383 3341 1733 3398 acrimoniam
1749 3339 1961 3410 jejunil.
1997 3338 2128 3394 Nul—

538 3433 652 3490 lum
677 3435 821 3490 enim
846 3442 957 3488 tam
979 3447 1145 3502 grave
1171 3432 1427 3490 delictum
1448 3443 1550 3498 est,
1576 3431 1722 3501 quod
1744 3447 1854 3490 nou
1873 3439 2134 3506 purgetur

541 3525 887 3591 abstinentia,
909 3525 1267 3596 eleemosynis
1295 3527 1702 3594 cxstinguatur;
1734 3526 1810 3579 ait
1838 3526 1980 3580 enim
2009 3540 2126 3580 san-

439 3613 442 3617 ’
542 3629 659 3678 ctus
681 3621 946 3692 propheta
970 3637 983 3674 :
1014 3618 1166 3676 Sicut
1185 3636 1320 3697 aqua
1341 3622 1625 3692 exstinguit
1649 3621 1811 3696 395
1840 3624 2034 3694 ignem,
2059 3620 2134 3674 ita

544 3715 862 3784 elemosyna
882 3713 1163 3786 exstinguit
1182 3721 1450 3784 peccatum
1467 3711 1652 3786 (Eccli.
1676 3712 1776 3784 ιιι).
1792 3711 1980 3784 Magna
2005 3727 2136 3781 ergo

545 3815 627 3863 est
651 3807 1016 3878 elecmosyna,
1045 3823 1163 3878 qum
1183 3807 1487 3868 ardentium
1515 3809 1800 3866 criminum
1831 3809 2020 3878 globos
2041 3810 2136 3866 be-

2228 2608 2362 2664 tium
2392 2607 2604 2677 cogitur
2652 2607 2942 2676 densitate,
2967 2615 3028 2663 ut
3054 2607 3288 2664 solidum
3314 2616 3534 2663 maneat
3557 2609 3678 2664 sine
3705 2607 3836 2675 line,

2227 2701 2366 2756 sicut
2383 2699 2663 2771 Scriptura
2692 2699 2858 2756 dicit:
2885 2697 3120 2774 Et;regni
3150 2701 3263 2774 ejus
3286 2717 3389 2754 non
3417 2700 3519 2755 erit
3543 2698 3838 2772 ﬁnis(l.ue.

2228 2791 2291 2864 ι).
2326 2791 2336 2828 ¹
2373 2791 2626 2860 Cogimus
2653 2792 2796 2848 enim
2817 2805 3042 2862 regnum
3063 2792 3342 2858 oculorum,
3365 2799 3422 2850 et
3441 2793 3838 2866 vim‘quodant-

2230 2887 2399 2944 modo
2425 2887 2665 2954 facimus,
2697 2889 2836 2944 sicut
2862 2888 2938 2943 ait
2967 2888 3278 2958 evangelica
3305 2887 3464 2944 lectio
3493 2907 3506 2942 :
3529 2887 3602 2943 Et
3628 2889 3736 2944 vim
3753 2889 3838 2960 fa-

2183 2997 2190 3002 ·
2231 2981 2421 3035 cientes
2441 2981 2692 3051 diripiunt
2718 2981 2850 3036 illud
2884 2979 3096 3052 (Matth.
3128 2981 3227 3048 xi).
3259 2980 3400 3048 Vim,
3439 2981 3678 3050 inquam,
3703 2979 3840 3038 faci-

2231 3088 2354 3128 mus
2382 3073 2612 3134 Domino
2658 3090 2770 3130 non
2799 3083 2838 3112 ω
2867 3073 3268 3146 compellendo,
3320 3071 3418 3132 sed
3452 3071 3670 3140 ﬂendo;
3723 3089 3838 3134 non

2233 3165 2584 3237 provocando
2631 3165 2860 3235 injuriis,
2911 3165 3309 3237 sed.lacrymis
3355 3164 3669 3230 exorando;
3725 3179 3833 3220 non

2233 3259 2660 3334 blasphemando
2690 3275 2789 3331 per
2815 3261 3143 3330 superbiam,
3195 3259 3293 3316 sed
3342 3274 3440 3330 per
3477 3258 3836 3314 humilitatem

2235 3353 2538 3410 inserendo.
2571 3352 2616 3408 Ο
2641 3353 2802 3408 beata
2849 3353 3137 3408 violentia!
3170 3367 3292 3422 quze
3339 3367 3450 3408 non
3474 3351 3840 3420 indignatione

2236 3448 2566 3520 percutitur,
2593 3447 2690 3506 sed
2716 3445 3087 3503 misericordia
3135 3445 3478 3502 condonatur
3502 3463 3516 3497 :
3539 3445 3725 3513 beata,
3757 3445 3838 3498 in-

2238 3553 2421 3608 quam,
2443 3539 2724 3608 violentia,
2745 3553 2867 3608 quae
2887 3539 2995 3592 vim
3016 3537 3244 3608 patienti
3264 3536 3566 3592 bonitatem
3595 3535 3764 3604 elicit,
3782 3543 3838 3590 et

2241 3632 2527 3690 utilitatem
2558 3632 2728 3706 396
2747 3631 2934 3688 tribuit
2953 3629 3222 3691 inferenti.
3249 3629 3386 3684 Mala
3407 3643 3497 3684 res
3521 3627 3836 3694 admittitur,

2237 3733 2296 3780 et
2319 3725 2388 3782 de
2417 3725 2608 3796 injuria
2637 3739 2798 3782 nemo
2845 3730 3126 3790 causatur;
3156 3723 3238 3780 vis
3264 3723 3589 3788 admittitur,
3627 3729 3682 3776 et
3708 3721 3833 3777 reli—

2243 3819 2334 3888 gio
2375 3823 2723 3890 propagatur.
2789 3816 3042 3886 Quisquis
3087 3817 3233 3874 enim
3277 3815 3568 3871 violentior
3623 3811 3835 3869 Christo

544 3900 866 3990 nevolentisc
895 3915 1002 3955 sum
1031 3899 1178 3956 fonte
1207 3900 1513 3970 refrigerat,
1559 3909 1615 3957 et
1657 3902 1892 3972 quodam
1934 3905 2137 3974 irriguo
2166 3928 2210 3990 ρ
2244 3911 2425 3977 fuerit,
2457 3910 2766 3979 religiosior
2796 3917 2822 3946 ιι
2853 3908 3138 3964 habebitur
3159 3923 3190 3964 a
3219 3907 3454 3964 Christo.
3492 3905 3840 3976 Aggredimur

542 3988 805 4060 largitatis
857 3991 1038 4047 obruit
1088 3991 1336 4049 incendia
1373 3992 1726 4059 delictorum;
1759 3991 1785 4030 ἀ
1815 3995 2139 4066 utquamvis

547 4082 782 4140 offensus
809 4083 970 4154 Deus,
993 4085 1236 4154 quamvis
1255 4085 1568 4142 criminibus
1599 4096 1944 4158 provocatus,
1975 4104 2138 4158 coga-

544 4188 634 4235 tur
675 4179 910 4235 liberare
953 4179 1311 4252 eleemosynis
1360 4193 1523 4248 quem
1577 4179 1917 4251 disposuerat
1943 4183 2138 4252 punire

545 4274 801 4346 peccatis.
833 4273 1057 4342 Cogitur
1079 4281 1103 4310 θ
1135 4273 1278 4328 enim
1298 4287 1328 4326 a
1359 4273 1515 4328 nobis
1543 4273 1965 4344 quodammodo,
2009 4275 2138 4334 dum

546 4364 888 4440 compellitur
912 4382 1012 4437 pro
1032 4367 1238 4422 actibus
1261 4366 1459 4422 nostris
1488 4375 1697 4423 mutare
1725 4370 2139 4440 sententiam,et

547 4461 602 4516 in
631 4475 740 4516 uno
761 4459 1062 4528 eodemque
1088 4458 1306 4514 homine
1334 4474 1476 4514 nunc
1495 4460 1784 4538 severitate
1797 4460 1996 4532 judicis
2016 4479 2140 4532 pcr-

547 4553 776 4620 moveri,
833 4561 978 4606 unnc
1027 4550 1197 4620 patris
1251 4551 1454 4620 pietate
1507 4550 1760 4607 blandiri.
1794 4551 1956 4609 Pater
1985 4557 2140 4611 nobis

549 4644 691 4698 enim
720 4650 803 4697 est
839 4641 984 4697 Deus
1010 4657 1133 4696 cum
1159 4642 1298 4696 bene
1327 4642 1553 4710 agimus,
1581 4641 1744 4710 judex
1795 4653 1980 4719 noster
2015 4645 2032 4684 ί
2059 4657 2142 4703 est

551 4849 572 4894 ι
623 4769 848 4893 ⁸ιθῗάἀ.
897 4769 1053 4824 basil.
1113 4767 1329 4823 Mediol.
1379 4775 1434 4823 et
1481 4747 2146 4840 Mont.01iv.,sitperiore

575 4857 662 4894 rac
688 4857 793 4894 au.

575 4857 662 4894 rac
668 4857 772 4894 ιαεη
781 4880 793 4892 .

624 4910 650 4949 ι’
680 4910 815 4965 Cod.
837 4909 1080 4980 ejusdem
1101 4907 1279 4981 basil.,
1315 4908 1378 4963 In
1401 4927 1500 4981 qua
1521 4919 1569 4963 et
1591 4911 1638 4964 si
1661 4910 1772 4965 dies
1801 4911 2147 4970 solemnitatis

551 4982 663 5052 ejus
691 4989 942 5047 transeat,
974 4979 1114 5050 apud
1140 4995 1232 5034 nos
1278 4979 1446 5035 tamen
1491 4983 1838 5052 sanctiﬁcatio
1867 4983 2052 5052 ipsius,
2097 4991 2147 5036 et

585 5051 813 5107 eatitudo
857 5059 1187 5123 permaneat;
1233 5051 1289 5104 in
1335 5053 1566 5123 futurum
1617 5051 1688 5107 ad
1747 5051 2145 5123 prwdestinatos

553 5070 813 5108 aeaumao
857 5070 1187 5122 permaneat;
1233 5070 1289 5104 in
1335 5070 1566 5123 laturum
1617 5070 1688 5107 aa
1783 5070 2141 5108 rwaeumatos

553 5131 817 5189 transeat;
871 5121 945 5193 in,
971 5123 1232 5193 praeterito
1279 5131 1550 5178 remaneat
1600 5123 1672 5178 ad
1718 5070 1941 5178 (ἔναιρε.
1968 5121 2141 5179 Codd.

557 5193 809 5288 9991’s:
821 5191 1448 5288 ,θιέἓξὶξςέὲδλξεξξιξξι.
1463 5203 1554 5288 1"}
1578 5195 1896 5288 3'11??in
1917 5195 1986 5250 αα
2006 5211 2144 5266 ρνιε-
2173 5228 2225 5288 n

553 5267 858 5337 destinatos,
891 5267 946 5337 in
967 5267 1197 5337 laturum
1217 5273 1450 5337 transeat
1475 5265 1545 5337 ad
1572 5265 1800 5337 devotos.

629 5350 650 5377 ε
683 5336 852 5394 Codd.
909 5334 1162 5393 casinen.
1221 5335 1324 5390 105
1364 5347 1420 5392 et
1473 5335 1642 5392 Mont.
1673 5334 1895 5406 Olivet.,
1921 5337 2144 5392 acrimo-

550 5426 852 5562 mlflmgzdd.‘
879 5477 1156 5562 Urbev_et._
1173 5487 1227 5562 c-t
1251 5478 1418 5562 Ικλείι.⁵
1432 5475 1678 5562 Mediol.,
1707 5486 1758 5532 et
1785 5479 2034 5562 quamvis.

628 5561 652 5590 ο
682 5550 817 5608 Cod.
841 5551 994 5606 basil.
1022 5549 1262 5622 Mediol.,
1293 5547 1506 5621 Cogitur
1531 5557 1706 5604 tamen
1735 5565 1767 5602 a
1795 5545 1944 5604 nobis
1966 5565 2145 5622 quem-

553 5623 835 5678 admodum
844 5621 1201 5692 compellitur,
1220 5629 1327 5692 etc.
1529 5647 1544 5680 ι

631 5692 652 5733 τ
673 5692 808 5748 Cod.
843 5690 1100 5748 Urhevet.
1125 5690 1325 5746 omittit
1347 5697 1443 5746 est.

631 5773 658 5812 8
683 5763 819 5818 Cod.
842 5762 1124 5831 Urbevet.,
1145 5763 1246 5816 vita
1265 5763 1481 5831 patitur.

631 5831 658 5871 ιι
688 5831 857 5891 Codd.
893 5831 1146 5892 Urbevet.
1180 5842 1234 5890 et
1261 5831 1416 5892 basil.
1449 5831 1687 5904 Mediol.,
1715 5834 1951 5904 Regnum
1994 5835 2147 5892 calo-

2244 4017 2376 4072 ergo
2396 4003 2451 4060 in
2471 4003 2668 4059 itinere
2690 4001 2998 4068 Dominum,
3023 3999 3287 4072 siquidem
3311 4001 3427 4070 ipse
3448 4007 3532 4055 est
3553 3999 3642 4054 via
3665 3997 3836 4070 (Joan.

2244 4113 2352 4161 xxv,
2384 4096 2472 4167 6),
2505 4105 2561 4152 et
2608 4110 2762 4150 more
2810 4095 3083 4150 latronum
3115 4105 3138 4129 υ
3166 4093 3276 4148 suis
3304 4108 3428 4148 eum
3457 4092 3697 4163 spoliare
3723 4089 3839 4144 niti-

2245 4207 2365 4245 mur
2414 4189 2672 4244 vestibus.
2703 4187 2961 4258 Cupimus
2990 4187 3064 4241 illi
3094 4186 3308 4241 auferre
3337 4199 3585 4254 regnum,
3632 4185 3838 4240 thesau-
3937 4183 3942 4188 ’

2245 4299 2360 4348 ros,
2391 4289 2448 4338 et
2467 4281 2669 4348 vitam;
2700 4279 2796 4338 sed
2817 4280 2906 4336 ille
2935 4288 3045 4334 tam
3073 4279 3221 4335 dives
3245 4287 3302 4334 et
3322 4279 3502 4346 largus
3526 4286 3632 4344 est,
3661 4285 3718 4333 ut
3736 4291 3839 4331 non

2248 4377 2467 4440 abnuat,
2499 4391 2606 4430 non
2635 4373 2881 4440 resistat;
2912 4381 2967 4428 et
2994 4388 3117 4428 cum
3151 4371 3332 4427 omnia
3359 4370 3592 4434 dederit,
3655 4367 3838 4423 nihilo-

2248 4469 2424 4524 minus
2453 4468 2568 4538 ipse
2592 4467 2774 4523 omnia
2815 4477 2842 4516 P
2870 4465 3162 4537 possideat.
3185 4463 3576 4533 .Aggredimur,
3601 4463 3837 4531 inquam,

2252 4559 2400 4616 illum
2421 4576 2531 4616 non
2561 4558 2724 4624 ferro,
2757 4573 2868 4614 non
2891 4556 3053 4625 fuste,
3081 4572 3188 4612 non
3216 4571 3371 4622 saxo,
3393 4553 3490 4609 scd
3531 4556 3838 4607 mansuetu-

2251 4649 2397 4716 dine,
2429 4651 2585 4707 bonis
2628 4649 2902 4721 operibus,
2935 4648 3203 4705 castitate.
3236 4647 3362 4702 Haec
3379 4660 3514 4700 sane
3541 4653 3671 4700 sunt
3695 4655 3838 4698 arma

2251 4787 2366 4849 runt
2383 4787 2488 4850 non
2519 4769 2664 4850 aliud
2683 4767 3047 4850 nisinCltristuf
3071 4775 3149 4850 est
3169 4765 3444 4850 portunus.
3522 4843 3535 4850 Δ
3762 4830 3806 4850 Γ

2329 4841 2508 4926 ίβού.
2566 4841 2732 4897 Mont.
2785 4837 2948 4907 Oliv.,
3003 4837 3296 4894 Saluatoris
3343 4836 3624 4889 adventum
3653 4830 3837 4904 pradi-

2251 4923 2506 5062 cmiuéod.
2539 4983 2706 5062 bipnt.
2731 4981 2892 5062 _Oliv.,
2917 4981 3224 5062 quodprius
3255 4976 3502 5062 ﬂuidum.“
3719 5043 3802 5062 ψ,

2323 5054 2348 5094 κ
2377 5055 2508 5111 Cod.
2544 5054 2612 5108 99
2640 5054 2769 5125 legit
2793 5047 2961 5108 omnis
2973 5070 2991 5116 ;
3020 5047 3150 5108 edit.
3182 5047 3360 5107 autem
3405 5047 3626 5142 Colon.,
3670 5047 3835 5102 enli—

2249 5126 2541 5254 bu‘lbodd.
2570 5197 2724 5253 basil.
2755 5196 2969 5251 Mediol.
3001 5201 3057 5249 ct
3080 5193 3284 5259 Casin.,
3307 5189 3601 5264 Cogitemus
3626 5203 3840 5261 r693!“

2250 5269 2509 5344 calorum,
2536 5279 2590 5344 e_t_
2613 5270 2712 5344 uim
2735 5266 3120 5340 quodammodo
3149 5266 3424 5344 faciunttu.

2322 5350 2359 5377 ω
2389 5327 2521 5394 Cod.
2548 5327 2802 5396 Urbevét.
2830 5355 2862 5394 a
2885 5353 3018 5396 voce
3041 5327 3412 5406 compellenda,
3438 5333 3686 5406 omittens
3703 5327 3837 5406 teli:

2250 5426 2376 5481 qua,
2399 5412 2672 5467 connectit
2697 5411 2860 5467 verba
2889 5423 3026 5481 quae
3048 5397 3270 5463 inferius
3315 5397 3657 5481 inveniuntur
3687 5419 3699 5452 :

2253 5476 2594 5554 insit-eguere
2614 5482 2852 5537 debemus
2870 5476 2924 5536 n3
2940 5479 3106 5544 nobis,
3128 5486 3183 5532 ut
3204 5493 3422 5546 regnare
3433 5476 3702 5557 possimus,
3719 5478 3834 5524 etc.

2254 5551 2456 5606 Eadem
2507 5553 2728 5606 omissio
2784 5553 3053 5606 reperitur
3095 5551 3148 5605 in
3177 5535 3297 5606 cod.
3329 5545 3488 5603 basil.
3515 5541 3742 5606 MedmL,
3775 5545 3839 5594 et

2254 5551 2456 5608 Eadem
2507 5553 2728 5609 emissio
2784 5553 3053 5623 reperitur
3095 5551 3148 5605 in
3177 5551 3297 5606 cod.
3329 5551 3488 5603 basil.
3517 5551 3742 5606 MedioL,

2253 5624 2596 5695 prosequitur
2622 5624 2691 5679 ab
2717 5623 2823 5679 illis
2846 5623 3026 5695 verbis
3049 5639 3060 5675 :
3087 5621 3160 5676 ait
3178 5620 3316 5675 enim
3339 5613 3686 5689 Evangelia».

2327 5704 2354 5776 εξ
2386 5693 2669 5776 ἑζώμρομ.
2695 5695 2827 5776 legit
2851 5693 3087 5776 habetur.
3232 5765 3243 5776 υ
3394 5761 3424 5776 ,,

2329 5774 2354 5803 ο
2385 5765 2519 5822 Cod.
2553 5764 2832 5832 Urbevet.,
2862 5764 3009 5820 bonis
3029 5781 3144 5820 eum
3165 5765 3273 5819 suis
3292 5761 3518 5834 spoliare
3539 5761 3760 5814 uitiatur.

2329 5849 2355 5888 Ρ
2382 5835 2440 5894 ln
2463 5837 2594 5894 edit.
2628 5833 2772 5904 Col.,
2793 5835 3096 5900 possidebit.
