4056 6346
1713 287 1771 344 S.
1813 281 2061 341 MAXIM!
2097 281 2549 340 TAURINENSIS

485 414 685 481 praeter
711 403 1153 463 consuetudinem
1208 404 1263 460 in
1307 386 1417 461 hae.
1437 401 1729 459 festivitate
1777 398 2075 455 matutinus
2105 401 2145 458 Λ
2177 404 2286 462 est,
2320 396 2408 453 hic
2454 397 2681 453 Creator
2714 417 2726 452 :
2760 405 2942 456 tamen
2979 400 3141 456 istum
3169 401 3355 457 mundi
3387 402 3561 459 solem
3590 404 3769 475 prius-

486 501 695 566 illuxit;
734 513 836 554 nec
873 499 1069 553 mirum
1102 515 1115 549 :
1164 497 1211 552 si
1256 497 1399 552 enim
1428 495 1496 551 ad
1543 494 1669 551 Jesu
1696 494 1843 549 Nave
1871 494 2078 548 oratio-

484 608 609 649 nem
657 589 864 646 deﬁxus
910 589 1060 645 stetit
1115 588 1168 645 in
1200 575 1332 651 'die,
1378 604 1475 644 cur
1513 602 1621 643 non
1667 584 1738 641 ad
1776 585 1905 641 Jesu
1932 583 2080 641 Chri-

485 684 556 740 sti
585 682 921 738 nativitatem
968 680 1193 737 festinus
1220 687 1567 752 promoveret
1592 680 1650 734 in
1684 680 1944 735 noctem?
1971 676 2077 734 So-

484 776 592 833 lem
616 776 779 844 igitur
807 790 1006 831 novum
1030 774 1171 832 hanc
1195 774 1339 830 diem
1366 774 1557 842 vulgus
1578 772 1834 844 appellat,
1875 780 2078 829 etcum

483 867 616 924 dicit
671 882 894 931 novum,
947 867 1151 937 utique
1178 875 1234 922 et
1284 875 1523 922 veterem
1561 879 1679 920 esse
1707 864 2073 921 demonstrat.

484 958 741 1016 Veterem
769 965 954 1015 autem
981 959 1210 1015 dixerim
1239 958 1398 1028 hujus
1424 957 1611 1014 mundi
1639 958 1827 1037 solem,
1858 958 1951 1028 qui
1978 958 2079 1014 de-

485 1050 778 1107 fectionem
806 1050 1029 1121 patitur,
1057 1050 1150 1120 qui
1179 1051 1480 1121 parietibus
1507 1049 1832 1115 excluditur,
1856 1050 1951 1119 qui
1976 1066 2079 1105 nu-

489 1143 652 1200 bibus
672 1144 1015 1201 obscuratur.
1028 1144 1279 1201 Veterem
1291 1144 1523 1200 dixerim
1544 1145 1735 1211 solem,
1748 1144 2078 1213 quivanitati

486 1234 749 1304 subjacet,
767 1236 859 1305 qui
878 1237 1279 1307 correptionem
1296 1236 1505 1302 metuit,
1521 1236 1613 1305 qui
1629 1235 1890 1305 judicium
1907 1236 2075 1307 perti-

486 1327 699 1384 mescit.
714 1326 989 1398 Scriptum
1010 1338 1093 1385 est
1107 1330 1249 1385 enim
1272 1347 1285 1382 :
1302 1327 1397 1385 Sol
1414 1338 1735 1384 convertetur
1747 1331 1801 1384 in
1818 1330 2073 1397 tenebras,

486 1426 535 1472 et
554 1418 679 1474 luna
693 1420 747 1475 in
763 1421 1069 1493 sanguinem
1091 1420 1247 1493 (Joel.
1268 1438 1327 1490 ll,
1351 1420 1441 1489 51;
1458 1422 1575 1478 Act.
1588 1438 1649 1488 ιι,
1670 1421 1781 1493 20).
1801 1422 2071 1490 Veterem,

486 1509 961 1581 inquam,dixcrim
971 1512 1065 1581 qui
1079 1512 1372 1569 sceleribus
1384 1513 1609 1569 interest
1618 1510 2079 1579 hominum,‘adul-

487 1601 624 1657 teria
635 1617 744 1658 non
754 1603 970 1672 refugit,
981 1604 1325 1660 homicidium
1338 1620 1447 1661 non
1457 1605 1771 1671 declmat,et
1781 1623 1902 1663 cum
1914 1621 2076 1663 omne

486 1708 658 1763 genus
687 1696 966 1751 hominum
984 1697 1123 1752 nolit
1148 1712 1270 1754 esse
1297 1698 1556 1766 medium,
1579 1714 1702 1755 cum
1725 1700 1944 1770 aliquod
1970 1702 2076 1757 cri-

2182 504 2343 559 quam
2365 491 2594 559 oriatur,
2620 492 2797 548 adhuc
2817 499 2945 548 ante
2971 492 3148 549 lucem
3178 505 3405 565 propter
3431 497 3770 555 necessarios

2182 598 2314 639 usus
2341 584 2621 641 hominum
2650 585 2790 640 solet
2828 585 3047 641 lucerna
3083 586 3413 656 praecedere.
3460 587 3638 644 Habet
3675 604 3769 647 au-

2181 682 2291 731 tem
2313 684 2368 732 et
2387 676 2632 733 Christus
2659 678 2742 733 sol
2764 678 3045 734 lucernam
3062 693 3236 747 suam,
3254 694 3375 750 qum
3396 679 3515 751 ejus
3541 698 3773 753 prteces-

2180 768 2253 824 sit
2273 768 2562 824 adventum
2586 786 2599 823 :
2628 770 2766 827 sicut
2787 769 2920 826 dicit
2948 770 3217 841 Propheta
3242 790 3254 825 :
3281 772 3475 829 Paravi
3501 774 3772 833 lucernam

2182 860 2385 917 Christo
2411 878 2525 917 meo
2544 861 3019 934 (Psal.cxxxvut).
3049 861 3181 930 Qua:
3209 871 3389 918 autem
3419 864 3522 921 ista
3549 866 3772 924 lucerna

2181 953 2272 1023 sit,
2300 953 2537 1011 ostendit
2565 955 2722 1012 nobis
2764 956 3043 1024 Dominus,
3075 956 3260 1014 dicens
3299 957 3367 1013 de
3415 956 3627 1014 Joanne
3666 959 3772 1015 Ba-

2179 1046 2341 1117 ptista
2373 1064 2385 1099 :
2421 1046 2519 1102 Ille
2545 1057 2658 1103 erat
2681 1048 2893 1102 lucente
2922 1048 3113 1103 ardens
3133 1046 3314 1115 (Joau.
3342 1048 3417 1118 v).
3448 1048 3568 1120 Ipse
3588 1058 3771 1107 autem

2179 1137 2436 1203 Joannes,
2467 1147 2526 1194 ut
2548 1139 2862 1209 praecedens
2889 1140 3124 1196 lucerna:
3152 1141 3332 1196 lumen
3361 1142 3618 1211 exiguum
3647 1143 3724 1198 ait
3754 1160 3770 1199 :

2180 1230 2318 1285 Ecce
2343 1232 2482 1287 venit
2505 1240 2623 1303 post
2650 1248 2731 1286 me
2758 1232 2906 1304 cujus
2938 1249 3043 1287 non
3073 1250 3185 1287 sum
3213 1233 3401 1304 dignus
3428 1234 3626 1290 soluere
3653 1252 3771 1291 cor-

2179 1324 2366 1395 rigiam
2385 1322 2854 1378 calceamentorum
2870 1327 2983 1396 ejus
3006 1341 3022 1378 :
3043 1327 3154 1395 ipse
3168 1341 3254 1380 vos
3275 1324 3556 1398 baptisabit
3577 1328 3634 1382 in
3657 1326 3775 1398 Spi-

2180 1416 2281 1469 ritu
2301 1424 2485 1470 sancto
2511 1424 2563 1469 et
2588 1415 2710 1487 igne
2737 1414 2916 1487 (Joan.
2949 1415 3051 1484 ιιι).
3077 1416 3247 1471 Simul
3276 1416 3439 1473 etiam
3464 1418 3775 1488 intelligens

2177 1506 2360 1563 lumen
2407 1523 2564 1563 suum
2603 1507 2734 1564 solis
2779 1508 2949 1564 radiis
2989 1507 3379 1575 olluscandum,
3432 1510 3601 1583 406
3645 1518 3771 1569 ante

2183 1608 2205 1635 ε
2227 1599 2468 1668 praedicit
2488 1599 2643 1654 illum
2667 1617 2678 1651 :
2706 1598 2865 1655 Illum
2885 1609 3083 1672 oportet
3105 1617 3353 1669 crescere,
3374 1618 3456 1656 me
3481 1613 3655 1658 autem
3670 1606 3770 1660 mi-

2178 1691 2266 1744 nui
2299 1689 2534 1763 (Ibid.).
2565 1684 2715 1747 Sicut
2752 1692 2898 1747 enim
2943 1692 3176 1749 lucerna:
3223 1693 3441 1750 claritas
3476 1694 3774 1753 destruitur

487 1804 611 1844 men
632 1788 949 1855 admittitur,
972 1790 1062 1846 hic
1083 1791 1231 1848 solus
1256 1793 1308 1847 in
1329 1794 1538 1850 cunctis
1559 1794 1889 1850 facinoribus
1905 1804 1932 1833 α
1951 1804 2076 1851 stet.

2183 1783 2315 1839 solis
2343 1783 2601 1852 adventu,
2631 1784 2706 1841 ita
2736 1793 2792 1840 et
2818 1784 3042 1841 Joannis
3070 1786 3404 1856 pmnitentiae
3446 1789 3775 1860 baptismum

487 1876 629 1948 Ergo
649 1879 772 1951 quia
797 1880 939 1937 hunc
968 1889 1207 1938 veterem
1235 1898 1355 1939 esse
1382 1884 1725 1944 manifestum
1752 1894 1854 1955 est,
1879 1903 2079 1944 novum

487 1986 648 2042 quem
698 1973 798 2028 nisi
835 1973 1108 2030 Christum
1156 1976 1443 2033 Dominum
1484 1978 1807 2048 reperimus,
1855 1978 1923 2036 de
1970 1974 2095 2052 quo

482 2066 747 2137 scriptum
763 2075 845 2123 est
864 2085 877 2120 :
904 2065 1114 2123 Orietur
1129 2068 1271 2124 vobis
1285 2068 1364 2124 sol
1378 2070 1602 2143 justitiaz
1616 2069 1879 2142 (Halacli.
1895 2088 1965 2138 iv,
1988 2072 2076 2146 3);

486 2158 556 2214 de
581 2174 692 2228 quo
719 2161 885 2216 etiam
907 2177 974 2218 ex
1005 2177 1232 2233 persona
1265 2172 1616 2235 peccatorum
1634 2165 1764 2222 dicit
1786 2168 2074 2238 propheta:

490 2250 585 2308 Sol
611 2268 717 2307 non
758 2262 837 2308 est
876 2263 1021 2309 ortus
1065 2254 1246 2320 nobis,
1273 2264 1321 2311 et
1363 2257 1585 2328 justitiw
1613 2256 1786 2312 tanien
1815 2274 1921 2327 non
1948 2259 2081 2315 luxit

488 2341 636 2398 nobis
666 2343 819 2415 (Sap.
849 2362 904 2412 v,
932 2344 1009 2415 6).
1035 2344 1134 2401 llic
1161 2347 1304 2401 enim
1331 2347 1436 2414 sol,
1465 2362 1586 2403 cum
1615 2347 1815 2404 diaboli
1846 2351 2082 2407 tenebris

488 2436 770 2491 universus
816 2437 1046 2493 mundus
1097 2446 1181 2492 est
1228 2454 1543 2508 oppressus,
1572 2447 1628 2494 et
1667 2440 1839 2509 caligo
1879 2442 2081 2498 referta

488 2533 804 2590 criminibus
832 2530 1087 2589 scbculum
1135 2535 1457 2605 possideret,
1504 2533 1751 2604 dignatus
1782 2546 1863 2592 est
1892 2538 2081 2594 ultimo

491 2634 754 2696 tempore,
786 2626 892 2681 hoc
920 2634 1002 2680 est
1033 2626 1376 2681 incumbente
1413 2627 1524 2697 jam
1557 2639 1736 2693 nocte,
1765 2639 1943 2685 ortum
1970 2647 2081 2688 sua:

492 2719 785 2775 nativitatis
816 2719 1114 2774 infundere.
1137 2719 1318 2775 Primo
1345 2721 1561 2791 quidem
1591 2732 1716 2779 ante
1748 2725 1944 2787 lucem,
1978 2726 2081 2781 hoc

486 2820 594 2881 est,
622 2812 783 2886 nos
811 2821 1102 2883 antequam
1148 2812 1474 2870 illuminaret
1515 2814 1735 2885 justitise
1779 2816 1906 2882 Sol,
1937 2816 2084 2874 velut

492 2904 818 2960 matutinum
846 2906 1120 2975 quoddam
1148 2906 1538 2978 prepbetarum
1575 2908 1721 2963 misit
1755 2909 2035 2964 oraculum
2064 2929 2077 2963 :

491 2995 762 3053 Mittebam
790 2999 1065 3071 prophetas
1088 3017 1226 3056 meos
1255 3009 1376 3055 ante
1398 3001 1560 3056 lucem
1583 3000 1715 3072 (Jer.
1738 3001 1867 3072 vn);
1895 3009 2083 3074 postea

490 3104 622 3145 vero
651 3089 767 3159 ipse
795 3105 918 3145 cum
947 3090 1058 3149 suis
1084 3091 1272 3157 radiis,
1303 3093 1409 3149 hoc
1436 3100 1519 3148 est
1545 3108 1668 3150 cum
1707 3093 2080 3165 apostolorum

2180 1878 2598 1948 superveniente
2623 1877 2823 1935 Christi
2850 1880 3023 1951 gratia
3053 1890 3341 1938 vacuatum
3368 1884 3777 1942 est.Videamus

2180 1971 2343 2040 igitur
2371 1971 2479 2038 hic,
2510 1972 2593 2028 sol
2623 1980 2808 2030 noster
2836 1989 3010 2031 novus
3036 1989 3144 2045 quo
3173 1975 3322 2033 fonte
3346 1986 3621 2035 nascatur.
3652 1978 3774 2035 Sic-

2180 2074 2241 2121 ut
2268 2073 2353 2122 est
2382 2081 2571 2122 verum
2612 2065 2724 2123 Deo
2771 2068 2945 2125 oritur
2980 2077 3223 2126 auctore.
3257 2071 3275 2102 ί
3305 2070 3612 2128 Divinitatis
3648 2086 3776 2142 ergo

2180 2166 2263 2214 est
2290 2157 2484 2227 Filius;
2508 2158 2824 2226 divinitatis,
2848 2160 3093 2231 inquam,
3124 2161 3452 2233 incorrupta:
3473 2205 3488 2231 ,
3521 2163 3773 2234 integrat,

2181 2249 2417 2304 illibatae
2434 2248 2683 2319 Intelligo
2695 2250 2856 2323 plane
2875 2251 3222 2324 mysterium;
3238 2252 3362 2309 ideo
3385 2239 3529 2308 enim
3549 2252 3776 2311 fecunda

2181 2340 2433 2395 nativitas
2464 2355 2563 2411 per
2592 2340 2989 2399 immaculatam
3040 2340 3287 2411 Mariam,
3336 2345 3464 2415 quia
3502 2346 3657 2416 prior
3683 2362 3777 2418 per

2182 2434 2518 2488 divinitatem
2544 2435 2865 2490 constiterat
2894 2436 3097 2493 illibata
3131 2456 3143 2490 :
3178 2437 3332 2507 cujus
3354 2438 3504 2509 prior
3526 2440 3775 2495 nativitas

2180 2526 2414 2596 gloriosa
2436 2528 2663 2593 exstitit,
2691 2527 2809 2597 ejus
2846 2529 3079 2585 secunda
3128 2531 3525 2587 contumeliosa
3552 2548 3663 2588 non
3692 2534 3776 2588 lie-

2180 2625 2286 2675 ret.
2309 2617 2424 2676 Hoc
2451 2630 2557 2688 est,
2589 2628 2649 2675 ut
2670 2605 3130 2689 quemadmodum
3157 2624 3309 2694 virgo
3338 2625 3488 2680 illum
3524 2625 3777 2683 divinitas

2183 2708 2456 2780 ediderat,
2487 2712 2563 2767 ita
2593 2720 2647 2767 et
2676 2712 2828 2782 virgo
2852 2712 3016 2768 Maria
3046 2726 3348 2781 generaret.
3374 2717 3587 2774 Habere
3616 2721 3783 2775 etiam

2184 2803 2324 2875 apud
2368 2803 2615 2859 homines
2654 2811 2865 2875 patrem
2917 2804 3203 2874 scribitur;
3253 2808 3393 2864 sicut
3435 2808 3667 2878 legimus
3724 2812 3781 2868 in

2184 2894 2478 2965 Evangelio
2498 2895 2806 2952 dicentibus
2846 2893 3131 2954 Pharisaeis
3163 2917 3176 2953 :
3206 2896 3399 2956 Nonne
3427 2901 3510 2956 hic
3538 2913 3616 2957 est
3638 2904 3779 2975 ﬁlius

2183 2986 2379 3063 διοδερή
2408 2985 2563 3059 fabri,
2593 2996 2645 3042 et
2691 2996 2860 3043 mater
2887 2990 3001 3060 ejus
3045 2988 3226 3045 Maria
3256 2990 3480 3062 (Matth.
3522 2996 3683 3063 xm)?
3717 2995 3779 3050 In

2174 3056 2289 3136 .hoc
2311 3056 2528 3153 quoque
2557 3079 2780 3138 adverte
2808 3056 3143 3155 mysterium.
3180 3056 3356 3139 Faber
3394 3094 3554 3156 pater
3580 3056 3777 3143 dicitur

490 3181 700 3250 fulgore
728 3184 1082 3254 resplenduit,
1114 3201 1180 3242 ac
1208 3195 1415 3243 tantam
1445 3187 1631 3244 mundi
1668 3190 1953 3259 caliginem
1981 3205 2079 3246 ve—

2184 3175 2448 3232 Cbristns.
2473 3173 2541 3229 Et
2556 3172 2715 3246 plane
2736 3173 2888 3232 faber
2911 3174 3071 3233 Pater
3085 3176 3249 3247 Deus,
3278 3180 3370 3250 qui
3395 3182 3564 3237 totius
3588 3181 3773 3238 mundi

490 3272 669 3331 ritatis
697 3275 818 3331 luce
855 3276 1126 3345 discussit,
1176 3287 1235 3334 ut
1288 3280 1342 3334 in
1374 3280 1576 3337 diaboli
1615 3283 1868 3339 tenebras
1910 3284 2086 3339 nullus

494 3365 813 3425 offenderet.
844 3368 946 3426 Hic
973 3379 1057 3425 est
1095 3371 1258 3440 igitur
1299 3374 1382 3428 sol
1412 3377 1700 3447 novusqui
1728 3376 1965 3433 claustra
1989 3392 2085 3449 pe-

491 3465 689 3525 netrat,
719 3459 928 3515 inferna
946 3470 1175 3528 reserat,
1209 3464 1372 3520 corda
1408 3466 1655 3523 rimatur.
1680 3467 1781 3525 Hic
1806 3485 1980 3526 novus
2002 3477 2087 3526 est

491 3550 575 3606 sol
595 3550 684 3619 qui
708 3552 898 3622 spiritu
928 3569 1028 3609 suo
1047 3553 1284 3612 viviﬁcat
1310 3565 1543 3626 mortua,
1565 3569 1817 3631 corrupta
1844 3571 2083 3633 reparat,

492 3643 718 3698 suscitat
731 3644 844 3714 jam
873 3644 1159 3713 defuncta;
1181 3647 1268 3704 vel
1295 3649 1387 3718 qui
1416 3650 1596 3707 calore
1623 3668 1721 3708 suo
1750 3662 1944 3723 purgat
1967 3671 2085 3715 scr-

494 3733 641 3803 dida,
673 3737 850 3792 exurit
873 3737 1057 3806 liuida,
1090 3738 1346 3813 decoquit
1386 3743 1599 3801 vitiosa.
1646 3744 1798 3815 lpse,
1845 3746 2084 3819 inquam,

495 3833 582 3882 est
626 3828 719 3897 qui
755 3829 809 3883 in
849 3831 1058 3886 cunctis
1098 3833 1307 3890 actibus
1352 3835 1552 3891 nostris
1597 3837 1851 3907 perspicit
1905 3838 2085 3893 omnia

494 3934 663 3991 opera
691 3929 903 3988 nostra,
929 3930 985 3977 et
1007 3938 1116 3979 non
1145 3930 1255 3979 tam
1294 3926 1621 3983 condemnat
1654 3928 1882 3984 crimina
1922 3944 2085 3998 quam

496 4010 769 4066 emendat.
803 4010 901 4067 llic
920 4012 1081 4083 plane
1111 4022 1194 4069 est
1220 4015 1302 4070 sol
1323 4014 1503 4086 justus
1531 4024 1587 4071 et
1612 4018 1831 4087 sapiens
1857 4018 1950 4087 qui
1977 4033 2086 4074 non

496 4100 614 4157 sine
642 4099 988 4171 discretione,
1018 4106 1173 4160 sicuti
1202 4105 1228 4145 δ
1277 4108 1429 4164 istius
1464 4107 1650 4165 mundi
1679 4109 1780 4176 sol,
1824 4109 1981 4166 bonis
2022 4126 2087 4167 ac

498 4192 658 4247 malis
686 4193 1083 4265 circumfertur,
1107 4197 1201 4254 sed
1231 4199 1376 4270 quod
1392 4200 1594 4270 judicio
1613 4202 1859 4258 veritatis
1898 4211 2086 4261 sancto

497 4282 695 4350 elucet,
729 4284 929 4340 occidit
958 4289 1254 4356 peccatori.
1286 4288 1402 4346 Hoc
1421 4298 1602 4359 autem
1628 4292 1771 4350 inter
1799 4304 2086 4367 utrumque

496 4372 725 4430 interest
770 4375 963 4447 solem,
992 4381 1137 4449 quod
1186 4381 1276 4437 ille
1305 4386 1670 4456 corruptionis
1712 4388 1957 4444 minister
1982 4397 2082 4456 est,

495 4463 585 4522 hic
612 4468 932 4526 aeternitatis
972 4482 1055 4527 est
1090 4471 1375 4531 Dominus:
1400 4477 1544 4546 quod
1584 4478 1674 4536 ille
1709 4479 1854 4536 circa
1883 4488 2083 4535 terram

2186 3283 2353 3339 opera
2385 3267 2681 3323 fabricatus
2707 3275 2821 3335 est;
2849 3276 2933 3324 est
2959 3270 3121 3340 plane
3147 3271 3321 3339 faber,
3351 3273 3446 3329 sed
3474 3275 3570 3345 qui
3617 3275 3674 3330 in
3698 3276 3778 3332 di-

2184 3361 2330 3418 luvio
2371 3360 2487 3418 Noe
2534 3376 2717 3418 arcam
2745 3358 2774 3399 ἀ
2804 3362 3073 3419 fabricare
3120 3363 3407 3437 disposuit.
3456 3365 3653 3435 Faber,
3697 3368 3777 3426 in-

2184 3470 2366 3525 quam,
2398 3462 2482 3511 est
2508 3453 2600 3526 qui
2630 3454 2902 3512 ordinavit
2930 3453 3105 3530 Moysi
3136 3456 3539 3516 tabernaculum
3556 3502 3572 3529 ,
3597 3478 3777 3520 aream

2186 3549 2492 3606 testamenti
2520 3549 2772 3615 instituit,
2803 3550 3065 3622 templum
3095 3552 3402 3609 Salomonis
3449 3554 3628 3610 erexit
3653 3573 3667 3623 ;
3700 3553 3773 3611 fa-

2185 3644 2341 3699 brum
2362 3642 2611 3709 dixerim,
2643 3641 2737 3712 qui
2767 3649 2977 3699 mentes
3004 3642 3206 3714 rigidas
3234 3645 3463 3717 expolit,
3488 3646 3772 3717 cogitatio-

2185 3751 2283 3791 nes
2328 3735 2587 3805 superbas
2642 3733 2869 3802 recidit,
2908 3734 3133 3792 humilia
3176 3735 3317 3793 facta
3358 3738 3632 3796 sublimn.
3680 3739 3771 3796 Hic

2186 3828 2348 3882 etiam
2379 3826 2535 3882 faber
2558 3826 2701 3883 circa
2750 3827 2976 3883 arbores
3002 3843 3173 3885 curvo
3213 3830 3384 3885 utitur
3423 3831 3769 3901 ferramento,

2184 3921 2325 3978 sicut
2347 3921 2397 3976 in
2428 3918 2718 3988 Evangelio
2747 3919 2994 3988 legimus,
3031 3920 3244 3977 dicente
3271 3920 3477 3980 Joanne
3502 3943 3514 3977 :
3545 3923 3670 3981 lant
3695 3942 3772 3980 se-

2186 4016 2320 4070 curis
2349 4013 2418 4068 ad
2449 4023 2471 4050 θ
2502 4011 2727 4067 radicem
2757 4009 2998 4066 arborum
3049 4014 3217 4084 posita
3264 4023 3359 4069 est.
3395 4011 3579 4072 Omnis
3618 4017 3770 4073 arbor

2187 4126 2288 4167 non
2318 4109 2517 4182 faciens
2564 4107 2786 4179 fructum
2841 4108 3026 4162 bonum
3075 4109 3358 4178 cxcidetur,
3414 4120 3463 4165 et
3504 4114 3558 4165 in
3606 4114 3771 4184 igneus

2187 4203 2413 4257 mittetur
2453 4197 2677 4272 (Matth.
2708 4215 2795 4265 ut;
2826 4197 2950 4253 Luc.
2986 4200 3096 4273 tu);
3143 4211 3200 4257 ut
3241 4201 3398 4258 utiles
3442 4202 3677 4259 cmlestis
3695 4202 3769 4259 fa-

2188 4293 2353 4351 bricae
2377 4291 2598 4346 arbores
2619 4290 2670 4344 in
2702 4288 2881 4345 futuro
2920 4300 3242 4363 componat,
3274 4293 3628 4351 inlructuosas
3649 4309 3768 4350 vero

2189 4384 2401 4441 evulsas
2427 4382 2678 4439 radicitus
2708 4380 3042 4439 ﬂammarum
3071 4394 3349 4445 consumat
3376 4387 3642 4444 incendio.
3666 4384 3767 4443 Ex-

2189 4479 2355 4550 plicit.

1948 4567 2217 4632 SERMO
2260 4571 2313 4629 Υ
2325 4613 2337 4627 .

1810 4672 1890 4727 De
1917 4675 2095 4729 eodem
2123 4672 2291 4729 natali
2319 4670 2441 4727 ΙΙΙ.

1932 4760 2327 4821 ADMONITIO.

680 4848 725 4926 1
768 4846 1159 4920 Louge,plures
1183 4853 1458 4909 orationes
1508 4855 1579 4926 de
1616 4857 1898 4914 nativitate
1942 4857 2172 4923 Domini,
2204 4873 2367 4926 quam
2413 4857 2465 4911 in
2520 4852 2707 4912 codice
2737 4851 3057 4926 Taurinensi
3106 4853 3455 4926 continentur
3480 4894 3494 4919 ,
3527 4853 3769 4926 habuisse

495 4914 553 5007 ξ.
575 4914 911 5007 ﬂagitauit);
929 4914 999 5007 ei,
1018 4935 1101 5007 eo
1129 4931 1341 5007 constat
1370 4923 1539 5007 quod
1571 4926 1625 4982 in
1649 4927 1842 5007 eodem
1889 4914 2170 5007 numerus,
2198 4914 2383 5007 earum
2412 4926 2792 5007 35__adnotatus
2831 4925 3149 5007 reperiatur.
3183 4914 3614 5007 Partem-earum
3642 4925 3772 4979 inter

497 4987 745 5043 homilias
773 4988 1066 5072 edidimus;
1098 5001 1308 5063 partem
1338 4987 1495 5050 aliam
1525 4996 1665 5054 hanc
1692 4998 1746 5053 in
1776 4999 2007 5055 classem
2028 4999 2392 5064 traduximus;
2417 4998 2637 5122 relicinae
2658 4987 2912 5079 dispersae
2938 5002 3084 5061 sunt,
3113 4996 3198 5050 vel
3226 4996 3295 5050 ab
3315 4996 3635 5080 antiquitate
3655 5010 3777 5078 con:

497 5065 742 5122 sumptae.
775 5058 874 5116 lite
910 5076 1089 5117 sermo
1117 5063 1184 5119 ab
1214 5065 1403 5122 eodem
1432 5067 1622 5122 codice
1651 5067 1971 5122 Taurinensi
2002 5079 2314 5122 recensetur
2343 5086 2487 5122 num.
2594 5068 2697 5122 hoc
2723 5068 2878 5122 titulo
2910 5085 2924 5120 :
2948 5064 3082 5121 Item
3110 5067 3244 5121 etde
3273 5075 3542 5122 uenustate
3566 5065 3775 5122 Donum

496 5065 742 5128 sumptte.
775 5058 874 5116 llic
910 5058 1184 5119 sermo'ab
1214 5065 1403 5122 eodem
1432 5067 1622 5123 codice
1651 5067 1971 5125 Taurinensi
2002 5079 2314 5128 recensetur
2343 5058 2487 5126 num.

2594 5068 2697 5123 hoc
2723 5064 2878 5124 titulo
2910 5085 2924 5120 :
2948 5064 3082 5121 Item
3110 5067 3244 5121 etde
3273 5068 3542 5122 nativitates
3566 5065 3775 5122 Domini

777 5128 1104 5222 νή
1132 5134 1481 5222 conﬁrmtttur
1500 5141 1820 5222 testimonio
1835 5140 2037 5222 codicis
2061 5127 2134 5222 29
2154 5140 2431 5222 S."Cruc_is
2472 5141 2525 5196 in
2550 5138 2671 5222 δεῖ..
2705 5154 2851 5195 num.
2894 5138 2980 5222 Ιξ,
3013 5136 3614 5222 cuiusepigraphehest
3645 5154 3661 5220 ξ
3702 5135 3777 5218 De

496 5200 769 5255 nativitate
794 5200 1009 5259 Domini
1050 5204 1362 5274 Saluatoris,
1391 5216 1447 5265 et
1495 5209 1698 5267 codicis
1726 5210 2027 5269 Bobiensis.
2059 5210 2393 5269 Benedictini
2425 5210 2672 5269 monachi
2722 5224 2908 5279 congr.
2933 5200 2989 5264 S'.
3022 5200 3193 5263 alacri
3227 5200 3446 5263 in'ed'it.
3493 5203 3775 5263 Parisiensi

574 5318 602 5383 ξ
626 5307 766 5383 Εεά.
795 5315 952 5383 edit,
975 5324 1098 5373 stat.

574 5379 601 5419 ι)
624 5380 755 5464 _Ead.
780 5386 920 5464 edit.
938 5379 1072 5459 legit
1084 5392 1259 5463 justus
1289 5393 1468 5448 mundi
1488 5395 1585 5462 sol,
1608 5394 1707 5451 sed
1732 5396 1903 5464 male;
1936 5397 2089 5454 codi-

498 5467 593 5510 ces
622 5453 805 5525 legunt
830 5459 998 5513 istius.

575 5569 593 5600 ί
630 5568 730 5653 llic
754 5582 973 5653 sanctus
998 5568 1198 5653 doctor
1210 5593 1343 5653 usus
1371 5586 1455 5634 est
1478 5581 1644 5653 verbo
1675 5582 1949 5653 abstracto
1991 5598 2090 5653 pro

500 5650 757 5724 concreto
782 5642 956 5724 Deus;
988 5661 1054 5702 ac
1094 5648 1137 5703 si
1167 5647 1434 5724 dixisset:
1469 5648 1570 5724 Dei
1615 5668 1736 5724 ergo
1764 5663 1839 5708 est
1886 5642 2085 5722 Filius,

500 5713 641 5792 sicut
670 5713 804 5768 infra
833 5714 967 5792 dicit
988 5734 1000 5770 :
1035 5728 1111 5792 est
1150 5718 1304 5788 plane
1332 5721 1479 5792 faber
1508 5713 1840 5781 PaterVDeus
1858 5766 1872 5792 ,
1904 5713 2087 5782 habita

500 5786 715 5837 aeternae
730 5787 1091 5854 generationis
1120 5786 1347 5849 ratione}
1376 5792 1531 5861 Apud
1555 5786 1892 5855 Psalmistam
1922 5798 2087 5855 habe-

2116 5326 2171 5386 D

2272 5338 2293 5397 ς
2321 5326 2458 5383 Cod.
2492 5342 2622 5383 vero
2652 5325 2720 5380 99
2746 5326 2914 5397 ejusd.
2943 5324 3000 5397 S_.
3031 5324 3219 5380 Crucis
3261 5324 3316 5380 in
3349 5321 3484 5397 Jer.,
3514 5321 3773 5397 praedia

2270 5395 2294 5436 δ
2324 5397 2458 5455 Cod.
2482 5397 2551 5452 99
2578 5397 2634 5453 S.
2665 5393 2851 5453 Crucis
2878 5397 2932 5451 in
2952 5395 3093 5467 ρει,
3123 5393 3616 5467 arcamfabricaoit.

2272 5479 2295 5507 ε
2318 5467 2455 5526 Cod.
2486 5468 2555 5522 99
2574 5467 2631 5524 S.
2657 5467 2843 5524 Crucis
2863 5468 2916 5522 in
2943 5466 3082 5537 Jer.,
3120 5466 3190 5521 ad
3216 5464 3417 5522 radices
3444 5464 3703 5522 arborum.

2198 5601 2317 5669 mus
2345 5584 2658 5657 pnedictum
2793 5583 3055 5669 Christo:
3087 5581 3340 5669 Pontinas
3654 5596 3734 5669 {ne
3751 5594 3769 5669 ς

2191 5648 2363 5711 Filius
2416 5675 2563 5740 gneus
2608 5674 2695 5740 es"
2722 5667 2838 5740 ηιξ.
2855 5673 2948 5740 ego
2996 5654 3146 5740 hodie
3374 5661 3425 5710 te
3459 5648 3769 5740 (Egnati);

2190 5743 2353 5799 quem
2386 5730 2601 5855 2[iocum
2664 5723 2753 5785 S.'
2788 5723 3048 5786 Maiimus
3112 5723 3422 5784 doctissime
3472 5723 3772 5782 illustravit

2191 5814 2352 5863 εει-ω.
2462 5839 2474 5854 .
