4056 6346
327 283 422 344 ΒΗ

1801 280 2033 340 SERMO
2069 285 2133 344 ν.

3497 297 3608 359 5η

323 400 451 483 ΡΡΡ·
485 391 846 483 ξἈῬΡΕῩΞᾏ
865 405 1016 483 ‘1".3'1-
1025 387 1176 483 1629
1201 390 1874 483 ¹¹1¹¹¹Ῡέξτ¹¹ὲ9χ¹¹θξ¹ὶξμιδεῖ
1877 396 1978 452 imi
2024 410 2457 483 Ρττθὲοεμθτυηίν
2489 414 3018 483 monentespartem
3046 413 3166 483 eius
3192 429 3263 471 ex
3289 413 3598 474 Comment.

315 460 477 544 ipsius
798 461 852 547 ίρ
870 460 1202 550 lib;
1224 479 1285 550 με
1313 478 1461 550 ουζξιο
1491 462 1580 527 ⁵ον
1611 460 2118 550 ἀθξυηὶριθωρᾷεεε
2136 460 2411 550 :Sed‘cntn
2441 460 3018 550 magisidem?
3031 460 3263 540 ὧῗήἶῶιῖ
3281 460 3598 543 εἶῖιῖῖῖἶᾶί

310 532 508 618 c'teretn
533 533 929 618 plus‘lflarimo
952 548 1141 618 Quanta
1159 532 2068 618 Ambrosioconvenireﬁoverint,
2098 543 2225 618 ideo
2251 543 2378 602 lassi
2407 532 3595 616 sum,'inania;“sinsine?iEBriﬁéhii

311 601 2071 699 “iudiciis,Eiﬁiﬁﬂfefff.9993ffifff’i‘filiﬁ‘lfﬂlnflé'!»3'!“
2093 601 2883 699 S-Esﬁmusiﬁitifﬁiériérﬁ
2903 601 3595 699 λ’ωῑὶὲὶἱὲἶῐῐιιιᾛιὲιὶὶῗιῖί

315 676 490 740 sacras
525 677 840 748 Scripturas
867 676 938 730 sit
967 676 1378 746 interpretatus;
1405 676 1518 746 jam
1540 676 1770 735 diximus
1800 676 2129 750 posteriores
2153 683 2345 744 Patres
2371 704 2403 744 a
2429 676 3253 768 majoribusiii-E'Eéééﬁiéséi

319 795 710 873 Anconsnﬁruu.‘
727 822 800 834 —
825 788 1018 844 Cantus
1047 787 1347 873 angelorum
1374 788 1429 842 in
1453 790 1720 873 ηριὶυἱζαςε
1749 789 1900 873 σζινξ-
1927 801 1976 860 Α
2003 799 2309 868 pastoribus
2336 810 2462 858 sunt
2501 804 2664 861 ltetati
2682 848 2696 873 ,
2737 810 3004 866 excelsam
3052 809 3182 870 νείνο
3211 813 3328 871 Ι)εο
3351 811 3596 873 dicentes

383 867 446 920 sti
473 871 523 918 et
550 861 659 917 Deo
689 861 934 916 honorem
963 868 1302 930 reprtzsentat
1324 860 1377 914 in
1403 860 1564 930 caelis,
1591 871 1641 914 et
1672 861 1898 916 homini-

382 937 472 990 bus
491 949 670 1006 pacem
684 940 965 1006 prwsetttat
983 928 1038 986 in
1060 931 1228 1006 terris.
1251 928 1664 995 Monstrabatur,
1696 949 1898 1006 gregem

649 1000 777 1070 lum,
799 1010 1001 1058 noctem
1028 1000 1294 1067 clnculum,
1315 1011 1548 1072 pastores
1576 1000 1892 1060 sacerdotes.

381 1021 488 1062 esse
512 1021 576 1077 po

626 1077 742 1130 aria
763 1073 936 1130 velleri
964 1083 1315 1144 comparatur.
1373 1086 1386 1100 α

386 1077 538 1134 Recte
565 1077 621 1130 Π
626 1077 742 1130 aria
763 1077 936 1130 velleri
964 1083 1315 1144 comparatur.
1373 1086 1386 1100 α

379 1170 493 1240 Qua
519 1169 695 1240 gratia
738 1167 825 1226 vel
851 1167 1046 1238 quibus
1074 1166 1321 1222 laudibus
1353 1167 1498 1222 hunc
1528 1167 1671 1224 diem
1701 1170 1898 1225 natalis

311 1261 560 1320 dominici
589 1259 941 1333 przedieemus
968 1272 1189 1329 prorsus
1230 1257 1440 1330 ignoro.
1469 1257 1527 1312 In
1561 1267 1706 1314 tanta
1750 1259 1896 1315 enim

307 1356 592 1414 festivitate
619 1353 688 1410 ad
734 1349 1184 1426 magniﬁcandum
1211 1351 1382 1408 Deum
1409 1352 1642 1412 humana
1682 1355 1895 1425 loquela

305 1467 408 1508 non
453 1443 676 1506 suﬂicit.
714 1446 849 1506 Nam
874 1447 922 1502 si
970 1454 1096 1502 tunc
1139 1460 1266 1502 cum
1291 1445 1616 1501 nascebatur
1649 1445 1897 1502 Christus

302 1541 614 1614 angelorum
643 1554 778 1596 voce
814 1537 1064 1594 laudatus
1091 1547 1194 1604 est,
1221 1552 1325 1608 qua
1355 1553 1498 1593 nunc
1523 1538 1756 1593 humana
1778 1538 1894 1594 lau-

299 1635 500 1694 dandus
528 1639 618 1691 est
653 1647 812 1699 voce,
833 1646 956 1688 cum
974 1631 1204 1700 regnat?
1222 1629 1637 1702 Supergreditur
1655 1629 1800 1686 enim
1829 1631 1893 1686 il-

297 1729 396 1786 lius
423 1723 690 1798 temporis
702 1722 1046 1780 festivitatem
1068 1728 1253 1780 nostra
1266 1721 1580 1780 solemnitas
1597 1739 1610 1787 ;
1625 1721 1893 1791 siquidem

297 1832 417 1880 tunc
433 1826 762 1892 stupuerunt
781 1818 859 1874 illi
879 1825 1087 1874 tantum
1115 1823 1424 1872 nascentem
1452 1815 1758 1884 Dominum,
1792 1831 1892 1873 nos

293 1919 440 1976 illum
466 1913 799 1988 suscipimus
825 1919 1158 1976 nascentem,
1188 1917 1558 1978 resurgentem
1589 1911 1811 1982 pariter,
1836 1919 1892 1968 et

291 2018 635 2081 regnantem.
666 2005 844 2064 Tanto
891 2005 1054 2074 igitur
1075 2002 1356 2061 fecundior
1382 2001 1622 2060 laudatio
1649 2003 1770 2060 esse
1797 2004 1892 2060 tle-

289 2105 380 2170 bet
423 2102 592 2174 hujus
617 2100 902 2173 temporis,
943 2106 1148 2178 quanto
1191 2106 1318 2154 sunt
1363 2097 1569 2168 majora
1606 2098 1882 2155 miracula.

1999 891 2248 960 gloriam.
2280 893 2414 952 Nam
2440 897 2629 956 vicinis
2661 901 3058 972 quodammodo
3087 913 3144 962 et
3181 905 3384 977 junctis
3411 909 3593 968 choris

2001 981 2097 1039 Dei
2132 985 2358 1055 gloriam
2395 989 2836 1060 praedicaverunt.
2874 992 3027 1052 Unde
3068 1005 3123 1052 et
3166 999 3336 1058 credo
3371 1000 3593 1058 eosdem

1999 1079 2220 1146 angelos
2241 1080 2295 1136 in
2324 1080 2563 1150 ejusdem
2593 1081 2620 1122 ἀ
2643 1084 2856 1141 Domini
2881 1087 3170 1146 festivitate
3201 1092 3363 1148 simili
3392 1093 3594 1150 laetitia

1999 1169 2282 1260 nobiseum
2305 1174 2580 1232 vicinitate
2594 1176 2847 1244 gaudere.
2866 1177 3020 1248 Nam,
3051 1183 3144 1253 qui
3163 1184 3341 1240 solent
3367 1193 3592 1260 propter

1996 1259 2196 1320 Christi
2225 1273 2402 1322 ortum
2433 1266 2634 1337 alloqui
2664 1277 2935 1340 pastores,
2979 1288 3085 1328 non
3116 1284 3342 1346 possunt
3369 1286 3592 1348 propter

1997 1354 2237 1425 ejusdem
2267 1359 2464 1415 Christi
2511 1361 2767 1429 gaudium
2801 1379 2910 1418 non
2949 1365 3222 1436 inquirere
3257 1371 3587 1428 sacerdotes.

1995 1444 2272 1517 Siquidem
2301 1460 2355 1504 et
2395 1443 2541 1521 quod
2589 1462 2716 1508 tunc
2743 1454 2810 1509 ad
2840 1455 2962 1512 illos
2987 1471 3150 1529 super
3183 1473 3400 1531 gregem
3429 1477 3590 1520 suum

1995 1540 2203 1610 vigilias
2255 1542 2606 1617 observantes
2657 1555 2816 1602 nocte
2855 1547 3177 1621 intempesta
3219 1551 3384 1609 locuti
3431 1563 3586 1625 sunt,

1993 1631 2152 1702 hujus
2173 1637 2432 1706 temporis
2451 1638 2772 1710 mysterium
2790 1639 3167 1709 designabant.
3183 1643 3319 1700 Nam
3339 1645 3431 1701 illo
3447 1646 3590 1704 facto

1996 1723 2101 1780 hoc
2121 1725 2310 1796 utique
2337 1731 2774 1798 monstrabatur,
2817 1744 3036 1802 gregem
3064 1735 3340 1806 populum,
3373 1745 3588 1797 noctem

1993 1819 2272 1886 saeculum,
2315 1821 2499 1895 ωε,
2549 1824 2859 1881 sacerdotes
2896 1841 3015 1882 esse
3043 1835 3310 1898 pastores,
3358 1829 3451 1900 qui
3474 1829 3588 1901 jugi

1991 1927 2157 1984 super
2181 1913 2394 1984 plebem
2445 1915 2808 1972 sollicitudine
2847 1917 3129 1988 vigilantes
3174 1926 3400 1994 propter
3432 1919 3590 1977 Cbri~

1992 2012 2156 2072 stum,
2187 2006 2255 2062 ab
2284 2007 2489 2078 angelis
2517 2009 2737 2066 minime
2764 2009 3102 2068 deseruntur.
3128 2011 3398 2070 Hodierna
3427 2014 3587 2086 igitur

1993 2097 2082 2153 die
2107 2099 2402 2155 secundum
2431 2115 2652 2158 carnem
2680 2110 2840 2160 natus
2863 2112 2949 2160 est
2974 2102 3234 2164 Dominus
3258 2105 3331 2160 ita
3353 2113 3584 2172 secreto,

289 2197 394 2258 Sed
419 2195 685 2270 quoniam
731 2192 944 2264 dignam
991 2191 1428 2266 praedicationem
1467 2191 1726 2247 exhibere
1778 2207 1886 2247 non
1918 2185 1966 2247 B
1993 2189 2066 2244 ita
2095 2190 2331 2257 silentio,
2364 2199 2424 2246 ut
2449 2199 2628 2249 ortum
2643 2193 2760 2264 ejus
2787 2195 3040 2252 saeculum
3056 2198 3268 2268 penitus
3289 2199 3583 2267 ignoraret.

287 2296 464 2364 potest
489 2288 738 2344 humana
765 2285 1046 2356 fragilitas,
1075 2284 1145 2340 ad
1164 2283 1478 2354 angelorum
1499 2299 1602 2340 nos
1618 2285 1886 2355 prmeonia

287 2383 650 2443 conferamus.
682 2377 752 2436 Et
777 2377 904 2448 quia
929 2377 1124 2434 merito
1151 2391 1248 2434 eos
1267 2375 1602 2446 aequiparare
1629 2391 1736 2430 non
1758 2391 1888 2446 pos~

286 2495 488 2549 sumus,
548 2476 841 2535 devotione
867 2471 1218 2537 comitemur;
1249 2471 1352 2526 hoc
1379 2477 1463 2526 est
1503 2469 1562 2525 in
1588 2484 1651 2524 ea
1679 2467 1885 2525 festivi-

284 2581 408 2640 tate,
432 2571 638 2630 eadem
651 2585 758 2642 qua
771 2568 849 2626 illi
870 2565 1074 2629 laetitia,
1098 2581 1198 2622 nos
1215 2564 1482 2622 sententia
1503 2563 1884 2634 persultemus,

283 2666 524 2724 dicentes
561 2681 574 2718 :
605 2661 786 2720 Gloria
809 2663 868 2718 in
907 2659 1127 2716 excelsis
1155 2656 1290 2724 Deo,
1319 2666 1370 2712 et
1395 2659 1452 2712 in
1483 2666 1622 2712 terra
1649 2672 1756 2728 pas:
1791 2656 1886 2712 lto-

283 2757 499 2815 minibus
548 2754 700 2813 bona
741 2753 1022 2811 voluntatis
1071 2749 1231 2822 (Luc.
1261 2749 1352 2819 ιι).
1409 2748 1575 2818 Digna
1622 2749 1780 2820 plane
1831 2757 1888 2816 et

281 2849 415 2921 iusta
443 2846 742 2913 sententia,
766 2859 886 2916 quas
913 2842 970 2900 in
1016 2842 1296 2898 nativitate
1321 2840 1520 2896 Christi
1547 2847 1604 2896 et
1640 2841 1756 2896 Deo
1781 2841 1885 2897 bo-

282 2957 468 2998 norem
517 2943 884 3011 repraesentat
928 2936 985 2992 in
1031 2934 1201 3001 cmlis,
1245 2941 1302 2990 et
1351 2931 1660 2990 hominibus
1691 2947 1883 3004 pacem

281 3039 582 3107 prtesentat
609 3031 663 3090 in
696 3028 1045 3088 terris.‘Ante
1064 3026 1364 3084 Salvatoris
1387 3026 1532 3082 enim
1575 3034 1756 3083 ortum
1782 3042 1884 3083 nec

281 3127 526 3184 coelestia
554 3123 916 3180 reverentiam
933 3121 1278 3185 deserebant,
1293 3135 1396 3176 nec
1411 3127 1626 3177 terrena
1639 3119 1881 3190 requiem

279 3201 653 3290 possidebant.
685 3215 850 3287 nos
867 3211 976 3269 Sed
999 3213 1196 3278 videte,
1211 3209 1341 3281 quid
1366 3209 1513 3268 dicat
1530 3211 1645 3282 ipsa
1665 3219 1882 3268 senten—

280 3310 354 3365 tia
379 3329 392 3364 :
416 3309 548 3365 Paa:
575 3307 864 3364 hominibus
893 3305 1042 3360 bona:
1081 3303 1382 3361 voluntatis.
1412 3303 1530 3360 Non
1578 3304 1633 3360 in
1653 3305 1879 3374 quibus-

284 3416 502 3472 eunque
525 3397 834 3456 hominibus
849 3437 865 3464 ,
896 3396 993 3454 sed
1017 3396 1182 3454 bonae
1199 3395 1492 3453 voluntatis
1538 3395 1877 3461 hominibus;

279 3503 338 3550 ut
365 3493 644 3562 intelligas
665 3506 858 3564 pacem
884 3488 1086 3547 Cbr'nti
1113 3504 1223 3547 non
1250 3488 1419 3546 debiti
1445 3503 1584 3556 esse,
1626 3488 1722 3545 sed
1759 3503 1877 3544 me-

1992 2281 2263 2350 lgnoravit
2283 2283 2426 2340 enim
2447 2287 2720 2354 saeculum,
2744 2288 2869 2358 quia
2901 2295 2956 2343 et
2983 2297 3137 2344 extra
3160 2298 3186 2329 ο
3201 2292 3584 2348 conscientiam

1990 2376 2160 2446 patris
2187 2387 2502 2450 conceptus,
2531 2388 2588 2436 et
2639 2387 2796 2436 extra
2847 2390 3056 2438 natura
3107 2382 3351 2440 ordinem
3403 2391 3580 2440 natm.

1989 2467 2123 2526 Nam
2163 2468 2366 2542 «Ioseph
2413 2480 2738 2544 conceptum
2785 2476 3022 2548 suscepit
3069 2474 3236 2532 illium
3264 2491 3426 2548 quem
3475 2493 3587 2538 non

1989 2561 2204 2630 genuit;
2241 2561 2410 2620 Maria
2437 2573 2654 2635 partum
2680 2566 2848 2623 edidit
2885 2581 3048 2638 quem
3100 2583 3262 2624 sexus
3288 2577 3583 2626 consuetu-

1987 2651 2114 2710 dine
2141 2669 2250 2710 non
2309 2655 2534 2712 creavit.
2577 2655 2670 2713 Sic
2706 2658 2870 2727 igitur
2895 2667 3054 2715 natus
3081 2669 3166 2714 est
3206 2659 3488 2731 Dominus,
3525 2667 3584 2716 ut

1987 2753 2166 2802 ortum
2213 2745 2330 2817 ejus
2376 2762 2537 2805 nemo
2580 2747 2822 2806 futurum
2847 2750 3243 2822 suspicaretur,
3277 2766 3440 2808 nemo
3467 2768 3607 2808 ere--

1987 2838 2160 2906 deret,
2206 2839 2227 2879 ί
2280 2856 2442 2898 nemo
2486 2843 2731 2899 sentiret.
2779 2841 3246 2909 Quemadmodum
3301 2844 3585 2930 crederent

1985 2934 2092 2991 hoc
2117 2934 2378 3002 futurum,
2415 2935 2563 3006 quod
2591 2944 2944 3008 posteaquam
2992 2934 3194 2993 factum
3241 2946 3342 3004 est,
3385 2937 3586 2994 factum

1985 3041 2108 3084 esse
2128 3026 2220 3083 vix
2251 3026 2520 3084 credunt?
2547 3027 2682 3082 Nam
2709 3027 2856 3099 quod
2883 3029 2958 3083 ita
3005 3028 3241 3084 latenter
3268 3037 3324 3085 et
3369 3037 3586 3096 secreto

1985 3117 2238 3176 Salvator
2254 3119 2614 3177 descensurus
2637 3128 2782 3176 esset
2810 3121 2864 3176 in
2893 3119 3169 3190 Virginem
3183 3121 3300 3193 jam
3327 3130 3452 3178 ante
3479 3123 3584 3178 Da-

1983 3211 2074 3268 vid
2093 3212 2359 3282 propheta
2386 3220 2614 3268 testati:
2633 3220 2720 3268 est
2743 3211 2932 3270 dicens
2954 3232 2968 3267 :
3005 3213 3293 3271 Descendet
3307 3217 3440 3271 sicut
3466 3217 3586 3287 ρία-

1982 3301 2142 3356 viain
2169 3301 2328 3356 vellus
2358 3301 2532 3372 (Psal.
2564 3299 2738 3372 Lm).
2762 3301 2902 3370 Quid
2936 3304 3083 3359 enim
3119 3314 3228 3360 ta
3261 3306 3485 3362 silenter
3527 3315 3584 3362 et

1983 3392 2106 3449 sine
2152 3393 2382 3464 strepitu
2411 3393 2471 3449 tit
2497 3408 2661 3465 quam
2689 3410 2814 3450 cum
2858 3396 3034 3452 imber
3059 3399 3114 3453 in
3141 3398 3278 3454 lana;
3302 3400 3474 3458 vellus
3501 3401 3584 3455 in-

1984 3483 2261 3547 funditur?
2283 3484 2494 3542 Nullius
2531 3501 2692 3544 aures
2709 3502 2846 3544 sono
2883 3490 3155 3556 verberat,
3183 3490 3349 3564 510
3382 3493 3585 3550 nullius

277 3587 396 3654 riti;
429 3603 546 3644 non
581 3563 729 3644 enim
753 3600 876 3642 eam
901 3593 1143 3643 meretur
1169 3583 1430 3648 conditio,
1463 3582 1558 3640 sed
1609 3583 1876 3640 voluntas.
1906 3563 1954 3628 ο
1984 3593 2183 3650 corpus
2225 3579 2455 3636 humore
2483 3589 2508 3628 ς
2536 3579 2965 3650 repercussionis
3007 3563 3287 3653 aspergit;
3318 3563 3420 3640 sed
3466 3586 3584 3642 sine

277 3689 302 3718 ⁸
335 3680 494 3738 Hane
519 3690 772 3752 pastores
791 3695 858 3735 ea
876 3687 1037 3736 nocte
1063 3693 1172 3748 qua
1190 3686 1451 3736 nascente
1469 3677 1698 3742 Domino
1719 3694 1884 3750 super

273 3789 500 3846 gregem
525 3788 684 3829 suum
695 3772 905 3842 vigilias
932 3771 1291 3830 observabant
1318 3786 1429 3842 pra:
1445 3771 1694 3828 omnibus
1722 3771 1880 3840 primi

272 3865 591 3924 audierunt.
635 3863 742 3936 ipsi
765 3862 1061 3920 Salvatoris
1105 3869 1286 3919 ortum
1329 3861 1490 3934 primi
1533 3870 1662 3917 ante
1688 3877 1880 3918 omnes

271 3957 551 4024 homines,
581 3955 611 3998 ι
634 3955 1006 4013 intimantibus
1031 3965 1053 3994 ε
1085 3954 1310 4023 angelis,
1343 3961 1730 4022 cognoverunt.
1763 3952 1878 4009 An-

267 4052 380 4123 geli
410 4051 568 4107 enim
597 4064 705 4106 non
725 4049 960 4120 regibus,
993 4063 1106 4106 non
1133 4046 1432 4118 iudicibus,
1447 4046 1545 4102 sed
1571 4047 1879 4106 hominibus

265 4143 765 4204 rusticanissmculi
776 4142 1208 4214 redemptionem
1224 4142 1376 4213 prius
1397 4141 1873 4199 annuntiaverunt.

268 4238 389 4294 Nec
419 4237 624 4292 mirum
648 4236 695 4292 si
721 4234 924 4294 Christi
947 4235 1176 4305 gratiam
1215 4241 1340 4290 ante
1367 4235 1529 4291 sciret
1571 4233 1878 4291 innocentia

265 4348 444 4407 quam
475 4339 748 4402 potestas;
773 4338 830 4387 et
873 4330 1022 4401 prius
1049 4336 1403 4401 cognosceret
1429 4328 1712 4385 veritatem
1739 4329 1873 4384 sim-

265 4426 398 4499 plex
420 4424 706 4480 rustieatio
731 4438 896 4494 quam
938 4421 1168 4494 superba
1196 4422 1513 4478 nominatio.
1541 4420 1696 4490 Quod
1729 4422 1874 4478 enim

265 4522 654 4588 cognoverunt
681 4523 942 4585 pastores,
966 4513 1240 4586 principes
1263 4528 1592 4582 cognoscere
1619 4513 1874 4586 nequive-

265 4617 436 4676 runt;
487 4607 634 4664 unde
682 4616 739 4662 et
791 4608 984 4664 beatus
1026 4607 1320 4678 Apostolus
1357 4608 1478 4662 ait:
1533 4605 1698 4672 Quem
1725 4623 1876 4663 nemo

267 4702 578 4774 principum
621 4699 799 4756 acciti
827 4699 980 4772 hujus
1003 4700 1244 4769 cognorit
1271 4697 1338 4770 (Ι
1367 4697 1488 4754 Cor.
1519 4699 1621 4768 ιι),
1652 4705 1709 4754 et
1744 4697 1873 4754 reli-

1989 3672 2364 3742 inquietndine
2390 3673 2650 3738 omnium,
2674 3680 2850 3728 totum
2878 3672 3105 3730 ibrem
3135 3689 3236 3746 per
3259 3675 3583 3748 multiplices

1985 3763 2215 3823 eﬂusum
2241 3774 2426 3838 partes
2455 3773 2571 3822 toto
2597 3780 2831 3837 corpore
2857 3765 2914 3821 in
2943 3780 3004 3822 se
3042 3767 3225 3834 trahit,
3250 3769 3408 3824 unius
3435 3784 3583 3825 mea-

1982 3865 2072 3918 tus
2089 3859 2384 3918 scissuram
2413 3859 2681 3926 nesciens,
2701 3858 2874 3916 solida
2887 3858 3118 3917 mollitie
3130 3861 3318 3932 plures
3335 3861 3582 3933 praebens

1983 3962 2221 4020 meatus;
2253 3964 2310 4009 et
2334 3954 2482 4025 quod
2509 3953 2752 4010 clausum
2771 3953 2984 4010 videtur
3004 3968 3106 4026 per
3121 3955 3467 4022 densitatem,
3498 3965 3583 4012 est

1979 4049 2224 4120 patulum
2264 4065 2362 4121 per
2389 4049 2725 4105 tenuitatem.
2754 4047 2926 4106 Recte
2969 4062 3103 4119 ergo
3130 4047 3160 4088 ιι
3200 4049 3369 4105 Maria
3390 4049 3576 4106 velleri

1982 4151 2348 4215 comparatur,
2367 4157 2488 4213 quae
2516 4143 2588 4198 ita
2617 4143 2866 4214 concepit
2885 4139 3192 4212 Dominum,
3224 4149 3282 4200 ut
3310 4151 3428 4200 toto
3453 4159 3578 4200 eum

1980 4235 2222 4292 hauriret
2242 4251 2490 4307 corpore,
2523 4249 2625 4292 nec
2661 4238 2672 4272 ¹
2702 4235 2822 4304 ejus
2845 4234 3192 4292 discissuram
3221 4236 3466 4308 corporis
3491 4252 3580 4307 pa-

1981 4337 2214 4393 teretur;
2247 4329 2342 4384 sed
2371 4336 2517 4384 esset
2565 4330 2746 4385 mollis
2795 4329 2863 4386 ad
2919 4329 3267 4398 obsequium,
3313 4329 3483 4384 solida
3511 4328 3579 4385 ad

1981 4426 2414 4481 sanctimoniam.
2441 4425 2627 4490 Recte,
2675 4425 2914 4494 inquam,
2945 4423 3114 4479 Maria
3144 4423 3332 4479 velleri
3355 4437 3578 4492 compa-

1983 4525 2156 4583 ratur,
2200 4517 2270 4572 de
2297 4516 2453 4585 cujus
2504 4517 2680 4571 fructu
2731 4515 2990 4571 salutaria
3019 4514 3233 4585 populis
3257 4515 3578 4570 vestimenta

1983 4616 2258 4665 teruntur.
2288 4608 2472 4664 Velius
2499 4608 2659 4678 plane
2679 4614 2765 4662 est
2790 4604 2979 4671 Maria,
3009 4603 3276 4674 siquidem
3321 4605 3392 4660 de
3428 4604 3578 4660 molli

1983 4703 2104 4760 sinu
2133 4703 2251 4773 ejus
2267 4678 2450 4770 Agnus
2477 4715 2726 4782 egressus
2754 4706 2858 4764 est,
2879 4697 2972 4768 qui
2999 4706 3056 4752 et
3081 4697 3199 4768 ipse
3227 4698 3416 4754 matris
3440 4697 3578 4753 lani-

265 4808 400 4865 qua.
435 4793 584 4863 Ergo
623 4793 677 4848 in
720 4793 1001 4848 nativitate
1050 4792 1262 4847 Domini
1291 4792 1464 4862 angeli
1513 4793 1719 4863 pariter
1741 4808 1877 4848 .cum
1906 4787 1956 4848 D
1982 4795 2143 4859 ciem,
2171 4794 2278 4850 hoc
2296 4801 2381 4848 est
2423 4807 2642 4848 carnem
2675 4793 2690 4842 i
2727 4798 2982 4862 portans,
3022 4789 3172 4874 molli
3223 4791 3420 4848 vellere
3446 4805 3576 4847 cun-

340 4963 371 4994 ι
401 4955 545 5013 Cod.
577 4954 646 5008 99
673 4952 730 5008 S.
759 4953 947 5010 Crueis
992 4953 1044 5024 in
1086 4952 1196 5008 Jer.
1225 4953 1351 5020 legit
1383 4971 1395 5006 :
1443 4952 1560 5006 Hac
1604 4970 1726 5024 ergo
1755 4971 1874 5010 voce

266 5028 652 5104 prtesultarunt
680 5026 855 5098 angeli
874 5027 928 5079 in
953 5023 1046 5078 illa
1082 5032 1250 5088 nocte,
1281 5034 1346 5104 et.
1369 5033 1624 5104 pigriores,
1653 5023 1869 5080 nascen-

219 5155 222 5158 ,
267 5094 374 5178 tem
404 5097 694 5178 Dominum
721 5094 874 5178 super
893 5111 1096 5178 gregem
1119 5111 1282 5178 suun;
1296 5094 1867 5178 vigiliasobseruanies,

251 5112 874 5245 .;,ε;ε;.έέ’;ξ;ηεε.τ.ξῖεετ
893 5112 1166 5220 same
1123 5112 1166 5245 εξ

265 5236 395 5316 ergo
424 5236 550 5296 voce
589 5239 960 5310 prtesultarunt
1004 5236 1180 5310 angeli
1221 5238 1277 5291 in
1312 5237 1407 5291 illa
1445 5248 1614 5307 nocte,
1650 5254 1752 5309 qua
1775 5256 1872 5310 pa-

267 5322 468 5376 stores,
495 5317 602 5366 etc.

341 5383 372 5424 ιι
403 5382 560 5438 Idem
587 5379 706 5436 cod.
731 5376 802 5431 99
819 5378 876 5435 S.
901 5377 1088 5434 Crucis
1118 5379 1172 5434 in
1193 5377 1324 5445 Jer.,
1349 5379 1726 5435 nuntiantibus.

347 5465 372 5494 ο
404 5451 546 5508 Cod.
573 5449 718 5519 γει,
745 5449 855 5522 Ipsi
877 5452 1022 5522 enim
1041 5451 1196 5520 primi
1235 5460 1406 5506 ortum
1437 5451 1873 5522 Salvatorisiante

270 5541 460 5582 omnes
480 5523 710 5576 homines
739 5520 1094 5593 nuntiantibus
1121 5522 1319 5593 angelis
1333 5531 1695 5593 cognoverunt.
1723 5521 1872 5578 Unde

270 5597 471 5652 mirum
494 5609 598 5648 non
624 5602 704 5648 est
728 5591 866 5665 quati
884 5591 1286 5666 redemptionem
1305 5591 1482 5666 διδόαιὶ
1501 5602 1620 5666 ante
1640 5603 1874 5666 pastores

270 5666 459 5724 βωτιαιὶ
500 5663 802 5718 meruerunt
845 5664 1000 5732 scire,
1045 5663 1198 5736 quam
1241 5665 1519 5736 principes.
1564 5663 1688 5720 Non
1737 5667 1875 5720 enim

273 5735 944 5810 angelilannuntiaverunt
977 5733 1249 5810 regibus,
1273 5735 1378 5810 non
1429 5735 1692 5810 judicibus
1715 5779 1730 5802 ,
1783 5737 1874 5791 sed

277 5804 580 5868 hominibus
627 5807 922 5862 rusticanis.
967 5804 1092 5862 Non
1135 5824 1257 5871 ergo
1294 5807 1400 5870 jam
1431 5804 1732 5863 Mirandum
1768 5818 1877 5874 est,

1167 5173 1190 5218 t
1241 5163 1380 5220 Cod.
1424 5165 1544 5220 Vat.
1587 5166 1702 5230 cit.,
1751 5165 1890 5224 Hac.

1977 4957 2024 5012 si
2077 4955 2270 5012 Christi
2317 4953 2542 5028 gratiam
2605 4959 2726 5010 ante
2769 4957 2904 5010 scire
2968 4955 3212 5011 meruerit
3275 4956 3573 5010 innocentia

1973 5037 2554 5182 ψεᾚοῗῗῆειιίοςιιη
2571 5100 2626 5153 in
2654 5098 2882 5170 ejusdem
2912 5099 3186 5171 festivitate
3211 5097 3372 5152 simili
3400 5096 3572 5152 nobis-

1973 5185 2089 5224 cum
2116 5167 2300 5224 laetitia
2327 5169 2569 5240 gaudere.

2049 5251 2072 5278 ο
2111 5239 2246 5296 Cod.
2279 5239 2424 5308 var,
2466 5242 2585 5364 gula
2605 5249 2656 5296 et
2693 5249 2846 5296 extra
2885 5241 3123 5296 ordinem
3151 5249 3355 5296 natura!
3389 5256 3572 5296 conce-

2049 5328 2110 5364 ts.
2137 5309 2282 5364 Nam
2307 5311 2466 5364 Josev
2522 5313 2748 5364 suscepit
2774 5313 2958 5364 lilium.
2988 5329 3137 5364 auem
3156 5328 3262 5364 non
3281 5312 3472 5364 aetutit.

1970 5321 2110 5384 plus.
2137 5309 2282 5366 Nam
2307 5309 2501 5383 Ioseph
2522 5313 2748 5384 suscepit
2770 5313 2958 5384 ﬁlium,
2988 5329 3137 5385 quem
3156 5328 3262 5369 non
3279 5312 3472 5383 genuit.

2053 5381 2071 5421 ί
2113 5381 2171 5438 In
2201 5382 2324 5439 cod.
2349 5380 2495 5439 Vat..
2519 5383 2841 5438 omittuntur
2863 5383 2953 5438 illa
2977 5383 3164 5439 verba.

2051 5463 2076 5502 ε
2366 5423 3420 5526 ,υίιῖιιίιδῖοῗιίερεγοαεεὶ
3438 5452 3572 5508 roris

1979 5533 2283 5681 asgwggtid.
2317 5596 2388 5652 99
2430 5595 2487 5652 S.
2525 5595 2713 5652 Crucis
2757 5597 2813 5652 in
2858 5595 2966 5652 Jer.
3013 5604 3068 5651 et
3099 5595 3268 5651 Vatic.
3290 5637 3305 5664 ,
3340 5591 3572 5649 loriam

1979 5669 2154 5724 velleri
2182 5685 2560 5738 comparamus.

2019 5811 2024 5819 _
2278 5739 2422 5819 Y.at.,
2448 5739 2802 5819 neego-adem
2825 5738 3112 5819 scissuram
3134 5736 3386 5819 corporis.

2019 5811 2024 5824 '
2057 5813 2070 5861 i
2118 5810 2253 5868 Cod.
2290 5809 2409 5867 Vat.
2441 5809 2606 5872 1267.
2634 5811 2727 5868 hoc
2757 5817 2832 5866 est
2859 5823 3068 5863 carnem
3085 5813 3314 5866 aestatis.
