  <div class='ocr_page' id='page_1' title='image "/cluster/home/n/w/nwhite01/storage/ocr_20150623/57/hvd.32044015471618/279.png"; bbox 0 0 4056 6346; ppageno 0'>
   <div class='ocr_carea' id='block_1_1' title="bbox 464 234 568 291">
    <p class='ocr_par' dir='ltr' id='par_1_1' title="bbox 464 234 568 291">
     <span class='ocr_line' id='line_1_1' title="bbox 464 234 568 291; baseline -0.01 0"><span class='ocrx_word' id='word_1_1' title='bbox 464 234 568 291; x_wconf 68' lang='lat' dir='ltr'><strong>M7</strong></span> 
     </span>
    </p>
   </div>
   <div class='ocr_carea' id='block_1_2' title="bbox 1673 221 2508 283">
    <p class='ocr_par' dir='ltr' id='par_1_2' title="bbox 1673 221 2508 283">
     <span class='ocr_line' id='line_1_2' title="bbox 1673 221 2508 283; baseline 0.001 -1"><span class='ocrx_word' id='word_1_2' title='bbox 1673 227 1729 282; x_wconf 77' lang='grc' dir='ltr'><strong>ὃ.</strong></span> <span class='ocrx_word' id='word_1_3' title='bbox 1773 223 2017 282; x_wconf 77' lang='lat' dir='ltr'><strong>MAXIM]</strong></span> <span class='ocrx_word' id='word_1_4' title='bbox 2059 221 2508 283; x_wconf 80' lang='lat' dir='ltr'><strong>TAURINENSIS</strong></span> 
     </span>
    </p>
   </div>
   <div class='ocr_carea' id='block_1_3' title="bbox 3649 230 3753 287">
    <p class='ocr_par' dir='ltr' id='par_1_3' title="bbox 3649 230 3753 287">
     <span class='ocr_line' id='line_1_3' title="bbox 3649 230 3753 287; baseline 0 0"><span class='ocrx_word' id='word_1_5' title='bbox 3649 230 3753 287; x_wconf 75' lang='grc'><strong>548</strong></span> 
     </span>
    </p>
   </div>
   <div class='ocr_carea' id='block_1_4' title="bbox 462 339 3756 416">
    <p class='ocr_par' dir='ltr' id='par_1_4' title="bbox 462 339 3756 416">
     <span class='ocr_line' id='line_1_4' title="bbox 462 339 3756 416; baseline 0 -11"><span class='ocrx_word' id='word_1_6' title='bbox 462 347 942 408; x_wconf 47' lang='grc' dir='ltr'>Διιιὶυιιειιτωιμ-</span> <span class='ocrx_word' id='word_1_7' title='bbox 960 343 1214 412; x_wconf 84' lang='lat' dir='ltr'><strong>Christus,</strong></span> <span class='ocrx_word' id='word_1_8' title='bbox 1253 352 1311 416; x_wconf 73' lang='lat' dir='ltr'><strong>at</strong></span> <span class='ocrx_word' id='word_1_9' title='bbox 1350 342 1513 416; x_wconf 78' lang='lat' dir='ltr'><strong>bonus</strong></span> <span class='ocrx_word' id='word_1_10' title='bbox 1558 341 1827 416; x_wconf 80' lang='lat' dir='ltr'><strong>magister,</strong></span> <span class='ocrx_word' id='word_1_11' title='bbox 1852 341 2051 416; x_wconf 24' lang='lat' dir='ltr'><strong>doc‘tri-</strong></span> <span class='ocrx_word' id='word_1_12' title='bbox 2080 347 2130 405; x_wconf 74' lang='grc' dir='ltr'>Α</span> <span class='ocrx_word' id='word_1_13' title='bbox 2156 343 2275 397; x_wconf 84' lang='lat' dir='ltr'><strong>sinu</strong></span> <span class='ocrx_word' id='word_1_14' title='bbox 2304 341 2483 397; x_wconf 77' lang='lat' dir='ltr'><strong>Patris</strong></span> <span class='ocrx_word' id='word_1_15' title='bbox 2521 342 2701 413; x_wconf 79' lang='lat' dir='ltr'><strong>(Joan.</strong></span> <span class='ocrx_word' id='word_1_16' title='bbox 2736 341 2797 414; x_wconf 86' lang='grc' dir='ltr'><strong>ι).</strong></span> <span class='ocrx_word' id='word_1_17' title='bbox 2832 339 3086 400; x_wconf 77' lang='lat' dir='ltr'><strong>Libenter</strong></span> <span class='ocrx_word' id='word_1_18' title='bbox 3112 357 3244 416; x_wconf 88' lang='lat' dir='ltr'><strong>ergo</strong></span> <span class='ocrx_word' id='word_1_19' title='bbox 3264 344 3292 383; x_wconf 76' lang='grc' dir='ltr'>δ</span> <span class='ocrx_word' id='word_1_20' title='bbox 3316 344 3373 400; x_wconf 87' lang='lat' dir='ltr'><strong>in</strong></span> <span class='ocrx_word' id='word_1_21' title='bbox 3398 342 3521 402; x_wconf 84' lang='lat' dir='ltr'><strong>sinu</strong></span> <span class='ocrx_word' id='word_1_22' title='bbox 3547 354 3756 405; x_wconf 85' lang='lat' dir='ltr'><strong>sancto-</strong></span> 
     </span>
    </p>
   </div>
   <div class='ocr_carea' id='block_1_5' title="bbox 535 411 2055 481">
    <p class='ocr_par' dir='ltr' id='par_1_5' title="bbox 535 411 2055 481">
     <span class='ocr_line' id='line_1_5' title="bbox 535 411 2055 481; baseline -0.007 -3"><span class='ocrx_word' id='word_1_23' title='bbox 535 440 659 477; x_wconf 78' lang='lat' dir='ltr'><strong>nam</strong></span> <span class='ocrx_word' id='word_1_24' title='bbox 687 436 837 477; x_wconf 81' lang='lat' dir='ltr'><strong>suam</strong></span> <span class='ocrx_word' id='word_1_25' title='bbox 876 435 978 475; x_wconf 79' lang='lat' dir='ltr'><strong>non</strong></span> <span class='ocrx_word' id='word_1_26' title='bbox 1026 425 1133 471; x_wconf 84' lang='lat' dir='ltr'><strong>tam</strong></span> <span class='ocrx_word' id='word_1_27' title='bbox 1168 411 1329 470; x_wconf 77' lang='lat' dir='ltr'><strong>verbis</strong></span> <span class='ocrx_word' id='word_1_28' title='bbox 1370 411 1662 469; x_wconf 77' lang='lat' dir='ltr'><strong>insinuavit</strong></span> <span class='ocrx_word' id='word_1_29' title='bbox 1680 429 1834 481; x_wconf 85' lang='lat' dir='ltr'><strong>quam</strong></span> <span class='ocrx_word' id='word_1_30' title='bbox 1856 411 2055 467; x_wconf 78' lang='lat' dir='ltr'><strong>actibus</strong></span> 
     </span>
    </p>
   </div>
   <div class='ocr_carea' id='block_1_6' title="bbox 533 486 2056 557">
    <p class='ocr_par' dir='ltr' id='par_1_6' title="bbox 533 486 2056 557">
     <span class='ocr_line' id='line_1_6' title="bbox 533 486 2056 557; baseline -0.007 -8"><span class='ocrx_word' id='word_1_31' title='bbox 533 494 794 557; x_wconf 65' lang='lat' dir='ltr'><strong>exercuit;</strong></span> <span class='ocrx_word' id='word_1_32' title='bbox 820 500 972 545; x_wconf 82' lang='lat' dir='ltr'><strong>natus</strong></span> <span class='ocrx_word' id='word_1_33' title='bbox 995 486 1308 555; x_wconf 72' lang='lat' dir='ltr'><strong>hominibus,</strong></span> <span class='ocrx_word' id='word_1_34' title='bbox 1338 493 1549 557; x_wconf 69' lang='lat' dir='ltr'><strong>renatus</strong></span> <span class='ocrx_word' id='word_1_35' title='bbox 1576 491 1653 539; x_wconf 82' lang='lat' dir='ltr'><strong>est</strong></span> <span class='ocrx_word' id='word_1_36' title='bbox 1675 486 2056 557; x_wconf 69' lang='lat' dir='ltr'><strong>sacramentis;</strong></span> 
     </span>
    </p>
   </div>
   <div class='ocr_carea' id='block_1_7' title="bbox 530 555 1995 624">
    <p class='ocr_par' dir='ltr' id='par_1_7' title="bbox 530 555 1995 624">
     <span class='ocr_line' id='line_1_7' title="bbox 530 555 1995 624; baseline -0.007 -5"><span class='ocrx_word' id='word_1_37' title='bbox 530 566 603 619; x_wconf 80' lang='lat' dir='ltr'><strong>ibi</strong></span> <span class='ocrx_word' id='word_1_38' title='bbox 626 555 989 619; x_wconf 31' lang='lat' dir='ltr'><strong>sinus&#39;Christi</strong></span> <span class='ocrx_word' id='word_1_39' title='bbox 1009 567 1083 613; x_wconf 82' lang='lat' dir='ltr'><strong>est</strong></span> <span class='ocrx_word' id='word_1_40' title='bbox 1100 599 1116 624; x_wconf 90' lang='lat'><strong>,</strong></span> <span class='ocrx_word' id='word_1_41' title='bbox 1149 557 1236 612; x_wconf 84' lang='lat' dir='ltr'><strong>ubi</strong></span> <span class='ocrx_word' id='word_1_42' title='bbox 1255 555 1608 612; x_wconf 83' lang='lat' dir='ltr'><strong>habitaculum</strong></span> <span class='ocrx_word' id='word_1_43' title='bbox 1635 563 1711 611; x_wconf 89' lang='lat' dir='ltr'><strong>est</strong></span> <span class='ocrx_word' id='word_1_44' title='bbox 1736 556 1995 611; x_wconf 77' lang='lat' dir='ltr'><strong>virtutum.</strong></span> 
     </span>
    </p>
   </div>
   <div class='ocr_carea' id='block_1_8' title="bbox 532 719 2060 796">
    <p class='ocr_par' dir='ltr' id='par_1_8' title="bbox 532 719 2060 796">
     <span class='ocr_line' id='line_1_8' title="bbox 532 719 2060 796; baseline -0.003 -16"><span class='ocrx_word' id='word_1_45' title='bbox 532 724 854 796; x_wconf 76' lang='lat' dir='ltr'><strong>Evangelica</strong></span> <span class='ocrx_word' id='word_1_46' title='bbox 880 722 1163 794; x_wconf 77' lang='lat' dir='ltr'><strong>Scriptura</strong></span> <span class='ocrx_word' id='word_1_47' title='bbox 1209 720 1415 786; x_wconf 89' lang='lat' dir='ltr'><strong>refert,</strong></span> <span class='ocrx_word' id='word_1_48' title='bbox 1465 719 1606 777; x_wconf 91' lang='lat' dir='ltr'><strong>sicut</strong></span> <span class='ocrx_word' id='word_1_49' title='bbox 1650 720 1847 776; x_wconf 89' lang='lat' dir='ltr'><strong>lectum</strong></span> <span class='ocrx_word' id='word_1_50' title='bbox 1885 735 2060 792; x_wconf 81' lang='lat' dir='ltr'><strong>nuper</strong></span> 
     </span>
    </p>
   </div>
   <div class='ocr_carea' id='block_1_9' title="bbox 458 806 2056 888">
    <p class='ocr_par' dir='ltr' id='par_1_9' title="bbox 458 806 2056 888">
     <span class='ocr_line' id='line_1_9' title="bbox 458 806 2056 888; baseline -0.004 -9"><span class='ocrx_word' id='word_1_51' title='bbox 458 806 778 888; x_wconf 69' lang='lat' dir='ltr'><strong>audivimus,</strong></span> <span class='ocrx_word' id='word_1_52' title='bbox 823 821 1107 877; x_wconf 91' lang='lat' dir='ltr'><strong>Dominum</strong></span> <span class='ocrx_word' id='word_1_53' title='bbox 1149 818 1216 874; x_wconf 87' lang='lat' dir='ltr'><strong>ad</strong></span> <span class='ocrx_word' id='word_1_54' title='bbox 1262 817 1553 874; x_wconf 87' lang='lat' dir='ltr'><strong>Jordanem</strong></span> <span class='ocrx_word' id='word_1_55' title='bbox 1599 816 1854 887; x_wconf 81' lang='lat' dir='ltr'><strong>baptismi</strong></span> <span class='ocrx_word' id='word_1_56' title='bbox 1893 830 2056 872; x_wconf 90' lang='lat' dir='ltr'><strong>causa</strong></span> 
     </span>
    </p>
   </div>
   <div class='ocr_carea' id='block_1_10' title="bbox 455 907 2055 994">
    <p class='ocr_par' dir='ltr' id='par_1_10' title="bbox 455 907 2055 994">
     <span class='ocr_line' id='line_1_10' title="bbox 455 907 2055 994; baseline -0.006 -22"><span class='ocrx_word' id='word_1_57' title='bbox 455 917 671 972; x_wconf 77' lang='lat' dir='ltr'><strong>venisse</strong></span> <span class='ocrx_word' id='word_1_58' title='bbox 692 961 705 985; x_wconf 92' lang='lat'><strong>,</strong></span> <span class='ocrx_word' id='word_1_59' title='bbox 732 925 787 971; x_wconf 90' lang='lat' dir='ltr'><strong>ct</strong></span> <span class='ocrx_word' id='word_1_60' title='bbox 817 915 870 969; x_wconf 92' lang='lat' dir='ltr'><strong>in</strong></span> <span class='ocrx_word' id='word_1_61' title='bbox 893 914 1088 970; x_wconf 86' lang='lat' dir='ltr'><strong>eodem</strong></span> <span class='ocrx_word' id='word_1_62' title='bbox 1117 910 1337 994; x_wconf 80' lang='lat' dir='ltr'><strong>ﬂumine</strong></span> <span class='ocrx_word' id='word_1_63' title='bbox 1365 909 1634 983; x_wconf 80' lang='lat' dir='ltr'><strong>mysteriis</strong></span> <span class='ocrx_word' id='word_1_64' title='bbox 1658 925 1720 965; x_wconf 92' lang='lat' dir='ltr'><strong>se</strong></span> <span class='ocrx_word' id='word_1_65' title='bbox 1748 907 2055 965; x_wconf 71' lang='lat' dir='ltr'><strong>coelestibus</strong></span> 
     </span>
    </p>
   </div>
   <div class='ocr_carea' id='block_1_11' title="bbox 455 1003 2056 1076">
    <p class='ocr_par' dir='ltr' id='par_1_11' title="bbox 455 1003 2056 1076">
     <span class='ocr_line' id='line_1_11' title="bbox 455 1003 2056 1076; baseline -0.009 -4"><span class='ocrx_word' id='word_1_66' title='bbox 455 1013 764 1071; x_wconf 83' lang='lat' dir='ltr'><strong>consecrari</strong></span> <span class='ocrx_word' id='word_1_67' title='bbox 801 1011 1061 1067; x_wconf 88' lang='lat' dir='ltr'><strong>voluisse.</strong></span> <span class='ocrx_word' id='word_1_68' title='bbox 1113 1008 1269 1076; x_wconf 79' lang='lat' dir='ltr'><strong>Quod</strong></span> <span class='ocrx_word' id='word_1_69' title='bbox 1297 1007 1482 1062; x_wconf 90' lang='lat' dir='ltr'><strong>mirari</strong></span> <span class='ocrx_word' id='word_1_70' title='bbox 1511 1021 1618 1061; x_wconf 90' lang='lat' dir='ltr'><strong>non</strong></span> <span class='ocrx_word' id='word_1_71' title='bbox 1641 1003 1927 1071; x_wconf 86' lang='lat' dir='ltr'><strong>debemus,</strong></span> <span class='ocrx_word' id='word_1_72' title='bbox 1959 1019 2056 1061; x_wconf 88' lang='lat' dir='ltr'><strong>cur</strong></span> 
     </span>
    </p>
   </div>
   <div class='ocr_carea' id='block_1_12' title="bbox 453 1096 2051 1175">
    <p class='ocr_par' dir='ltr' id='par_1_12' title="bbox 453 1096 2051 1175">
     <span class='ocr_line' id='line_1_12' title="bbox 453 1096 2051 1175; baseline -0.005 -15"><span class='ocrx_word' id='word_1_73' title='bbox 453 1106 562 1161; x_wconf 89' lang='lat' dir='ltr'><strong>hoc</strong></span> <span class='ocrx_word' id='word_1_74' title='bbox 598 1103 936 1175; x_wconf 78' lang='lat' dir='ltr'><strong>baptismatis</strong></span> <span class='ocrx_word' id='word_1_75' title='bbox 975 1102 1144 1172; x_wconf 81' lang='lat' dir='ltr'><strong>ipsius</strong></span> <span class='ocrx_word' id='word_1_76' title='bbox 1174 1100 1437 1156; x_wconf 85' lang='lat' dir='ltr'><strong>Dominus</strong></span> <span class='ocrx_word' id='word_1_77' title='bbox 1469 1107 1524 1155; x_wconf 89' lang='lat' dir='ltr'><strong>et</strong></span> <span class='ocrx_word' id='word_1_78' title='bbox 1550 1098 1806 1169; x_wconf 77' lang='lat' dir='ltr'><strong>magister</strong></span> <span class='ocrx_word' id='word_1_79' title='bbox 1842 1096 2051 1163; x_wconf 81' lang='lat' dir='ltr'><strong>fecerit,</strong></span> 
     </span>
    </p>
   </div>
   <div class='ocr_carea' id='block_1_13' title="bbox 454 1195 2054 1271">
    <p class='ocr_par' dir='ltr' id='par_1_13' title="bbox 454 1195 2054 1271">
     <span class='ocr_line' id='line_1_13' title="bbox 454 1195 2054 1271; baseline -0.003 -15"><span class='ocrx_word' id='word_1_80' title='bbox 454 1200 582 1271; x_wconf 81' lang='lat' dir='ltr'><strong>quia</strong></span> <span class='ocrx_word' id='word_1_81' title='bbox 611 1200 725 1271; x_wconf 86' lang='lat' dir='ltr'><strong>ipse</strong></span> <span class='ocrx_word' id='word_1_82' title='bbox 751 1199 829 1254; x_wconf 90' lang='lat' dir='ltr'><strong>ait</strong></span> <span class='ocrx_word' id='word_1_83' title='bbox 857 1217 869 1253; x_wconf 92' lang='lat'><strong>:</strong></span> <span class='ocrx_word' id='word_1_84' title='bbox 923 1195 1025 1263; x_wconf 86' lang='lat' dir='ltr'><strong>Qui</strong></span> <span class='ocrx_word' id='word_1_85' title='bbox 1070 1198 1284 1271; x_wconf 76' lang='lat' dir='ltr'><strong>fecerit,</strong></span> <span class='ocrx_word' id='word_1_86' title='bbox 1315 1204 1365 1252; x_wconf 90' lang='lat' dir='ltr'><strong>et</strong></span> <span class='ocrx_word' id='word_1_87' title='bbox 1385 1196 1647 1263; x_wconf 76' lang='lat' dir='ltr'><strong>docuerit,</strong></span> <span class='ocrx_word' id='word_1_88' title='bbox 1676 1197 1936 1250; x_wconf 72' lang='lat' dir='ltr'><strong>maximus</strong></span> <span class='ocrx_word' id='word_1_89' title='bbox 1965 1213 2054 1251; x_wconf 85' lang='lat' dir='ltr'><strong>vo-</strong></span> 
     </span>
    </p>
   </div>
   <div class='ocr_carea' id='block_1_14' title="bbox 452 1284 2054 1362">
    <p class='ocr_par' dir='ltr' id='par_1_14' title="bbox 452 1284 2054 1362">
     <span class='ocr_line' id='line_1_14' title="bbox 452 1284 2054 1362; baseline -0.003 -17"><span class='ocrx_word' id='word_1_90' title='bbox 452 1289 652 1346; x_wconf 74' lang='lat' dir='ltr'><strong>cabitur</strong></span> <span class='ocrx_word' id='word_1_91' title='bbox 682 1292 749 1345; x_wconf 81' lang='lat' dir='ltr'><strong>in</strong></span> <span class='ocrx_word' id='word_1_92' title='bbox 800 1306 958 1362; x_wconf 83' lang='lat' dir='ltr'><strong>regno</strong></span> <span class='ocrx_word' id='word_1_93' title='bbox 1005 1289 1250 1344; x_wconf 68' lang='lat' dir='ltr'><strong>caelorum</strong></span> <span class='ocrx_word' id='word_1_94' title='bbox 1293 1286 1506 1360; x_wconf 81' lang='lat' dir='ltr'><strong>(Matth.</strong></span> <span class='ocrx_word' id='word_1_95' title='bbox 1529 1288 1609 1357; x_wconf 93' lang='lat' dir='ltr'><strong>v).</strong></span> <span class='ocrx_word' id='word_1_96' title='bbox 1661 1284 1862 1341; x_wconf 88' lang='lat' dir='ltr'><strong>Facere</strong></span> <span class='ocrx_word' id='word_1_97' title='bbox 1891 1285 2054 1357; x_wconf 88' lang='lat' dir='ltr'><strong>igitur</strong></span> 
     </span>
    </p>
   </div>
   <div class='ocr_carea' id='block_1_15' title="bbox 450 1378 2052 1452">
    <p class='ocr_par' dir='ltr' id='par_1_15' title="bbox 450 1378 2052 1452">
     <span class='ocr_line' id='line_1_15' title="bbox 450 1378 2052 1452; baseline -0.003 -15"><span class='ocrx_word' id='word_1_98' title='bbox 450 1380 602 1452; x_wconf 85' lang='lat' dir='ltr'><strong>prius</strong></span> <span class='ocrx_word' id='word_1_99' title='bbox 620 1381 825 1451; x_wconf 88' lang='lat' dir='ltr'><strong>voluit,</strong></span> <span class='ocrx_word' id='word_1_100' title='bbox 854 1380 1003 1450; x_wconf 86' lang='lat' dir='ltr'><strong>quod</strong></span> <span class='ocrx_word' id='word_1_101' title='bbox 1036 1378 1337 1436; x_wconf 87' lang='lat' dir='ltr'><strong>faciendum</strong></span> <span class='ocrx_word' id='word_1_102' title='bbox 1361 1378 1611 1434; x_wconf 89' lang='lat' dir='ltr'><strong>omnibus</strong></span> <span class='ocrx_word' id='word_1_103' title='bbox 1640 1378 1961 1449; x_wconf 75' lang='lat' dir='ltr'><strong>imperabat,</strong></span> <span class='ocrx_word' id='word_1_104' title='bbox 1994 1387 2052 1434; x_wconf 89' lang='lat' dir='ltr'><strong>ut</strong></span> 
     </span>
    </p>
   </div>
   <div class='ocr_carea' id='block_1_16' title="bbox 450 1468 2049 1545">
    <p class='ocr_par' dir='ltr' id='par_1_16' title="bbox 450 1468 2049 1545">
     <span class='ocr_line' id='line_1_16' title="bbox 450 1468 2049 1545; baseline -0.003 -13"><span class='ocrx_word' id='word_1_105' title='bbox 450 1475 627 1532; x_wconf 89' lang='lat' dir='ltr'><strong>bonus</strong></span> <span class='ocrx_word' id='word_1_106' title='bbox 653 1473 916 1545; x_wconf 77' lang='lat' dir='ltr'><strong>magister</strong></span> <span class='ocrx_word' id='word_1_107' title='bbox 945 1472 1249 1528; x_wconf 86' lang='lat' dir='ltr'><strong>doctrinam</strong></span> <span class='ocrx_word' id='word_1_108' title='bbox 1278 1487 1431 1527; x_wconf 89' lang='lat' dir='ltr'><strong>suam</strong></span> <span class='ocrx_word' id='word_1_109' title='bbox 1462 1487 1571 1527; x_wconf 88' lang='lat' dir='ltr'><strong>non</strong></span> <span class='ocrx_word' id='word_1_110' title='bbox 1602 1468 1713 1526; x_wconf 85' lang='lat' dir='ltr'><strong>tam</strong></span> <span class='ocrx_word' id='word_1_111' title='bbox 1755 1472 1936 1527; x_wconf 84' lang='lat' dir='ltr'><strong>verbis</strong></span> <span class='ocrx_word' id='word_1_112' title='bbox 1964 1472 2049 1527; x_wconf 90' lang='lat' dir='ltr'><strong>in-</strong></span> 
     </span>
    </p>
   </div>
   <div class='ocr_carea' id='block_1_17' title="bbox 448 1564 2052 1636">
    <p class='ocr_par' dir='ltr' id='par_1_17' title="bbox 448 1564 2052 1636">
     <span class='ocr_line' id='line_1_17' title="bbox 448 1564 2052 1636; baseline -0.001 -14"><span class='ocrx_word' id='word_1_113' title='bbox 448 1565 692 1623; x_wconf 86' lang='lat' dir='ltr'><strong>sinuaret</strong></span> <span class='ocrx_word' id='word_1_114' title='bbox 736 1581 900 1636; x_wconf 89' lang='lat' dir='ltr'><strong>quam</strong></span> <span class='ocrx_word' id='word_1_115' title='bbox 947 1564 1157 1621; x_wconf 88' lang='lat' dir='ltr'><strong>actibus</strong></span> <span class='ocrx_word' id='word_1_116' title='bbox 1201 1571 1514 1630; x_wconf 82' lang='lat' dir='ltr'><strong>exerceret,</strong></span> <span class='ocrx_word' id='word_1_117' title='bbox 1566 1572 1622 1619; x_wconf 91' lang='lat' dir='ltr'><strong>ct</strong></span> <span class='ocrx_word' id='word_1_118' title='bbox 1661 1564 1728 1619; x_wconf 90' lang='lat' dir='ltr'><strong>ad</strong></span> <span class='ocrx_word' id='word_1_119' title='bbox 1758 1565 1920 1620; x_wconf 86' lang='lat' dir='ltr'><strong>tinem</strong></span> <span class='ocrx_word' id='word_1_120' title='bbox 1952 1580 2052 1620; x_wconf 90' lang='lat' dir='ltr'><strong>nos</strong></span> 
     </span>
    </p>
   </div>
   <div class='ocr_carea' id='block_1_18' title="bbox 450 1656 2047 1731">
    <p class='ocr_par' dir='ltr' id='par_1_18' title="bbox 450 1656 2047 1731">
     <span class='ocr_line' id='line_1_18' title="bbox 450 1656 2047 1731; baseline -0.003 -16"><span class='ocrx_word' id='word_1_121' title='bbox 450 1667 606 1731; x_wconf 89' lang='lat' dir='ltr'><strong>gestu</strong></span> <span class='ocrx_word' id='word_1_122' title='bbox 627 1660 832 1730; x_wconf 87' lang='lat' dir='ltr'><strong>pariter</strong></span> <span class='ocrx_word' id='word_1_123' title='bbox 854 1658 1200 1715; x_wconf 78' lang='lat' dir='ltr'><strong>confirmaret</strong></span> <span class='ocrx_word' id='word_1_124' title='bbox 1225 1664 1281 1712; x_wconf 89' lang='lat' dir='ltr'><strong>et</strong></span> <span class='ocrx_word' id='word_1_125' title='bbox 1308 1672 1489 1712; x_wconf 90' lang='lat' dir='ltr'><strong>sensu.</strong></span> <span class='ocrx_word' id='word_1_126' title='bbox 1521 1656 1637 1712; x_wconf 86' lang='lat' dir='ltr'><strong>Hoc</strong></span> <span class='ocrx_word' id='word_1_127' title='bbox 1665 1665 1847 1712; x_wconf 90' lang='lat' dir='ltr'><strong>autem</strong></span> <span class='ocrx_word' id='word_1_128' title='bbox 1876 1665 2047 1714; x_wconf 88' lang='lat' dir='ltr'><strong>totum</strong></span> 
     </span>
    </p>
   </div>
   <div class='ocr_carea' id='block_1_19' title="bbox 2161 435 3755 512">
    <p class='ocr_par' dir='ltr' id='par_1_19' title="bbox 2161 435 3755 512">
     <span class='ocr_line' id='line_1_19' title="bbox 2161 435 3755 512; baseline 0.005 -21"><span class='ocrx_word' id='word_1_129' title='bbox 2161 450 2286 491; x_wconf 89' lang='lat' dir='ltr'><strong>rum</strong></span> <span class='ocrx_word' id='word_1_130' title='bbox 2307 436 2596 507; x_wconf 85' lang='lat' dir='ltr'><strong>requiescit</strong></span> <span class='ocrx_word' id='word_1_131' title='bbox 2614 435 2896 506; x_wconf 80' lang='lat' dir='ltr'><strong>Dominus,</strong></span> <span class='ocrx_word' id='word_1_132' title='bbox 2924 436 3067 493; x_wconf 89' lang='lat' dir='ltr'><strong>unde</strong></span> <span class='ocrx_word' id='word_1_133' title='bbox 3085 444 3145 494; x_wconf 90' lang='lat' dir='ltr'><strong>et</strong></span> <span class='ocrx_word' id='word_1_134' title='bbox 3157 436 3384 495; x_wconf 77' lang='lat' dir='ltr'><strong>Joannis</strong></span> <span class='ocrx_word' id='word_1_135' title='bbox 3409 440 3755 512; x_wconf 65' lang='lat' dir='ltr'><strong>evangelista</strong></span> 
     </span>
    </p>
   </div>
   <div class='ocr_carea' id='block_1_20' title="bbox 2160 527 3756 603">
    <p class='ocr_par' dir='ltr' id='par_1_20' title="bbox 2160 527 3756 603">
     <span class='ocr_line' id='line_1_20' title="bbox 2160 527 3756 603; baseline 0.004 -21"><span class='ocrx_word' id='word_1_136' title='bbox 2160 527 2367 594; x_wconf 88' lang='lat' dir='ltr'><strong>sinum,</strong></span> <span class='ocrx_word' id='word_1_137' title='bbox 2400 534 2460 582; x_wconf 91' lang='lat' dir='ltr'><strong>ut</strong></span> <span class='ocrx_word' id='word_1_138' title='bbox 2504 528 2557 583; x_wconf 91' lang='lat' dir='ltr'><strong>in</strong></span> <span class='ocrx_word' id='word_1_139' title='bbox 2595 543 2663 584; x_wconf 91' lang='lat' dir='ltr'><strong>eo</strong></span> <span class='ocrx_word' id='word_1_140' title='bbox 2702 529 3073 596; x_wconf 84' lang='lat' dir='ltr'><strong>accumberet,</strong></span> <span class='ocrx_word' id='word_1_141' title='bbox 3117 529 3347 586; x_wconf 86' lang='lat' dir='ltr'><strong>libenter</strong></span> <span class='ocrx_word' id='word_1_142' title='bbox 3370 530 3554 603; x_wconf 89' lang='lat' dir='ltr'><strong>elegit.</strong></span> <span class='ocrx_word' id='word_1_143' title='bbox 3594 531 3756 591; x_wconf 84' lang='lat' dir='ltr'><strong>Sinus</strong></span> 
     </span>
    </p>
   </div>
   <div class='ocr_carea' id='block_1_21' title="bbox 2160 620 3754 697">
    <p class='ocr_par' dir='ltr' id='par_1_21' title="bbox 2160 620 3754 697">
     <span class='ocr_line' id='line_1_21' title="bbox 2160 620 3754 697; baseline 0.004 -19"><span class='ocrx_word' id='word_1_144' title='bbox 2160 636 2292 693; x_wconf 82' lang='lat' dir='ltr'><strong>ergo</strong></span> <span class='ocrx_word' id='word_1_145' title='bbox 2318 622 2372 678; x_wconf 87' lang='lat' dir='ltr'><strong>in</strong></span> <span class='ocrx_word' id='word_1_146' title='bbox 2397 637 2506 694; x_wconf 91' lang='lat' dir='ltr'><strong>quo</strong></span> <span class='ocrx_word' id='word_1_147' title='bbox 2533 620 2781 679; x_wconf 84' lang='lat' dir='ltr'><strong>Christus</strong></span> <span class='ocrx_word' id='word_1_148' title='bbox 2802 623 3113 696; x_wconf 87' lang='lat' dir='ltr'><strong>requiescit,</strong></span> <span class='ocrx_word' id='word_1_149' title='bbox 3147 639 3255 681; x_wconf 91' lang='lat' dir='ltr'><strong>non</strong></span> <span class='ocrx_word' id='word_1_150' title='bbox 3281 629 3529 697; x_wconf 85' lang='lat' dir='ltr'><strong>corporis</strong></span> <span class='ocrx_word' id='word_1_151' title='bbox 3551 630 3754 697; x_wconf 82' lang='lat' dir='ltr'><strong>gremio</strong></span> 
     </span>
    </p>
   </div>
   <div class='ocr_carea' id='block_1_22' title="bbox 2159 717 3755 793">
    <p class='ocr_par' dir='ltr' id='par_1_22' title="bbox 2159 717 3755 793">
     <span class='ocr_line' id='line_1_22' title="bbox 2159 717 3755 793; baseline 0.004 -21"><span class='ocrx_word' id='word_1_152' title='bbox 2159 724 2513 787; x_wconf 69' lang='lat' dir='ltr'><strong>praeparatur,</strong></span> <span class='ocrx_word' id='word_1_153' title='bbox 2557 730 2667 772; x_wconf 88' lang='lat' dir='ltr'><strong>non</strong></span> <span class='ocrx_word' id='word_1_154' title='bbox 2712 717 3157 773; x_wconf 80' lang='lat' dir='ltr'><strong>vestimentorum</strong></span> <span class='ocrx_word' id='word_1_155' title='bbox 3198 717 3498 776; x_wconf 79' lang='lat' dir='ltr'><strong>ambitione</strong></span> <span class='ocrx_word' id='word_1_156' title='bbox 3530 735 3755 793; x_wconf 86' lang='lat' dir='ltr'><strong>compo-</strong></span> 
     </span>
    </p>
   </div>
   <div class='ocr_carea' id='block_1_23' title="bbox 2160 809 3754 881">
    <p class='ocr_par' dir='ltr' id='par_1_23' title="bbox 2160 809 3754 881">
     <span class='ocr_line' id='line_1_23' title="bbox 2160 809 3754 881; baseline 0.004 -17"><span class='ocrx_word' id='word_1_157' title='bbox 2160 809 2326 877; x_wconf 83' lang='lat' dir='ltr'><strong>nitur,</strong></span> <span class='ocrx_word' id='word_1_158' title='bbox 2366 809 2462 865; x_wconf 85' lang='lat' dir='ltr'><strong>sed</strong></span> <span class='ocrx_word' id='word_1_159' title='bbox 2485 810 2786 866; x_wconf 71' lang='lat' dir='ltr'><strong>cmlestium</strong></span> <span class='ocrx_word' id='word_1_160' title='bbox 2824 811 3088 866; x_wconf 84' lang='lat' dir='ltr'><strong>virtutum</strong></span> <span class='ocrx_word' id='word_1_161' title='bbox 3114 811 3403 881; x_wconf 83' lang='lat' dir='ltr'><strong>colligitur.</strong></span> <span class='ocrx_word' id='word_1_162' title='bbox 3434 810 3572 869; x_wconf 81' lang='lat' dir='ltr'><strong>Nam</strong></span> <span class='ocrx_word' id='word_1_163' title='bbox 3598 812 3754 870; x_wconf 86' lang='lat' dir='ltr'><strong>Chri-</strong></span> 
     </span>
    </p>
   </div>
   <div class='ocr_carea' id='block_1_24' title="bbox 2159 899 3755 975">
    <p class='ocr_par' dir='ltr' id='par_1_24' title="bbox 2159 899 3755 975">
     <span class='ocr_line' id='line_1_24' title="bbox 2159 899 3755 975; baseline 0.004 -18"><span class='ocrx_word' id='word_1_164' title='bbox 2159 901 2230 957; x_wconf 89' lang='lat' dir='ltr'><strong>sti</strong></span> <span class='ocrx_word' id='word_1_165' title='bbox 2279 902 2426 958; x_wconf 87' lang='lat' dir='ltr'><strong>sinns</strong></span> <span class='ocrx_word' id='word_1_166' title='bbox 2472 909 2592 958; x_wconf 89' lang='lat' dir='ltr'><strong>erat</strong></span> <span class='ocrx_word' id='word_1_167' title='bbox 2640 902 2693 958; x_wconf 92' lang='lat' dir='ltr'><strong>in</strong></span> <span class='ocrx_word' id='word_1_168' title='bbox 2738 899 2947 959; x_wconf 83' lang='lat' dir='ltr'><strong>Joanne</strong></span> <span class='ocrx_word' id='word_1_169' title='bbox 2993 904 3325 975; x_wconf 81' lang='lat' dir='ltr'><strong>evangelista</strong></span> <span class='ocrx_word' id='word_1_170' title='bbox 3355 904 3519 974; x_wconf 78' lang='lat' dir='ltr'><strong>ﬁdes,</strong></span> <span class='ocrx_word' id='word_1_171' title='bbox 3561 905 3618 961; x_wconf 89' lang='lat' dir='ltr'><strong>in</strong></span> <span class='ocrx_word' id='word_1_172' title='bbox 3646 905 3755 964; x_wconf 92' lang='lat' dir='ltr'><strong>Deo</strong></span> 
     </span>
    </p>
   </div>
   <div class='ocr_carea' id='block_1_25' title="bbox 2161 990 3755 1067">
    <p class='ocr_par' dir='ltr' id='par_1_25' title="bbox 2161 990 3755 1067">
     <span class='ocr_line' id='line_1_25' title="bbox 2161 990 3755 1067; baseline 0.004 -19"><span class='ocrx_word' id='word_1_173' title='bbox 2161 990 2323 1049; x_wconf 87' lang='lat' dir='ltr'><strong>Patre</strong></span> <span class='ocrx_word' id='word_1_174' title='bbox 2346 993 2598 1050; x_wconf 87' lang='lat' dir='ltr'><strong>divinitas</strong></span> <span class='ocrx_word' id='word_1_175' title='bbox 2617 1034 2630 1058; x_wconf 91' lang='lat'><strong>,</strong></span> <span class='ocrx_word' id='word_1_176' title='bbox 2674 995 2729 1050; x_wconf 84' lang='lat' dir='ltr'><strong>in</strong></span> <span class='ocrx_word' id='word_1_177' title='bbox 2762 995 2929 1051; x_wconf 82' lang='lat' dir='ltr'><strong>Maria</strong></span> <span class='ocrx_word' id='word_1_178' title='bbox 2956 1005 3130 1052; x_wconf 89' lang='lat' dir='ltr'><strong>matre</strong></span> <span class='ocrx_word' id='word_1_179' title='bbox 3157 996 3457 1067; x_wconf 78' lang='lat' dir='ltr'><strong>virginitas.</strong></span> <span class='ocrx_word' id='word_1_180' title='bbox 3511 997 3586 1054; x_wconf 87' lang='lat' dir='ltr'><strong>lbi</strong></span> <span class='ocrx_word' id='word_1_181' title='bbox 3609 999 3755 1057; x_wconf 90' lang='lat' dir='ltr'><strong>sinus</strong></span> 
     </span>
    </p>
   </div>
   <div class='ocr_carea' id='block_1_26' title="bbox 2159 1085 3755 1154">
    <p class='ocr_par' dir='ltr' id='par_1_26' title="bbox 2159 1085 3755 1154">
     <span class='ocr_line' id='line_1_26' title="bbox 2159 1085 3755 1154; baseline 0.003 -10"><span class='ocrx_word' id='word_1_182' title='bbox 2159 1085 2362 1144; x_wconf 80' lang='lat' dir='ltr'><strong>Christi</strong></span> <span class='ocrx_word' id='word_1_183' title='bbox 2389 1095 2502 1154; x_wconf 87' lang='lat' dir='ltr'><strong>est,</strong></span> <span class='ocrx_word' id='word_1_184' title='bbox 2542 1089 2630 1145; x_wconf 90' lang='lat' dir='ltr'><strong>ubi</strong></span> <span class='ocrx_word' id='word_1_185' title='bbox 2674 1089 3041 1147; x_wconf 88' lang='lat' dir='ltr'><strong>habitaculum</strong></span> <span class='ocrx_word' id='word_1_186' title='bbox 3066 1099 3151 1148; x_wconf 91' lang='lat' dir='ltr'><strong>est</strong></span> <span class='ocrx_word' id='word_1_187' title='bbox 3177 1092 3459 1149; x_wconf 86' lang='lat' dir='ltr'><strong>virtutum.</strong></span> <span class='ocrx_word' id='word_1_188' title='bbox 3491 1093 3570 1151; x_wconf 80' lang='lat' dir='ltr'><strong>[hi</strong></span> <span class='ocrx_word' id='word_1_189' title='bbox 3598 1094 3755 1151; x_wconf 86' lang='lat' dir='ltr'><strong>recli-</strong></span> 
     </span>
    </p>
   </div>
   <div class='ocr_carea' id='block_1_27' title="bbox 2159 1183 3755 1253">
    <p class='ocr_par' dir='ltr' id='par_1_27' title="bbox 2159 1183 3755 1253">
     <span class='ocr_line' id='line_1_27' title="bbox 2159 1183 3755 1253; baseline 0.006 -18"><span class='ocrx_word' id='word_1_190' title='bbox 2159 1188 2256 1236; x_wconf 86' lang='lat' dir='ltr'><strong>nat</strong></span> <span class='ocrx_word' id='word_1_191' title='bbox 2299 1189 2463 1253; x_wconf 85' lang='lat' dir='ltr'><strong>caput</strong></span> <span class='ocrx_word' id='word_1_192' title='bbox 2505 1198 2695 1248; x_wconf 90' lang='lat' dir='ltr'><strong>suum,</strong></span> <span class='ocrx_word' id='word_1_193' title='bbox 2738 1184 2831 1240; x_wconf 89' lang='lat' dir='ltr'><strong>ubi</strong></span> <span class='ocrx_word' id='word_1_194' title='bbox 2858 1183 3192 1241; x_wconf 87' lang='lat' dir='ltr'><strong>domicilium</strong></span> <span class='ocrx_word' id='word_1_195' title='bbox 3223 1187 3525 1244; x_wconf 70' lang='lat' dir='ltr'><strong>cmicstiutn</strong></span> <span class='ocrx_word' id='word_1_196' title='bbox 3554 1189 3755 1245; x_wconf 82' lang='lat' dir='ltr'><strong>invenit</strong></span> 
     </span>
    </p>
   </div>
   <div class='ocr_carea' id='block_1_28' title="bbox 2157 1275 3753 1348">
    <p class='ocr_par' dir='ltr' id='par_1_28' title="bbox 2157 1275 3753 1348">
     <span class='ocr_line' id='line_1_28' title="bbox 2157 1275 3753 1348; baseline 0.008 -21"><span class='ocrx_word' id='word_1_197' title='bbox 2157 1282 2572 1344; x_wconf 51' lang='lat' dir='ltr'><strong>praeceptorum.</strong></span> <span class='ocrx_word' id='word_1_198' title='bbox 2622 1275 2759 1330; x_wconf 85' lang='lat' dir='ltr'><strong>Nam</strong></span> <span class='ocrx_word' id='word_1_199' title='bbox 2790 1277 2913 1333; x_wconf 89' lang='lat' dir='ltr'><strong>ideo</strong></span> <span class='ocrx_word' id='word_1_200' title='bbox 2944 1279 3324 1348; x_wconf 80' lang='lat' dir='ltr'><strong>peccatoribus</strong></span> <span class='ocrx_word' id='word_1_201' title='bbox 3359 1290 3414 1335; x_wconf 80' lang='lat' dir='ltr'><strong>et</strong></span> <span class='ocrx_word' id='word_1_202' title='bbox 3452 1280 3753 1339; x_wconf 82' lang='lat' dir='ltr'><strong>inﬁdelibus</strong></span> 
     </span>
    </p>
   </div>
   <div class='ocr_carea' id='block_1_29' title="bbox 2158 1362 3750 1440">
    <p class='ocr_par' dir='ltr' id='par_1_29' title="bbox 2158 1362 3750 1440">
     <span class='ocr_line' id='line_1_29' title="bbox 2158 1362 3750 1440; baseline 0.007 -22"><span class='ocrx_word' id='word_1_203' title='bbox 2158 1362 2326 1420; x_wconf 86' lang='lat' dir='ltr'><strong>dicit:</strong></span> <span class='ocrx_word' id='word_1_204' title='bbox 2380 1363 2571 1436; x_wconf 82' lang='lat' dir='ltr'><strong>Vulpes</strong></span> <span class='ocrx_word' id='word_1_205' title='bbox 2610 1367 3036 1437; x_wconf 81' lang='lat' dir='ltr'><strong>foveas-habent,</strong></span> <span class='ocrx_word' id='word_1_206' title='bbox 3084 1379 3135 1423; x_wconf 89' lang='lat' dir='ltr'><strong>et</strong></span> <span class='ocrx_word' id='word_1_207' title='bbox 3171 1368 3399 1424; x_wconf 73' lang='lat' dir='ltr'><strong>volucres</strong></span> <span class='ocrx_word' id='word_1_208' title='bbox 3439 1372 3556 1426; x_wconf 72' lang='lat' dir='ltr'><strong>caeli</strong></span> <span class='ocrx_word' id='word_1_209' title='bbox 3582 1373 3750 1440; x_wconf 80' lang='lat' dir='ltr'><strong>nidos,</strong></span> 
     </span>
    </p>
   </div>
   <div class='ocr_carea' id='block_1_30' title="bbox 2158 1452 3753 1531">
    <p class='ocr_par' dir='ltr' id='par_1_30' title="bbox 2158 1452 3753 1531">
     <span class='ocr_line' id='line_1_30' title="bbox 2158 1452 3753 1531; baseline 0.008 -24"><span class='ocrx_word' id='word_1_210' title='bbox 2158 1452 2330 1510; x_wconf 83' lang='lat' dir='ltr'><strong>Filius</strong></span> <span class='ocrx_word' id='word_1_211' title='bbox 2368 1465 2537 1511; x_wconf 88' lang='lat' dir='ltr'><strong>autem</strong></span> <span class='ocrx_word' id='word_1_212' title='bbox 2577 1457 2800 1513; x_wconf 80' lang='lat' dir='ltr'><strong>hominis</strong></span> <span class='ocrx_word' id='word_1_213' title='bbox 2841 1476 2944 1515; x_wconf 87' lang='lat' dir='ltr'><strong>non</strong></span> <span class='ocrx_word' id='word_1_214' title='bbox 2988 1460 3140 1514; x_wconf 87' lang='lat' dir='ltr'><strong>habet</strong></span> <span class='ocrx_word' id='word_1_215' title='bbox 3185 1462 3273 1516; x_wconf 83' lang='lat' dir='ltr'><strong>ubi</strong></span> <span class='ocrx_word' id='word_1_216' title='bbox 3305 1473 3460 1531; x_wconf 86' lang='lat' dir='ltr'><strong>caput</strong></span> <span class='ocrx_word' id='word_1_217' title='bbox 3493 1474 3516 1503; x_wconf 76' lang='grc' dir='ltr'><strong>ο</strong></span> <span class='ocrx_word' id='word_1_218' title='bbox 3544 1466 3753 1522; x_wconf 80' lang='lat' dir='ltr'><strong>reclinet</strong></span> 
     </span>
    </p>
   </div>
   <div class='ocr_carea' id='block_1_31' title="bbox 2157 1547 3755 1622">
    <p class='ocr_par' dir='ltr' id='par_1_31' title="bbox 2157 1547 3755 1622">
     <span class='ocr_line' id='line_1_31' title="bbox 2157 1547 3755 1622; baseline 0.008 -20"><span class='ocrx_word' id='word_1_219' title='bbox 2157 1547 2312 1622; x_wconf 87' lang='lat' dir='ltr'><strong>(Luc.</strong></span> <span class='ocrx_word' id='word_1_220' title='bbox 2345 1548 2441 1619; x_wconf 75' lang='lat' dir='ltr'><strong>ix).</strong></span> <span class='ocrx_word' id='word_1_221' title='bbox 2493 1548 2660 1619; x_wconf 83' lang='lat' dir='ltr'><strong>igitur</strong></span> <span class='ocrx_word' id='word_1_222' title='bbox 2706 1551 2965 1608; x_wconf 91' lang='lat' dir='ltr'><strong>Dominus</strong></span> <span class='ocrx_word' id='word_1_223' title='bbox 3007 1551 3163 1610; x_wconf 74' lang='lat' dir='ltr'><strong>Iesus</strong></span> <span class='ocrx_word' id='word_1_224' title='bbox 3190 1554 3351 1611; x_wconf 87' lang='lat' dir='ltr'><strong>hodie</strong></span> <span class='ocrx_word' id='word_1_225' title='bbox 3376 1556 3528 1613; x_wconf 85' lang='lat' dir='ltr'><strong>venit</strong></span> <span class='ocrx_word' id='word_1_226' title='bbox 3557 1556 3625 1613; x_wconf 92' lang='lat' dir='ltr'><strong>ad</strong></span> <span class='ocrx_word' id='word_1_227' title='bbox 3668 1560 3755 1615; x_wconf 88' lang='lat' dir='ltr'><strong>ba-</strong></span> 
     </span>
    </p>
   </div>
   <div class='ocr_carea' id='block_1_32' title="bbox 2156 1626 3749 1719">
    <p class='ocr_par' dir='ltr' id='par_1_32' title="bbox 2156 1626 3749 1719">
     <span class='ocr_line' id='line_1_32' title="bbox 2156 1626 3749 1719; baseline 0.008 -25"><span class='ocrx_word' id='word_1_228' title='bbox 2156 1626 2440 1711; x_wconf 84' lang='lat' dir='ltr'><strong>ptismum,</strong></span> <span class='ocrx_word' id='word_1_229' title='bbox 2474 1650 2528 1696; x_wconf 90' lang='lat' dir='ltr'><strong>et</strong></span> <span class='ocrx_word' id='word_1_230' title='bbox 2557 1657 2753 1713; x_wconf 91' lang='lat' dir='ltr'><strong>corpus</strong></span> <span class='ocrx_word' id='word_1_231' title='bbox 2781 1659 2935 1699; x_wconf 90' lang='lat' dir='ltr'><strong>suum</strong></span> <span class='ocrx_word' id='word_1_232' title='bbox 2965 1653 3211 1701; x_wconf 90' lang='lat' dir='ltr'><strong>sanctum</strong></span> <span class='ocrx_word' id='word_1_233' title='bbox 3238 1646 3413 1702; x_wconf 87' lang='lat' dir='ltr'><strong>voluit</strong></span> <span class='ocrx_word' id='word_1_234' title='bbox 3431 1663 3571 1719; x_wconf 85' lang='lat' dir='ltr'><strong>aqua</strong></span> <span class='ocrx_word' id='word_1_235' title='bbox 3602 1649 3749 1707; x_wconf 85' lang='lat' dir='ltr'><strong>dilui.</strong></span> 
     </span>
    </p>
   </div>
   <div class='ocr_carea' id='block_1_33' title="bbox 448 1730 3753 1820">
    <p class='ocr_par' dir='ltr' id='par_1_33' title="bbox 448 1730 3753 1820">
     <span class='ocr_line' id='line_1_33' title="bbox 448 1730 3753 1820; baseline 0.003 -30"><span class='ocrx_word' id='word_1_236' title='bbox 448 1730 713 1806; x_wconf 58' lang='lat' dir='ltr'><strong>ﬁodicma</strong></span> <span class='ocrx_word' id='word_1_237' title='bbox 742 1749 828 1805; x_wconf 62' lang='lat' dir='ltr'><strong>die</strong></span> <span class='ocrx_word' id='word_1_238' title='bbox 866 1756 1075 1820; x_wconf 60' lang='lat' dir='ltr'><strong>gestum</strong></span> <span class='ocrx_word' id='word_1_239' title='bbox 1102 1763 1223 1803; x_wconf 72' lang='lat' dir='ltr'><strong>esse</strong></span> <span class='ocrx_word' id='word_1_240' title='bbox 1260 1746 1602 1803; x_wconf 60' lang='lat' dir='ltr'><strong>manifestum</strong></span> <span class='ocrx_word' id='word_1_241' title='bbox 1631 1756 1734 1803; x_wconf 69' lang='grc' dir='ltr'>εει,</span> <span class='ocrx_word' id='word_1_242' title='bbox 1787 1747 1944 1815; x_wconf 76' lang='grc' dir='ltr'><strong>ρηοά</strong></span> <span class='ocrx_word' id='word_1_243' title='bbox 1974 1749 2047 1803; x_wconf 64' lang='grc' dir='ltr'>ξω</span> <span class='ocrx_word' id='word_1_244' title='bbox 2077 1748 2126 1807; x_wconf 71' lang='grc' dir='ltr'><strong><em>Β</em></strong></span> <span class='ocrx_word' id='word_1_245' title='bbox 2153 1730 2311 1789; x_wconf 89' lang='lat' dir='ltr'><strong>Dicet</strong></span> <span class='ocrx_word' id='word_1_246' title='bbox 2349 1732 2576 1789; x_wconf 83' lang='lat' dir='ltr'><strong>fortasse</strong></span> <span class='ocrx_word' id='word_1_247' title='bbox 2622 1735 2831 1806; x_wconf 86' lang='lat' dir='ltr'><strong>aliquis.</strong></span> <span class='ocrx_word' id='word_1_248' title='bbox 2875 1735 2977 1804; x_wconf 87' lang='lat' dir='ltr'><strong>Qui</strong></span> <span class='ocrx_word' id='word_1_249' title='bbox 3024 1747 3241 1795; x_wconf 88' lang='lat' dir='ltr'><strong>sanctus</strong></span> <span class='ocrx_word' id='word_1_250' title='bbox 3284 1748 3396 1806; x_wconf 86' lang='lat' dir='ltr'><strong>est,</strong></span> <span class='ocrx_word' id='word_1_251' title='bbox 3449 1758 3548 1798; x_wconf 90' lang='lat' dir='ltr'><strong>cur</strong></span> <span class='ocrx_word' id='word_1_252' title='bbox 3589 1743 3753 1800; x_wconf 86' lang='lat' dir='ltr'><strong>voluit</strong></span> 
     </span>
    </p>
   </div>
   <div class='ocr_carea' id='block_1_34' title="bbox 447 1839 2048 1913">
    <p class='ocr_par' dir='ltr' id='par_1_34' title="bbox 447 1839 2048 1913">
     <span class='ocr_line' id='line_1_34' title="bbox 447 1839 2048 1913; baseline -0.001 -16"><span class='ocrx_word' id='word_1_253' title='bbox 447 1854 641 1899; x_wconf 84' lang='lat' dir='ltr'><strong>verum</strong></span> <span class='ocrx_word' id='word_1_254' title='bbox 667 1857 789 1898; x_wconf 91' lang='lat' dir='ltr'><strong>esse</strong></span> <span class='ocrx_word' id='word_1_255' title='bbox 813 1883 829 1908; x_wconf 93' lang='lat'><strong>,</strong></span> <span class='ocrx_word' id='word_1_256' title='bbox 880 1841 995 1912; x_wconf 89' lang='lat' dir='ltr'><strong>ipsa</strong></span> <span class='ocrx_word' id='word_1_257' title='bbox 1017 1856 1306 1913; x_wconf 86' lang='lat' dir='ltr'><strong>possumus</strong></span> <span class='ocrx_word' id='word_1_258' title='bbox 1332 1839 1589 1911; x_wconf 84' lang='lat' dir='ltr'><strong>colligere</strong></span> <span class='ocrx_word' id='word_1_259' title='bbox 1616 1841 1844 1896; x_wconf 91' lang='lat' dir='ltr'><strong>ratione.</strong></span> <span class='ocrx_word' id='word_1_260' title='bbox 1888 1840 2048 1896; x_wconf 83' lang='lat' dir='ltr'><strong>Ratio</strong></span> 
     </span>
    </p>
   </div>
   <div class='ocr_carea' id='block_1_35' title="bbox 448 1933 2047 2006">
    <p class='ocr_par' dir='ltr' id='par_1_35' title="bbox 448 1933 2047 2006">
     <span class='ocr_line' id='line_1_35' title="bbox 448 1933 2047 2006; baseline -0.001 -15"><span class='ocrx_word' id='word_1_261' title='bbox 448 1935 594 1992; x_wconf 89' lang='lat' dir='ltr'><strong>enim</strong></span> <span class='ocrx_word' id='word_1_262' title='bbox 641 1934 811 2006; x_wconf 81' lang='lat' dir='ltr'><strong>exigit</strong></span> <span class='ocrx_word' id='word_1_263' title='bbox 860 1943 922 1990; x_wconf 91' lang='lat' dir='ltr'><strong>ut</strong></span> <span class='ocrx_word' id='word_1_264' title='bbox 966 1941 1091 2006; x_wconf 87' lang='lat' dir='ltr'><strong>post</strong></span> <span class='ocrx_word' id='word_1_265' title='bbox 1115 1933 1265 1989; x_wconf 86' lang='lat' dir='ltr'><strong>diem</strong></span> <span class='ocrx_word' id='word_1_266' title='bbox 1282 1933 1478 1990; x_wconf 87' lang='lat' dir='ltr'><strong>natalis</strong></span> <span class='ocrx_word' id='word_1_267' title='bbox 1501 1933 1781 2004; x_wconf 89' lang='lat' dir='ltr'><strong>dominici,</strong></span> <span class='ocrx_word' id='word_1_268' title='bbox 1804 1934 1934 1991; x_wconf 89' lang='lat' dir='ltr'><strong>licet</strong></span> <span class='ocrx_word' id='word_1_269' title='bbox 1960 1936 2047 1990; x_wconf 90' lang='lat' dir='ltr'><strong>in-</strong></span> 
     </span>
    </p>
   </div>
   <div class='ocr_carea' id='block_1_36' title="bbox 450 2020 2049 2100">
    <p class='ocr_par' dir='ltr' id='par_1_36' title="bbox 450 2020 2049 2100">
     <span class='ocr_line' id='line_1_36' title="bbox 450 2020 2049 2100; baseline -0.001 -15"><span class='ocrx_word' id='word_1_270' title='bbox 450 2029 730 2100; x_wconf 87' lang='lat' dir='ltr'><strong>terpositis</strong></span> <span class='ocrx_word' id='word_1_271' title='bbox 759 2029 934 2095; x_wconf 89' lang='lat' dir='ltr'><strong>annis,</strong></span> <span class='ocrx_word' id='word_1_272' title='bbox 966 2028 1163 2084; x_wconf 89' lang='lat' dir='ltr'><strong>eodem</strong></span> <span class='ocrx_word' id='word_1_273' title='bbox 1190 2020 1372 2083; x_wconf 70' lang='lat' dir='ltr'><strong>tamen</strong></span> <span class='ocrx_word' id='word_1_274' title='bbox 1400 2036 1667 2100; x_wconf 90' lang='lat' dir='ltr'><strong>tempore,</strong></span> <span class='ocrx_word' id='word_1_275' title='bbox 1698 2029 1815 2085; x_wconf 76' lang='lat' dir='ltr'><strong>hzec</strong></span> <span class='ocrx_word' id='word_1_276' title='bbox 1842 2028 2049 2085; x_wconf 89' lang='lat' dir='ltr'><strong>festivi-</strong></span> 
     </span>
    </p>
   </div>
   <div class='ocr_carea' id='block_1_37' title="bbox 447 2121 2046 2193">
    <p class='ocr_par' dir='ltr' id='par_1_37' title="bbox 447 2121 2046 2193">
     <span class='ocr_line' id='line_1_37' title="bbox 447 2121 2046 2193; baseline -0.001 -13"><span class='ocrx_word' id='word_1_277' title='bbox 447 2130 532 2180; x_wconf 84' lang='lat' dir='ltr'><strong>tas</strong></span> <span class='ocrx_word' id='word_1_278' title='bbox 558 2129 898 2193; x_wconf 85' lang='lat' dir='ltr'><strong>sequeretur,</strong></span> <span class='ocrx_word' id='word_1_279' title='bbox 933 2137 1099 2193; x_wconf 88' lang='lat' dir='ltr'><strong>quam</strong></span> <span class='ocrx_word' id='word_1_280' title='bbox 1135 2129 1193 2177; x_wconf 87' lang='lat' dir='ltr'><strong>et</strong></span> <span class='ocrx_word' id='word_1_281' title='bbox 1228 2122 1403 2193; x_wconf 86' lang='lat' dir='ltr'><strong>ipsam</strong></span> <span class='ocrx_word' id='word_1_282' title='bbox 1441 2121 1790 2178; x_wconf 82' lang='lat' dir='ltr'><strong>festivitatem</strong></span> <span class='ocrx_word' id='word_1_283' title='bbox 1811 2122 2046 2178; x_wconf 89' lang='lat' dir='ltr'><strong>natalem</strong></span> 
     </span>
    </p>
   </div>
   <div class='ocr_carea' id='block_1_38' title="bbox 445 2213 2046 2287">
    <p class='ocr_par' dir='ltr' id='par_1_38' title="bbox 445 2213 2046 2287">
     <span class='ocr_line' id='line_1_38' title="bbox 445 2213 2046 2287; baseline -0.001 -17"><span class='ocrx_word' id='word_1_284' title='bbox 445 2215 825 2286; x_wconf 83' lang='lat' dir='ltr'><strong>appellandam</strong></span> <span class='ocrx_word' id='word_1_285' title='bbox 855 2222 1005 2287; x_wconf 90' lang='lat' dir='ltr'><strong>puto.</strong></span> <span class='ocrx_word' id='word_1_286' title='bbox 1040 2213 1194 2270; x_wconf 87' lang='lat' dir='ltr'><strong>Tunc</strong></span> <span class='ocrx_word' id='word_1_287' title='bbox 1221 2214 1363 2269; x_wconf 91' lang='lat' dir='ltr'><strong>enim</strong></span> <span class='ocrx_word' id='word_1_288' title='bbox 1391 2220 1550 2269; x_wconf 90' lang='lat' dir='ltr'><strong>natus</strong></span> <span class='ocrx_word' id='word_1_289' title='bbox 1572 2213 1880 2270; x_wconf 88' lang='lat' dir='ltr'><strong>hominibus</strong></span> <span class='ocrx_word' id='word_1_290' title='bbox 1897 2254 1912 2280; x_wconf 92' lang='lat'><strong>,</strong></span> <span class='ocrx_word' id='word_1_291' title='bbox 1942 2213 2046 2269; x_wconf 86' lang='lat' dir='ltr'><strong>ho-</strong></span> 
     </span>
    </p>
   </div>
   <div class='ocr_carea' id='block_1_39' title="bbox 445 2306 2046 2378">
    <p class='ocr_par' dir='ltr' id='par_1_39' title="bbox 445 2306 2046 2378">
     <span class='ocr_line' id='line_1_39' title="bbox 445 2306 2046 2378; baseline -0.001 -15"><span class='ocrx_word' id='word_1_292' title='bbox 445 2306 536 2363; x_wconf 91' lang='lat' dir='ltr'><strong>die</strong></span> <span class='ocrx_word' id='word_1_293' title='bbox 562 2314 787 2362; x_wconf 90' lang='lat' dir='ltr'><strong>renatus</strong></span> <span class='ocrx_word' id='word_1_294' title='bbox 813 2313 900 2375; x_wconf 81' lang='lat' dir='ltr'><strong>est</strong></span> <span class='ocrx_word' id='word_1_295' title='bbox 928 2307 1314 2373; x_wconf 84' lang='lat' dir='ltr'><strong>sacramentis;</strong></span> <span class='ocrx_word' id='word_1_296' title='bbox 1346 2314 1473 2362; x_wconf 90' lang='lat' dir='ltr'><strong>tunc</strong></span> <span class='ocrx_word' id='word_1_297' title='bbox 1501 2322 1599 2378; x_wconf 90' lang='lat' dir='ltr'><strong>per</strong></span> <span class='ocrx_word' id='word_1_298' title='bbox 1627 2306 1890 2377; x_wconf 87' lang='lat' dir='ltr'><strong>virginem</strong></span> <span class='ocrx_word' id='word_1_299' title='bbox 1926 2306 2046 2362; x_wconf 77' lang='lat' dir='ltr'><strong>edi—</strong></span> 
     </span>
    </p>
   </div>
   <div class='ocr_carea' id='block_1_40' title="bbox 445 2399 2049 2473">
    <p class='ocr_par' dir='ltr' id='par_1_40' title="bbox 445 2399 2049 2473">
     <span class='ocr_line' id='line_1_40' title="bbox 445 2399 2049 2473; baseline 0 -17"><span class='ocrx_word' id='word_1_300' title='bbox 445 2406 555 2469; x_wconf 88' lang='lat' dir='ltr'><strong>tus,</strong></span> <span class='ocrx_word' id='word_1_301' title='bbox 584 2399 745 2457; x_wconf 88' lang='lat' dir='ltr'><strong>hodie</strong></span> <span class='ocrx_word' id='word_1_302' title='bbox 773 2413 871 2471; x_wconf 87' lang='lat' dir='ltr'><strong>per</strong></span> <span class='ocrx_word' id='word_1_303' title='bbox 898 2400 1215 2473; x_wconf 86' lang='lat' dir='ltr'><strong>mysterium</strong></span> <span class='ocrx_word' id='word_1_304' title='bbox 1243 2408 1552 2472; x_wconf 88' lang='lat' dir='ltr'><strong>generatus.</strong></span> <span class='ocrx_word' id='word_1_305' title='bbox 1594 2400 1672 2455; x_wconf 84' lang='lat' dir='ltr'><strong>Ita</strong></span> <span class='ocrx_word' id='word_1_306' title='bbox 1700 2401 1844 2456; x_wconf 89' lang='lat' dir='ltr'><strong>enim</strong></span> <span class='ocrx_word' id='word_1_307' title='bbox 1865 2400 2049 2471; x_wconf 88' lang='lat' dir='ltr'><strong>dispo-</strong></span> 
     </span>
    </p>
   </div>
   <div class='ocr_carea' id='block_1_41' title="bbox 442 2491 2048 2563">
    <p class='ocr_par' dir='ltr' id='par_1_41' title="bbox 442 2491 2048 2563">
     <span class='ocr_line' id='line_1_41' title="bbox 442 2491 2048 2563; baseline 0 -16"><span class='ocrx_word' id='word_1_308' title='bbox 442 2492 556 2547; x_wconf 84' lang='lat' dir='ltr'><strong>suit</strong></span> <span class='ocrx_word' id='word_1_309' title='bbox 604 2491 894 2560; x_wconf 85' lang='lat' dir='ltr'><strong>Dominus,</strong></span> <span class='ocrx_word' id='word_1_310' title='bbox 947 2507 1057 2559; x_wconf 78' lang='lat' dir='ltr'><strong>non</strong></span> <span class='ocrx_word' id='word_1_311' title='bbox 1104 2492 1267 2563; x_wconf 89' lang='lat' dir='ltr'><strong>longe</strong></span> <span class='ocrx_word' id='word_1_312' title='bbox 1308 2492 1452 2548; x_wconf 91' lang='lat' dir='ltr'><strong>inter</strong></span> <span class='ocrx_word' id='word_1_313' title='bbox 1496 2508 1555 2549; x_wconf 90' lang='lat' dir='ltr'><strong>se</strong></span> <span class='ocrx_word' id='word_1_314' title='bbox 1596 2493 1875 2549; x_wconf 90' lang='lat' dir='ltr'><strong>hominum</strong></span> <span class='ocrx_word' id='word_1_315' title='bbox 1919 2500 2048 2548; x_wconf 90' lang='lat' dir='ltr'><strong>vota</strong></span> 
     </span>
    </p>
   </div>
   <div class='ocr_carea' id='block_1_42' title="bbox 443 2582 2046 2656">
    <p class='ocr_par' dir='ltr' id='par_1_42' title="bbox 443 2582 2046 2656">
     <span class='ocr_line' id='line_1_42' title="bbox 443 2582 2046 2656; baseline 0.002 -18"><span class='ocrx_word' id='word_1_316' title='bbox 443 2582 676 2649; x_wconf 87' lang='lat' dir='ltr'><strong>distare,</strong></span> <span class='ocrx_word' id='word_1_317' title='bbox 707 2591 768 2639; x_wconf 90' lang='lat' dir='ltr'><strong>ut</strong></span> <span class='ocrx_word' id='word_1_318' title='bbox 794 2599 903 2640; x_wconf 91' lang='lat' dir='ltr'><strong>uno</strong></span> <span class='ocrx_word' id='word_1_319' title='bbox 929 2591 1175 2656; x_wconf 83' lang='lat' dir='ltr'><strong>tempore</strong></span> <span class='ocrx_word' id='word_1_320' title='bbox 1192 2626 1208 2652; x_wconf 90' lang='lat'><strong>,</strong></span> <span class='ocrx_word' id='word_1_321' title='bbox 1228 2600 1400 2656; x_wconf 82' lang='lat' dir='ltr'><strong>quem</strong></span> <span class='ocrx_word' id='word_1_322' title='bbox 1427 2585 1669 2656; x_wconf 89' lang='lat' dir='ltr'><strong>genitum</strong></span> <span class='ocrx_word' id='word_1_323' title='bbox 1697 2586 2046 2656; x_wconf 85' lang='lat' dir='ltr'><strong>gratulaban-</strong></span> 
     </span>
    </p>
   </div>
   <div class='ocr_carea' id='block_1_43' title="bbox 450 2675 2051 2746">
    <p class='ocr_par' dir='ltr' id='par_1_43' title="bbox 450 2675 2051 2746">
     <span class='ocr_line' id='line_1_43' title="bbox 450 2675 2051 2746; baseline 0.002 -15"><span class='ocrx_word' id='word_1_324' title='bbox 450 2682 540 2731; x_wconf 88' lang='lat' dir='ltr'><strong>tur</strong></span> <span class='ocrx_word' id='word_1_325' title='bbox 566 2675 621 2730; x_wconf 89' lang='lat' dir='ltr'><strong>in</strong></span> <span class='ocrx_word' id='word_1_326' title='bbox 644 2675 837 2743; x_wconf 88' lang='lat' dir='ltr'><strong>terris,</strong></span> <span class='ocrx_word' id='word_1_327' title='bbox 884 2676 1279 2733; x_wconf 75' lang='lat' dir='ltr'><strong>sanctificatum</strong></span> <span class='ocrx_word' id='word_1_328' title='bbox 1331 2676 1646 2734; x_wconf 73' lang='lat' dir='ltr'><strong>laetarentur</strong></span> <span class='ocrx_word' id='word_1_329' title='bbox 1685 2679 1740 2734; x_wconf 91' lang='lat' dir='ltr'><strong>in</strong></span> <span class='ocrx_word' id='word_1_330' title='bbox 1769 2678 1957 2746; x_wconf 64' lang='lat' dir='ltr'><strong>cretis;</strong></span> <span class='ocrx_word' id='word_1_331' title='bbox 1989 2687 2051 2734; x_wconf 92' lang='lat' dir='ltr'><strong>ut</strong></span> 
     </span>
    </p>
   </div>
   <div class='ocr_carea' id='block_1_44' title="bbox 443 2767 2050 2843">
    <p class='ocr_par' dir='ltr' id='par_1_44' title="bbox 443 2767 2050 2843">
     <span class='ocr_line' id='line_1_44' title="bbox 443 2767 2050 2843; baseline 0.003 -21"><span class='ocrx_word' id='word_1_332' title='bbox 443 2767 537 2839; x_wconf 91' lang='lat' dir='ltr'><strong>qui</strong></span> <span class='ocrx_word' id='word_1_333' title='bbox 566 2776 782 2839; x_wconf 87' lang='lat' dir='ltr'><strong>partum</strong></span> <span class='ocrx_word' id='word_1_334' title='bbox 813 2768 1056 2841; x_wconf 82' lang='lat' dir='ltr'><strong>virginis,</strong></span> <span class='ocrx_word' id='word_1_335' title='bbox 1079 2769 1286 2841; x_wconf 87' lang='lat' dir='ltr'><strong>angelis</strong></span> <span class='ocrx_word' id='word_1_336' title='bbox 1309 2770 1775 2839; x_wconf 89' lang='lat' dir='ltr'><strong>annuntiantibus,</strong></span> <span class='ocrx_word' id='word_1_337' title='bbox 1804 2771 2050 2843; x_wconf 87' lang='lat' dir='ltr'><strong>posside-</strong></span> 
     </span>
    </p>
   </div>
   <div class='ocr_carea' id='block_1_45' title="bbox 445 2859 2049 2930">
    <p class='ocr_par' dir='ltr' id='par_1_45' title="bbox 445 2859 2049 2930">
     <span class='ocr_line' id='line_1_45' title="bbox 445 2859 2049 2930; baseline 0.002 -16"><span class='ocrx_word' id='word_1_338' title='bbox 445 2859 579 2915; x_wconf 85' lang='lat' dir='ltr'><strong>bant</strong></span> <span class='ocrx_word' id='word_1_339' title='bbox 602 2859 697 2916; x_wconf 88' lang='lat' dir='ltr'><strong>Dei</strong></span> <span class='ocrx_word' id='word_1_340' title='bbox 726 2859 923 2916; x_wconf 87' lang='lat' dir='ltr'><strong>Filium</strong></span> <span class='ocrx_word' id='word_1_341' title='bbox 949 2902 964 2929; x_wconf 93' lang='lat'><strong>,</strong></span> <span class='ocrx_word' id='word_1_342' title='bbox 989 2860 1143 2917; x_wconf 63' lang='lat' dir='ltr'><strong>caelis</strong></span> <span class='ocrx_word' id='word_1_343' title='bbox 1188 2862 1511 2917; x_wconf 89' lang='lat' dir='ltr'><strong>testantibus</strong></span> <span class='ocrx_word' id='word_1_344' title='bbox 1537 2863 1858 2930; x_wconf 88' lang='lat' dir='ltr'><strong>retinerent,</strong></span> <span class='ocrx_word' id='word_1_345' title='bbox 1882 2864 2049 2920; x_wconf 90' lang='lat' dir='ltr'><strong>certi-</strong></span> 
     </span>
    </p>
   </div>
   <div class='ocr_carea' id='block_1_46' title="bbox 443 2954 2047 3029">
    <p class='ocr_par' dir='ltr' id='par_1_46' title="bbox 443 2954 2047 3029">
     <span class='ocr_line' id='line_1_46' title="bbox 443 2954 2047 3029; baseline 0.002 -20"><span class='ocrx_word' id='word_1_346' title='bbox 443 2967 553 3023; x_wconf 82' lang='lat' dir='ltr'><strong>que</strong></span> <span class='ocrx_word' id='word_1_347' title='bbox 587 2964 772 3009; x_wconf 88' lang='lat' dir='ltr'><strong>essent</strong></span> <span class='ocrx_word' id='word_1_348' title='bbox 815 2954 1065 3010; x_wconf 85' lang='lat' dir='ltr'><strong>homines</strong></span> <span class='ocrx_word' id='word_1_349' title='bbox 1091 2955 1217 3026; x_wconf 82' lang='lat' dir='ltr'><strong>quia</strong></span> <span class='ocrx_word' id='word_1_350' title='bbox 1251 2956 1368 3026; x_wconf 85' lang='lat' dir='ltr'><strong>ipse</strong></span> <span class='ocrx_word' id='word_1_351' title='bbox 1387 2962 1534 3011; x_wconf 87' lang='lat' dir='ltr'><strong>esset</strong></span> <span class='ocrx_word' id='word_1_352' title='bbox 1561 2955 1729 3013; x_wconf 88' lang='lat' dir='ltr'><strong>Filius</strong></span> <span class='ocrx_word' id='word_1_353' title='bbox 1757 2956 1856 3013; x_wconf 91' lang='lat' dir='ltr'><strong>Dei</strong></span> <span class='ocrx_word' id='word_1_354' title='bbox 1882 2972 2047 3029; x_wconf 89' lang='lat' dir='ltr'><strong>quem</strong></span> 
     </span>
    </p>
   </div>
   <div class='ocr_carea' id='block_1_47' title="bbox 441 3044 2051 3117">
    <p class='ocr_par' dir='ltr' id='par_1_47' title="bbox 441 3044 2051 3117">
     <span class='ocr_line' id='line_1_47' title="bbox 441 3044 2051 3117; baseline 0.002 -16"><span class='ocrx_word' id='word_1_355' title='bbox 441 3044 595 3116; x_wconf 72' lang='lat' dir='ltr'><strong>virgo</strong></span> <span class='ocrx_word' id='word_1_356' title='bbox 648 3055 938 3116; x_wconf 87' lang='lat' dir='ltr'><strong>pepererat</strong></span> <span class='ocrx_word' id='word_1_357' title='bbox 957 3086 974 3113; x_wconf 93' lang='lat'><strong>,</strong></span> <span class='ocrx_word' id='word_1_358' title='bbox 1025 3046 1288 3102; x_wconf 89' lang='lat' dir='ltr'><strong>Divinitas</strong></span> <span class='ocrx_word' id='word_1_359' title='bbox 1335 3048 1682 3117; x_wconf 80' lang='lat' dir='ltr'><strong>agnascebat.</strong></span> <span class='ocrx_word' id='word_1_360' title='bbox 1731 3047 1871 3105; x_wconf 83' lang='lat' dir='ltr'><strong>Novi</strong></span> <span class='ocrx_word' id='word_1_361' title='bbox 1905 3050 2051 3105; x_wconf 90' lang='lat' dir='ltr'><strong>enim</strong></span> 
     </span>
    </p>
   </div>
   <div class='ocr_carea' id='block_1_48' title="bbox 2155 1826 3743 1902">
    <p class='ocr_par' dir='ltr' id='par_1_48' title="bbox 2155 1826 3743 1902">
     <span class='ocr_line' id='line_1_48' title="bbox 2155 1826 3743 1902; baseline 0.006 -20"><span class='ocrx_word' id='word_1_362' title='bbox 2155 1827 2459 1897; x_wconf 84' lang='lat' dir='ltr'><strong>baptizari?</strong></span> <span class='ocrx_word' id='word_1_363' title='bbox 2479 1826 2617 1882; x_wconf 82' lang='lat' dir='ltr'><strong>Audi</strong></span> <span class='ocrx_word' id='word_1_364' title='bbox 2643 1841 2774 1897; x_wconf 90' lang='lat' dir='ltr'><strong>ergo</strong></span> <span class='ocrx_word' id='word_1_365' title='bbox 2800 1847 2811 1881; x_wconf 90' lang='lat'><strong>:</strong></span> <span class='ocrx_word' id='word_1_366' title='bbox 2846 1829 2971 1885; x_wconf 90' lang='lat' dir='ltr'><strong>ideo</strong></span> <span class='ocrx_word' id='word_1_367' title='bbox 2992 1829 3297 1902; x_wconf 83' lang='lat' dir='ltr'><strong>baptizatur</strong></span> <span class='ocrx_word' id='word_1_368' title='bbox 3323 1831 3572 1890; x_wconf 86' lang='lat' dir='ltr'><strong>Christus</strong></span> <span class='ocrx_word' id='word_1_369' title='bbox 3592 1877 3608 1902; x_wconf 94' lang='lat'><strong>,</strong></span> <span class='ocrx_word' id='word_1_370' title='bbox 3640 1852 3743 1892; x_wconf 90' lang='lat' dir='ltr'><strong>non</strong></span> 
     </span>
    </p>
   </div>
   <div class='ocr_carea' id='block_1_49' title="bbox 2156 1912 3749 1997">
    <p class='ocr_par' dir='ltr' id='par_1_49' title="bbox 2156 1912 3749 1997">
     <span class='ocr_line' id='line_1_49' title="bbox 2156 1912 3749 1997; baseline 0.004 -22"><span class='ocrx_word' id='word_1_371' title='bbox 2156 1927 2219 1975; x_wconf 91' lang='lat' dir='ltr'><strong>ut</strong></span> <span class='ocrx_word' id='word_1_372' title='bbox 2239 1912 2607 1976; x_wconf 82' lang='lat' dir='ltr'><strong>sanctificetur</strong></span> <span class='ocrx_word' id='word_1_373' title='bbox 2638 1921 2705 1976; x_wconf 90' lang='lat' dir='ltr'><strong>ab</strong></span> <span class='ocrx_word' id='word_1_374' title='bbox 2735 1922 2916 1991; x_wconf 87' lang='lat' dir='ltr'><strong>aquis,</strong></span> <span class='ocrx_word' id='word_1_375' title='bbox 2956 1923 3051 1979; x_wconf 90' lang='lat' dir='ltr'><strong>sed</strong></span> <span class='ocrx_word' id='word_1_376' title='bbox 3078 1934 3135 1978; x_wconf 84' lang='lat' dir='ltr'><strong>ut</strong></span> <span class='ocrx_word' id='word_1_377' title='bbox 3168 1924 3284 1997; x_wconf 90' lang='lat' dir='ltr'><strong>ipse</strong></span> <span class='ocrx_word' id='word_1_378' title='bbox 3310 1941 3480 1996; x_wconf 84' lang='lat' dir='ltr'><strong>aquas</strong></span> <span class='ocrx_word' id='word_1_379' title='bbox 3508 1926 3749 1984; x_wconf 79' lang='lat' dir='ltr'><strong>sanctifi-</strong></span> 
     </span>
    </p>
   </div>
   <div class='ocr_carea' id='block_1_50' title="bbox 2154 2012 3748 2091">
    <p class='ocr_par' dir='ltr' id='par_1_50' title="bbox 2154 2012 3748 2091">
     <span class='ocr_line' id='line_1_50' title="bbox 2154 2012 3748 2091; baseline 0.005 -24"><span class='ocrx_word' id='word_1_380' title='bbox 2154 2019 2263 2076; x_wconf 88' lang='lat' dir='ltr'><strong>cet,</strong></span> <span class='ocrx_word' id='word_1_381' title='bbox 2296 2019 2350 2067; x_wconf 91' lang='lat' dir='ltr'><strong>et</strong></span> <span class='ocrx_word' id='word_1_382' title='bbox 2378 2012 2750 2083; x_wconf 79' lang='lat' dir='ltr'><strong>puriﬁcatione</strong></span> <span class='ocrx_word' id='word_1_383' title='bbox 2780 2014 2861 2069; x_wconf 92' lang='lat' dir='ltr'><strong>sui</strong></span> <span class='ocrx_word' id='word_1_384' title='bbox 2892 2014 3140 2085; x_wconf 85' lang='lat' dir='ltr'><strong>puriﬂcet</strong></span> <span class='ocrx_word' id='word_1_385' title='bbox 3172 2014 3371 2073; x_wconf 83' lang='lat' dir='ltr'><strong>fluenta</strong></span> <span class='ocrx_word' id='word_1_386' title='bbox 3401 2034 3522 2089; x_wconf 65' lang='lat' dir='ltr'><strong>quse</strong></span> <span class='ocrx_word' id='word_1_387' title='bbox 3559 2012 3748 2091; x_wconf 87' lang='lat' dir='ltr'><strong>tangit.</strong></span> 
     </span>
    </p>
   </div>
   <div class='ocr_carea' id='block_1_51' title="bbox 2158 2100 3751 2182">
    <p class='ocr_par' dir='ltr' id='par_1_51' title="bbox 2158 2100 3751 2182">
     <span class='ocr_line' id='line_1_51' title="bbox 2158 2100 3751 2182; baseline 0.008 -24"><span class='ocrx_word' id='word_1_388' title='bbox 2158 2100 2511 2159; x_wconf 89' lang='lat' dir='ltr'><strong>Consecratio</strong></span> <span class='ocrx_word' id='word_1_389' title='bbox 2540 2105 2683 2160; x_wconf 92' lang='lat' dir='ltr'><strong>enim</strong></span> <span class='ocrx_word' id='word_1_390' title='bbox 2713 2104 2911 2161; x_wconf 88' lang='lat' dir='ltr'><strong>Christi</strong></span> <span class='ocrx_word' id='word_1_391' title='bbox 2941 2109 3281 2166; x_wconf 87' lang='lat' dir='ltr'><strong>consecratio</strong></span> <span class='ocrx_word' id='word_1_392' title='bbox 3310 2111 3486 2182; x_wconf 89' lang='lat' dir='ltr'><strong>major</strong></span> <span class='ocrx_word' id='word_1_393' title='bbox 3525 2119 3610 2168; x_wconf 90' lang='lat' dir='ltr'><strong>est</strong></span> <span class='ocrx_word' id='word_1_394' title='bbox 3644 2112 3751 2170; x_wconf 84' lang='lat' dir='ltr'><strong>ele-</strong></span> 
     </span>
    </p>
   </div>
   <div class='ocr_carea' id='block_1_52' title="bbox 2154 2199 3751 2277">
    <p class='ocr_par' dir='ltr' id='par_1_52' title="bbox 2154 2199 3751 2277">
     <span class='ocr_line' id='line_1_52' title="bbox 2154 2199 3751 2277; baseline 0.006 -23"><span class='ocrx_word' id='word_1_395' title='bbox 2154 2199 2346 2255; x_wconf 90' lang='lat' dir='ltr'><strong>menti.</strong></span> <span class='ocrx_word' id='word_1_396' title='bbox 2378 2200 2512 2255; x_wconf 87' lang='lat' dir='ltr'><strong>Cum</strong></span> <span class='ocrx_word' id='word_1_397' title='bbox 2538 2199 2701 2274; x_wconf 60' lang='lat'><strong>517</strong></span> <span class='ocrx_word' id='word_1_398' title='bbox 2728 2202 2871 2257; x_wconf 90' lang='lat' dir='ltr'><strong>e‘nim</strong></span> <span class='ocrx_word' id='word_1_399' title='bbox 2910 2201 3163 2259; x_wconf 89' lang='lat' dir='ltr'><strong>Salvator</strong></span> <span class='ocrx_word' id='word_1_400' title='bbox 3199 2203 3452 2271; x_wconf 87' lang='lat' dir='ltr'><strong>abluitur,</strong></span> <span class='ocrx_word' id='word_1_401' title='bbox 3480 2206 3596 2277; x_wconf 86' lang='lat' dir='ltr'><strong>jam</strong></span> <span class='ocrx_word' id='word_1_402' title='bbox 3632 2217 3751 2264; x_wconf 86' lang='lat' dir='ltr'><strong>tunc</strong></span> 
     </span>
    </p>
   </div>
   <div class='ocr_carea' id='block_1_53' title="bbox 2154 2291 3751 2370">
    <p class='ocr_par' dir='ltr' id='par_1_53' title="bbox 2154 2291 3751 2370">
     <span class='ocr_line' id='line_1_53' title="bbox 2154 2291 3751 2370; baseline 0.006 -25"><span class='ocrx_word' id='word_1_403' title='bbox 2154 2291 2212 2346; x_wconf 88' lang='lat' dir='ltr'><strong>in</strong></span> <span class='ocrx_word' id='word_1_404' title='bbox 2239 2298 2483 2347; x_wconf 91' lang='lat' dir='ltr'><strong>nostrum</strong></span> <span class='ocrx_word' id='word_1_405' title='bbox 2518 2291 2845 2363; x_wconf 88' lang='lat' dir='ltr'><strong>baptismum</strong></span> <span class='ocrx_word' id='word_1_406' title='bbox 2885 2300 2997 2349; x_wconf 88' lang='lat' dir='ltr'><strong>tota</strong></span> <span class='ocrx_word' id='word_1_407' title='bbox 3042 2308 3181 2364; x_wconf 90' lang='lat' dir='ltr'><strong>aqua</strong></span> <span class='ocrx_word' id='word_1_408' title='bbox 3219 2295 3529 2365; x_wconf 88' lang='lat' dir='ltr'><strong>mundatur,</strong></span> <span class='ocrx_word' id='word_1_409' title='bbox 3571 2306 3629 2354; x_wconf 89' lang='lat' dir='ltr'><strong>et</strong></span> <span class='ocrx_word' id='word_1_410' title='bbox 3654 2315 3751 2370; x_wconf 70' lang='lat' dir='ltr'><strong>pu~</strong></span> 
     </span>
    </p>
   </div>
   <div class='ocr_carea' id='block_1_54' title="bbox 2153 2378 3751 2460">
    <p class='ocr_par' dir='ltr' id='par_1_54' title="bbox 2153 2378 3751 2460">
     <span class='ocr_line' id='line_1_54' title="bbox 2153 2378 3751 2460; baseline 0.006 -23"><span class='ocrx_word' id='word_1_411' title='bbox 2153 2378 2397 2439; x_wconf 74' lang='lat' dir='ltr'><strong>rideatur</strong></span> <span class='ocrx_word' id='word_1_412' title='bbox 2424 2381 2545 2439; x_wconf 90' lang='lat' dir='ltr'><strong>fons</strong></span> <span class='ocrx_word' id='word_1_413' title='bbox 2562 2424 2577 2449; x_wconf 92' lang='lat'><strong>,</strong></span> <span class='ocrx_word' id='word_1_414' title='bbox 2603 2390 2663 2438; x_wconf 89' lang='lat' dir='ltr'><strong>ut</strong></span> <span class='ocrx_word' id='word_1_415' title='bbox 2693 2384 2963 2439; x_wconf 87' lang='lat' dir='ltr'><strong>secuturis</strong></span> <span class='ocrx_word' id='word_1_416' title='bbox 2988 2384 3334 2456; x_wconf 82' lang='lat' dir='ltr'><strong>postmodum</strong></span> <span class='ocrx_word' id='word_1_417' title='bbox 3360 2388 3579 2460; x_wconf 88' lang='lat' dir='ltr'><strong>populis</strong></span> <span class='ocrx_word' id='word_1_418' title='bbox 3606 2389 3751 2446; x_wconf 83' lang='lat' dir='ltr'><strong>lava-</strong></span> 
     </span>
    </p>
   </div>
   <div class='ocr_carea' id='block_1_55' title="bbox 2153 2473 3751 2554">
    <p class='ocr_par' dir='ltr' id='par_1_55' title="bbox 2153 2473 3751 2554">
     <span class='ocr_line' id='line_1_55' title="bbox 2153 2473 3751 2554; baseline 0.007 -26"><span class='ocrx_word' id='word_1_419' title='bbox 2153 2474 2233 2529; x_wconf 88' lang='lat' dir='ltr'><strong>cri</strong></span> <span class='ocrx_word' id='word_1_420' title='bbox 2277 2474 2448 2545; x_wconf 88' lang='lat' dir='ltr'><strong>gratia</strong></span> <span class='ocrx_word' id='word_1_421' title='bbox 2492 2474 2848 2531; x_wconf 88' lang='lat' dir='ltr'><strong>ministretur.</strong></span> <span class='ocrx_word' id='word_1_422' title='bbox 2908 2473 3173 2532; x_wconf 65' lang='lat' dir='ltr'><strong>Phccedit</strong></span> <span class='ocrx_word' id='word_1_423' title='bbox 3211 2493 3342 2548; x_wconf 86' lang='lat' dir='ltr'><strong>ergo</strong></span> <span class='ocrx_word' id='word_1_424' title='bbox 3383 2478 3635 2538; x_wconf 87' lang='lat' dir='ltr'><strong>Christus</strong></span> <span class='ocrx_word' id='word_1_425' title='bbox 3657 2494 3751 2554; x_wconf 86' lang='lat' dir='ltr'><strong>per</strong></span> 
     </span>
    </p>
   </div>
   <div class='ocr_carea' id='block_1_56' title="bbox 2159 2564 3750 2644">
    <p class='ocr_par' dir='ltr' id='par_1_56' title="bbox 2159 2564 3750 2644">
     <span class='ocr_line' id='line_1_56' title="bbox 2159 2564 3750 2644; baseline 0.006 -24"><span class='ocrx_word' id='word_1_426' title='bbox 2159 2565 2508 2636; x_wconf 87' lang='lat' dir='ltr'><strong>baptismum,</strong></span> <span class='ocrx_word' id='word_1_427' title='bbox 2540 2573 2600 2620; x_wconf 88' lang='lat' dir='ltr'><strong>ut</strong></span> <span class='ocrx_word' id='word_1_428' title='bbox 2637 2564 2935 2622; x_wconf 81' lang='lat' dir='ltr'><strong>Christiani</strong></span> <span class='ocrx_word' id='word_1_429' title='bbox 2981 2575 3105 2638; x_wconf 88' lang='lat' dir='ltr'><strong>post</strong></span> <span class='ocrx_word' id='word_1_430' title='bbox 3139 2582 3261 2623; x_wconf 88' lang='lat' dir='ltr'><strong>eum</strong></span> <span class='ocrx_word' id='word_1_431' title='bbox 3291 2567 3632 2628; x_wconf 78' lang='lat' dir='ltr'><strong>confidenter</strong></span> <span class='ocrx_word' id='word_1_432' title='bbox 3652 2585 3750 2644; x_wconf 86' lang='lat' dir='ltr'><strong>po-</strong></span> 
     </span>
    </p>
   </div>
   <div class='ocr_carea' id='block_1_57' title="bbox 2152 2651 3750 2733">
    <p class='ocr_par' dir='ltr' id='par_1_57' title="bbox 2152 2651 3750 2733">
     <span class='ocr_line' id='line_1_57' title="bbox 2152 2651 3750 2733; baseline 0.004 -21"><span class='ocrx_word' id='word_1_433' title='bbox 2152 2658 2269 2729; x_wconf 89' lang='lat' dir='ltr'><strong>puli</strong></span> <span class='ocrx_word' id='word_1_434' title='bbox 2310 2657 2730 2728; x_wconf 85' lang='lat' dir='ltr'><strong>subsequantur.</strong></span> <span class='ocrx_word' id='word_1_435' title='bbox 2759 2653 2787 2695; x_wconf 70' lang='grc' dir='ltr'><em>δ</em></span> <span class='ocrx_word' id='word_1_436' title='bbox 2817 2655 3061 2728; x_wconf 76' lang='lat' dir='ltr'><strong>[nteﬂige</strong></span> <span class='ocrx_word' id='word_1_437' title='bbox 3106 2673 3239 2731; x_wconf 80' lang='lat' dir='ltr'><strong>ergo</strong></span> <span class='ocrx_word' id='word_1_438' title='bbox 3276 2662 3614 2733; x_wconf 82' lang='lat' dir='ltr'><strong>mysterium.</strong></span> <span class='ocrx_word' id='word_1_439' title='bbox 3650 2651 3750 2719; x_wconf 71' lang='lat' dir='ltr'><strong>ita</strong></span> 
     </span>
    </p>
   </div>
   <div class='ocr_carea' id='block_1_58' title="bbox 2154 2747 3747 2824">
    <p class='ocr_par' dir='ltr' id='par_1_58' title="bbox 2154 2747 3747 2824">
     <span class='ocr_line' id='line_1_58' title="bbox 2154 2747 3747 2824; baseline 0.004 -19"><span class='ocrx_word' id='word_1_440' title='bbox 2154 2747 2298 2805; x_wconf 89' lang='lat' dir='ltr'><strong>enim</strong></span> <span class='ocrx_word' id='word_1_441' title='bbox 2323 2759 2348 2786; x_wconf 79' lang='grc' dir='ltr'>ε</span> <span class='ocrx_word' id='word_1_442' title='bbox 2364 2756 2421 2803; x_wconf 90' lang='lat' dir='ltr'><strong>et</strong></span> <span class='ocrx_word' id='word_1_443' title='bbox 2441 2749 2692 2805; x_wconf 81' lang='lat' dir='ltr'><strong>columna</strong></span> <span class='ocrx_word' id='word_1_444' title='bbox 2724 2747 2860 2821; x_wconf 85' lang='lat' dir='ltr'><strong>ignis</strong></span> <span class='ocrx_word' id='word_1_445' title='bbox 2881 2750 3157 2820; x_wconf 74' lang='lat' dir='ltr'><strong>praecessit</strong></span> <span class='ocrx_word' id='word_1_446' title='bbox 3181 2764 3283 2823; x_wconf 88' lang='lat' dir='ltr'><strong>per</strong></span> <span class='ocrx_word' id='word_1_447' title='bbox 3307 2766 3460 2811; x_wconf 84' lang='lat' dir='ltr'><strong>mare</strong></span> <span class='ocrx_word' id='word_1_448' title='bbox 3483 2751 3747 2824; x_wconf 83' lang='lat' dir='ltr'><strong>Rubrum,</strong></span> 
     </span>
    </p>
   </div>
   <div class='ocr_carea' id='block_1_59' title="bbox 2153 2841 3750 2918">
    <p class='ocr_par' dir='ltr' id='par_1_59' title="bbox 2153 2841 3750 2918">
     <span class='ocr_line' id='line_1_59' title="bbox 2153 2841 3750 2918; baseline 0.005 -21"><span class='ocrx_word' id='word_1_449' title='bbox 2153 2849 2217 2897; x_wconf 90' lang='lat' dir='ltr'><strong>ut</strong></span> <span class='ocrx_word' id='word_1_450' title='bbox 2257 2841 2585 2914; x_wconf 86' lang='lat' dir='ltr'><strong>intrepidum</strong></span> <span class='ocrx_word' id='word_1_451' title='bbox 2633 2842 2740 2898; x_wconf 80' lang='lat' dir='ltr'><strong>iter</strong></span> <span class='ocrx_word' id='word_1_452' title='bbox 2783 2841 2951 2899; x_wconf 84' lang='lat' dir='ltr'><strong>lsrael</strong></span> <span class='ocrx_word' id='word_1_453' title='bbox 2998 2843 3093 2899; x_wconf 76' lang='lat' dir='ltr'><strong>ﬁlii</strong></span> <span class='ocrx_word' id='word_1_454' title='bbox 3130 2843 3152 2883; x_wconf 69' lang='grc' dir='ltr'><em>τ</em></span> <span class='ocrx_word' id='word_1_455' title='bbox 3190 2845 3670 2918; x_wconf 74' lang='lat' dir='ltr'><strong>subsequerentur,</strong></span> <span class='ocrx_word' id='word_1_456' title='bbox 3698 2856 3750 2905; x_wconf 89' lang='lat' dir='ltr'><strong>et</strong></span> 
     </span>
    </p>
   </div>
   <div class='ocr_carea' id='block_1_60' title="bbox 2155 2936 3750 3007">
    <p class='ocr_par' dir='ltr' id='par_1_60' title="bbox 2155 2936 3750 3007">
     <span class='ocr_line' id='line_1_60' title="bbox 2155 2936 3750 3007; baseline 0.006 -18"><span class='ocrx_word' id='word_1_457' title='bbox 2155 2936 2270 3006; x_wconf 86' lang='lat' dir='ltr'><strong>ipsa</strong></span> <span class='ocrx_word' id='word_1_458' title='bbox 2307 2936 2458 3006; x_wconf 91' lang='lat' dir='ltr'><strong>prius</strong></span> <span class='ocrx_word' id='word_1_459' title='bbox 2501 2950 2601 3007; x_wconf 88' lang='lat' dir='ltr'><strong>per</strong></span> <span class='ocrx_word' id='word_1_460' title='bbox 2646 2951 2812 3006; x_wconf 87' lang='lat' dir='ltr'><strong>aquas</strong></span> <span class='ocrx_word' id='word_1_461' title='bbox 2834 2947 2862 2986; x_wconf 76' lang='grc' dir='ltr'><strong><em>ε</em></strong></span> <span class='ocrx_word' id='word_1_462' title='bbox 2886 2950 3069 3007; x_wconf 87' lang='lat' dir='ltr'><strong>gressa</strong></span> <span class='ocrx_word' id='word_1_463' title='bbox 3118 2946 3230 3006; x_wconf 90' lang='lat' dir='ltr'><strong>est,</strong></span> <span class='ocrx_word' id='word_1_464' title='bbox 3267 2938 3296 2978; x_wconf 74' lang='grc' dir='ltr'><strong>ιι</strong></span> <span class='ocrx_word' id='word_1_465' title='bbox 3324 2949 3385 2996; x_wconf 84' lang='grc' dir='ltr'><strong>ιιι</strong></span> <span class='ocrx_word' id='word_1_466' title='bbox 3409 2941 3750 2999; x_wconf 84' lang='lat' dir='ltr'><strong>venientibus</strong></span> 
     </span>
    </p>
   </div>
   <div class='ocr_carea' id='block_1_61' title="bbox 2154 3030 3743 3104">
    <p class='ocr_par' dir='ltr' id='par_1_61' title="bbox 2154 3030 3743 3104">
     <span class='ocr_line' id='line_1_61' title="bbox 2154 3030 3743 3104; baseline 0.006 -20"><span class='ocrx_word' id='word_1_467' title='bbox 2154 3038 2279 3100; x_wconf 89' lang='lat' dir='ltr'><strong>post</strong></span> <span class='ocrx_word' id='word_1_468' title='bbox 2319 3044 2378 3086; x_wconf 89' lang='lat' dir='ltr'><strong>se</strong></span> <span class='ocrx_word' id='word_1_469' title='bbox 2404 3030 2589 3086; x_wconf 86' lang='lat' dir='ltr'><strong>viandi</strong></span> <span class='ocrx_word' id='word_1_470' title='bbox 2629 3031 2880 3087; x_wconf 86' lang='lat' dir='ltr'><strong>semitam</strong></span> <span class='ocrx_word' id='word_1_471' title='bbox 2918 3040 3268 3104; x_wconf 74' lang='lat' dir='ltr'><strong>prmpararet.</strong></span> <span class='ocrx_word' id='word_1_472' title='bbox 3326 3033 3482 3102; x_wconf 83' lang='lat' dir='ltr'><strong>Quod</strong></span> <span class='ocrx_word' id='word_1_473' title='bbox 3530 3035 3743 3103; x_wconf 89' lang='lat' dir='ltr'><strong>factum,</strong></span> 
     </span>
    </p>
   </div>
   <div class='ocr_carea' id='block_1_62' title="bbox 442 3120 2046 3211">
    <p class='ocr_par' dir='ltr' id='par_1_62' title="bbox 442 3138 2046 3211">
     <span class='ocr_line' id='line_1_62' title="bbox 442 3138 2046 3211; baseline 0.003 -20"><span class='ocrx_word' id='word_1_474' title='bbox 442 3144 634 3209; x_wconf 85' lang='lat' dir='ltr'><strong>partus</strong></span> <span class='ocrx_word' id='word_1_475' title='bbox 672 3152 813 3193; x_wconf 86' lang='lat' dir='ltr'><strong>nova</strong></span> <span class='ocrx_word' id='word_1_476' title='bbox 839 3139 1005 3211; x_wconf 65' lang='grc'><strong>416</strong></span> <span class='ocrx_word' id='word_1_477' title='bbox 1030 3146 1309 3195; x_wconf 89' lang='lat' dir='ltr'><strong>merentur</strong></span> <span class='ocrx_word' id='word_1_478' title='bbox 1355 3138 1637 3209; x_wconf 89' lang='lat' dir='ltr'><strong>obsequia.</strong></span> <span class='ocrx_word' id='word_1_479' title='bbox 1687 3138 1765 3195; x_wconf 91' lang='lat' dir='ltr'><strong>Ibi</strong></span> <span class='ocrx_word' id='word_1_480' title='bbox 1808 3156 1931 3195; x_wconf 91' lang='lat' dir='ltr'><strong>cum</strong></span> <span class='ocrx_word' id='word_1_481' title='bbox 1969 3155 2046 3196; x_wconf 88' lang='lat' dir='ltr'><strong>se-</strong></span> 
     </span>
    </p>
   </div>
   <div class='ocr_carea' id='block_1_63' title="bbox 2152 3120 3749 3211">
    <p class='ocr_par' dir='ltr' id='par_1_63' title="bbox 2162 3120 3749 3202">
     <span class='ocr_line' id='line_1_63' title="bbox 2162 3120 3749 3202; baseline 0.006 -26"><span class='ocrx_word' id='word_1_482' title='bbox 2162 3121 2302 3177; x_wconf 89' lang='lat' dir='ltr'><strong>sicut</strong></span> <span class='ocrx_word' id='word_1_483' title='bbox 2330 3121 2623 3193; x_wconf 85' lang='lat' dir='ltr'><strong>Apostolus</strong></span> <span class='ocrx_word' id='word_1_484' title='bbox 2645 3122 2776 3181; x_wconf 90' lang='lat' dir='ltr'><strong>dicit</strong></span> <span class='ocrx_word' id='word_1_485' title='bbox 2804 3120 2861 3198; x_wconf 85' lang='grc' dir='ltr'><strong>(Ῑ</strong></span> <span class='ocrx_word' id='word_1_486' title='bbox 2886 3125 3008 3182; x_wconf 87' lang='lat' dir='ltr'><strong>Car.</strong></span> <span class='ocrx_word' id='word_1_487' title='bbox 3039 3125 3096 3195; x_wconf 71' lang='grc' dir='ltr'>ι)</span> <span class='ocrx_word' id='word_1_488' title='bbox 3115 3168 3130 3195; x_wconf 92' lang='grc'><em>,</em></span> <span class='ocrx_word' id='word_1_489' title='bbox 3156 3128 3471 3200; x_wconf 85' lang='lat' dir='ltr'><strong>mysterium</strong></span> <span class='ocrx_word' id='word_1_490' title='bbox 3500 3128 3749 3202; x_wconf 86' lang='lat' dir='ltr'><strong>baptismi</strong></span> 
     </span>
    </p>
   </div>
   <div class='ocr_carea' id='block_1_64' title="bbox 439 3216 2048 3300">
    <p class='ocr_par' dir='ltr' id='par_1_64' title="bbox 439 3216 2048 3300">
     <span class='ocr_line' id='line_1_64' title="bbox 439 3216 2048 3300; baseline 0.002 -15"><span class='ocrx_word' id='word_1_491' title='bbox 439 3216 677 3285; x_wconf 73' lang='lat' dir='ltr'><strong>cundum</strong></span> <span class='ocrx_word' id='word_1_492' title='bbox 723 3231 997 3287; x_wconf 90' lang='lat' dir='ltr'><strong>hominem</strong></span> <span class='ocrx_word' id='word_1_493' title='bbox 1032 3231 1297 3300; x_wconf 86' lang='lat' dir='ltr'><strong>nascitur,</strong></span> <span class='ocrx_word' id='word_1_494' title='bbox 1339 3242 1515 3287; x_wconf 88' lang='lat' dir='ltr'><strong>mater</strong></span> <span class='ocrx_word' id='word_1_495' title='bbox 1563 3246 1689 3286; x_wconf 90' lang='lat' dir='ltr'><strong>eum</strong></span> <span class='ocrx_word' id='word_1_496' title='bbox 1715 3230 1885 3287; x_wconf 83' lang='lat' dir='ltr'><strong>Maria</strong></span> <span class='ocrx_word' id='word_1_497' title='bbox 1926 3233 2048 3289; x_wconf 91' lang='lat' dir='ltr'><strong>sinu</strong></span> 
     </span>
    </p>
   </div>
   <div class='ocr_carea' id='block_1_65' title="bbox 441 3320 2045 3399">
    <p class='ocr_par' dir='ltr' id='par_1_65' title="bbox 441 3320 2045 3399">
     <span class='ocr_line' id='line_1_65' title="bbox 441 3320 2045 3399; baseline 0.002 -20"><span class='ocrx_word' id='word_1_498' title='bbox 441 3320 814 3379; x_wconf 89' lang='lat' dir='ltr'><strong>circumfovet.</strong></span> <span class='ocrx_word' id='word_1_499' title='bbox 847 3322 949 3380; x_wconf 83' lang='lat' dir='ltr'><strong>Hic</strong></span> <span class='ocrx_word' id='word_1_500' title='bbox 976 3339 1100 3379; x_wconf 90' lang='lat' dir='ltr'><strong>cum</strong></span> <span class='ocrx_word' id='word_1_501' title='bbox 1120 3323 1419 3380; x_wconf 88' lang='lat' dir='ltr'><strong>secundum</strong></span> <span class='ocrx_word' id='word_1_502' title='bbox 1444 3326 1765 3398; x_wconf 84' lang='lat' dir='ltr'><strong>mysterium</strong></span> <span class='ocrx_word' id='word_1_503' title='bbox 1790 3326 2045 3399; x_wconf 80' lang='lat' dir='ltr'><strong>gignitur,</strong></span> 
     </span>
    </p>
   </div>
   <div class='ocr_carea' id='block_1_66' title="bbox 443 3414 2046 3488">
    <p class='ocr_par' dir='ltr' id='par_1_66' title="bbox 443 3414 2046 3488">
     <span class='ocr_line' id='line_1_66' title="bbox 443 3414 2046 3488; baseline 0.001 -17"><span class='ocrx_word' id='word_1_504' title='bbox 443 3414 609 3472; x_wconf 89' lang='lat' dir='ltr'><strong>Pater</strong></span> <span class='ocrx_word' id='word_1_505' title='bbox 636 3432 761 3472; x_wconf 90' lang='lat' dir='ltr'><strong>eum</strong></span> <span class='ocrx_word' id='word_1_506' title='bbox 797 3414 940 3472; x_wconf 90' lang='lat' dir='ltr'><strong>Deus</strong></span> <span class='ocrx_word' id='word_1_507' title='bbox 977 3431 1115 3473; x_wconf 87' lang='lat' dir='ltr'><strong>voce</strong></span> <span class='ocrx_word' id='word_1_508' title='bbox 1155 3417 1555 3488; x_wconf 88' lang='lat' dir='ltr'><strong>complectitur.</strong></span> <span class='ocrx_word' id='word_1_509' title='bbox 1588 3418 1680 3472; x_wconf 87' lang='lat' dir='ltr'><strong>Ait</strong></span> <span class='ocrx_word' id='word_1_510' title='bbox 1705 3417 1889 3473; x_wconf 90' lang='lat' dir='ltr'><strong>enim:</strong></span> <span class='ocrx_word' id='word_1_511' title='bbox 1941 3417 2046 3473; x_wconf 83' lang='lat' dir='ltr'><strong>Hic</strong></span> 
     </span>
    </p>
   </div>
   <div class='ocr_carea' id='block_1_67' title="bbox 440 3507 2039 3586">
    <p class='ocr_par' dir='ltr' id='par_1_67' title="bbox 440 3507 2039 3586">
     <span class='ocr_line' id='line_1_67' title="bbox 440 3507 2039 3586; baseline -0.001 -23"><span class='ocrx_word' id='word_1_512' title='bbox 440 3514 518 3564; x_wconf 83' lang='lat' dir='ltr'><strong>est</strong></span> <span class='ocrx_word' id='word_1_513' title='bbox 551 3518 573 3546; x_wconf 73' lang='grc'><strong><em>³</em></strong></span> <span class='ocrx_word' id='word_1_514' title='bbox 604 3510 743 3563; x_wconf 89' lang='lat' dir='ltr'><strong>enim</strong></span> <span class='ocrx_word' id='word_1_515' title='bbox 765 3507 811 3563; x_wconf 85' lang='lat' dir='ltr'><em>F</em></span> <span class='ocrx_word' id='word_1_516' title='bbox 814 3508 935 3564; x_wconf 85' lang='lat' dir='ltr'><strong>ilius</strong></span> <span class='ocrx_word' id='word_1_517' title='bbox 956 3525 1121 3574; x_wconf 84' lang='lat' dir='ltr'><strong>meus,</strong></span> <span class='ocrx_word' id='word_1_518' title='bbox 1144 3510 1198 3563; x_wconf 85' lang='lat' dir='ltr'><strong>in</strong></span> <span class='ocrx_word' id='word_1_519' title='bbox 1229 3525 1327 3581; x_wconf 87' lang='lat' dir='ltr'><strong>quo</strong></span> <span class='ocrx_word' id='word_1_520' title='bbox 1352 3509 1478 3586; x_wconf 69' lang='lat' dir='ltr'><strong>bene</strong></span> <span class='ocrx_word' id='word_1_521' title='bbox 1506 3510 1793 3581; x_wconf 80' lang='lat' dir='ltr'><strong>complacui</strong></span> <span class='ocrx_word' id='word_1_522' title='bbox 1823 3507 2039 3579; x_wconf 82' lang='lat' dir='ltr'><strong>(Matth.</strong></span> 
     </span>
    </p>
   </div>
   <div class='ocr_carea' id='block_1_68' title="bbox 441 3597 2046 3673">
    <p class='ocr_par' dir='ltr' id='par_1_68' title="bbox 441 3597 2046 3673">
     <span class='ocr_line' id='line_1_68' title="bbox 441 3597 2046 3673; baseline -0.001 -16"><span class='ocrx_word' id='word_1_523' title='bbox 441 3603 544 3673; x_wconf 86' lang='grc' dir='ltr'>ιιι).</span> <span class='ocrx_word' id='word_1_524' title='bbox 576 3599 747 3656; x_wconf 85' lang='lat' dir='ltr'><strong>Mater</strong></span> <span class='ocrx_word' id='word_1_525' title='bbox 776 3616 905 3672; x_wconf 89' lang='lat' dir='ltr'><strong>ergo</strong></span> <span class='ocrx_word' id='word_1_526' title='bbox 928 3600 1107 3672; x_wconf 88' lang='lat' dir='ltr'><strong>partui</strong></span> <span class='ocrx_word' id='word_1_527' title='bbox 1142 3599 1292 3655; x_wconf 87' lang='lat' dir='ltr'><strong>molli</strong></span> <span class='ocrx_word' id='word_1_528' title='bbox 1322 3599 1596 3655; x_wconf 81' lang='lat' dir='ltr'><strong>blanditur</strong></span> <span class='ocrx_word' id='word_1_529' title='bbox 1624 3599 1853 3671; x_wconf 90' lang='lat' dir='ltr'><strong>gremio,</strong></span> <span class='ocrx_word' id='word_1_530' title='bbox 1882 3597 2046 3655; x_wconf 85' lang='lat' dir='ltr'><strong>Pater</strong></span> 
     </span>
    </p>
   </div>
   <div class='ocr_carea' id='block_1_69' title="bbox 442 3691 2043 3763">
    <p class='ocr_par' dir='ltr' id='par_1_69' title="bbox 442 3691 2043 3763">
     <span class='ocr_line' id='line_1_69' title="bbox 442 3691 2043 3763; baseline -0.001 -16"><span class='ocrx_word' id='word_1_531' title='bbox 442 3691 580 3747; x_wconf 85' lang='lat' dir='ltr'><strong>Filio</strong></span> <span class='ocrx_word' id='word_1_532' title='bbox 608 3693 697 3763; x_wconf 89' lang='lat' dir='ltr'><strong>pio</strong></span> <span class='ocrx_word' id='word_1_533' title='bbox 726 3693 1037 3748; x_wconf 87' lang='lat' dir='ltr'><strong>testimonio</strong></span> <span class='ocrx_word' id='word_1_534' title='bbox 1066 3692 1376 3748; x_wconf 83' lang='lat' dir='ltr'><strong>famulatur.</strong></span> <span class='ocrx_word' id='word_1_535' title='bbox 1421 3691 1615 3760; x_wconf 89' lang='lat' dir='ltr'><strong>Mater,</strong></span> <span class='ocrx_word' id='word_1_536' title='bbox 1652 3691 1891 3762; x_wconf 89' lang='lat' dir='ltr'><strong>inquam,</strong></span> <span class='ocrx_word' id='word_1_537' title='bbox 1919 3708 2043 3747; x_wconf 87' lang='lat' dir='ltr'><strong>eum</strong></span> 
     </span>
    </p>
   </div>
   <div class='ocr_carea' id='block_1_70' title="bbox 442 3782 2046 3857">
    <p class='ocr_par' dir='ltr' id='par_1_70' title="bbox 442 3782 2046 3857">
     <span class='ocr_line' id='line_1_70' title="bbox 442 3782 2046 3857; baseline -0.001 -18"><span class='ocrx_word' id='word_1_538' title='bbox 442 3783 776 3840; x_wconf 88' lang='lat' dir='ltr'><strong>adorandum</strong></span> <span class='ocrx_word' id='word_1_539' title='bbox 809 3785 979 3855; x_wconf 89' lang='lat' dir='ltr'><strong>magis</strong></span> <span class='ocrx_word' id='word_1_540' title='bbox 1023 3785 1247 3857; x_wconf 88' lang='lat' dir='ltr'><strong>ingerit,</strong></span> <span class='ocrx_word' id='word_1_541' title='bbox 1295 3782 1457 3840; x_wconf 89' lang='lat' dir='ltr'><strong>Pater</strong></span> <span class='ocrx_word' id='word_1_542' title='bbox 1484 3784 1767 3840; x_wconf 90' lang='lat' dir='ltr'><strong>colendum</strong></span> <span class='ocrx_word' id='word_1_543' title='bbox 1797 3783 2046 3854; x_wconf 86' lang='lat' dir='ltr'><strong>gentibus</strong></span> 
     </span>
    </p>
   </div>
   <div class='ocr_carea' id='block_1_71' title="bbox 441 3876 2046 3946">
    <p class='ocr_par' dir='ltr' id='par_1_71' title="bbox 441 3876 2046 3946">
     <span class='ocr_line' id='line_1_71' title="bbox 441 3876 2046 3946; baseline -0.002 -14"><span class='ocrx_word' id='word_1_544' title='bbox 441 3876 771 3933; x_wconf 85' lang='lat' dir='ltr'><strong>manifestat.</strong></span> <span class='ocrx_word' id='word_1_545' title='bbox 832 3876 967 3932; x_wconf 90' lang='lat' dir='ltr'><strong>Sinu</strong></span> <span class='ocrx_word' id='word_1_546' title='bbox 1006 3877 1167 3946; x_wconf 89' lang='lat' dir='ltr'><strong>igitur</strong></span> <span class='ocrx_word' id='word_1_547' title='bbox 1210 3876 1479 3931; x_wconf 88' lang='lat' dir='ltr'><strong>retinetur</strong></span> <span class='ocrx_word' id='word_1_548' title='bbox 1531 3891 1562 3931; x_wconf 92' lang='lat' dir='ltr'><strong>a</strong></span> <span class='ocrx_word' id='word_1_549' title='bbox 1608 3885 1782 3930; x_wconf 88' lang='lat' dir='ltr'><strong>matre</strong></span> <span class='ocrx_word' id='word_1_550' title='bbox 1808 3890 1928 3930; x_wconf 91' lang='lat' dir='ltr'><strong>cum</strong></span> <span class='ocrx_word' id='word_1_551' title='bbox 1958 3891 2046 3929; x_wconf 89' lang='lat' dir='ltr'><strong>na-</strong></span> 
     </span>
    </p>
   </div>
   <div class='ocr_carea' id='block_1_72' title="bbox 439 3968 2042 4039">
    <p class='ocr_par' dir='ltr' id='par_1_72' title="bbox 439 3968 2042 4039">
     <span class='ocr_line' id='line_1_72' title="bbox 439 3968 2042 4039; baseline -0.003 -12"><span class='ocrx_word' id='word_1_552' title='bbox 439 3971 629 4037; x_wconf 77' lang='lat' dir='ltr'><strong>scitur,</strong></span> <span class='ocrx_word' id='word_1_553' title='bbox 661 3970 758 4026; x_wconf 89' lang='lat' dir='ltr'><strong>sed</strong></span> <span class='ocrx_word' id='word_1_554' title='bbox 787 3969 949 4025; x_wconf 89' lang='lat' dir='ltr'><strong>Pater</strong></span> <span class='ocrx_word' id='word_1_555' title='bbox 984 3971 1033 4025; x_wconf 91' lang='lat' dir='ltr'><strong>ei</strong></span> <span class='ocrx_word' id='word_1_556' title='bbox 1063 3971 1212 4026; x_wconf 88' lang='lat' dir='ltr'><strong>sinus</strong></span> <span class='ocrx_word' id='word_1_557' title='bbox 1240 3969 1323 4024; x_wconf 89' lang='lat' dir='ltr'><strong>sui</strong></span> <span class='ocrx_word' id='word_1_558' title='bbox 1352 3968 1525 4024; x_wconf 90' lang='lat' dir='ltr'><strong>fotum</strong></span> <span class='ocrx_word' id='word_1_559' title='bbox 1550 3969 1751 4039; x_wconf 87' lang='lat' dir='ltr'><strong>jugiter</strong></span> <span class='ocrx_word' id='word_1_560' title='bbox 1778 3968 2042 4023; x_wconf 90' lang='lat' dir='ltr'><strong>submini-</strong></span> 
     </span>
    </p>
   </div>
   <div class='ocr_carea' id='block_1_73' title="bbox 439 4058 2044 4132">
    <p class='ocr_par' dir='ltr' id='par_1_73' title="bbox 439 4058 2044 4132">
     <span class='ocr_line' id='line_1_73' title="bbox 439 4058 2044 4132; baseline -0.002 -13"><span class='ocrx_word' id='word_1_561' title='bbox 439 4071 597 4119; x_wconf 82' lang='lat' dir='ltr'><strong>strat.</strong></span> <span class='ocrx_word' id='word_1_562' title='bbox 642 4062 890 4132; x_wconf 87' lang='lat' dir='ltr'><strong>Legimus</strong></span> <span class='ocrx_word' id='word_1_563' title='bbox 928 4063 1073 4117; x_wconf 88' lang='lat' dir='ltr'><strong>enim</strong></span> <span class='ocrx_word' id='word_1_564' title='bbox 1120 4079 1244 4117; x_wconf 90' lang='lat' dir='ltr'><strong>eum</strong></span> <span class='ocrx_word' id='word_1_565' title='bbox 1285 4063 1401 4117; x_wconf 90' lang='lat' dir='ltr'><strong>sine</strong></span> <span class='ocrx_word' id='word_1_566' title='bbox 1438 4062 1837 4118; x_wconf 89' lang='lat' dir='ltr'><strong>intermissione</strong></span> <span class='ocrx_word' id='word_1_567' title='bbox 1858 4061 1911 4116; x_wconf 88' lang='lat' dir='ltr'><strong>in</strong></span> <span class='ocrx_word' id='word_1_568' title='bbox 1940 4058 2044 4115; x_wconf 87' lang='lat' dir='ltr'><strong>Pa-</strong></span> 
     </span>
    </p>
   </div>
   <div class='ocr_carea' id='block_1_74' title="bbox 442 4152 2043 4233">
    <p class='ocr_par' dir='ltr' id='par_1_74' title="bbox 442 4152 2043 4233">
     <span class='ocr_line' id='line_1_74' title="bbox 442 4152 2043 4233; baseline -0.002 -22"><span class='ocrx_word' id='word_1_569' title='bbox 442 4156 542 4212; x_wconf 89' lang='lat' dir='ltr'><strong>tris</strong></span> <span class='ocrx_word' id='word_1_570' title='bbox 570 4155 778 4226; x_wconf 83' lang='lat' dir='ltr'><strong>gremio</strong></span> <span class='ocrx_word' id='word_1_571' title='bbox 800 4154 1167 4233; x_wconf 83' lang='lat' dir='ltr'><strong>quiescentem</strong></span> <span class='ocrx_word' id='word_1_572' title='bbox 1184 4193 1198 4217; x_wconf 92' lang='lat'><strong>,</strong></span> <span class='ocrx_word' id='word_1_573' title='bbox 1224 4154 1439 4209; x_wconf 91' lang='lat' dir='ltr'><strong>dicente</strong></span> <span class='ocrx_word' id='word_1_574' title='bbox 1458 4153 1805 4224; x_wconf 89' lang='lat' dir='ltr'><strong>Evangelista</strong></span> <span class='ocrx_word' id='word_1_575' title='bbox 1830 4172 1841 4206; x_wconf 88' lang='lat'><strong>:</strong></span> <span class='ocrx_word' id='word_1_576' title='bbox 1876 4152 2043 4208; x_wconf 82' lang='lat' dir='ltr'><strong>Deum</strong></span> 
     </span>
    </p>
   </div>
   <div class='ocr_carea' id='block_1_75' title="bbox 440 4246 2043 4320">
    <p class='ocr_par' dir='ltr' id='par_1_75' title="bbox 440 4246 2043 4320">
     <span class='ocr_line' id='line_1_75' title="bbox 440 4246 2043 4320; baseline -0.003 -12"><span class='ocrx_word' id='word_1_577' title='bbox 440 4266 590 4308; x_wconf 68' lang='lat' dir='ltr'><strong>nemo</strong></span> <span class='ocrx_word' id='word_1_578' title='bbox 615 4248 740 4305; x_wconf 77' lang='lat' dir='ltr'><strong>vidit</strong></span> <span class='ocrx_word' id='word_1_579' title='bbox 773 4265 1035 4318; x_wconf 66' lang='lat' dir='ltr'><strong>unquam,</strong></span> <span class='ocrx_word' id='word_1_580' title='bbox 1065 4248 1169 4303; x_wconf 86' lang='lat' dir='ltr'><strong>nisi</strong></span> <span class='ocrx_word' id='word_1_581' title='bbox 1198 4248 1493 4320; x_wconf 82' lang='lat' dir='ltr'><strong>unigenitus</strong></span> <span class='ocrx_word' id='word_1_582' title='bbox 1521 4246 1727 4315; x_wconf 79' lang='lat' dir='ltr'><strong>Filius,</strong></span> <span class='ocrx_word' id='word_1_583' title='bbox 1771 4249 1857 4320; x_wconf 79' lang='lat' dir='ltr'><strong>qui</strong></span> <span class='ocrx_word' id='word_1_584' title='bbox 1887 4258 1963 4305; x_wconf 84' lang='lat' dir='ltr'><strong>est</strong></span> <span class='ocrx_word' id='word_1_585' title='bbox 1988 4252 2043 4303; x_wconf 86' lang='lat' dir='ltr'><strong>in</strong></span> 
     </span>
    </p>
   </div>
   <div class='ocr_carea' id='block_1_76' title="bbox 2156 3217 3747 3295">
    <p class='ocr_par' dir='ltr' id='par_1_76' title="bbox 2156 3217 3747 3295">
     <span class='ocr_line' id='line_1_76' title="bbox 2156 3217 3747 3295; baseline 0.002 -20"><span class='ocrx_word' id='word_1_586' title='bbox 2156 3219 2287 3288; x_wconf 79' lang='lat' dir='ltr'><strong>mit,</strong></span> <span class='ocrx_word' id='word_1_587' title='bbox 2331 3219 2424 3275; x_wconf 88' lang='lat' dir='ltr'><strong>ubi</strong></span> <span class='ocrx_word' id='word_1_588' title='bbox 2469 3218 2720 3275; x_wconf 89' lang='lat' dir='ltr'><strong>homines</strong></span> <span class='ocrx_word' id='word_1_589' title='bbox 2748 3217 2914 3295; x_wconf 65' lang='lat'><strong>418</strong></span> <span class='ocrx_word' id='word_1_590' title='bbox 2937 3220 3107 3277; x_wconf 86' lang='lat' dir='ltr'><strong>nubes</strong></span> <span class='ocrx_word' id='word_1_591' title='bbox 3132 3220 3429 3292; x_wconf 86' lang='lat' dir='ltr'><strong>operiebat,</strong></span> <span class='ocrx_word' id='word_1_592' title='bbox 3463 3221 3605 3277; x_wconf 89' lang='lat' dir='ltr'><strong>unda</strong></span> <span class='ocrx_word' id='word_1_593' title='bbox 3630 3238 3747 3294; x_wconf 61' lang='lat' dir='ltr'><strong>perc</strong></span> 
     </span>
    </p>
   </div>
   <div class='ocr_carea' id='block_1_77' title="bbox 2156 3311 3747 3384">
    <p class='ocr_par' dir='ltr' id='par_1_77' title="bbox 2156 3311 3747 3384">
     <span class='ocr_line' id='line_1_77' title="bbox 2156 3311 3747 3384; baseline 0.001 -14"><span class='ocrx_word' id='word_1_594' title='bbox 2156 3313 2325 3370; x_wconf 87' lang='lat' dir='ltr'><strong>tabat.</strong></span> <span class='ocrx_word' id='word_1_595' title='bbox 2368 3311 2473 3369; x_wconf 88' lang='lat' dir='ltr'><strong>Sed</strong></span> <span class='ocrx_word' id='word_1_596' title='bbox 2493 3312 2609 3369; x_wconf 64' lang='lat' dir='ltr'><strong>haec</strong></span> <span class='ocrx_word' id='word_1_597' title='bbox 2628 3312 2808 3369; x_wconf 91' lang='lat' dir='ltr'><strong>omnia</strong></span> <span class='ocrx_word' id='word_1_598' title='bbox 2830 3319 3082 3384; x_wconf 88' lang='lat' dir='ltr'><strong>operatus</strong></span> <span class='ocrx_word' id='word_1_599' title='bbox 3111 3321 3194 3369; x_wconf 83' lang='lat' dir='ltr'><strong>est</strong></span> <span class='ocrx_word' id='word_1_600' title='bbox 3216 3311 3465 3370; x_wconf 82' lang='lat' dir='ltr'><strong>Christus</strong></span> <span class='ocrx_word' id='word_1_601' title='bbox 3493 3312 3747 3373; x_wconf 88' lang='lat' dir='ltr'><strong>Dominus</strong></span> 
     </span>
    </p>
   </div>
   <div class='ocr_carea' id='block_1_78' title="bbox 2155 3404 3747 3477">
    <p class='ocr_par' dir='ltr' id='par_1_78' title="bbox 2155 3404 3747 3477">
     <span class='ocr_line' id='line_1_78' title="bbox 2155 3404 3747 3477; baseline 0.003 -16"><span class='ocrx_word' id='word_1_602' title='bbox 2155 3404 2300 3461; x_wconf 91' lang='lat' dir='ltr'><strong>idem</strong></span> <span class='ocrx_word' id='word_1_603' title='bbox 2347 3406 2439 3476; x_wconf 90' lang='lat' dir='ltr'><strong>qui</strong></span> <span class='ocrx_word' id='word_1_604' title='bbox 2466 3413 2521 3460; x_wconf 88' lang='lat' dir='ltr'><strong>et</strong></span> <span class='ocrx_word' id='word_1_605' title='bbox 2548 3404 2739 3471; x_wconf 87' lang='lat' dir='ltr'><strong>modo,</strong></span> <span class='ocrx_word' id='word_1_606' title='bbox 2794 3405 2918 3476; x_wconf 90' lang='lat' dir='ltr'><strong>qui,</strong></span> <span class='ocrx_word' id='word_1_607' title='bbox 2946 3404 3085 3461; x_wconf 90' lang='lat' dir='ltr'><strong>sicut</strong></span> <span class='ocrx_word' id='word_1_608' title='bbox 3123 3412 3251 3461; x_wconf 89' lang='lat' dir='ltr'><strong>tunc</strong></span> <span class='ocrx_word' id='word_1_609' title='bbox 3281 3421 3381 3477; x_wconf 90' lang='lat' dir='ltr'><strong>per</strong></span> <span class='ocrx_word' id='word_1_610' title='bbox 3427 3421 3579 3462; x_wconf 86' lang='lat' dir='ltr'><strong>mare</strong></span> <span class='ocrx_word' id='word_1_611' title='bbox 3616 3405 3747 3466; x_wconf 78' lang='lat' dir='ltr'><strong>ﬁlios</strong></span> 
     </span>
    </p>
   </div>
   <div class='ocr_carea' id='block_1_79' title="bbox 2152 3492 3741 3569">
    <p class='ocr_par' dir='ltr' id='par_1_79' title="bbox 2152 3492 3741 3569">
     <span class='ocr_line' id='line_1_79' title="bbox 2152 3492 3741 3569; baseline 0.002 -17"><span class='ocrx_word' id='word_1_612' title='bbox 2152 3495 2320 3554; x_wconf 81' lang='lat' dir='ltr'><strong>Israel</strong></span> <span class='ocrx_word' id='word_1_613' title='bbox 2339 3497 2394 3552; x_wconf 91' lang='lat' dir='ltr'><strong>in</strong></span> <span class='ocrx_word' id='word_1_614' title='bbox 2423 3497 2673 3552; x_wconf 90' lang='lat' dir='ltr'><strong>columna</strong></span> <span class='ocrx_word' id='word_1_615' title='bbox 2715 3496 2854 3567; x_wconf 86' lang='lat' dir='ltr'><strong>ignis</strong></span> <span class='ocrx_word' id='word_1_616' title='bbox 2893 3496 3170 3568; x_wconf 60' lang='lat' dir='ltr'><strong>praecessit</strong></span> <span class='ocrx_word' id='word_1_617' title='bbox 3188 3537 3203 3564; x_wconf 94' lang='lat'><strong>,</strong></span> <span class='ocrx_word' id='word_1_618' title='bbox 3228 3495 3339 3568; x_wconf 81' lang='lat' dir='ltr'><strong>jam</strong></span> <span class='ocrx_word' id='word_1_619' title='bbox 3369 3506 3501 3554; x_wconf 90' lang='lat' dir='ltr'><strong>tunc</strong></span> <span class='ocrx_word' id='word_1_620' title='bbox 3530 3514 3631 3569; x_wconf 89' lang='lat' dir='ltr'><strong>per</strong></span> <span class='ocrx_word' id='word_1_621' title='bbox 3649 3492 3741 3555; x_wconf 85' lang='lat' dir='ltr'><strong>ha-</strong></span> 
     </span>
    </p>
   </div>
   <div class='ocr_carea' id='block_1_80' title="bbox 2155 3588 3741 3661">
    <p class='ocr_par' dir='ltr' id='par_1_80' title="bbox 2155 3588 3741 3661">
     <span class='ocr_line' id='line_1_80' title="bbox 2155 3588 3741 3661; baseline 0.004 -18"><span class='ocrx_word' id='word_1_622' title='bbox 2155 3589 2408 3661; x_wconf 90' lang='lat' dir='ltr'><strong>ptismum</strong></span> <span class='ocrx_word' id='word_1_623' title='bbox 2455 3588 2793 3645; x_wconf 88' lang='lat' dir='ltr'><strong>Christianos</strong></span> <span class='ocrx_word' id='word_1_624' title='bbox 2838 3590 3070 3661; x_wconf 85' lang='lat' dir='ltr'><strong>populos</strong></span> <span class='ocrx_word' id='word_1_625' title='bbox 3105 3588 3160 3645; x_wconf 90' lang='lat' dir='ltr'><strong>in</strong></span> <span class='ocrx_word' id='word_1_626' title='bbox 3202 3592 3447 3661; x_wconf 87' lang='lat' dir='ltr'><strong>corporis</strong></span> <span class='ocrx_word' id='word_1_627' title='bbox 3475 3592 3560 3647; x_wconf 87' lang='lat' dir='ltr'><strong>sui</strong></span> <span class='ocrx_word' id='word_1_628' title='bbox 3598 3591 3741 3649; x_wconf 79' lang='lat' dir='ltr'><strong>colu-</strong></span> 
     </span>
    </p>
   </div>
   <div class='ocr_carea' id='block_1_81' title="bbox 2151 3681 3741 3755">
    <p class='ocr_par' dir='ltr' id='par_1_81' title="bbox 2151 3681 3741 3755">
     <span class='ocr_line' id='line_1_81' title="bbox 2151 3681 3741 3755; baseline 0.003 -19"><span class='ocrx_word' id='word_1_629' title='bbox 2151 3696 2277 3737; x_wconf 90' lang='lat' dir='ltr'><strong>mna</strong></span> <span class='ocrx_word' id='word_1_630' title='bbox 2305 3682 2599 3752; x_wconf 67' lang='lat' dir='ltr'><strong>praecessit.</strong></span> <span class='ocrx_word' id='word_1_631' title='bbox 2641 3681 2788 3752; x_wconf 85' lang='lat' dir='ltr'><strong>ipsa,</strong></span> <span class='ocrx_word' id='word_1_632' title='bbox 2824 3682 3063 3753; x_wconf 90' lang='lat' dir='ltr'><strong>inquam,</strong></span> <span class='ocrx_word' id='word_1_633' title='bbox 3096 3689 3181 3739; x_wconf 88' lang='lat' dir='ltr'><strong>est</strong></span> <span class='ocrx_word' id='word_1_634' title='bbox 3208 3683 3606 3755; x_wconf 69' lang='lat' dir='ltr'><strong>columna,qna3</strong></span> <span class='ocrx_word' id='word_1_635' title='bbox 3622 3692 3741 3740; x_wconf 88' lang='lat' dir='ltr'><strong>tunc</strong></span> 
     </span>
    </p>
   </div>
   <div class='ocr_carea' id='block_1_82' title="bbox 2148 3775 3739 3846">
    <p class='ocr_par' dir='ltr' id='par_1_82' title="bbox 2148 3775 3739 3846">
     <span class='ocr_line' id='line_1_82' title="bbox 2148 3775 3739 3846; baseline 0.001 -15"><span class='ocrx_word' id='word_1_636' title='bbox 2148 3783 2473 3846; x_wconf 89' lang='lat' dir='ltr'><strong>sequentum</strong></span> <span class='ocrx_word' id='word_1_637' title='bbox 2512 3776 2681 3831; x_wconf 88' lang='lat' dir='ltr'><strong>oculis</strong></span> <span class='ocrx_word' id='word_1_638' title='bbox 2718 3775 2897 3830; x_wconf 90' lang='lat' dir='ltr'><strong>lumen</strong></span> <span class='ocrx_word' id='word_1_639' title='bbox 2926 3776 3204 3846; x_wconf 69' lang='lat' dir='ltr'><strong>praestitit,</strong></span> <span class='ocrx_word' id='word_1_640' title='bbox 3232 3775 3393 3832; x_wconf 89' lang='lat' dir='ltr'><strong>modo</strong></span> <span class='ocrx_word' id='word_1_641' title='bbox 3424 3776 3603 3832; x_wconf 87' lang='lat' dir='ltr'><strong>lucem</strong></span> <span class='ocrx_word' id='word_1_642' title='bbox 3632 3793 3739 3833; x_wconf 88' lang='lat' dir='ltr'><strong>cre-</strong></span> 
     </span>
    </p>
   </div>
   <div class='ocr_carea' id='block_1_83' title="bbox 2148 3866 3737 3930">
    <p class='ocr_par' dir='ltr' id='par_1_83' title="bbox 2148 3866 3737 3930">
     <span class='ocr_line' id='line_1_83' title="bbox 2148 3866 3737 3930; baseline 0.002 -5"><span class='ocrx_word' id='word_1_643' title='bbox 2148 3868 2391 3926; x_wconf 88' lang='lat' dir='ltr'><strong>dentium</strong></span> <span class='ocrx_word' id='word_1_644' title='bbox 2437 3871 2695 3927; x_wconf 89' lang='lat' dir='ltr'><strong>cordibus</strong></span> <span class='ocrx_word' id='word_1_645' title='bbox 2734 3866 3127 3927; x_wconf 87' lang='lat' dir='ltr'><strong>subministrat.</strong></span> <span class='ocrx_word' id='word_1_646' title='bbox 3185 3868 3335 3928; x_wconf 87' lang='lat' dir='ltr'><strong>Tunc</strong></span> <span class='ocrx_word' id='word_1_647' title='bbox 3381 3874 3433 3928; x_wconf 89' lang='lat' dir='ltr'><strong>in</strong></span> <span class='ocrx_word' id='word_1_648' title='bbox 3482 3871 3497 3911; x_wconf 85' lang='grc' dir='ltr'><strong>ί</strong></span> <span class='ocrx_word' id='word_1_649' title='bbox 3534 3872 3737 3930; x_wconf 75' lang='lat' dir='ltr'><strong>fluentis</strong></span> 
     </span>
    </p>
   </div>
   <div class='ocr_carea' id='block_1_84' title="bbox 2147 3962 3735 4029">
    <p class='ocr_par' dir='ltr' id='par_1_84' title="bbox 2147 3962 3735 4029">
     <span class='ocr_line' id='line_1_84' title="bbox 2147 3962 3735 4029; baseline 0.003 -11"><span class='ocrx_word' id='word_1_650' title='bbox 2147 3962 2412 4020; x_wconf 89' lang='lat' dir='ltr'><strong>undarum</strong></span> <span class='ocrx_word' id='word_1_651' title='bbox 2451 3963 2703 4020; x_wconf 85' lang='lat' dir='ltr'><strong>solidavit</strong></span> <span class='ocrx_word' id='word_1_652' title='bbox 2741 3964 3020 4029; x_wconf 87' lang='lat' dir='ltr'><strong>semitam;</strong></span> <span class='ocrx_word' id='word_1_653' title='bbox 3070 3964 3235 4022; x_wconf 92' lang='lat' dir='ltr'><strong>modo</strong></span> <span class='ocrx_word' id='word_1_654' title='bbox 3285 3967 3337 4021; x_wconf 91' lang='lat' dir='ltr'><strong>in</strong></span> <span class='ocrx_word' id='word_1_655' title='bbox 3379 3967 3597 4024; x_wconf 83' lang='lat' dir='ltr'><strong>lavacro</strong></span> <span class='ocrx_word' id='word_1_656' title='bbox 3622 3966 3735 4023; x_wconf 86' lang='lat' dir='ltr'><strong>ﬁdei</strong></span> 
     </span>
    </p>
   </div>
   <div class='ocr_carea' id='block_1_85' title="bbox 2147 4056 3764 4128">
    <p class='ocr_par' dir='ltr' id='par_1_85' title="bbox 2147 4056 3764 4128">
     <span class='ocr_line' id='line_1_85' title="bbox 2147 4056 3764 4128; baseline 0.002 -17"><span class='ocrx_word' id='word_1_657' title='bbox 2147 4056 2371 4127; x_wconf 86' lang='lat' dir='ltr'><strong>vestigia</strong></span> <span class='ocrx_word' id='word_1_658' title='bbox 2430 4056 2751 4112; x_wconf 90' lang='lat' dir='ltr'><strong>corroborat</strong></span> <span class='ocrx_word' id='word_1_659' title='bbox 2794 4075 2805 4110; x_wconf 89' lang='lat'>:</span> <span class='ocrx_word' id='word_1_660' title='bbox 2856 4072 2956 4127; x_wconf 87' lang='lat' dir='ltr'><strong>per</strong></span> <span class='ocrx_word' id='word_1_661' title='bbox 2999 4073 3162 4128; x_wconf 88' lang='lat' dir='ltr'><strong>quam</strong></span> <span class='ocrx_word' id='word_1_662' title='bbox 3218 4057 3375 4113; x_wconf 80' lang='lat' dir='ltr'><strong>fidem</strong></span> <span class='ocrx_word' id='word_1_663' title='bbox 3399 4099 3416 4126; x_wconf 94' lang='lat'><strong>,</strong></span> <span class='ocrx_word' id='word_1_664' title='bbox 3466 4061 3607 4116; x_wconf 89' lang='lat' dir='ltr'><strong>sicut</strong></span> <span class='ocrx_word' id='word_1_665' title='bbox 3650 4059 3764 4115; x_wconf 79' lang='lat' dir='ltr'><strong>filii&#39;</strong></span> 
     </span>
    </p>
   </div>
   <div class='ocr_carea' id='block_1_86' title="bbox 2147 4150 3731 4228">
    <p class='ocr_par' dir='ltr' id='par_1_86' title="bbox 2147 4150 3731 4228">
     <span class='ocr_line' id='line_1_86' title="bbox 2147 4150 3731 4228; baseline 0.005 -24"><span class='ocrx_word' id='word_1_666' title='bbox 2147 4150 2313 4206; x_wconf 85' lang='lat' dir='ltr'><strong>Israel</strong></span> <span class='ocrx_word' id='word_1_667' title='bbox 2338 4190 2351 4215; x_wconf 91' lang='lat'><strong>,</strong></span> <span class='ocrx_word' id='word_1_668' title='bbox 2413 4152 2505 4222; x_wconf 90' lang='lat' dir='ltr'><strong>qui</strong></span> <span class='ocrx_word' id='word_1_669' title='bbox 2548 4151 2843 4222; x_wconf 86' lang='lat' dir='ltr'><strong>intrepidus</strong></span> <span class='ocrx_word' id='word_1_670' title='bbox 2906 4152 3296 4221; x_wconf 86' lang='lat' dir='ltr'><strong>ambulaverit,</strong></span> <span class='ocrx_word' id='word_1_671' title='bbox 3340 4163 3731 4228; x_wconf 70' lang='lat' dir='ltr'><strong>persecutorem</strong></span> 
     </span>
    </p>
   </div>
   <div class='ocr_carea' id='block_1_87' title="bbox 2149 4245 2830 4319">
    <p class='ocr_par' dir='ltr' id='par_1_87' title="bbox 2149 4245 2830 4319">
     <span class='ocr_line' id='line_1_87' title="bbox 2149 4245 2830 4319; baseline 0.003 -19"><span class='ocrx_word' id='word_1_672' title='bbox 2149 4245 2442 4319; x_wconf 63' lang='lat' dir='ltr'><strong>Egyptum</strong></span> <span class='ocrx_word' id='word_1_673' title='bbox 2473 4262 2579 4303; x_wconf 90' lang='lat' dir='ltr'><strong>non</strong></span> <span class='ocrx_word' id='word_1_674' title='bbox 2605 4246 2830 4304; x_wconf 89' lang='lat' dir='ltr'><strong>timebit.</strong></span> 
     </span>
    </p>
   </div>
   <div class='ocr_carea' id='block_1_88' title="bbox 1882 4358 2311 4424">
    <p class='ocr_par' dir='ltr' id='par_1_88' title="bbox 1882 4358 2311 4424">
     <span class='ocr_line' id='line_1_88' title="bbox 1882 4358 2311 4424; baseline -0.012 -1"><span class='ocrx_word' id='word_1_675' title='bbox 1882 4358 2153 4424; x_wconf 80' lang='lat' dir='ltr'><strong>SEBMO</strong></span> <span class='ocrx_word' id='word_1_676' title='bbox 2197 4358 2311 4419; x_wconf 79' lang='lat' dir='ltr'><strong>IX.</strong></span> 
     </span>
    </p>
   </div>
   <div class='ocr_carea' id='block_1_89' title="bbox 1754 4458 2402 4534">
    <p class='ocr_par' dir='ltr' id='par_1_89' title="bbox 1754 4458 2402 4534">
     <span class='ocr_line' id='line_1_89' title="bbox 1754 4458 2402 4534; baseline -0.005 -18"><span class='ocrx_word' id='word_1_677' title='bbox 1754 4460 1835 4517; x_wconf 88' lang='lat' dir='ltr'><strong>De</strong></span> <span class='ocrx_word' id='word_1_678' title='bbox 1864 4461 1925 4518; x_wconf 90' lang='lat' dir='ltr'><strong>S.</strong></span> <span class='ocrx_word' id='word_1_679' title='bbox 1949 4461 2253 4534; x_wconf 84' lang='lat' dir='ltr'><strong>Epiphania</strong></span> <span class='ocrx_word' id='word_1_680' title='bbox 2283 4458 2402 4514; x_wconf 82' lang='grc' dir='ltr'><strong>ΙΙΙ.</strong></span> 
     </span>
    </p>
   </div>
   <div class='ocr_carea' id='block_1_90' title="bbox 1902 4553 2295 4612">
    <p class='ocr_par' dir='ltr' id='par_1_90' title="bbox 1902 4553 2295 4612">
     <span class='ocr_line' id='line_1_90' title="bbox 1902 4553 2295 4612; baseline -0.005 0"><span class='ocrx_word' id='word_1_681' title='bbox 1902 4553 2295 4612; x_wconf 78' lang='lat' dir='ltr'><strong>ADMONITIO.</strong></span> 
     </span>
    </p>
   </div>
   <div class='ocr_carea' id='block_1_91' title="bbox 509 4626 3725 4726">
    <p class='ocr_par' dir='ltr' id='par_1_91' title="bbox 509 4626 3725 4726">
     <span class='ocr_line' id='line_1_91' title="bbox 509 4626 3725 4726; baseline 0 -14"><span class='ocrx_word' id='word_1_682' title='bbox 509 4654 665 4712; x_wconf 79' lang='lat' dir='ltr'><strong>Hunc</strong></span> <span class='ocrx_word' id='word_1_683' title='bbox 692 4672 724 4710; x_wconf 91' lang='lat' dir='ltr'><strong>a</strong></span> <span class='ocrx_word' id='word_1_684' title='bbox 744 4656 934 4726; x_wconf 82' lang='lat' dir='ltr'><strong>primis</strong></span> <span class='ocrx_word' id='word_1_685' title='bbox 961 4652 1262 4726; x_wconf 87' lang='lat' dir='ltr'><strong>editoribus</strong></span> <span class='ocrx_word' id='word_1_686' title='bbox 1283 4648 1571 4726; x_wconf 81' lang='lat' dir='ltr'><strong>Ambrosio</strong></span> <span class='ocrx_word' id='word_1_687' title='bbox 1601 4626 1897 4726; x_wconf 69' lang='lat' dir='ltr'><strong>ascriptum</strong></span> <span class='ocrx_word' id='word_1_688' title='bbox 1926 4663 2235 4726; x_wconf 70' lang='lat' dir='ltr'><strong>sermonem</strong></span> <span class='ocrx_word' id='word_1_689' title='bbox 2253 4686 2269 4711; x_wconf 90' lang='lat'><strong>,</strong></span> <span class='ocrx_word' id='word_1_690' title='bbox 2291 4645 2547 4726; x_wconf 59' lang='lat' dir='ltr'><strong>Erasmus</strong></span> <span class='ocrx_word' id='word_1_691' title='bbox 2575 4647 2633 4703; x_wconf 90' lang='lat' dir='ltr'><strong>S.</strong></span> <span class='ocrx_word' id='word_1_692' title='bbox 2665 4647 2900 4726; x_wconf 51' lang='lat' dir='ltr'><strong>Magium</strong></span> <span class='ocrx_word' id='word_1_693' title='bbox 2922 4659 3211 4726; x_wconf 70' lang='lat' dir='ltr'><strong>acceptum</strong></span> <span class='ocrx_word' id='word_1_694' title='bbox 3238 4668 3361 4710; x_wconf 90' lang='lat' dir='ltr'><strong>esse</strong></span> <span class='ocrx_word' id='word_1_695' title='bbox 3396 4653 3725 4726; x_wconf 76' lang='lat' dir='ltr'><strong>referendum</strong></span> 
     </span>
    </p>
   </div>
   <div class='ocr_carea' id='block_1_92' title="bbox 439 4718 3723 4798">
    <p class='ocr_par' dir='ltr' id='par_1_92' title="bbox 439 4718 3723 4798">
     <span class='ocr_line' id='line_1_92' title="bbox 439 4718 3723 4798; baseline -0.001 -16"><span class='ocrx_word' id='word_1_696' title='bbox 439 4725 614 4782; x_wconf 80' lang='lat' dir='ltr'><strong>duxit.</strong></span> <span class='ocrx_word' id='word_1_697' title='bbox 643 4718 771 4798; x_wconf 75' lang='lat' dir='ltr'><strong>Inde</strong></span> <span class='ocrx_word' id='word_1_698' title='bbox 792 4741 924 4798; x_wconf 82' lang='lat' dir='ltr'><strong>vero</strong></span> <span class='ocrx_word' id='word_1_699' title='bbox 954 4725 1204 4781; x_wconf 90' lang='lat' dir='ltr'><strong>monachi</strong></span> <span class='ocrx_word' id='word_1_700' title='bbox 1225 4721 1660 4798; x_wconf 76' lang='lat' dir='ltr'><strong>congregationis</strong></span> <span class='ocrx_word' id='word_1_701' title='bbox 1685 4718 2124 4798; x_wconf 61' lang='lat' dir='ltr'><strong>Benedictinzes.</strong></span> <span class='ocrx_word' id='word_1_702' title='bbox 2149 4719 2319 4798; x_wconf 66' lang='lat' dir='ltr'><strong>Mauri</strong></span> <span class='ocrx_word' id='word_1_703' title='bbox 2341 4735 2463 4774; x_wconf 89' lang='lat' dir='ltr'><strong>cum</strong></span> <span class='ocrx_word' id='word_1_704' title='bbox 2491 4719 2542 4772; x_wconf 89' lang='lat' dir='ltr'><strong>in</strong></span> <span class='ocrx_word' id='word_1_705' title='bbox 2561 4720 2844 4798; x_wconf 79' lang='lat' dir='ltr'><strong>appendice</strong></span> <span class='ocrx_word' id='word_1_706' title='bbox 2862 4721 2932 4798; x_wconf 81' lang='lat' dir='ltr'><strong>ad</strong></span> <span class='ocrx_word' id='word_1_707' title='bbox 2952 4721 3014 4798; x_wconf 55' lang='grc' dir='ltr'>ξε</span> <span class='ocrx_word' id='word_1_708' title='bbox 3039 4718 3299 4798; x_wconf 71' lang='lat' dir='ltr'><strong>Ambrosii</strong></span> <span class='ocrx_word' id='word_1_709' title='bbox 3312 4741 3493 4798; x_wconf 82' lang='lat' dir='ltr'><strong>apera,</strong></span> <span class='ocrx_word' id='word_1_710' title='bbox 3516 4742 3654 4782; x_wconf 77' lang='lat' dir='ltr'><strong>num.</strong></span> <span class='ocrx_word' id='word_1_711' title='bbox 3675 4725 3723 4793; x_wconf 89' lang='lat'><strong>8,</strong></span> 
     </span>
    </p>
   </div>
   <div class='ocr_carea' id='block_1_93' title="bbox 437 4790 3722 4917">
    <p class='ocr_par' dir='ltr' id='par_1_93' title="bbox 437 4790 3722 4917">
     <span class='ocr_line' id='line_1_93' title="bbox 437 4790 3722 4917; baseline -0.001 -64"><span class='ocrx_word' id='word_1_712' title='bbox 437 4813 651 4853; x_wconf 88' lang='lat' dir='ltr'><strong>rursum</strong></span> <span class='ocrx_word' id='word_1_713' title='bbox 693 4796 959 4852; x_wconf 89' lang='lat' dir='ltr'><strong>edendum</strong></span> <span class='ocrx_word' id='word_1_714' title='bbox 1004 4802 1287 4851; x_wconf 88' lang='lat' dir='ltr'><strong>curassent</strong></span> <span class='ocrx_word' id='word_1_715' title='bbox 1340 4790 1454 4849; x_wconf 75' lang='lat' dir='ltr'><strong>hoc</strong></span> <span class='ocrx_word' id='word_1_716' title='bbox 1487 4792 1646 4849; x_wconf 87' lang='lat' dir='ltr'><strong>titulo</strong></span> <span class='ocrx_word' id='word_1_717' title='bbox 1672 4812 1684 4847; x_wconf 91' lang='lat'>:</span> <span class='ocrx_word' id='word_1_718' title='bbox 1709 4791 1790 4847; x_wconf 91' lang='lat' dir='ltr'><strong>De</strong></span> <span class='ocrx_word' id='word_1_719' title='bbox 1810 4792 1872 4848; x_wconf 91' lang='lat' dir='ltr'><strong>S.</strong></span> <span class='ocrx_word' id='word_1_720' title='bbox 1901 4790 2288 4917; x_wconf 51' lang='lat' dir='ltr'><strong>Epightmial,</strong></span> <span class='ocrx_word' id='word_1_721' title='bbox 2320 4790 2656 4873; x_wconf 40' lang='lat' dir='ltr'><strong>tunc.muit.o</strong></span> <span class='ocrx_word' id='word_1_722' title='bbox 2685 4806 2805 4846; x_wconf 90' lang='lat' dir='ltr'><strong>esse</strong></span> <span class='ocrx_word' id='word_1_723' title='bbox 2855 4793 3081 4850; x_wconf 87' lang='lat' dir='ltr'><strong>similius</strong></span> <span class='ocrx_word' id='word_1_724' title='bbox 3124 4797 3239 4851; x_wconf 91' lang='lat' dir='ltr'><strong>veri</strong></span> <span class='ocrx_word' id='word_1_725' title='bbox 3283 4790 3722 4863; x_wconf 77' lang='lat' dir='ltr'><strong>animadvertunt,</strong></span> 
     </span>
     <span class='ocr_line' id='line_1_94' title="bbox 442 4862 3722 4917; baseline 0 0"><span class='ocrx_word' id='word_1_726' title='bbox 442 4883 567 4917; x_wconf 83' lang='lat' dir='ltr'><strong>eum</strong></span> <span class='ocrx_word' id='word_1_727' title='bbox 596 4867 830 4917; x_wconf 82' lang='lat' dir='ltr'><strong>Maximo</strong></span> <span class='ocrx_word' id='word_1_728' title='bbox 854 4867 1034 4917; x_wconf 84' lang='lat' dir='ltr'><strong>notius</strong></span> <span class='ocrx_word' id='word_1_729' title='bbox 1061 4882 1221 4917; x_wconf 83' lang='lat' dir='ltr'><strong>uuam</strong></span> <span class='ocrx_word' id='word_1_730' title='bbox 1252 4865 1409 4917; x_wconf 85' lang='lat' dir='ltr'><strong>alteri</strong></span> <span class='ocrx_word' id='word_1_731' title='bbox 1439 4863 1689 4917; x_wconf 87' lang='lat' dir='ltr'><strong>cuiunam</strong></span> <span class='ocrx_word' id='word_1_732' title='bbox 1720 4879 1839 4917; x_wconf 88' lang='lat' dir='ltr'><strong>esse</strong></span> <span class='ocrx_word' id='word_1_733' title='bbox 1866 4872 1991 4917; x_wconf 84' lang='lat' dir='ltr'><strong>attn</strong></span> <span class='ocrx_word' id='word_1_734' title='bbox 2032 4863 2289 4917; x_wconf 86' lang='lat' dir='ltr'><strong>nendum.</strong></span> <span class='ocrx_word' id='word_1_735' title='bbox 2323 4862 2402 4917; x_wconf 82' lang='lat' dir='ltr'><strong>Ae</strong></span> <span class='ocrx_word' id='word_1_736' title='bbox 2428 4878 2473 4917; x_wconf 71' lang='grc' dir='ltr'><strong>δι</strong></span> <span class='ocrx_word' id='word_1_737' title='bbox 2507 4862 2628 4917; x_wconf 83' lang='lat' dir='ltr'><strong>stvh</strong></span> <span class='ocrx_word' id='word_1_738' title='bbox 2672 4871 3023 4917; x_wconf 77' lang='lat' dir='ltr'><strong>veterumque</strong></span> <span class='ocrx_word' id='word_1_739' title='bbox 3048 4866 3294 4917; x_wconf 82' lang='lat' dir='ltr'><strong>codicum</strong></span> <span class='ocrx_word' id='word_1_740' title='bbox 3323 4867 3569 4917; x_wconf 77' lang='lat' dir='ltr'><strong>habenda</strong></span> <span class='ocrx_word' id='word_1_741' title='bbox 3596 4869 3722 4917; x_wconf 79' lang='lat' dir='ltr'><strong>ratio</strong></span> 
     </span>
    </p>
   </div>
   <div class='ocr_carea' id='block_1_94' title="bbox 442 4863 1991 4937">
    <p class='ocr_par' dir='ltr' id='par_1_94' title="bbox 442 4863 1991 4937">
     <span class='ocr_line' id='line_1_95' title="bbox 442 4863 1991 4937; baseline -0.004 -14"><span class='ocrx_word' id='word_1_742' title='bbox 442 4883 567 4923; x_wconf 90' lang='lat' dir='ltr'><strong>eum</strong></span> <span class='ocrx_word' id='word_1_743' title='bbox 596 4867 830 4923; x_wconf 82' lang='lat' dir='ltr'><strong>Maximo</strong></span> <span class='ocrx_word' id='word_1_744' title='bbox 854 4867 1034 4937; x_wconf 87' lang='lat' dir='ltr'><strong>potius</strong></span> <span class='ocrx_word' id='word_1_745' title='bbox 1061 4882 1221 4935; x_wconf 90' lang='lat' dir='ltr'><strong>quam</strong></span> <span class='ocrx_word' id='word_1_746' title='bbox 1252 4865 1409 4919; x_wconf 89' lang='lat' dir='ltr'><strong>alteri</strong></span> <span class='ocrx_word' id='word_1_747' title='bbox 1439 4863 1689 4937; x_wconf 73' lang='lat' dir='ltr'><strong>cuiquam</strong></span> <span class='ocrx_word' id='word_1_748' title='bbox 1720 4879 1839 4919; x_wconf 88' lang='lat' dir='ltr'><strong>esse</strong></span> <span class='ocrx_word' id='word_1_749' title='bbox 1865 4864 1991 4937; x_wconf 79' lang='lat' dir='ltr'><strong>attri</strong></span> 
     </span>
    </p>
   </div>
   <div class='ocr_carea' id='block_1_95' title="bbox 2068 4862 3723 4934">
    <p class='ocr_par' dir='ltr' id='par_1_95' title="bbox 2068 4862 3723 4934">
     <span class='ocr_line' id='line_1_96' title="bbox 2068 4862 3723 4934; baseline 0.002 -15"><span class='ocrx_word' id='word_1_750' title='bbox 2068 4863 2289 4919; x_wconf 89' lang='lat' dir='ltr'><strong>endum.</strong></span> <span class='ocrx_word' id='word_1_751' title='bbox 2323 4862 2402 4918; x_wconf 83' lang='lat' dir='ltr'><strong>Ae</strong></span> <span class='ocrx_word' id='word_1_752' title='bbox 2428 4862 2473 4917; x_wconf 88' lang='lat' dir='ltr'><strong>si</strong></span> <span class='ocrx_word' id='word_1_753' title='bbox 2507 4862 2628 4934; x_wconf 86' lang='lat' dir='ltr'><strong>styli</strong></span> <span class='ocrx_word' id='word_1_754' title='bbox 2645 4871 3023 4934; x_wconf 70' lang='lat' dir='ltr'><strong>_veterumque</strong></span> <span class='ocrx_word' id='word_1_755' title='bbox 3048 4866 3294 4924; x_wconf 88' lang='lat' dir='ltr'><strong>codicum</strong></span> <span class='ocrx_word' id='word_1_756' title='bbox 3323 4867 3569 4924; x_wconf 86' lang='lat' dir='ltr'><strong>habenda</strong></span> <span class='ocrx_word' id='word_1_757' title='bbox 3596 4862 3723 4925; x_wconf 86' lang='lat' dir='ltr'><strong>ratio</strong></span> 
     </span>
    </p>
   </div>
   <div class='ocr_carea' id='block_1_96' title="bbox 440 4932 3717 5011">
    <p class='ocr_par' dir='ltr' id='par_1_96' title="bbox 440 4932 3717 5011">
     <span class='ocr_line' id='line_1_97' title="bbox 440 4932 3717 5011; baseline 0 -18"><span class='ocrx_word' id='word_1_758' title='bbox 440 4949 546 5011; x_wconf 83' lang='lat' dir='ltr'><strong>est,</strong></span> <span class='ocrx_word' id='word_1_759' title='bbox 566 4938 816 5011; x_wconf 80' lang='lat' dir='ltr'><strong>habenda</strong></span> <span class='ocrx_word' id='word_1_760' title='bbox 843 4932 976 5011; x_wconf 75' lang='lat' dir='ltr'><strong>vero</strong></span> <span class='ocrx_word' id='word_1_761' title='bbox 1005 4932 1096 4992; x_wconf 76' lang='lat' dir='ltr'><strong>est</strong></span> <span class='ocrx_word' id='word_1_762' title='bbox 1109 4937 1367 5000; x_wconf 79' lang='lat' dir='ltr'><strong>maxima,</strong></span> <span class='ocrx_word' id='word_1_763' title='bbox 1400 4932 1769 5011; x_wconf 77' lang='lat' dir='ltr'><strong>conﬁtendum</strong></span> <span class='ocrx_word' id='word_1_764' title='bbox 1799 4936 1922 5000; x_wconf 89' lang='lat' dir='ltr'><strong>erit,</strong></span> <span class='ocrx_word' id='word_1_765' title='bbox 1948 4934 2160 5011; x_wconf 76' lang='lat' dir='ltr'><strong>restitui</strong></span> <span class='ocrx_word' id='word_1_766' title='bbox 2191 4935 2412 4989; x_wconf 91' lang='lat' dir='ltr'><strong>omnino</strong></span> <span class='ocrx_word' id='word_1_767' title='bbox 2436 4932 2606 5011; x_wconf 84' lang='lat' dir='ltr'><strong>ipsum</strong></span> <span class='ocrx_word' id='word_1_768' title='bbox 2639 4932 2959 5011; x_wconf 76' lang='lat' dir='ltr'><strong>Taurineusi</strong></span> <span class='ocrx_word' id='word_1_769' title='bbox 2986 4946 3175 4993; x_wconf 91' lang='lat' dir='ltr'><strong>nostro</strong></span> <span class='ocrx_word' id='word_1_770' title='bbox 3206 4939 3432 5011; x_wconf 82' lang='lat' dir='ltr'><strong>antistiti</strong></span> <span class='ocrx_word' id='word_1_771' title='bbox 3455 4949 3717 5011; x_wconf 80' lang='lat' dir='ltr'><strong>oportere.</strong></span> 
     </span>
    </p>
   </div>
   <div class='ocr_carea' id='block_1_97' title="bbox 441 5005 3723 5079">
    <p class='ocr_par' dir='ltr' id='par_1_97' title="bbox 441 5005 3723 5079">
     <span class='ocr_line' id='line_1_98' title="bbox 441 5005 3723 5079; baseline -0 -16"><span class='ocrx_word' id='word_1_772' title='bbox 441 5005 614 5063; x_wconf 55' lang='lat' dir='ltr'><strong>Ac&#39;de</strong></span> <span class='ocrx_word' id='word_1_773' title='bbox 634 5008 773 5079; x_wconf 82' lang='lat' dir='ltr'><strong>stylo</strong></span> <span class='ocrx_word' id='word_1_774' title='bbox 802 5008 1019 5079; x_wconf 83' lang='lat' dir='ltr'><strong>quidem</strong></span> <span class='ocrx_word' id='word_1_775' title='bbox 1046 5024 1155 5063; x_wconf 91' lang='lat' dir='ltr'><strong>non</strong></span> <span class='ocrx_word' id='word_1_776' title='bbox 1183 5013 1266 5063; x_wconf 87' lang='lat' dir='ltr'><strong>est</strong></span> <span class='ocrx_word' id='word_1_777' title='bbox 1288 5021 1385 5062; x_wconf 88' lang='lat' dir='ltr'><strong>cur</strong></span> <span class='ocrx_word' id='word_1_778' title='bbox 1405 5006 1843 5079; x_wconf 10' lang='lat' dir='ltr'><strong>disputem,gcu_m</strong></span> <span class='ocrx_word' id='word_1_779' title='bbox 1872 5005 2214 5076; x_wconf 89' lang='lat' dir='ltr'><strong>perspicuum</strong></span> <span class='ocrx_word' id='word_1_780' title='bbox 2245 5020 2365 5060; x_wconf 87' lang='lat' dir='ltr'><strong>esse</strong></span> <span class='ocrx_word' id='word_1_781' title='bbox 2383 5006 2587 5079; x_wconf 70' lang='lat' dir='ltr'><strong>cuique</strong></span> <span class='ocrx_word' id='word_1_782' title='bbox 2613 5005 2919 5079; x_wconf 60' lang='lat' dir='ltr'><strong>possit,qui</strong></span> <span class='ocrx_word' id='word_1_783' title='bbox 2942 5008 3086 5079; x_wconf 83' lang='lat' dir='ltr'><strong>hunc</strong></span> <span class='ocrx_word' id='word_1_784' title='bbox 3105 5022 3226 5064; x_wconf 90' lang='lat' dir='ltr'><strong>cum</strong></span> <span class='ocrx_word' id='word_1_785' title='bbox 3246 5005 3723 5079; x_wconf 66' lang='lat' dir='ltr'><strong>genuinis&#39;Maximi</strong></span> 
     </span>
    </p>
   </div>
   <div class='ocr_carea' id='block_1_98' title="bbox 436 5076 3722 5152">
    <p class='ocr_par' dir='ltr' id='par_1_98' title="bbox 436 5076 3722 5152">
     <span class='ocr_line' id='line_1_99' title="bbox 436 5076 3722 5152; baseline 0 -18"><span class='ocrx_word' id='word_1_786' title='bbox 436 5076 778 5152; x_wconf 73' lang='lat' dir='ltr'><strong>sermonibus</strong></span> <span class='ocrx_word' id='word_1_787' title='bbox 804 5076 1049 5152; x_wconf 76' lang='lat' dir='ltr'><strong>conferre</strong></span> <span class='ocrx_word' id='word_1_788' title='bbox 1061 5094 1185 5152; x_wconf 75' lang='lat' dir='ltr'><strong>_u_on_</strong></span> <span class='ocrx_word' id='word_1_789' title='bbox 1202 5076 1579 5152; x_wconf 31' lang='lat' dir='ltr'><strong>gravatnere</strong></span> <span class='ocrx_word' id='word_1_790' title='bbox 1599 5077 1876 5152; x_wconf 81' lang='lat' dir='ltr'><strong>codicibus</strong></span> <span class='ocrx_word' id='word_1_791' title='bbox 1906 5085 2139 5152; x_wconf 84' lang='lat' dir='ltr'><strong>non_est</strong></span> <span class='ocrx_word' id='word_1_792' title='bbox 2166 5092 2263 5131; x_wconf 91' lang='lat' dir='ltr'><strong>cur</strong></span> <span class='ocrx_word' id='word_1_793' title='bbox 2286 5076 2469 5152; x_wconf 76' lang='lat' dir='ltr'><strong>multis</strong></span> <span class='ocrx_word' id='word_1_794' title='bbox 2497 5092 2616 5152; x_wconf 82' lang='lat' dir='ltr'><strong>esse</strong></span> <span class='ocrx_word' id='word_1_795' title='bbox 2671 5076 3052 5152; x_wconf 74' lang='lat' dir='ltr'><strong>disputandum</strong></span> <span class='ocrx_word' id='word_1_796' title='bbox 3100 5076 3305 5151; x_wconf 76' lang='lat' dir='ltr'><strong>putem.</strong></span> <span class='ocrx_word' id='word_1_797' title='bbox 3361 5080 3551 5152; x_wconf 79' lang='lat' dir='ltr'><strong>itaque</strong></span> <span class='ocrx_word' id='word_1_798' title='bbox 3579 5090 3722 5150; x_wconf 82' lang='lat' dir='ltr'><strong>agam</strong></span> 
     </span>
    </p>
   </div>
   <div class='ocr_carea' id='block_1_99' title="bbox 436 5147 3719 5224">
    <p class='ocr_par' dir='ltr' id='par_1_99' title="bbox 436 5147 3719 5224">
     <span class='ocr_line' id='line_1_100' title="bbox 436 5147 3719 5224; baseline -0 -17"><span class='ocrx_word' id='word_1_799' title='bbox 436 5149 710 5207; x_wconf 88' lang='lat' dir='ltr'><strong>brevibus.</strong></span> <span class='ocrx_word' id='word_1_800' title='bbox 741 5149 799 5205; x_wconf 92' lang='lat' dir='ltr'><strong>ln</strong></span> <span class='ocrx_word' id='word_1_801' title='bbox 822 5147 947 5206; x_wconf 87' lang='lat' dir='ltr'><strong>cod.</strong></span> <span class='ocrx_word' id='word_1_802' title='bbox 983 5148 1121 5204; x_wconf 64' lang='lat' dir='ltr'><strong>H67</strong></span> <span class='ocrx_word' id='word_1_803' title='bbox 1143 5147 1419 5205; x_wconf 77' lang='lat' dir='ltr'><strong>Vaticana:</strong></span> <span class='ocrx_word' id='word_1_804' title='bbox 1448 5148 1790 5206; x_wconf 65' lang='lat' dir='ltr'><strong>bibliotheca:</strong></span> <span class='ocrx_word' id='word_1_805' title='bbox 1830 5155 2007 5205; x_wconf 80' lang='lat' dir='ltr'><strong>exstat</strong></span> <span class='ocrx_word' id='word_1_806' title='bbox 2025 5148 2115 5204; x_wconf 90' lang='lat' dir='ltr'><strong>hic</strong></span> <span class='ocrx_word' id='word_1_807' title='bbox 2142 5161 2322 5203; x_wconf 89' lang='lat' dir='ltr'><strong>sermo</strong></span> <span class='ocrx_word' id='word_1_808' title='bbox 2341 5189 2356 5216; x_wconf 95' lang='lat'><strong>,</strong></span> <span class='ocrx_word' id='word_1_809' title='bbox 2381 5148 2539 5219; x_wconf 89' lang='lat' dir='ltr'><strong>eique</strong></span> <span class='ocrx_word' id='word_1_810' title='bbox 2587 5150 2704 5204; x_wconf 68' lang='lat' dir='ltr'><strong>haec</strong></span> <span class='ocrx_word' id='word_1_811' title='bbox 2727 5155 2812 5203; x_wconf 87' lang='lat' dir='ltr'><strong>est</strong></span> <span class='ocrx_word' id='word_1_812' title='bbox 2855 5147 3075 5220; x_wconf 69' lang='lat' dir='ltr'><strong>praeﬁxa</strong></span> <span class='ocrx_word' id='word_1_813' title='bbox 3101 5147 3406 5223; x_wconf 58' lang='lat' dir='ltr'><strong>inscriptio</strong></span> <span class='ocrx_word' id='word_1_814' title='bbox 3439 5147 3719 5224; x_wconf 57' lang='lat' dir='ltr'><strong>{Ejusdem</strong></span> 
     </span>
    </p>
   </div>
   <div class='ocr_carea' id='block_1_100' title="bbox 512 5279 1252 5339">
    <p class='ocr_par' dir='ltr' id='par_1_100' title="bbox 512 5279 1252 5339">
     <span class='ocr_line' id='line_1_101' title="bbox 512 5279 1252 5339; baseline -0.005 0"><span class='ocrx_word' id='word_1_815' title='bbox 512 5291 536 5320; x_wconf 75' lang='grc'><strong><em>⁸</em></strong></span> <span class='ocrx_word' id='word_1_816' title='bbox 576 5281 710 5339; x_wconf 85' lang='lat' dir='ltr'><strong>Cod.</strong></span> <span class='ocrx_word' id='word_1_817' title='bbox 743 5281 865 5338; x_wconf 83' lang='lat' dir='ltr'><strong>Vat.</strong></span> <span class='ocrx_word' id='word_1_818' title='bbox 891 5279 1071 5337; x_wconf 89' lang='lat' dir='ltr'><strong>omitit</strong></span> <span class='ocrx_word' id='word_1_819' title='bbox 1095 5282 1252 5335; x_wconf 87' lang='lat' dir='ltr'><strong>enim.</strong></span> 
     </span>
    </p>
   </div>
   <div class='ocr_carea' id='block_1_101' title="bbox 510 5349 2035 5425">
    <p class='ocr_par' dir='ltr' id='par_1_101' title="bbox 510 5349 2035 5425">
     <span class='ocr_line' id='line_1_102' title="bbox 510 5349 2035 5425; baseline -0.005 -13"><span class='ocrx_word' id='word_1_820' title='bbox 510 5352 537 5394; x_wconf 75' lang='grc' dir='ltr'>δ</span> <span class='ocrx_word' id='word_1_821' title='bbox 576 5353 711 5411; x_wconf 90' lang='lat' dir='ltr'><strong>Cod.</strong></span> <span class='ocrx_word' id='word_1_822' title='bbox 744 5351 891 5422; x_wconf 80' lang='lat' dir='ltr'><strong>Vat.,</strong></span> <span class='ocrx_word' id='word_1_823' title='bbox 923 5349 1166 5408; x_wconf 77' lang='lat' dir='ltr'><strong>Libenter</strong></span> <span class='ocrx_word' id='word_1_824' title='bbox 1185 5369 1307 5425; x_wconf 85' lang='lat' dir='ltr'><strong>ergo</strong></span> <span class='ocrx_word' id='word_1_825' title='bbox 1330 5353 1549 5425; x_wconf 76' lang='lat' dir='ltr'><strong>quiescit</strong></span> <span class='ocrx_word' id='word_1_826' title='bbox 1569 5351 1829 5408; x_wconf 84' lang='lat' dir='ltr'><strong>Dominus</strong></span> <span class='ocrx_word' id='word_1_827' title='bbox 1846 5352 1903 5405; x_wconf 88' lang='lat' dir='ltr'><strong>in</strong></span> <span class='ocrx_word' id='word_1_828' title='bbox 1918 5351 2035 5406; x_wconf 84' lang='lat' dir='ltr'><strong>sinu</strong></span> 
     </span>
    </p>
   </div>
   <div class='ocr_carea' id='block_1_102' title="bbox 436 5433 1633 5580">
    <p class='ocr_par' dir='ltr' id='par_1_102' title="bbox 436 5433 1633 5580">
     <span class='ocr_line' id='line_1_103' title="bbox 436 5433 759 5483; baseline -0.009 0"><span class='ocrx_word' id='word_1_829' title='bbox 436 5433 759 5483; x_wconf 83' lang='lat' dir='ltr'><strong>sanctorum.</strong></span> 
     </span>
     <span class='ocr_line' id='line_1_104' title="bbox 512 5493 1633 5580; baseline -0.002 0"><span class='ocrx_word' id='word_1_830' title='bbox 512 5510 536 5580; x_wconf 77' lang='grc' dir='ltr'><strong>ξ</strong></span> <span class='ocrx_word' id='word_1_831' title='bbox 569 5496 713 5580; x_wconf 62' lang='lat'><strong>.009:</strong></span> <span class='ocrx_word' id='word_1_832' title='bbox 742 5496 863 5580; x_wconf 67' lang='lat' dir='ltr'><strong>V2}:</strong></span> <span class='ocrx_word' id='word_1_833' title='bbox 883 5493 1053 5580; x_wconf 51' lang='lat'><strong>.3216,</strong></span> <span class='ocrx_word' id='word_1_834' title='bbox 1083 5495 1171 5580; x_wconf 58' lang='grc' dir='ltr'><strong>’φῖ</strong></span> <span class='ocrx_word' id='word_1_835' title='bbox 1191 5503 1351 5580; x_wconf 62' lang='lat' dir='ltr'><strong>Fat?“</strong></span> <span class='ocrx_word' id='word_1_836' title='bbox 1371 5511 1559 5580; x_wconf 61' lang='grc' dir='ltr'><strong>ωαξης,</strong></span> <span class='ocrx_word' id='word_1_837' title='bbox 1577 5579 1582 5580; x_wconf 56' lang='lat'><strong><em>,</em></strong></span> <span class='ocrx_word' id='word_1_838' title='bbox 1599 5565 1633 5580; x_wconf 78' lang='lat'><strong>-.</strong></span> 
     </span>
    </p>
   </div>
   <div class='ocr_carea' id='block_1_103' title="bbox 507 5561 2029 5634">
    <p class='ocr_par' dir='ltr' id='par_1_103' title="bbox 507 5561 2029 5634">
     <span class='ocr_line' id='line_1_105' title="bbox 507 5561 2029 5634; baseline -0.007 -7"><span class='ocrx_word' id='word_1_839' title='bbox 507 5567 537 5607; x_wconf 70' lang='grc'><strong><em>⁸</em></strong></span> <span class='ocrx_word' id='word_1_840' title='bbox 564 5568 736 5626; x_wconf 88' lang='lat' dir='ltr'><strong>Codd.</strong></span> <span class='ocrx_word' id='word_1_841' title='bbox 787 5566 856 5623; x_wconf 82' lang='lat'><strong>99</strong></span> <span class='ocrx_word' id='word_1_842' title='bbox 882 5566 943 5623; x_wconf 89' lang='lat' dir='ltr'><strong>S.</strong></span> <span class='ocrx_word' id='word_1_843' title='bbox 971 5566 1161 5624; x_wconf 90' lang='lat' dir='ltr'><strong>Crucis</strong></span> <span class='ocrx_word' id='word_1_844' title='bbox 1189 5561 1379 5621; x_wconf 58' lang='lat' dir='ltr'><strong>in&#39;Jer.</strong></span> <span class='ocrx_word' id='word_1_845' title='bbox 1413 5574 1469 5621; x_wconf 93' lang='lat' dir='ltr'><strong>et</strong></span> <span class='ocrx_word' id='word_1_846' title='bbox 1514 5564 1689 5620; x_wconf 82' lang='lat' dir='ltr'><strong>Vatie.</strong></span> <span class='ocrx_word' id='word_1_847' title='bbox 1736 5562 1906 5634; x_wconf 62' lang='lat' dir='ltr'><strong>B76,</strong></span> <span class='ocrx_word' id='word_1_848' title='bbox 1932 5561 2029 5617; x_wconf 88' lang='lat' dir='ltr'><strong>In-</strong></span> 
     </span>
    </p>
   </div>
   <div class='ocr_carea' id='block_1_104' title="bbox 437 5638 1897 5791">
    <p class='ocr_par' dir='ltr' id='par_1_104' title="bbox 437 5638 1897 5791">
     <span class='ocr_line' id='line_1_106' title="bbox 437 5638 1897 5791; baseline 0.001 -31"><span class='ocrx_word' id='word_1_849' title='bbox 734 5711 858 5791; x_wconf 58' lang='lat' dir='ltr'><strong>cod:</strong></span> <span class='ocrx_word' id='word_1_850' title='bbox 879 5690 1313 5791; x_wconf 38' lang='lat' dir='ltr'><strong>_Va‘t‘:,ﬂinnsignis</strong></span> <span class='ocrx_word' id='word_1_851' title='bbox 1333 5708 1584 5791; x_wconf 63' lang='lat' dir='ltr'><strong>columna</strong></span> <span class='ocrx_word' id='word_1_852' title='bbox 1613 5707 1897 5791; x_wconf 55' lang='grc' dir='ltr'><strong>ιιι-ἔθραξε.</strong></span> 
     </span>
    </p>
   </div>
   <div class='ocr_carea' id='block_1_105' title="bbox 519 5777 2029 5853">
    <p class='ocr_par' dir='ltr' id='par_1_105' title="bbox 519 5777 2029 5853">
     <span class='ocr_line' id='line_1_107' title="bbox 519 5777 2029 5853; baseline -0.002 -15"><span class='ocrx_word' id='word_1_853' title='bbox 519 5780 538 5819; x_wconf 76' lang='grc' dir='ltr'>ί</span> <span class='ocrx_word' id='word_1_854' title='bbox 569 5777 737 5838; x_wconf 78' lang='lat' dir='ltr'><strong>Iidem</strong></span> <span class='ocrx_word' id='word_1_855' title='bbox 757 5781 918 5839; x_wconf 89' lang='lat' dir='ltr'><strong>codd.</strong></span> <span class='ocrx_word' id='word_1_856' title='bbox 939 5777 1092 5837; x_wconf 79' lang='lat' dir='ltr'><strong>99&#39;s.</strong></span> <span class='ocrx_word' id='word_1_857' title='bbox 1123 5777 1313 5837; x_wconf 83' lang='lat' dir='ltr'><strong>Crucis</strong></span> <span class='ocrx_word' id='word_1_858' title='bbox 1332 5779 1386 5835; x_wconf 91' lang='lat' dir='ltr'><strong>in</strong></span> <span class='ocrx_word' id='word_1_859' title='bbox 1411 5778 1544 5849; x_wconf 80' lang='lat' dir='ltr'><strong>Jer.,</strong></span> <span class='ocrx_word' id='word_1_860' title='bbox 1586 5777 1646 5836; x_wconf 80' lang='lat' dir='ltr'><strong>et</strong></span> <span class='ocrx_word' id='word_1_861' title='bbox 1670 5779 1818 5848; x_wconf 67' lang='grc' dir='ltr'><strong>νει,</strong></span> <span class='ocrx_word' id='word_1_862' title='bbox 1845 5794 2029 5853; x_wconf 81' lang='lat' dir='ltr'><strong>seque-</strong></span> 
     </span>
    </p>
   </div>
   <div class='ocr_carea' id='block_1_106' title="bbox 2065 5286 2341 5352">
    <p class='ocr_par' dir='ltr' id='par_1_106' title="bbox 2065 5286 2341 5352">
     <span class='ocr_line' id='line_1_108' title="bbox 2065 5286 2341 5352; baseline 0.004 -19"><span class='ocrx_word' id='word_1_863' title='bbox 2065 5291 2120 5352; x_wconf 80' lang='lat' dir='ltr'><strong><em>D</em></strong></span> <span class='ocrx_word' id='word_1_864' title='bbox 2144 5286 2341 5352; x_wconf 66' lang='lat' dir='ltr'><strong>rentur.</strong></span> 
     </span>
    </p>
   </div>
   <div class='ocr_carea' id='block_1_107' title="bbox 2220 5349 3374 5429">
    <p class='ocr_par' dir='ltr' id='par_1_107' title="bbox 2220 5349 3374 5429">
     <span class='ocr_line' id='line_1_109' title="bbox 2220 5349 3374 5429; baseline 0.007 -25"><span class='ocrx_word' id='word_1_865' title='bbox 2220 5360 2246 5429; x_wconf 54' lang='grc' dir='ltr'><strong><em>ξ</em></strong></span> <span class='ocrx_word' id='word_1_866' title='bbox 2277 5349 2391 5429; x_wconf 71' lang='lat' dir='ltr'><strong>Cod</strong></span> <span class='ocrx_word' id='word_1_867' title='bbox 2419 5349 2570 5429; x_wconf 24' lang='lat' dir='ltr'><strong>99‘s:</strong></span> <span class='ocrx_word' id='word_1_868' title='bbox 2597 5351 2787 5409; x_wconf 87' lang='lat' dir='ltr'><strong>Crucis</strong></span> <span class='ocrx_word' id='word_1_869' title='bbox 2815 5353 2869 5409; x_wconf 90' lang='lat' dir='ltr'><strong>in</strong></span> <span class='ocrx_word' id='word_1_870' title='bbox 2895 5352 3033 5429; x_wconf 78' lang='lat' dir='ltr'><strong>Jer.,</strong></span> <span class='ocrx_word' id='word_1_871' title='bbox 3055 5370 3265 5429; x_wconf 74' lang='lat' dir='ltr'><strong>egressa</strong></span> <span class='ocrx_word' id='word_1_872' title='bbox 3280 5366 3374 5412; x_wconf 78' lang='lat' dir='ltr'><strong>est.</strong></span> 
     </span>
    </p>
   </div>
   <div class='ocr_carea' id='block_1_108' title="bbox 2204 5419 3715 5505">
    <p class='ocr_par' dir='ltr' id='par_1_108' title="bbox 2204 5419 3715 5505">
     <span class='ocr_line' id='line_1_110' title="bbox 2204 5419 3715 5505; baseline 0.003 -28"><span class='ocrx_word' id='word_1_873' title='bbox 2204 5419 2407 5505; x_wconf 40' lang='grc' dir='ltr'><strong>,δραι</strong></span> <span class='ocrx_word' id='word_1_874' title='bbox 2441 5422 2511 5505; x_wconf 79' lang='lat' dir='ltr'><strong>l0</strong></span> <span class='ocrx_word' id='word_1_875' title='bbox 2539 5422 2832 5494; x_wconf 58' lang='lat' dir='ltr'><strong>Laurent,</strong></span> <span class='ocrx_word' id='word_1_876' title='bbox 2875 5435 2937 5480; x_wconf 82' lang='lat' dir='ltr'><strong>ut</strong></span> <span class='ocrx_word' id='word_1_877' title='bbox 2987 5419 3161 5483; x_wconf 60' lang='lat' dir='ltr'><strong>mea</strong></span> <span class='ocrx_word' id='word_1_878' title='bbox 3214 5429 3528 5501; x_wconf 59' lang='lat' dir='ltr'><strong>aquantium</strong></span> <span class='ocrx_word' id='word_1_879' title='bbox 3569 5427 3715 5485; x_wconf 74' lang='lat' dir='ltr'><strong>oculis</strong></span> 
     </span>
    </p>
   </div>
   <div class='ocr_carea' id='block_1_109' title="bbox 2143 5502 3711 5640">
    <p class='ocr_par' dir='ltr' id='par_1_109' title="bbox 2143 5502 3711 5640">
     <span class='ocr_line' id='line_1_111' title="bbox 2143 5502 3711 5640; baseline 0.029 -1"><span class='ocrx_word' id='word_1_880' title='bbox 2143 5502 2539 5640; x_wconf 38' lang='lat' dir='ltr'><strong>fassam</strong></span> <span class='ocrx_word' id='word_1_881' title='bbox 2561 5565 2620 5621; x_wconf 71' lang='grc' dir='ltr'><strong>ε.</strong></span> <span class='ocrx_word' id='word_1_882' title='bbox 2896 5570 2950 5640; x_wconf 66' lang='grc' dir='ltr'><strong>ειη</strong></span> <span class='ocrx_word' id='word_1_883' title='bbox 2998 5566 3109 5627; x_wconf 59' lang='lat' dir='ltr'><strong>ser.</strong></span> <span class='ocrx_word' id='word_1_884' title='bbox 3148 5579 3206 5627; x_wconf 73' lang='grc' dir='ltr'>ει</span> <span class='ocrx_word' id='word_1_885' title='bbox 3250 5571 3319 5627; x_wconf 75' lang='grc' dir='ltr'>ιο</span> <span class='ocrx_word' id='word_1_886' title='bbox 3367 5571 3634 5640; x_wconf 53' lang='lat' dir='ltr'><strong>went»</strong></span> <span class='ocrx_word' id='word_1_887' title='bbox 3663 5569 3711 5623; x_wconf 69' lang='grc' dir='ltr'><strong>ίπ</strong></span> 
     </span>
    </p>
   </div>
   <div class='ocr_carea' id='block_1_110' title="bbox 2136 5636 3710 5716">
    <p class='ocr_par' dir='ltr' id='par_1_110' title="bbox 2136 5636 3710 5716">
     <span class='ocr_line' id='line_1_112' title="bbox 2136 5636 3710 5716; baseline 0.004 -28"><span class='ocrx_word' id='word_1_888' title='bbox 2136 5636 2564 5716; x_wconf 49' lang='grc' dir='ltr'><strong>1ζιιειί1&gt;ιιδςρριιἶ</strong></span> <span class='ocrx_word' id='word_1_889' title='bbox 2594 5638 2863 5716; x_wconf 82' lang='lat' dir='ltr'><strong>vero_Vat.</strong></span> <span class='ocrx_word' id='word_1_890' title='bbox 2898 5639 3064 5709; x_wconf 69' lang='lat' dir='ltr'><strong>l276,</strong></span> <span class='ocrx_word' id='word_1_891' title='bbox 3098 5642 3239 5698; x_wconf 76' lang='lat' dir='ltr'><strong>Tunc</strong></span> <span class='ocrx_word' id='word_1_892' title='bbox 3261 5643 3323 5699; x_wconf 75' lang='lat' dir='ltr'><strong>de</strong></span> <span class='ocrx_word' id='word_1_893' title='bbox 3362 5644 3593 5716; x_wconf 74' lang='lat' dir='ltr'><strong>ﬂuctibus</strong></span> <span class='ocrx_word' id='word_1_894' title='bbox 3620 5636 3710 5695; x_wconf 77' lang='lat' dir='ltr'><strong>un-</strong></span> 
     </span>
    </p>
   </div>
   <div class='ocr_carea' id='block_1_111' title="bbox 2136 5706 3438 5777">
    <p class='ocr_par' dir='ltr' id='par_1_111' title="bbox 2136 5706 3438 5777">
     <span class='ocr_line' id='line_1_113' title="bbox 2136 5706 3438 5777; baseline 0.009 -17"><span class='ocrx_word' id='word_1_895' title='bbox 2136 5706 2325 5762; x_wconf 80' lang='lat' dir='ltr'><strong>damn</strong></span> <span class='ocrx_word' id='word_1_896' title='bbox 2348 5709 2587 5764; x_wconf 81' lang='lat' dir='ltr'><strong>sotidavit</strong></span> <span class='ocrx_word' id='word_1_897' title='bbox 2614 5710 2883 5777; x_wconf 85' lang='lat' dir='ltr'><strong>semitam;</strong></span> <span class='ocrx_word' id='word_1_898' title='bbox 2915 5706 3092 5769; x_wconf 70' lang='lat' dir='ltr'><strong>nostra</strong></span> <span class='ocrx_word' id='word_1_899' title='bbox 3126 5716 3183 5769; x_wconf 85' lang='lat' dir='ltr'><strong>in</strong></span> <span class='ocrx_word' id='word_1_900' title='bbox 3211 5706 3438 5772; x_wconf 66' lang='lat' dir='ltr'><strong>lavat-iv.</strong></span> 
     </span>
    </p>
   </div>
  </div>
