4056 6346
276 307 376 369 549

1700 289 1930 348 SERMO
1967 288 2054 346 ll.
2100 371 2118 386 .

3435 292 3544 352 550

272 407 403 461 unde
427 418 600 474 supra.
627 399 678 457 ls
703 409 886 459 autem
915 405 1052 460 unde
1074 421 1134 461 su
1172 422 1232 460 ra
1261 413 1343 463 est
1367 405 1652 478 Maximus,
1687 409 1773 464 cui
1803 423 2083 464 sermones
2147 408 2201 463 ui
2275 405 2547 462 neccdunt
2575 406 2793 480 ascripti
2821 413 2965 462 sunt.
2995 404 3053 461 in
3083 404 3273 464 codice
3301 404 3544 464 Palatino

272 473 438 531 Vatic.
471 489 614 528 num.
645 471 802 532 1257.
826 474 869 528 is
893 475 1030 530 idem
1056 423 1283 532 habetur
1306 495 1484 532 sermo
1505 495 1625 532 cum
1657 480 1755 532 hac
1779 479 2070 532 cnieranhe
2097 424 2212 532 :qDe
2237 421 2541 532 gnlnhania
2563 523 2577 532 .
2599 497 2766 532 sermo
2798 477 2857 532 5.
2892 477 3117 532 Maximi
3136 481 3381 532 eniscooi.
3410 477 3544 532 Huic

272 473 438 531 Vatic.
471 471 614 528 num.
645 471 869 549 [257,13
893 475 1030 549 idem
1056 471 1283 549 habetur
1306 471 1755 549 sermocum'hac
1779 479 2070 549 epigraphc
2097 471 2212 532 ε’ὒε

2293 479 2541 562 plphania
2563 523 2577 548 ,
2599 477 2766 561 sermo
2798 477 2857 534 5.
2892 477 3117 562 Maximi
3136 481 3381 562 episcopi.
3410 477 3546 562 Huic

271 543 797 618 consonantcodices
817 545 1195 614 Taurinensis,
1222 550 1448 604 abbatis:
1477 548 1534 604 S.
1568 543 1849 613 Dalmatii",
1873 543 2264 605 'Lambacensis
2284 543 2303 612 ,’
2322 543 2377 603 et
2432 543 2814 618 nonagesimus
2843 565 3016 605 nonus
3041 551 3100 605 S.
3151 543 3340 606 Crucis
3368 550 3422 606 in
3449 550 3543 606 Je-

271 616 516 692 rusalem.
551 613 733 684 Itaque
759 615 1040 672 Ceillerius
1070 620 1120 672 in
1144 629 1338 692 quarto
1361 637 1423 692 ac
1445 621 1655 692 decimo
1679 630 1810 678 tom.
1837 619 2042 676 Ilistor.
2075 622 2330 692 generalis
2359 613 2628 674 (uictuma:
2648 663 2663 688 ,
2687 630 2789 676 etc.
2814 660 2828 685 ,
2860 623 2990 677 satis
3017 629 3270 676 constare
3290 620 3543 688 aﬂirmat,

272 688 408 743 hunc
437 687 604 756 ipsum
636 701 939 743 sermonem
971 687 1326 759 perscriptum
1357 691 1517 748 fuisse
1548 708 1578 746 a
1607 691 1858 746 Maximo.

271 827 652 910 Anguueuruu.
682 857 754 867 —
779 826 1084 910 pip/lania
1106 826 1304 910 Graece,
1354 828 1538 910 [taline
1558 829 1851 910 apparitio.
1883 832 1936 893 Α
1960 827 2080 893 daai,
2114 843 2272 899 quem
2323 835 2714 896 perspexerunt
2753 828 2954 895 oculis,
2982 827 3335 899 palpaverunt
3371 829 3546 884 mani-

340 898 482 970 Tancﬁ
498 898 720 970 primum
745 898 905 970 signis
932 899 1250 954 credentium
1277 900 1514 956 cordibus
1546 898 1683 954 Deus
1701 899 1854 955 Chri-

334 978 441 1052 stus
461 969 669 1052 illusit;
693 969 948 1052 apparens
975 988 1079 1052 non
1102 980 1209 1052 tam
1230 972 1394 1027 oculis
1423 971 1688 1052 hominum
1705 987 1858 1052 quam

337 1039 509 1094 saluti.
541 1038 765 1113 Mutatio
796 1058 944 1113 aqua:
997 1042 1050 1095 in
1101 1041 1292 1106 vinum,
1325 1059 1570 1113 maguum
1600 1038 1753 1112 plane
1780 1043 1855 1095 si-

337 1127 510 1181 gnum,
536 1110 603 1162 ad
625 1109 722 1164 Dei
744 1109 1055 1184 credendam
1097 1113 1356 1182 suﬁicieus
1397 1109 1741 1184 maiestatem,
1784 1121 1861 1166 at-

337 1197 430 1253 que
457 1183 852 1236 resurrectionis
880 1185 1178 1254 mysterium
1205 1183 1498 1240 continens.

336 1273 724 1330 Exsultantlum
747 1284 828 1330 est
856 1277 1032 1344 nobis,
1058 1276 1253 1332 fratres
1281 1277 1572 1344 carissimi,
1593 1277 1740 1348 quod
1774 1296 1861 1333 vu-

267 1369 332 1424 tis
359 1368 558 1424 nostris
581 1376 706 1423 vota
729 1369 1059 1437 succedunt,
1093 1379 1148 1425 et
1175 1371 1385 1439 gaudiis
1426 1372 1621 1441 gaudia
1672 1388 1860 1427 cumu-

269 1461 458 1517 lantur.
487 1460 631 1517 Ecce
654 1461 796 1516 enim
828 1463 1002 1517 adhuc
1023 1463 1218 1518 natalis
1241 1463 1496 1520 dominici
1517 1467 1860 1521 solemnitate

266 1552 422 1609 corda
454 1561 642 1608 nostra
675 1563 701 1591 ⁸
724 1555 1046 1625 persultant,
1080 1564 1136 1610 et
1158 1555 1270 1624 jam
1324 1557 1617 1613 festivitate
1646 1557 1703 1612 S.
1735 1556 1860 1628 Epi-

267 1645 472 1716 phaniae
499 1645 820 1715 gloriamur.
853 1645 1067 1701 Gratias
1098 1647 1260 1716 igitur
1289 1664 1448 1718 agere
1469 1648 1727 1703 debemus
1751 1649 1858 1704 Do-

265 1739 426 1805 mino,
459 1739 558 1810 qui
587 1756 684 1794 nos
716 1738 1028 1810 frequenter
1053 1740 1253 1807 visitat,
1275 1749 1324 1795 et
1358 1758 1500 1812 smpe
1530 1742 1784 1809 lmtilicat,
1806 1750 1861 1795 et

265 1833 536 1905 copiosius
571 1834 814 1905 requirit,
844 1841 900 1887 ut
932 1835 1270 1889 numerosius
1318 1835 1621 1890 benedicat.
1656 1834 1858 1901 Quam-

263 1925 338 1981 vis
367 1925 532 1992 igitur
567 1925 780 1994 gentilis
807 1929 823 1995 (
851 1925 975 1980 licet
1001 1927 1168 1995 vane)
1204 1940 1490 1981 numerosa
1512 1925 1860 1981 solemnitate

264 2015 470 2071 lmtetur
523 2027 757 2087 prepter
801 2017 1173 2072 diversitatem
1225 2017 1564 2082 dominorum
1617 2032 1856 2080 suorum,

265 2118 440 2166 tamen
463 2111 656 2181 plures
676 2110 830 2164 nobis
871 2110 1188 2165 festivitates
1243 2119 1461 2182 praestat
1516 2107 1722 2164 uniusb
1753 2110 1859 2163 diei

264 2201 513 2268 visitatio,
547 2218 708 2272 quam
740 2202 844 2257 illis
876 2202 1166 2257 multorum
1189 2202 1573 2257 dzemoniorum
1603 2201 1862 2271 supersti-
1897 2231 1942 2290 Β

266 2293 397 2350 tiosa
423 2294 801 2365 praesumptio.
834 2293 965 2348 Nam
1014 2294 1153 2350 sicut
1181 2310 1276 2348 eos
1317 2294 1542 2348 veritate
1588 2292 1863 2361 religionis

265 2385 566 2449 vincimus;
601 2386 674 2439 ita
698 2394 945 2440 votorum
999 2400 1222 2440 numero
1269 2401 1606 2456 superamus.
1638 2382 1867 2455 Epipha-

267 2477 364 2532 nia:
390 2492 520 2546 ergo
554 2476 718 2531 hodie
748 2491 1102 2547 procuramus
1148 2475 1359 2559 gaudia.
1403 2475 1620 2542 Quaerat
1649 2470 1863 2544 aliquis,

265 2569 390 2639 quid
422 2570 822 2639 interpretetur
846 2569 949 2623 hoc
976 2569 1224 2636 verbum,
1253 2568 1459 2622 scilicet
1481 2567 1606 2635 quia
1629 2565 1865 2637 Epipha-

265 2661 352 2717 nia
375 2659 593 2726 Grzece,
623 2658 812 2715 Latine
839 2659 1038 2716 dicitur
1064 2671 1084 2699 ο
1111 2660 1399 2730 apparitio.
1425 2658 1564 2728 Ergo
1595 2660 1718 2730 quia
1740 2667 1867 2714 tunc

265 2754 499 2824 primum
533 2753 791 2824 apparuit
819 2751 1071 2808 Salvator
1101 2751 1125 2789 ά
1154 2751 1425 2808 inmundo
1445 2793 1458 2815 ,
1492 2753 1606 2824 ipsa
1638 2753 1752 2807 dies
1775 2767 1870 2808 eo-

267 2843 387 2900 dem
419 2843 692 2900 vocabulo
745 2843 1043 2914 Epiphania
1090 2852 1397 2914 nuncupata
1445 2852 1545 2898 est.
1589 2843 1868 2910 Quomodo

265 2947 449 2994 autem
481 2939 827 3011 apparuerit,
857 2940 1228 3009 requiramus;
1264 2955 1370 2993 non
1395 2937 1538 3008 quod
1584 2938 1636 2992 in
1668 2937 1869 2993 mundo

269 3041 393 3086 ante
422 3047 536 3086 non
565 3029 746 3093 fuerit,
776 3047 894 3085 cum
920 3031 1148 3085 mundus
1194 3046 1290 3100 per
1319 3031 1494 3100 ipsum
1550 3029 1722 3084 factus
1770 3029 1866 3095 sit;

266 3121 361 3176 sed
389 3120 544 3192 quod
579 3127 706 3174 tunc
737 3121 970 3191 primum
1020 3121 1186 3188 signis
1224 3129 1385 3189 atque
1430 3120 1701 3177 miraculis
1755 3135 1872 3176 cre-

269 3211 517 3268 dentium
549 3212 804 3268 cordibus
821 3213 962 3268 Deus
987 3213 1234 3268 Christus
1261 3214 1515 3280 illuxcrit,
1549 3215 1674 3268 etin
1726 3222 1874 3269 tene-

267 3307 464 3363 brosas
494 3306 862 3363 conscientias
891 3307 1167 3362 hominum
1202 3317 1224 3343 ε
1259 3307 1378 3361 lidci
1427 3307 1682 3377 splendor
1723 3307 1878 3362 adve-

271 3399 434 3455 nerit.
471 3399 643 3472 419
668 3397 801 3453 Cum
829 3398 990 3467 igitur
1019 3397 1160 3454 Deus
1188 3399 1386 3468 ubique
1414 3400 1517 3467 sit,
1544 3408 1599 3453 et
1628 3399 1877 3454 universa

268 3491 589 3560 possideat,
621 3499 876 3561 tanquam
907 3506 1012 3545 non
1047 3490 1190 3546 visus
1243 3497 1406 3543 antea
1457 3489 1770 3560 apparuisse
1797 3487 1879 3545 di-

1961 918 2082 984 bus,
2116 919 2384 989 hodieque
2410 934 2517 973 non
2540 918 2778 975 videant.
2814 919 3172 991 Requiramus
3214 920 3376 989 igitur
3403 921 3548 991 quod

1961 1011 2169 1079 signum
2199 1019 2455 1080 operatus
2481 1011 2551 1064 sit
2576 1019 2632 1064 ut
2662 1009 2998 1065 divinitatem
3027 1026 3180 1066 suam
3211 1010 3424 1080 populis
3449 1010 3547 1065 dc-

1963 1103 2216 1158 clararet.
2250 1101 2457 1156 Dicitur
2487 1101 2591 1157 hoc
2619 1102 2852 1173 primum
2883 1101 3071 1157 fecisse
3119 1102 3458 1166 miraculum,
3490 1109 3548 1154 ut

1963 1208 2157 1264 aquam
2181 1201 2412 1250 mutaret
2442 1194 2494 1248 in
2521 1195 2723 1248 vinum.
2750 1191 2998 1263 Magnum
3020 1193 3180 1264 plane
3222 1192 3431 1262 signum
3453 1236 3468 1262 ,
3495 1199 3553 1248 et

1963 1282 2031 1337 ad
2051 1283 2148 1338 Dei
2175 1284 2499 1339 credendam
2545 1282 2816 1340 sufficiens
2864 1284 3220 1354 majestatem.
3253 1285 3383 1352 Quis
3404 1285 3549 1340 enim

1961 1389 2072 1429 nou
2112 1375 2339 1429 miretur
2375 1375 2428 1428 in
2478 1375 2650 1442 aliud,
2680 1391 2843 1445 quam
2899 1385 3086 1441 erant,
3117 1377 3383 1431 elementa
3431 1392 3551 1432 esse

1963 1465 2264 1518 translata?
2310 1465 2478 1520 Nemo
2501 1466 2644 1520 enim
2677 1476 2854 1536 potest
2902 1474 3111 1521 mutare
3151 1476 3426 1530 naturam,
3450 1467 3553 1522 nisi

1963 1557 2055 1625 qui
2076 1555 2333 1611 Dominus
2361 1567 2444 1612 est
2474 1566 2698 1613 naturm.
2731 1557 3072 1613 Credendum
3120 1566 3202 1613 est
3227 1557 3336 1627 jam
3361 1576 3429 1614 ex
3449 1560 3556 1616 hoc

1964 1650 2248 1705 mortalem
2273 1651 2543 1706 hominem
2567 1651 2618 1704 in
2637 1649 3096 1705 immortalitatem
3111 1665 3268 1720 posse
3289 1650 3550 1716 converti,

1964 1741 2180 1812 quando
2221 1741 2339 1796 vilis
2367 1742 2665 1796 substantia
2721 1742 2773 1794 in
2827 1742 3117 1811 pretiosam
3173 1751 3256 1796 est
3295 1756 3556 1797 conversa

1964 1832 2337 1886 substantiam.
2399 1830 2534 1885 Nolo
2564 1833 2738 1898 enim,
2789 1831 3022 1899 auditor,
3079 1833 3293 1886 nomina
3345 1841 3553 1886 tantum

1966 1926 2262 1997 perspicias
2285 1925 2394 1979 vini
2422 1935 2475 1979 et
2504 1941 2687 1994 aqum;
2718 1925 2812 1980 sed
2841 1926 2885 1980 si
2914 1925 2994 1981 vis
3027 1924 3050 1960 ἰ
3077 1926 3374 1996 potentiam
3404 1915 3555 1978 com—

1965 2017 2198 2087 probare
2218 2059 2230 2081 ,
2261 2017 2510 2072 \irtutem
2542 2032 2722 2071 rerum
2747 2016 2948 2085 aspice.
2974 2015 3148 2070 Tanto
3179 2016 3321 2070 enim
3351 2015 3454 2069 hoc
3477 2015 3557 2070 al-

1965 2107 2070 2162 tius
2112 2109 2291 2163 nescio
2322 2109 2449 2178 quid
2491 2108 2912 2163 demonstratur.
2963 2106 3095 2160 Nam
3126 2123 3247 2161 cum
3301 2105 3560 2159 Dominus

1967 2215 2159 2269 aquam
2185 2200 2346 2253 vertit
2368 2200 2420 2252 in
2449 2199 2650 2263 vinum,
2681 2214 2787 2252 non
2813 2206 3020 2251 tantum
3051 2198 3156 2253 hoc
3184 2205 3464 2268 Operatur,
3490 2212 3557 2252 nc

1966 2289 2423 2347 discumbentlbus
2450 2292 2588 2346 desit
2627 2290 2637 2328 ί
2675 2291 2939 2355 ebrietas,
2987 2290 3081 2345 sed
3111 2301 3169 2344 ut
3215 2289 3560 2344 credentibus

1971 2383 2183 2456 anno
2230 2383 2465 2439 abundet
2513 2383 2806 2438 aeternitas.
2863 2381 3137 2451 Siquidem
3170 2389 3455 2452 propterea
3505 2380 3561 2433 in

1967 2478 2222 2532 mundum
2246 2479 2392 2532 venit
2420 2477 2664 2532 Christus
2682 2520 2694 2542 ,
2730 2494 2836 2533 non
2858 2487 2919 2532 ut
2941 2477 3287 2532 convivarum
3341 2475 3561 2530 cellaria

1968 2579 2302 2641 procuraret,
2332 2571 2426 2625 sed
2457 2578 2512 2625 ut
2535 2571 2695 2625 saluti
2717 2570 2995 2625 hominum
3024 2568 3355 2640 provideret,
3386 2581 3486 2622 nec
3499 2575 3561 2621 ut

1971 2663 2192 2736 hydrias
2214 2663 2514 2718 substantia
2540 2664 2669 2719 boni
2695 2662 2879 2718 odoris
2903 2661 3182 2733 impleret,
3213 2659 3307 2722 sed
3337 2667 3397 2715 ut
3446 2660 3563 2714 ani-

1969 2776 2086 2816 mas
2130 2760 2301 2831 gratia
2344 2760 2516 2815 sancti
2563 2759 2794 2830 Spiritus
2823 2757 3094 2826 irrigaret.
3147 2753 3308 2822 Ergo,
3342 2769 3463 2810 cum
3494 2769 3558 2808 ex

1971 2854 2060 2909 illa
2107 2854 2198 2908 vili
2250 2869 2388 2924 aqua
2437 2853 2548 2907 viui
2591 2851 2778 2922 optimi
2825 2865 3075 2921 saporem
3126 2847 3295 2902 voluit
3347 2854 3565 2915 gustare

1973 2942 2000 2984 ιι
2021 2944 2268 3010 conviva,
2295 2943 2466 3013 magis
2491 2942 2664 2998 voluit
2683 2957 2750 2996 ex
2778 2941 2880 2996 hac
2909 2940 2997 2996 vili
3029 2954 3189 2994 carne
3210 2937 3560 2992 resurrectio-

1974 3037 2058 3092 nis
2083 3036 2318 3093 cmlestis
2343 3035 2659 3106 sapientiam
2695 3042 2909 3104 gustare
2946 3031 3246 3087 credentes.
3299 3029 3431 3084 Nam
3461 3030 3565 3085 hoc

1988 3130 2007 3170 ι
2032 3132 2244 3200 signum
2267 3138 2440 3185 totum
2456 3128 2639 3198 utique
2659 3123 3067 3181 resurrectionis
3094 3121 3405 3194 mysterium
3435 3134 3567 3176 con-

1977 3225 2132 3279 tinet.
2164 3224 2315 3292 Aqua
2345 3222 2487 3275 enim
2518 3220 2652 3281 vilis,
2688 3227 2727 3254 ω
2757 3218 2966 3288 pallens
2997 3223 3052 3270 et
3081 3214 3272 3282 frigida
3302 3215 3354 3267 in
3383 3215 3567 3269 vinum

1977 3329 2152 3380 versa,
2185 3314 2390 3369 scilicet
2421 3311 2736 3382 pretiosum,
2769 3319 2796 3344 ιι
2826 3310 3048 3364 rubrum
3077 3307 3164 3360 vel
3186 3307 3430 3374 ignitum,
3464 3307 3569 3362 hoc

1979 3403 2249 3474 significat
2277 3402 2510 3456 hominis
2535 3400 2894 3455 substantiam
2919 3397 3229 3454 conditione
3258 3397 3436 3462 vilem,
3467 3397 3569 3451 im-

1982 3496 2272 3552 becillitate
2298 3495 2610 3565 pallentem,
2635 3500 2810 3548 morte
2842 3500 2866 3527 °
2899 3490 3180 3560 frigentem
3230 3489 3280 3543 in
3332 3503 3572 3544 resurre-

271 3583 436 3639 είῑυνο
473 3581 738 3653 Ανβδτυίί
756 3590 934 3636 amem
955 3597 1062 3637 "0"
1085 3588 1194 3634 tam
1219 3581 1390 3636 oculis
1418 3580 1694 3635 hominum
1715 3595 1877 3650 (ιιηιω
1906 3606 1951 3670 C
1983 3590 2178 3645 ctionis
2198 3589 2422 3657 gloriam
2453 3584 2886 3642 commutandam
2907 3623 2920 3647 ,
2953 3598 3074 3654 qua:
3124 3590 3207 3637 est
3261 3581 3565 3637 :eternitate

269 3677 459 3733 saluti.
496 3675 631 3729 Nam
661 3684 715 3730 et
743 3676 789 3731 si
816 3676 964 3745 prius
985 3682 1143 3729 natus
1164 3691 1231 3730 ex
1256 3674 1474 3744 Virgine
1494 3675 1663 3730 oculis
1689 3690 1879 3730 carna-

268 3766 416 3824 libus
448 3766 768 3832 videbatur;
798 3776 975 3821 tamen
1028 3782 1136 3821 non
1195 3767 1516 3837 apparebat,
1574 3765 1880 3835 'quoniam

269 3859 549 3917 virtutem
577 3859 693 3928 ejus
715 3859 887 3913 adhuc
910 3857 1031 3914 ﬁdei
1082 3859 1226 3914 acies
1256 3859 1554 3928 ignorabat.
1613 3857 1763 3914 Unde
1791 3857 1883 3914 Ju-

274 3953 414 4009 dmis
448 3968 554 4023 per
582 3953 900 4024 prOpbetam
955 3951 1189 4010 dicitur:
1231 3951 1475 4007 Videntes
1525 3952 1784 4018 videbitis,
1834 3964 1883 4010 et

261 4060 372 4100 non
404 4040 652 4097 videbitis
683 4041 847 4112 (Isai.
890 4042 997 4115 vr).
1029 4042 1144 4100 Hoc
1191 4052 1273 4100 est
1315 4043 1687 4115 Salvatorem‘,
1720 4062 1879 4116 quem

259 4143 575 4193 cernerent
605 4133 776 4190 oculis
801 4135 1196 4206 corporalibus,
1227 4136 1495 4207 spirituali
1543 4137 1742 4193 lumine
1771 4155 1881 4194 non

259 4228 559 4284 viderent.
593 4224 785 4282 Postea
840 4229 982 4283 enim
1029 4244 1192 4299 quam
1239 4239 1264 4276 8
1311 4229 1698 4286 humanitatem
1728 4245 1880 4286 suam

261 4319 631 4379 mirabilibus
682 4322 997 4388 declaravit,
1027 4321 1278 4380 humanis
1323 4323 1594 4380 mentibus
1624 4333 1880 4395 tanquam

261 4430 455 4471 novus
479 4415 540 4468 et
569 4414 875 4486 inopinatus
926 4431 1192 4487 apparens
1210 4460 1225 4486 ,
1255 4417 1442 4474 oculos
1468 4417 1728 4486 quosdam
1757 4434 1880 4474 cor—

263 4505 352 4561 dis
384 4502 617 4573 infudit,
646 4513 704 4559 ut
732 4516 1082 4574 cognosceret
1110 4524 1321 4576 sensus,
1351 4523 1511 4578 quem
1551 4525 1659 4565 non
1682 4525 1883 4578 cogno-

267 4597 350 4653 vit
379 4605 665 4668 aspectus.
701 4595 853 4653 Unde
883 4596 940 4652 lit
969 4607 1028 4653 ut
1049 4614 1146 4654 nos
1175 4599 1444 4654 Christum
1477 4599 1761 4654 Dominum
1791 4615 1888 4669 per

267 4687 464 4755 idern.
497 4705 665 4760 quem
684 4705 957 4760 nunquam
987 4690 1217 4746 vidimus
1237 4730 1254 4758 ,
1287 4691 1720 4761 contemplemur
1745 4709 1756 4743 :
1783 4688 1877 4743 Ju-

1988 3681 2258 3752 pretiosa,
2314 3679 2482 3747 gratia
2561 3676 2836 3742 colorata,
2890 3674 3079 3745 spiritu
3157 3673 3575 3728 immortalitatis

1990 3772 2173 3840 ignita.
2198 3771 2312 3827 Hoc
2341 3771 2502 3839 igitur
2542 3781 2568 3819 ι’
2616 3769 2833 3837 dignum
2882 3776 2967 3824 est
3011 3765 3261 3831 credere,
3289 3765 3574 3821 Dominum

1989 3865 2202 3934 operari
2235 3864 2484 3928 voluisse,
2519 3871 2576 3916 ut
2605 3876 2703 3933 per
2722 3861 2823 3916 hoc
2853 3867 3128 3916 terrenum
3167 3859 3397 3930 signmn,
3431 3856 3574 3916 futu-

1989 3974 2107 4012 rum
2133 3957 2243 4026 jam
2276 3966 2401 4012 tunc
2431 3973 2459 4010 a
2487 3956 2820 4026 sapientibus
2841 3954 3060 4010 caeleste
3085 3953 3398 4025 mysterium
3427 3953 3575 4009 vidc-

1990 4060 2156 4104 retur.
2205 4048 2337 4102 Nam
2379 4048 2425 4100 si
2458 4047 2701 4102 mirabile
2750 4055 2833 4101 est
2879 4045 3064 4116 utique
3100 4060 3222 4115 qua:
3265 4044 3573 4100 defecerant

1984 4141 2243 4195 conviviis
2270 4141 2392 4194 vina
2413 4140 2726 4210 supplessc,
2765 4147 2969 4208 quanto
3019 4144 3103 4192 est
3150 4135 3448 4191 mirabilius
3494 4137 3574 4188 vi—

1983 4240 2118 4297 tam,
2148 4247 2266 4302 qua:
2290 4241 2371 4286 est
2417 4232 2674 4286 exhausta
2695 4273 2708 4295 ,
2735 4230 3044 4285 hominibus
3090 4228 3410 4298 reparasse?
3432 4225 3499 4282 Et
3527 4227 3570 4279 si

1985 4323 2280 4392 gloriosum
2318 4331 2400 4377 est
2430 4338 2623 4393 aquam
2674 4322 2726 4375 in
2780 4321 2961 4376 vinum
2991 4327 3235 4385 mutare,
3267 4325 3471 4388 quanto
3497 4326 3576 4372 cst

1985 4415 2271 4484 gloriosius
2302 4423 2517 4484 peccata
2547 4413 2599 4466 in
2625 4411 2889 4481 justitiam
2909 4416 3250 4466 commutare
3269 4447 3284 4471 ,
3315 4415 3371 4461 et
3398 4421 3576 4460 mores

1988 4507 2168 4576 potius
2199 4514 2524 4574 temperare,
2553 4518 2714 4572 quam
2736 4503 2966 4572 pocula?
2993 4499 3180 4554 Audeo
3236 4498 3416 4552 dicere
3461 4497 3578 4550 illas

1993 4598 2228 4668 hydrias,
2260 4613 2365 4651 non
2382 4595 2554 4650 solum
2582 4593 2656 4647 illi
2681 4593 2948 4657 convivio,
2974 4591 3068 4648 sed
3100 4590 3349 4644 universo
3378 4589 3578 4643 mundo

1989 4690 2286 4760 pretiosam
2329 4686 2476 4742 illam
2531 4686 2838 4766 ministrare
2883 4682 3270 4747 substantiam,
3304 4681 3403 4736 nisi
3433 4679 3575 4750 quod

350 4950 377 4978 α
408 4937 556 5020 Cod.
583 4936 651 4991 99
673 4938 729 4991 S.
753 4937 938 4996 Crucis
985 4939 1038 4994 in
1075 4937 1208 5006 Jer.,
1241 4940 1401 4994 corda
1453 4946 1632 4993 nostra
1670 4939 1889 5008 prmul—
1918 4942 1971 5004 ι)
1993 4952 2096 5062 pro
2125 4937 2393 5000 satietate;
2425 4934 2692 5017 inhaerens
2710 4930 3002 5013 Evangelia
3029 4927 3184 5013 leae.
3237 4943 3359 5013 cap.
3391 4946 3449 5014 ιε,
3484 4946 3575 4987 um

350 5021 418 5062 at-
449 5019 635 5062 etiam.
663 5017 769 5062 etc.
2013 5017 2192 5062 emtur
2216 5009 2282 5062 de
2311 5021 2551 5061 COHVIVIS
2583 5023 2594 5058 :
2627 5004 2695 5058 Et
2738 5019 2852 5057 cum
2899 5000 3139 5056 inclinati
3161 5004 3384 5062 fuerim,
3411 5003 3467 5059 rd
3495 5013 3575 5060 est

274 5021 418 5078 tant,
449 5009 635 5072 etiam,
663 5017 769 5063 etc.

351 5082 378 5120 δ
405 5080 553 5136 Cod.
589 5078 654 5132 10
686 5078 963 5143 Laurent.,
996 5091 1203 5147 praestat
1223 5081 1374 5134 anius
1406 5078 1617 5134 Domini
1638 5081 1886 5150 visitatio,

273 5169 442 5225 quam
473 5150 614 5232 _illis
659 5151 934 5204 multorum
990 5151 1277 5205 daemonum
1353 5152 1706 5222 superstitiosa
1752 5169 1890 5223 pra:-

273 5231 744 5364 wT’igtgiid._v'at.
779 5289 914 5364 tes-1
947 5300 1002 5345 et
1049 5290 1171 5345 Vat.
1197 5291 1397 5364 NPalat.
1433 5289 1590 5361 1257,
1621 5309 1886 5364 apparere.

352 5363 381 5402 ιι
413 5361 564 5417 Cod.
597 5360 742 5427 Vat.,
778 5361 1020 5416 Salvator
1045 5363 1241 5416 mandi.

357 5447 386 5472 υ
412 5432 569 5487 Cnd.‘
596 5431 716 5503 Vat.
749 5429 944 5503 lfalat.,
970 5434 1100 5502 fides
1130 5434 1442 5503 splendoris.

362 5503 384 5543 ί
421 5503 570 5574 Cod.
595 5501 718 5574 Vat.
753 5501 946 5568 Palat.,
969 5501 1108 5574 auia.

359 5585 386 5623 ε
410 5573 560 5646 Cod.
591 5573 660 5627 l0
684 5573 936 5629 Laurent.
967 5573 1021 5629 et
1045 5573 1114 5625 99
1141 5573 1197 5630 S.
1233 5574 1421 5631 Crucis
1455 5576 1508 5630 in
1555 5575 1666 5632 Jer.
1715 5577 1897 5646 legunt

280 5645 649 5702 divinitatem.

361 5717 387 5754 ιι
417 5717 566 5771 Cod.
602 5716 718 5771 Vat.
747 5715 940 5781 Palat.,
978 5716 1266 5771 Saluatoris
1285 5719 1588 5787 potentiam.

369 5787 388 5826 ί
420 5788 666 5842 Sanctus
693 5787 974 5857 Maximus,
998 5787 1088 5842 hic
1117 5788 1397 5859 usurpavit
1418 5804 1606 5845 vocem
1634 5787 1896 5844 ebrietatis

2013 5009 2282 5092 egiturOde
2311 5007 2551 5061 convivis
2583 5023 2594 5058 :
2627 5004 2695 5058 Et
2738 5019 2852 5084 cum
2873 5000 2876 5001 ⁷
2899 5000 3139 5056 ἱκιὺνίαιή
3160 5002 3384 5074 fuerint,
3411 5003 3467 5059 id
3495 5013 3579 5060 est

1993 5090 2304 5233 Ἦ(ξὲθί
2327 5147 2394 5201 99
2421 5147 2632 5204 Sanctte
2655 5146 2842 5204 Crucis
2883 5146 2938 5201 in
2980 5143 3275 5214 Jerusalem
3294 5185 3309 5209 ,
3335 5143 3403 5198 sit
3428 5152 3580 5199 ωιειι-

1995 5230 2286 5375 nufsCodd.
2322 5291 2389 5346 10
2417 5291 2758 5376 Laurentaet
2799 5288 2920 5343 Vat.
2953 5288 3120 5352 1267,
3165 5287 3326 5342 voluit
3373 5293 3579 5354 gustare

1997 5379 2292 5489 ω’ῗῑὲίῗᾶἓι.
2325 5435 2440 5498 cit.,
2473 5432 2613 5487 Nam
2635 5433 2728 5486 hoc
2758 5431 2905 5502 signa
2929 5440 3087 5485 totum
3135 5429 3309 5499 utique
3353 5439 3579 5479 resurre-

1999 5505 2182 5559 ctionis
2214 5507 2509 5575 mysterium
2539 5505 2846 5575 continetu_r.

2071 5588 2108 5612 ιη
2137 5570 2283 5629 Cod:
2303 5575 2372 5628 99
2399 5576 2454 5629 S.
2483 5575 2671 5629 Crucis
2700 5575 2752 5626 in
2782 5571 2916 5636 Jer.,
2942 5570 3157 5636 pallida.

2071 5656 2096 5682 υ
2130 5647 2274 5702 Idem
2305 5647 2426 5701 cod.
2453 5646 2522 5698 99
2549 5646 2604 5699 S.
2639 5645 2827 5698 Crucis
2851 5643 2900 5693 in
2931 5639 3065 5702 Jer.,
3095 5639 3327 5692 rubeam.

2075 5727 2098 5753 ο
2126 5717 2258 5772 Cod.
2287 5716 2408 5770 Vat.
2443 5715 2638 5782 Palat.,
2668 5715 3044 5784 frigescentem.

2075 5799 2100 5837 Ρ
2131 5788 2262 5843 Cod.
2297 5786 2413 5842 Vat.
2449 5776 2644 5850 Palat.,
2668 5776 2792 5838 Ἠόσ
2814 5782 2974 5849 igitur
2998 5779 3190 5832 dictum
3242 5785 3317 5832 est
3355 5776 3589 5833 credere.
