4056 6346
1895 153 1912 188 ι

554 294 664 382 55.5

1768 289 1823 345 S.
1868 288 2111 346 MAXIMI
2150 290 2601 349 TAURINENSIS

3721 303 3824 381 559

552 415 783 487 Spiritus
811 410 876 466 ad
905 407 1193 473 Christum,
1221 403 1380 462 Pater
1405 404 1471 459 ad
1500 402 1710 470 Filium,
1736 419 1838 459 vox
1859 401 2134 459 descendit
2159 407 2215 468 Α
2237 405 2304 462 ad
2333 421 2513 463 arcam
2542 409 2655 464 Noe
2693 408 2892 465 diluvio
2935 411 3263 482 properavit,
3299 419 3426 469 tunc
3452 414 3531 470 illi
3557 416 3818 473 securita-

550 507 618 563 ad
647 504 899 561 Verbum.
928 499 1162 556 Verbum
1183 498 1324 554 enim
1341 495 1588 554 Christus
1607 505 1707 565 est,
1735 496 1802 551 de
1821 509 1928 566 quo
1953 507 1974 534 α
1997 497 2131 552 scri-

548 601 693 654 bitur
724 615 736 651 :
775 595 842 651 In
864 594 1118 667 principio
1139 601 1248 648 erat
1285 591 1506 647 Verbum
1537 589 1718 663 (Joan.
1751 588 1812 660 ι).
1845 588 2013 655 Bene,
2046 589 2129 645 in-

541 704 728 759 quam,
758 687 922 743 Pater
946 701 1070 752 vox,
1101 693 1158 740 et
1180 683 1342 739 Filius
1365 683 1599 739 Verbum
1629 682 1840 750 dicitur,
1863 682 1988 752 quia
2013 695 2132 738 ver-

543 784 673 839 bum
696 780 911 838 nonnisi
931 779 1000 836 tle
1019 793 1156 835 voce
1182 777 1442 850 procedit.
1467 767 1803 832 Conveniunt
1831 775 2012 845 itaque
2029 775 2129 832 sibi

542 891 653 932 vox
679 883 736 931 et
762 873 1002 936 verbum,
1035 878 1090 926 et
1135 870 1292 924 saluti
1333 867 1608 924 hominum
1644 865 1926 936 provident
1951 865 2126 922 socie—

541 975 656 1022 tate
683 965 939 1039 mysterii.
973 964 1088 1031 Qua
1114 971 1293 1017 autem
1321 961 1528 1016 ratione
1557 957 1786 1028 Spiritus
1817 964 2033 1013 sanctus
2059 957 2126 1011 ad

541 1058 811 1116 Christum
851 1059 904 1112 in
939 1057 1118 1128 specie
1149 1053 1410 1111 columba:
1438 1049 1789 1115 descenderit,
1823 1049 2120 1111 videamus;

539 1157 720 1205 utrum
745 1150 814 1202 sit
833 1149 1011 1216 aliqua
1031 1145 1320 1201 similitudo
1345 1143 1600 1197 columba:
1619 1141 1705 1195 vel
1733 1140 1962 1205 Domini,
1987 1141 2124 1193 sicut

538 1239 568 1280 δ
595 1250 677 1296 est
696 1241 844 1295 vocis
867 1247 920 1293 et
949 1238 1115 1292 verbi.
1142 1236 1235 1290 Est
1255 1235 1427 1306 plane.
1453 1232 1768 1287 Columbam
1796 1230 1958 1302 426
1977 1229 2119 1284 enim

537 1335 702 1390 etiam
731 1335 904 1403 ipsum
925 1331 1148 1386 dixerim
1180 1329 1481 1392 Dominum,
1507 1326 1632 1394 quia
1652 1331 1733 1379 est
1756 1323 1952 1395 alacer,
1975 1322 2120 1377 mitis

534 1434 593 1482 et
611 1425 860 1495 simplex.
891 1422 1151 1478 Columba
1181 1429 1281 1484 est,
1312 1419 1436 1488 quia
1474 1425 1693 1473 sanctos
1720 1431 1846 1471 suos
1877 1427 1900 1454 °
1921 1416 2119 1497 praeci-

533 1518 613 1592 pit
635 1532 752 1572 esse
784 1525 840 1570 ut
869 1516 1160 1580 columbas,
1217 1512 1399 1567 dicens
1433 1529 1444 1563 :
1477 1509 1658 1565 Estotc
1698 1509 1954 1580 simplices
1985 1507 2116 1561 sicut

2229 507 2341 556 tem
2380 502 2701 557 annuntians
2746 501 2900 558 oliva:
2947 516 3099 558 ramo
3134 499 3287 573 (Gen.
3330 505 3464 577 vm),
3498 505 3664 577 modo
3700 508 3821 566 huic

2229 596 2585 652 aeternitatem
2613 595 2895 653 conferens
2935 595 3237 652 Divinitatis
3265 595 3283 635 ι
3317 597 3514 654 indicio
3545 615 3559 663 ;
3593 607 3722 656 tunc
3747 601 3817 656 si-

2229 700 2392 756 gnum
2419 688 2567 758 pacis
2591 703 2689 744 ore
2729 680 2976 755 aﬂ'erens,
3014 687 3174 744 modo
3212 689 3382 760 ipsam
3408 706 3595 761 pacem
3621 697 3646 740 ε
3668 691 3820 748 Chri-

2228 791 2369 837 stum
2398 783 2479 838 sui
2511 783 2808 839 substantia
2837 799 2999 856 super
3035 783 3281 840 fundens.
3314 786 3342 822 ιι
3371 785 3426 840 In
3460 785 3697 842 Jordane
3725 787 3817 858 igi-

2229 881 2316 928 tur
2341 874 2642 944 baptizatus
2681 883 2764 930 est
2813 875 3089 931 Dominus.
3129 875 3292 931 Multa
3339 875 3604 932 mirabilia
3635 877 3688 932 in
3719 877 3818 935 hoc

2213 962 2442 1036 ﬂumine
2486 965 2678 1036 smpius
2723 963 2862 1023 facta
2891 981 3010 1023 esse
3053 965 3328 1039 Scriptura
3375 979 3812 1037 commemorat;

2223 1055 2366 1112 inter
2390 1066 2615 1113 cetera:
2647 1057 2716 1112 Et
2742 1058 2992 1115 Jordanis
3033 1075 3305 1116 conversus
3353 1061 3372 1098 ¹
3416 1071 3492 1116 est
3534 1073 3816 1118 retrorsum

2224 1146 2395 1216 (Psal.
2441 1149 2609 1220 cxm).
2660 1148 2796 1204 Puto
2844 1149 2858 1200 i
2907 1165 3026 1204 esse
3075 1151 3369 1207 mirabilius
3395 1151 3541 1223 quod
3588 1153 3815 1209 Domino

2221 1239 2348 1296 Jesu
2373 1241 2588 1297 Christo
2616 1243 2686 1298 ibi
2709 1243 2884 1314 posito
2906 1242 3104 1299 factum
3133 1253 3232 1300 est.
3273 1245 3410 1300 Ante
3437 1246 3582 1300 enim
3607 1255 3812 1302 retror-

2219 1347 2337 1387 sum
2365 1349 2515 1404 aqute
2536 1349 2810 1391 conversa:
2832 1331 3064 1402 fuerant,
3089 1335 3248 1392 modo
3268 1345 3566 1392 retrorsum
3588 1346 3811 1408 peccata

2219 1439 2479 1480 conversa
2521 1433 2664 1480 sunt.
2715 1426 2781 1480 Et
2819 1428 2955 1482 sicut
2990 1436 3116 1484 tunc
3140 1427 3164 1466 ¹ι
3197 1429 3427 1500 impetus
3461 1429 3698 1486 ﬂuminis
3731 1431 3809 1486 al-

2220 1529 2376 1569 veum
2404 1516 2485 1570 sui
2514 1531 2700 1572 cursus
2728 1515 2977 1588 perdidit,
3011 1518 3083 1572 ita
3107 1527 3161 1573 et
3189 1535 3331 1574 nunc
3360 1519 3593 1590 impetus
3613 1535 3809 1592 pecca-

533 1609 800 1670 Columbw.
833 1609 982 1676 Quod
1005 1617 1182 1664 autem
1203 1605 1446 1662 columba
1468 1602 1710 1660 Christus
1739 1602 1825 1669 sit,
1853 1601 2112 1672 propheta
2216 1614 2394 1662 torum
2434 1607 2446 1644 ¹
2483 1607 2778 1665 dominium
2817 1609 2899 1664 sui
2940 1611 3138 1666 erroris
3168 1611 3367 1666 amisit.
3398 1611 3556 1679 Quod
3591 1613 3810 1682 quidem

531 1708 662 1763 dicit
707 1721 772 1761 ex
817 1718 1046 1774 persona
1091 1701 1274 1770 ipsius,
1307 1699 1612 1754 describens
1653 1704 1774 1766 post
1812 1694 2113 1765 passionem
2215 1699 2268 1753 in
2297 1701 2558 1770 propheta
2585 1699 2698 1754 Elia
2717 1700 2826 1770 jam
2851 1701 2942 1756 illo
2972 1709 3213 1772 tempore
3241 1702 3437 1759 factum
3471 1712 3626 1773 puto.
3653 1703 3806 1760 Sicut

527 1797 756 1853 reditum
786 1796 904 1863 ejus
940 1792 1009 1847 ad
1056 1792 1249 1848 coelum
1285 1810 1297 1844 :
1327 1788 1453 1854 Quis
1482 1788 1623 1842 dabit
1651 1789 1774 1842 mihi
1813 1803 2030 1858 pennas.
2062 1797 2112 1840 et
2145 1857 2185 1868 ﬁ
2219 1793 2359 1848 enim
2403 1791 2546 1848 Elias
2582 1791 2894 1850 divisionem
2925 1793 3047 1850 fecit
3075 1795 3354 1862 undarum,
3380 1806 3418 1833 πυ
3447 1797 3522 1852 ita
3549 1805 3606 1854 et
3634 1796 3806 1868 Spiri-

527 1889 726 1954 aolabo,
756 1897 803 1943 et
815 1857 1148 1958 requiescam
1177 1884 1346 1955 (Psal.
1378 1882 1523 1954 LIV)?
1549 1881 1682 1935 Cum
1712 1857 1839 1948 ergo
1866 1877 2111 1933 Christus
2145 1857 2189 1920 Β
2217 1893 2303 1941 ius
2323 1884 2534 1941 Domini
2564 1885 2617 1940 in
2645 1886 2836 1941 eodem
2863 1885 3097 1942 Jordane
3124 1857 3519 1958 separatione",
3549 1857 3808 1960 oper-ams

525 1982 783 2038 Dominus
810 1980 836 2017 ά
868 1979 1103 2032 initiaret
1130 1975 1383 2032 Ecclesiae
1408 1981 1764 2040 sacramenta,
1799 1983 1820 2009 ε
1850 1971 1988 2026 (mlo
2017 1985 2108 2024 su-
2217 1990 2298 2032 est
2323 1989 2698 2048 peccatorum;
2729 1988 2752 2014 ιι
2784 1986 2840 2034 et
2863 1979 3000 2034 sicut
3025 1980 3125 2035 sub
3146 1979 3259 2034 Elia
3287 1980 3480 2036 ﬂuctus
3513 1981 3807 2052 primordia

525 2073 770 2144 pervenit
782 2071 1048 2126 columba.
1077 2068 1319 2136 Intelligo
1343 2066 1672 2138 mysterium,
1692 2075 1926 2132 agnosco
1947 2064 2109 2119 etiam
2215 2068 2440 2124 fontium
2461 2068 2527 2123 de
2548 2070 2738 2139 quibus
2759 2070 3002 2124 exierant
3022 2071 3342 2140 petiverunt,
3355 2072 3441 2126 ita
3464 2079 3520 2126 et
3539 2071 3642 2126 sub
3655 2069 3802 2126 Chri-

523 2172 938 2224 sacramentum.
993 2159 1254 2218 Columba
1291 2161 1437 2216 enim
1475 2161 1590 2230 ipsa
1619 2167 1700 2214 est
1721 2174 1850 2229 quas
1867 2173 2010 2214 nunc
2039 2156 2110 2212 ad
2215 2168 2301 2216 sto
2325 2159 2551 2215 Domino
2580 2161 2824 2216 homines
2847 2159 2912 2215 ad
2937 2161 3159 2232 originis
3183 2162 3266 2218 sui
3289 2161 3588 2230 infantiam,
3611 2161 3681 2218 de
3699 2177 3806 2233 qua

521 2255 816 2316 Ecclesiam
845 2255 1044 2313 Christi
1082 2255 1139 2310 in
1167 2253 1435 2324 baptismo
1469 2252 1637 2319 venit,
1679 2267 1797 2322 quae
1836 2251 2107 2322 quondam
2215 2251 2429 2306 fuerant
2458 2253 2650 2312 exorti.
2684 2260 2806 2308 sunt
2831 2253 3049 2308 reversi.

1935 2367 2202 2429 SERMO
2243 2367 2388 2429 XII.

1805 2467 1887 2525 De
1917 2469 2168 2530 baptismo
2198 2467 2392 2524 Christi
2421 2467 2506 2524 11.

1958 2558 2350 2616 ADMONITIO.

591 2663 748 2736 527
775 2663 986 2736 Optime
1014 2659 1194 2736 meriti
1220 2657 1288 2714 de
1311 2655 1370 2712 S.
1388 2655 1634 2736 Maximo
1659 2654 1952 2736 _Martenius
1975 2661 2030 2736 et
2054 2652 2694 2736 Dium-idusBenedictini
2721 2655 2970 2736 monachi
3000 2669 3248 2736 congreg.
3351 2655 3534 2736 Mauri
3562 2658 3794 2715 habendi

519 2724 1152 2799 sumre-um'sermonem
1181 2730 1324 2784 hunc
1347 2735 1401 2800 et
1423 2728 1563 2800 alios
1589 2729 1826 2800 quinque
1852 2727 1906 2780 in
1935 2724 2464 2800 schedisbjabillonii
2505 2733 2750 2800 repertos
2798 2727 3134 2800 publicarint,
3146 2734 3224 2800 _ut
3257 2725 3457 2800 dictum
3485 2737 3572 2784 est
3611 2744 3792 2800 supra.

518 2802 613 2862 His
636 2794 842 2862 accedit
869 2801 1234 2860 testimonium
1262 2797 1462 2854 codicis
1490 2794 1850 2867 Sangallensis
1877 2811 2025 2851 num.
2066 2796 2135 2849 87
2165 2794 2394 2867 Maximo
2425 2810 2548 2867 eum
2577 2794 2878 2864 tribuentis,
2908 2805 2963 2867 et
2991 2796 3116 2852 cod.
3146 2795 3492 2854 Taurinensis
3519 2794 3793 2856 num-45.

517 2875 878 2944 Quamobrem
919 2882 975 2930 et
1011 2888 1113 2930 nos
1158 2869 1337 2927 eidem
1377 2877 1562 2924 sancto
1604 2863 1817 2939 praesuli
1860 2881 2166 2922 sermonem
2211 2865 2514 2934 hujusmodi
2555 2863 2890 2923 ascribimus.
2922 2863 3142 2923 Accedit
3182 2867 3343 2937 hujus
3369 2884 3492 2924 cum
3513 2871 3797 2942 superiore

515 2961 799 3002 CODDCXIO.

515 2967 654 3002 conn
669 2967 799 3002 ‘XIO.

515 2967 906 3092 Ancutmuruu.
936 3066 1009 3077 —
1034 3031 1266 3088 Christus
1297 3029 1589 3102 baptizatur
1615 3046 1720 3102 non
1747 3027 1864 3090 sibi,
1895 3027 1984 3083 sed
2005 3043 2100 3084 no—
2127 3029 2172 3094 C
2202 3027 2349 3085 sterii
2378 3026 2678 3098 proliceret.
2705 3027 2942 3095 Denique
2967 3007 3160 3084 Joanni
3187 3027 3439 3102 Baptistae
3458 3032 3708 3086 renitenti
3734 3041 3792 3088 et

585 3105 682 3160 bis.
716 3105 782 3160 In
809 3107 922 3175 ipso
953 3103 1090 3158 enim
1115 3102 1414 3175 Divinitalis
1435 3101 1696 3172 plenitudo
1725 3107 1849 3175 erat
1863 3107 2099 3154 ceterum-

583 3193 680 3248 quc
707 3170 960 3247 possessio
997 3173 1236 3248 justitia.
1272 3170 1549 3248 lautam
1586 3172 1877 3248 sanctitatis
1917 3186 2025 3248 sua:
2051 3179 2102 3248 et

582 3239 770 3320 pratia:
795 3239 1015 3300 munera
1037 3244 1094 3298 in
1127 3259 1220 3298 nos
1255 3242 1565 3320 deriuarent,
1600 3239 1908 3320 baptismum
1943 3241 2098 3320 insti-

584 3312 698 3380 iuit,
730 3333 921 3387 suoque
940 3320 1181 3370 contactu
1207 3328 1367 3386 aquas
1391 3312 1656 3366 uniuersas
1675 3312 2034 3383 sanctiﬁcavit.

581 3497 799 3556 Retinet
825 3505 1002 3553 vestra
1027 3495 1306 3562 sanctitas,
1335 3492 1546 3560 fratres,
1577 3493 1723 3565 quod
1751 3493 1806 3548 in
1831 3493 1919 3548 die
1946 3492 2098 3546 festi-

511 3588 742 3644 vissimus
787 3583 1095 3658 Epiphaniae
1144 3583 1374 3664 diximus
1418 3583 1473 3638 in
1528 3582 1765 3639 Jordane
1811 3582 2098 3637 Dominum

509 3680 856 3750 baptizatum,
915 3686 970 3734 et
1006 3677 1277 3748 prosecuti
1319 3691 1503 3734 sumus
1542 3674 1685 3744 quod
1724 3674 1890 3728 nostri
1929 3672 2098 3741 magis

510 3785 672 3826 causa
710 3785 872 3840 quam
909 3769 990 3825 sui
1031 3769 1262 3824 voluerit
1301 3769 1407 3823 hoc
1470 3766 1728 3838 mysterio
1771 3763 2093 3819 consecrari.

507 3861 691 3919 Nostri
718 3861 878 3932 plane
905 3875 1065 3916 causa
1094 3861 1209 3914 haec
1230 3860 1478 3914 universa
1501 3857 1744 3928 perfecit.
1777 3853 1907 3912 Nam
1936 3857 2009 3910 illi
2028 3857 2096 3912 ad

507 3969 670 4024 quem
695 3952 994 4023 profectum
1026 3951 1328 4008 necessaria
1369 3949 1723 4013 consecratio,
1753 3948 1844 4016 qui
1873 3948 1986 4018 ipse
2013 3957 2096 4004 est

505 4046 938 4101 sacramentum?
968 4045 1046 4098 Ad
1075 4060 1236 4114 quem
1265 4060 1418 4099 usum
1444 4043 1498 4096 in
1527 4057 1593 4096 eo
1623 4041 1859 4112 mysterii
1895 4041 2092 4096 solem-

505 4133 669 4199 nitas,
699 4134 756 4188 in
777 4149 886 4204 quo
914 4142 997 4188 est
1025 4135 1301 4204 plenitudo
1330 4131 1607 4204 mysterii?
1628 4131 1683 4185 In
1706 4133 1822 4202 ipso
1845 4141 1928 4186 est
1951 4133 2092 4188 enim

504 4224 802 4296 plenitudo,
829 4225 966 4280 sicut
992 4226 1066 4280 ait
1094 4224 1382 4293 Apostolus
1407 4242 1418 4276 :
1459 4221 1713 4287 Quoniam
1733 4225 1788 4276 in
1808 4225 1920 4293 ipso
1947 4222 2088 4278 habi-

506 4327 581 4372 tat
603 4319 770 4374 omnis
791 4318 1056 4388 plenitudo
1077 4317 1378 4372 Divinitatis
1405 4315 1744 4387 corporaliter
1765 4315 1898 4386 (Col.
1921 4332 1980 4382 ιι,
2009 4314 2086 4386 9).

501 4404 569 4463 Et
597 4409 790 4465 iterum
814 4410 1141 4478 evangelista
1168 4427 1180 4461 :
1211 4406 1290 4462 De
1308 4408 1626 4480 plenitudine
1653 4408 1765 4479 ejus
1792 4423 1969 4463 omnes
1991 4423 2083 4460 ac-

499 4503 728 4572 cepimus
757 4500 936 4572 (Joan.
978 4499 1039 4571 ι).
1082 4499 1224 4569 Ergo
1253 4499 1305 4554 in
1343 4516 1450 4572 quo
1480 4499 1754 4570 plenitudo
1779 4499 2082 4554 Divinitatis

497 4601 630 4658 erat,
657 4608 766 4648 non
788 4592 1058 4661 indigebat
1090 4600 1148 4646 ut
1183 4598 1641 4645 sacramentorum
1683 4590 1952 4662 mysteriis
1981 4590 2080 4644 im-

495 4681 752 4752 pleretur.
785 4681 892 4737 Sed
925 4681 1046 4737 ideo
1079 4679 1390 4753 mysterium
1420 4680 1642 4750 implere
1669 4680 1857 4743 voluit,
1886 4695 1998 4734 non
2025 4687 2082 4734 ut

495 4773 611 4841 ipse
637 4771 940 4842 profectum
967 4780 1202 4841 caperet,
1229 4771 1323 4826 sed
1363 4777 1422 4824 ut
1471 4769 1624 4825 nobis
1663 4768 1942 4840 plenitudo
1965 4785 2084 4842 my-

567 4933 592 4994 ξ
621 4923 756 4994 Cod.
785 4921 844 4994 8.
869 4919 1035 4994 Petri,
1060 4921 1127 4994 de
1140 4937 1242 4994 quo
1267 4921 1515 4991 scriptum
1537 4929 1630 4974 est.

567 4992 594 5031 ι’
624 4990 684 5046 In
713 4991 833 5048 cod.
863 4991 921 5046 8.
957 4990 1097 5046 Petri
1124 4990 1276 5046 deest
1302 4990 1407 5045 vox
1433 4997 1529 5046 est.

568 5075 590 5102 ε
621 5062 757 5118 Cod.
785 5059 856 5116 90
881 5061 939 5117 8.
970 5061 1156 5117 Crucis
1180 5062 1236 5116 in
1256 5060 1390 5126 ιω..
1415 5077 1526 5114 esse
1547 5061 1788 5130 praecepit
1804 5069 1862 5113 ut
1883 5061 2078 5116 colunt-

491 5132 603 5202 bas.
640 5132 786 5188 Idem
823 5132 944 5188 cod.
987 5131 1045 5187 S.
1095 5130 1260 5198 Petri,
1306 5132 1395 5200 qui
1450 5131 1809 5202 prosequitur,
1853 5130 2074 5186 dicens:

489 5201 671 5274 Estote
695 5203 966 5274 prudentes
995 5205 1126 5258 sicut
1154 5211 1432 5274 serpentes,
1468 5211 1518 5255 et
1543 5201 1798 5272 simplices
1827 5202 1958 5255 sicut
1984 5215 2075 5258 co-

489 5273 759 5400 ("7mm
796 5344 918 5401 cod.
947 5342 1005 5400 8.
1039 5340 1204 5408 Petri,
1233 5345 1471 5398 nuntiare
1499 5341 1749 5397 Ecclesia:
1775 5355 2074 5398 sacram-

487 5421 614 5480 tum,
627 5415 719 5486 _de
733 5415 875 5486 caelo
888 5414 1178 5486 supervenit
1198 5415 1450 5470 columba.

561 5495 585 5522 ο
614 5483 748 5548 Cod.
782 5501 820 5542 x
852 5482 1106 5540 Laurent.
1139 5483 1275 5539 Plut.
1311 5500 1420 5550 xiv,
1450 5500 1480 5538 e
1506 5483 1630 5538 creto
1659 5482 1951 5553 supervenit
1979 5496 2070 5537 co-

485 5553 836 5708 Ὓέὁεῗίὲο
867 5621 1608 5708 Ρσὶτεμιξίῖίπὲἔμέε.ἰνάἐάοι
1656 5701 1668 5708 .
1748 5693 1782 5708 _.

557 5703 586 5744 σ
613 5695 758 5752 Idem
783 5695 902 5753 cod.
935 5694 993 5752 8.
1026 5694 1190 5760 Petri,
1212 5693 1408 5750 Christi
1426 5695 1506 5750 sui
1527 5693 1888 5749 substantiam.

557 5761 588 5804 ³
611 5764 868 5836 Idemque
893 5765 1018 5824 eod.
1043 5764 1102 5824 S.
1131 5764 1300 5834 Petri,
1329 5763 1418 5821 Ita
1453 5763 1687 5822 Iordane
1717 5763 1878 5840 igitur
1902 5763 2076 5840 bapti-

2205 3121 2404 3179 dicenti
2435 3141 2447 3175 :
2481 3121 2594 3192 Ego
2627 3139 2659 3175 a
2701 3133 2747 3178 le
2782 3122 2936 3178 debeo
2965 3124 3236 3195 baptizari,
3265 3133 3314 3178 et
3339 3133 3388 3178 tu
3411 3125 3552 3180 renis
3579 3125 3646 3179 ad
3673 3127 3792 3180 me?

2201 3215 2278 3269 ait
2305 3214 2382 3268 illi
2410 3213 2660 3270 Dominus
2682 3230 2700 3267 :
2731 3213 2858 3268 Sine
2875 3256 2890 3282 ,
2931 3213 3082 3268 modo
3105 3213 3179 3268 sic
3201 3215 3336 3268 enim
3357 3223 3560 3285 oportet
3577 3231 3672 3270 nos
3689 3215 3790 3269 im-

2201 3306 2340 3378 plere
2368 3323 2567 3360 omnem
2591 3305 2851 3378 justitiam
2891 3303 3102 3377 (Matth.
3156 3304 3253 3374 ιιι).
3301 3302 3552 3375 Implere,
3598 3305 3786 3375 inquit,

2201 3416 2413 3455 omnem
2437 3400 2716 3468 justitiam.
2742 3397 2850 3453 Cur
2880 3412 3009 3468 ergo
3035 3398 3340 3468 baptizatur
3359 3398 3656 3454 Dominus?
3674 3397 3790 3453 Non

2197 3491 2402 3560 justitia
2433 3491 2689 3561 justilicat
2715 3489 3008 3559 Christum,
3039 3490 3133 3546 sed
3172 3492 3286 3561 ipsa
3321 3491 3526 3560 justitia
3554 3491 3791 3547 sancti-

2201 3590 2353 3637 catur
2401 3599 2431 3635 a
2459 3581 2691 3648 Christo,
2730 3589 2783 3637 et
2809 3581 3103 3652 semiplena
3132 3581 3301 3637 virtus
3333 3583 3400 3637 ab
3436 3597 3505 3638 eo
3540 3582 3788 3654 impletur

2199 3671 2286 3728 cui
2313 3672 2451 3726 inest
2473 3672 2748 3743 plenitudo
2775 3672 3052 3728 virtutum.
3078 3671 3168 3726 Ait
3192 3673 3352 3742 igitur
3372 3671 3612 3730 Joannes
3636 3693 3649 3729 :
3671 3673 3787 3748 Ego

2198 3782 2232 3818 a
2263 3773 2309 3820 te
2345 3765 2500 3820 debeo
2545 3766 2826 3836 baptizari;
2865 3773 3134 3821 contestat
3182 3781 3312 3836 ergo
3351 3765 3640 3822 Dominum
3677 3783 3783 3822 non

2197 3856 2282 3912 sui
2307 3871 2466 3913 causa
2495 3871 2612 3912 εδει·
2636 3855 2984 3926 baptizatum,
3016 3873 3136 3913 cum
3165 3866 3451 3928 antequam
3477 3859 3781 3930 baptizare-

2196 3955 2288 4005 tur
2337 3949 2404 4003 ab
2432 3963 2498 4004 eo
2532 3963 2592 4004 se
2628 3949 2796 4018 magis
2828 3949 3086 4019 baptizari
3113 3947 3348 4008 Joannes
3384 3952 3776 4022 expostulabat.

2195 4037 2540 4094 Demonstrat
2567 4041 2708 4093 enim
2738 4039 2838 4094 hoc
2861 4039 3086 4095 dicendo
3134 4040 3395 4111 majorem
3416 4043 3643 4110 gratiam
3665 4059 3777 4099 esse

2195 4129 2252 4186 in
2280 4129 2536 4202 mysterio
2560 4128 2770 4184 Domini
2801 4145 2961 4199 quam
2989 4131 3042 4186 in
3073 4131 3328 4202 magistro
3350 4133 3610 4204 mysterii.
3642 4131 3774 4200 Quid

2201 4219 2344 4274 enim
2374 4219 2450 4274 illi
2479 4221 2898 4277 consecrationis
2926 4229 3140 4292 poterat
3167 4223 3400 4294 tradere,
3428 4239 3456 4278 a
3488 4224 3654 4297 428
3668 4241 3770 4295 quo

2194 4307 2672 4367 sanctiﬁcationem
2699 4312 2941 4383 accipere
2965 4313 3080 4383 ipse
3108 4314 3362 4384 optabat?
3386 4313 3614 4370 Inferior
3633 4315 3768 4371 enim

2193 4408 2311 4455 erat
2353 4401 2606 4471 magister
2648 4402 2854 4482 meritis
2915 4418 3074 4474 quam
3121 4403 3409 4474 discipulus
3455 4404 3772 4460 sanctitate?

2189 4489 2386 4546 Christi
2413 4492 2555 4546 enim
2584 4494 3006 4564 comparatione,
3029 4503 3084 4550 et
3110 4495 3368 4565 magister
3390 4498 3689 4567 imperitus,
3714 4501 3770 4551 et

2181 4583 2386 4655 justitia
2421 4585 2735 4656 semiplena,
2764 4596 2820 4642 et
2844 4603 2982 4658 aqua
3003 4595 3086 4645 est
3113 4588 3436 4645 turbulenta.
3467 4588 3538 4644 At
3549 4575 3648 4645 ilbi
3667 4589 3761 4644 ba-

2187 4675 2722 4747 ptizatur-Dominus,
2753 4677 3114 4736 benedictionl
3138 4679 3255 4749 ejus
3287 4689 3342 4735 et
3369 4681 3625 4750 magister
3644 4693 3768 4751 pro-

2189 4767 2318 4835 ﬁcit,
2352 4778 2409 4824 et
2432 4768 2639 4839 justitia
2679 4771 2950 4841 impletur,
2981 4780 3038 4828 et
3063 4774 3205 4830 unda
3232 4780 3510 4844 purgatur.
3543 4772 3765 4842 Purgata

2185 4927 2336 4973 salttr
2363 4917 2637 4974 Dominus.

2263 4989 2278 5025 ⁸
2311 4987 2444 5043 Cod.
2476 4987 2532 5042 S.
2563 4986 2709 5043 Petri
2737 4990 2937 5046 omittit
2959 5001 3054 5047 est.

2256 5061 2270 5126 l
2308 5057 2477 5112 Codd.
2511 5057 2762 5113 Laurent.
2793 5068 2847 5114 et
2873 5060 2929 5116 S.
2963 5057 3127 5126 Petri,
3160 5061 3297 5118 Puto
3325 5071 3500 5119 autent
3527 5082 3653 5122 esse.

2250 5125 2279 5168 ιι
2306 5126 2440 5208 Cod.
2465 5127 2525 5184 s.
2552 5126 2818 5208 Petri,__E_t
2845 5133 2977 5208 sicut
3003 5125 3124 5188 tunc
3151 5135 3324 5189 alueus
3349 5135 3580 5204 ιιι-ἀπε.
3597 5139 3763 5208 ἐπιμ-

2179 5207 2289 5270 tum
2306 5199 2389 5270 sui
2407 5215 2588 5270 cursus
2613 5201 2855 5270 perdidit,
2885 5205 2962 5257 ita
2983 5213 3052 5267 et,
3086 5213 3190 5260 etc.

2648 5267 2916 5360 Crucisin
2945 5274 3054 5358 Jer.
3085 5275 3214 5356 legit
3237 5277 3314 5330 ita
3335 5285 3558 5360 ethunc
3592 5279 3753 5348 iaspe-

2180 5351 2261 5396 tus
2287 5349 2614 5411 peccatorum
2639 5341 2902 5398 ltominum
2923 5347 3005 5399 sui
3037 5341 3218 5401 curius
3243 5347 3435 5402 amisit.
3661 5341 3670 5348 ’

2179 5483 2215 5498 ’Δ
2249 5409 2542 5498 ωρξειηιιρ
2569 5412 2740 5498 οοέοι
2841 5414 3026 5498 crucis
3051 5416 3106 5498 in
3123 5415 3234 5498 Jer;
3262 5417 3456 5498 et_cod.
3482 5417 3753 5498 Laurent,

2172 5483 2249 5536 ita
2276 5490 2326 5536 ct
2349 5480 2585 5537 Christus
2615 5481 2869 5539 Dominus
2897 5487 2952 5539 in
2986 5487 3167 5559 eodem
3197 5485 3434 5543 Iordane
3472 5487 3759 5559 separatio-

2173 5569 2291 5630 ncm
2312 5562 2556 5630 operatus
2584 5560 2658 5608 est
2687 5564 3028 5630 peccatorum.
3052 5557 3162 5630 Ille
3183 5566 3326 5614 stare
3349 5557 3545 5630 mu
3562 5570 3760 5629 praco-

2171 5624 2269 5694 pit,
2299 5623 2385 5694 [rio
2411 5624 2659 5694 crimina;
2689 5623 2739 5678 et
2768 5627 2898 5680 sicut
2923 5627 3016 5683 sub
3044 5626 3191 5692 Elia,
3219 5637 3328 5686 etc.

2245 5691 3540 5758 IliichabctﬁnemscrmoinoodiceSJ’cui.
