4056 6346
253 275 354 335 557

1711 278 1945 336 SERMO
1982 279 2117 340 Ill].

3411 289 3517 352 558

253 404 331 454 cst
355 391 496 450 enim
519 391 679 460 unda,
704 407 826 464 qua:
851 406 973 450 cum
1001 392 1290 450 esset
1317 401 1372 450 et
1399 391 1618 462 frigida,
1657 393 1823 450 bene-
1849 400 1900 458 Α
1927 411 2186 466 aquarum
2214 393 2435 466 quidem
2478 397 2699 458 ﬂumina
2745 401 3010 461 lavantur.
3051 406 3161 463 Sed
3195 415 3256 464 et
3289 410 3519 469 benedi-

254 484 492 543 dictionis
519 481 801 540 dominica:
833 485 1014 542 calore
1049 485 1219 541 ditata
1246 492 1328 542 est
1357 502 1370 538 :
1396 485 1469 541 ita
1499 493 1557 540 ut
1587 499 1709 556 quae
1741 487 1828 541 vix

253 589 401 636 antea
431 578 726 634 mundanas
753 594 936 636 rerum
965 581 1202 636 maculas
1229 580 1463 647 diluerit,
1496 596 1640 636 nunc
1667 582 1828 652 spiri-

255 671 418 728 tuaies
463 668 707 739 puriticet
754 671 987 726 maculas
1042 671 1360 726 animarum.
1407 671 1520 726 Nec
1565 672 1829 727 miremini

251 759 389 830 quod
415 775 627 830 aquam,
652 759 756 816 hoc
773 768 860 816 est
881 760 1230 816 substantiam
1255 763 1611 831 corporalem,
1635 762 1702 818 ad
1730 778 1830 833 pu-

253 849 555 907 riﬁcandam
571 852 802 906 animam
823 851 1050 908 dicimus
1069 852 1367 922 pervenire.
1387 851 1634 906 Pervenit
1649 853 1828 921 plane,

251 949 491 1015 penetrat
514 943 854 998 conscientia:
875 943 1124 998 universa
1151 942 1390 999 latibula.
1415 943 1669 1010 Quamvis
1687 945 1828 999 enim

251 1034 362 1106 ipsa
391 1035 599 1092 subtilis
625 1043 680 1090 et
707 1036 900 1101 tenuis,
927 1036 1300 1093 benedictione
1328 1045 1505 1093 tamen
1531 1036 1732 1094 Christi
1762 1037 1833 1093 fa-

250 1135 332 1184 cta
356 1127 622 1195 subtilior,
657 1143 752 1198 per
771 1127 1010 1184 occultas
1036 1127 1158 1183 vim
1185 1143 1375 1184 causas
1393 1128 1460 1182 ad
1487 1129 1688 1184 scelera
1717 1129 1833 1183 ani-

247 1235 342 1276 mae
370 1221 589 1290 spiritus
617 1235 740 1276 rore
768 1221 1074 1292 pertransit.
1107 1219 1365 1276 Subtilior
1392 1220 1532 1276 enim
1557 1228 1640 1276 est
1669 1220 1830 1276 bene-

247 1313 534 1370 dictionum
575 1313 750 1370 ﬂuxus
791 1330 951 1384 quam
992 1328 1250 1384 aquarum
1299 1321 1530 1370 meatus.
1580 1313 1730 1370 Unde
1769 1321 1828 1369 et

245 1406 468 1462 diximus
521 1407 666 1476 quod
707 1407 762 1462 in
808 1406 1104 1463 Salvatoris
1143 1406 1466 1477 baptismate
1499 1408 1824 1474 benedictio,

243 1513 360 1570 qua;
386 1497 617 1556 deﬂuxit
643 1507 895 1570 tanquam
927 1497 1119 1556 ﬂuvius
1145 1500 1412 1571 specialis,
1443 1501 1682 1556 omnium
1704 1514 1830 1570 gur-

239 1587 402 1657 gitum
433 1595 638 1646 tractus
662 1599 718 1646 et
741 1597 1060 1646 cunctorum
1086 1589 1311 1646 fontium
1361 1606 1526 1648 venas
1551 1591 1823 1648 infecerit.

1929 487 2168 543 ctionum
2190 487 2390 544 ﬂuenta
2415 491 2720 558 currebant,
2745 495 2872 552 inde
2893 496 3028 552 alvei
3047 510 3240 568 gurges
3253 501 3520 560 turbidior

1929 578 2219 638 ferebatur.
2250 578 2387 638 Hinc
2428 580 2547 637 fons
2580 582 2875 643 Salvatoris
2917 589 3228 658 purissimus
3255 596 3515 654 emunda-

1927 670 2040 736 bat,
2061 681 2116 726 et
2138 679 2358 742 stupore
2379 673 2615 742 quodam
2635 675 2885 734 deorsum
2905 680 2974 736 ad
2991 679 3240 740 Jordanis
3253 684 3518 756 originem

1931 766 2268 822 consecratio
2307 766 2646 836 baptismatis
2679 772 3024 840 ascendebat,
3052 785 3107 830 et
3133 787 3321 835 contra
3347 796 3518 853 aqua-

1929 871 2045 909 rum
2077 855 2294 914 ﬂuvium
2339 859 2774 917 benedictionum
2813 862 3006 920 ﬂuvius
3036 867 3329 925 ferebatur.
3365 870 3522 929 Unde

1927 947 2096 1005 David
2117 958 2336 1007 sanctus
2355 953 2590 1010 arbitror
2615 955 2814 1012 dixisse
2837 977 2850 1012 :
2871 958 3125 1018 Iordanis
3145 979 3419 1022 conversus
3442 977 3520 1024 est

1925 1051 2212 1097 retrorsum
2252 1042 2424 1115 (Psal.
2475 1046 2645 1118 σιω).
2677 1046 2734 1102 ln
2781 1049 3103 1120 baptismate
3142 1057 3287 1112 enim
3317 1057 3520 1116 Christi

1930 1141 2226 1189 retrorsum
2261 1131 2511 1191 Iordanis
2537 1153 2646 1194 non
2671 1140 2826 1210 aquis
2853 1158 3142 1203 conversus
3171 1158 3271 1213 est,
3302 1151 3398 1206 sed
3426 1168 3516 1208 sa-

1931 1225 2240 1295 cramentis,
2289 1236 2344 1282 et
2383 1242 2452 1282 ex
2496 1237 2684 1289 natura
2727 1233 2810 1288 sui
2850 1234 3108 1302 originem
3144 1240 3517 1300 benedictione

1933 1316 2103 1385 magis
2131 1331 2293 1386 quam
2339 1319 2635 1376 substantia
2673 1325 2950 1380 remeavit.
2990 1325 3124 1382 Dum
3153 1331 3294 1386 enim
3321 1349 3514 1392 conse-

1932 1409 2188 1466 crationis
2213 1412 2384 1480 gratia
2419 1428 2521 1485 per
2547 1429 2671 1470 eum
2695 1418 2906 1474 cunctis
2949 1418 3182 1476 fontibus
3207 1425 3516 1485 circumfer-

1931 1507 2038 1564 tur,
2061 1501 2274 1559 videtur
2299 1519 2518 1562 cursum
2548 1510 2829 1580 proprium
2858 1511 2926 1568 ad
2952 1527 3210 1570 venarum
3236 1519 3513 1577 exordium

1930 1605 2234 1650 revocasse.
2255 1591 2506 1668 Explicit.

242 1674 426 1733 llirum
446 1679 614 1747 enim,
637 1681 873 1754 inquam,
891 1680 1038 1748 dum,
1059 1679 1279 1739 Christo
1299 1680 1356 1739 in
1373 1679 1610 1741 Jordane
1629 1683 1828 1755 posito,

1643 1771 1930 1842 SERMO,
1954 1774 2130 1837 Xlll.

1584 1879 1668 1938 De
1693 1883 1868 1955 gratia
1905 1881 2166 1952 baptismi.

1661 1969 2055 2028 ADMONITIO.

292 2063 452 2192 5E9
495 2063 630 2122 Huic
669 2079 906 2121 sermoni
943 2069 1158 2138 proprie
1194 2067 1448 2122 convenit
1484 2065 1668 2148 titulus
1701 2063 1776 2118 De
1805 2065 1977 2135 gratia
2005 2064 2266 2135 baptismi,
2296 2083 2458 2137 quem
2479 2071 2739 2140 editores,
2771 2081 2830 2128 ut
2856 2074 3058 2130 dictum
3087 2083 3188 2141 est,
3231 2091 3514 2149 perperam

292 2152 350 2192 um
395 2137 456 2190 ’ω
501 2135 535 2190 5
556 2135 625 2192 de
645 2135 911 2192 baptismo
941 2137 1260 2192 tribuerunt.
1284 2136 1340 2192 S.
1389 2135 1652 2191 Manmus
1689 2135 2108 2191 catechumenos
2148 2136 2466 2192 adhortatur
2494 2149 2552 2192 ut
2577 2141 2850 2192 lavacrum
2887 2147 3315 2192 reammmlinnis
3343 2152 3514 2192 ςιιςρί-

231 2132 456 2192 summa:
501 2135 535 2190 5
556 2135 625 2192 de
645 2135 911 2207 baptismo
941 2132 1260 2212 tribuet-put.
1284 2136 1340 2193 S.
1389 2135 1652 2212 hiaximus
1689 2132 2108 2212 catechumenos
2148 2132 2466 2212 adhortatur
2487 2149 2552 2212 ut
2577 2132 2850 2198 lavacrum
2887 2132 3315 2212 regenerationis
3329 2132 3516 2206 (susci:

230 2217 351 2277 pere
379 2222 502 2262 non
533 2203 826 2281 morentur,
879 2223 945 2262 ne
992 2205 1255 2262 beneﬁcio
1277 2205 1462 2281 gratiae
1488 2205 1604 2281 ejus
1634 2206 1929 2281 priventur.
1961 2203 2092 2281 Cum
2112 2207 2308 2281 _titnlus
2351 2211 2622 2278 specimen
2655 2213 2719 2266 sit
2757 2203 3056 2281 argtinieiiti
3086 2217 3365 2281 orationis,
3380 2203 3512 2275 Vlia—ee

227 2275 399 2351 autem
425 2278 620 2332 omnis
645 2278 717 2351 sit
737 2277 806 2332 de
835 2287 1177 2351 peccatorum
1235 2275 1553 2351 remissione
1581 2275 1952 2351 infusionf‘quc
1994 2275 2213 2351 j._.sti_t_ia‘
2253 2294 2358 2351 per;
2375 2275 2696 2349 baptismum
2739 2275 3094 2351 acquirendae,
3129 2286 3268 2340 haud
3298 2275 3400 2342 alia
3431 2291 3514 2344 in-

225 2348 440 2429 scriptio
468 2348 720 2403 sermoni
750 2343 1037 2429 convenire
1069 2355 1264 2429 potest,
1295 2363 1453 2429 quam
1483 2345 1572 2429 De
1591 2346 1763 2427 gratia
1803 2343 2267 2429 baptismiLllrnm—
2289 2343 2614 2429 utique__pi".e
2643 2369 2711 2429 se
2729 2343 2905 2429 [en-unt
2933 2369 3028 2429 sex
3056 2343 3271 2429 codices
3299 2357 3354 2412 S.
3395 2343 3512 2414 Ma-

227 2413 720 2496 _ximosegmonem
749 2413 1176 2496 tribuentes-qui
1204 2413 1723 2496 sUnjnSangallensis
1751 2413 1898 2496 num.
1921 2415 2016 2496 ιι,
2048 2416 2346 2496 -Υειίςίιιιιιε
2381 2413 2813 2496 i2ii7'pag3‘158,
2846 2423 3191 2496 Taurinensis
3219 2427 3272 2481 in
3301 2443 3408 2496 quo
3429 2413 3514 2485 est

227 2435 367 2474 ximo
393 2435 719 2475 sermonem
749 2435 1059 2482 tribuentes,
1083 2435 1176 2489 qui
1204 2435 1329 2472 sunt
1357 2435 1723 2486 aangauensis
1751 2435 1898 2469 num.
1937 2435 2016 2478 ιι,
2070 2435 2346 2472 vatwanus
2381 2435 2507 2473 12m
2575 2435 2658 2490 ag.
2691 2435 2813 2487 ιυδ,
2846 2435 3191 2480 'l‘aurinensis
3219 2435 3272 2481 in
3301 2443 3408 2496 quo
3429 2437 3512 2485 est

225 2487 566 2567 homilia_l5,
599 2486 656 2543 S.
681 2488 868 2567 Crucis
894 2489 946 2544 in
974 2486 1358 2567 Jerusalem‘OO
1385 2504 1534 2557 num.
1557 2487 1628 2567 _l_i
1664 2485 2009 2567 cumJtitnlo:
2037 2485 2226 2567 Incipit
2251 2489 2312 2567 de
2339 2492 2515 2567 gratia
2537 2438 2792 2562 gaptismi,
2817 2503 2872 2548 et
2893 2493 2966 2567 99
2979 2496 3217 2562 ejusdem
3241 2497 3298 2552 S.
3323 2497 3512 2554 Crucis

224 2560 504 2632 animi“,
533 2576 744 2632 necnon
769 2559 1214 2632 Laurentianus);
1245 2558 1384 2632 l’lut.
1417 2575 1526 2614 xiv.
1557 2557 2014 2632 limc‘testimonia
2049 2557 2354 2632 pei‘szpicuis—
2368 2561 2547 2616 verbis
2580 2557 2834 2632 expressa
2863 2565 2908 2619 si
2939 2557 3294 2624 Benedictinis
3319 2583 3513 2626 mona-

223 2630 334 2686 chis
364 2631 420 2688 S.
454 2631 742 2686 Ambrosii
770 2630 1064 2686 editoribus
1093 2628 1435 2696 aﬂulsissent,
1460 2629 1658 2686 certius
1681 2625 1938 2696 judicium
1969 2625 2074 2682 hoc
2102 2625 2185 2683 de
2209 2646 2458 2686 sermone
2487 2625 2944 2702 pronuntiassent.

222 2764 628 2836 Aacunsrnuu.
659 2793 732 2804 —
757 2764 1156 2836 Catechumenos
1196 2765 1431 2822 hortatur
1467 2765 1731 2820 Maximus
1767 2773 1822 2818 ut
1854 2765 1896 2824 Β
1924 2779 1984 2824 se
2010 2770 2264 2836 magister
2290 2779 2532 2836 excusat,
2562 2772 2618 2827 in
2656 2772 2762 2828 isto
2803 2789 2903 2830 nos
2938 2773 3186 2832 Salvator
3213 2777 3421 2834 invitat.
3450 2777 3514 2835 In

287 2836 529 2906 gratiam
558 2835 882 2906 baptismatis
910 2837 1049 2890 omni
1078 2837 1406 2907 festinatione
1433 2837 1734 2906 suscipiant,
1766 2844 1824 2888 ut

287 2908 508 2938 ama-in-
534 2922 644 2938 Δ...
673 2905 805 2938 ’.κιαι
834 2905 1066 2938 [Ἰκάρου.
1088 2917 1163 2938 ...ο
1180 2925 1192 2936 .
1225 2916 1274 2938 ιιι
1300 2907 1422 2938 ...ελ
1445 2909 1580 2938 ὅκου.
1611 2906 1818 2938 Ian-nn:-

1927 2856 2017 2910 illo
2052 2835 2255 2925 justitia
2283 2835 2599 2930 semiplena,
2641 2861 2694 2916 in
2739 2863 2842 2918 isto
2871 2863 3104 2920 Trinitas
3131 2873 3214 2922 est
3249 2865 3508 2938 perfecta.

284 2905 644 2989 possintne“
670 2905 805 2989 quod
834 2905 1067 2989 Christus
1078 2905 1192 2990 est;
1221 2916 1274 2962 et
1296 2907 1422 2990 gruit!
1445 2905 1580 2962 inter
1596 2906 1818 2991 {cannis

286 2985 336 3054 et
375 2975 586 3031 Clu-1st:
631 2975 938 3048 baptismum
987 2986 1188 3034 intersit
1252 2977 1476 3034 diluetde
1521 2993 1821 3050 copioseque

2052 2905 2255 2925 ,_-..--_
2283 2905 2416 2914 η---
2457 2905 2599 2928 .ν....,
2739 2905 2841 2918 ..ην
2882 2905 3104 2920 -..........
3132 2905 3214 2922 νο.
3288 2905 3508 2925 νυνι...

1927 2948 2006 3004 Ad
2034 2949 2163 3004 illud
2183 2958 2399 3006 sanctus
2419 2905 2586 3019 lvenit,
2615 2961 2834 3009 sanctus
2861 2969 3106 3023 egressus
3133 2905 3341 3025 est;rad
3369 2959 3513 3016 istud

291 3045 460 3121 docet.
696 3045 707 3048 ⁷
1582 3045 1592 3050 ⁷

1927 3049 2176 3109 peccator
2201 3045 2369 3107 venit,
2393 3050 2448 3098 et
2475 3053 2693 3100 sanctus
2721 3046 2977 3101 abscedit.
3015 3047 3072 3100 In
3103 3048 3196 3103 illo
3224 3048 3388 3121 ΑΜ
3411 3049 3512 3107 be-

343 3119 358 3133 ⁹
1775 3177 1790 3186 .
1908 3119 2156 3187 inedictio
2185 3133 2460 3188 confertur
2485 3135 2772 3207 mysteriis,
2805 3137 2825 3169 ¹
2854 3137 2908 3191 in
2945 3137 3048 3192 isto
3069 3138 3094 3174 εί
3125 3119 3393 3210 mysteriis
3424 3140 3514 3198 de-

1923 3225 2050 3280 licta
2076 3225 2361 3290 donantur.
2401 3226 2670 3296 Baptizari
2707 3242 2858 3298 ergo,
2891 3228 3105 3296 fratres,
3136 3231 3390 3288 debemus
3417 3248 3513 3289 eo-

1924 3315 2046 3370 dem
2073 3317 2281 3384 gurgite
2306 3331 2414 3386 quo
2441 3313 2718 3383 Salvator;
2751 3317 2842 3374 sed
2874 3327 2934 3372 ut
2960 3320 3151 3374 eodem
3179 3319 3328 3376 fonte
3365 3336 3512 3378 mer-

1924 3419 2128 3475 gamur,
2162 3422 2268 3461 non
2305 3407 2461 3462 nobis
2493 3405 2778 3462 Orientalis
2813 3409 3043 3478 petenda
3081 3420 3164 3466 est
3202 3411 3370 3480 regio,
3401 3427 3512 3468 non

1924 3495 2118 3551 ﬂuvius
2145 3503 2302 3552 terra:
2329 3494 2585 3553 Judaicze.
2617 3495 2717 3552 Ubi
2745 3497 2888 3552 enim
2919 3515 3060 3554 nunc
3089 3500 3353 3571 Christus,
3386 3513 3410 3540 ε
3440 3503 3514 3560 ibi

1923 3602 2140 3658 quoque
2166 3585 2414 3644 Jordanis
2439 3595 2540 3642 est.
2566 3585 2762 3643 Eadem
2783 3591 3119 3645 consecratio
3139 3605 3257 3659 quae
3281 3590 3514 3651 Orientis

1923 3677 2143 3734 ﬂumina
2160 3677 2435 3733 benedixit
2459 3675 2760 3736 Occidentis
2799 3677 2996 3734 ﬂuenta
3021 3680 3334 3736 sanctiﬁcat.
3362 3681 3514 3742 Unde

1925 3771 2026 3826 etsi
2066 3785 2262 3827 nomen
2309 3770 2449 3827 forte
2494 3769 2656 3828 ﬂuvio
2710 3771 2876 3827 aliud
2903 3772 2972 3826 sit
3015 3773 3082 3828 de
3128 3776 3343 3843 sacculo,
3376 3777 3514 3835 inest

1925 3870 2106 3918 tamen
2133 3862 2208 3917 illi
2232 3863 2547 3934 mysterium
2569 3863 2635 3920 de
2654 3861 2910 3919 Iordane.
2935 3864 3176 3935 Denique
3205 3867 3393 3926 iisdem
3421 3885 3511 3926 sa-

1925 3955 2211 4011 cramentis
2245 3970 2334 4010 res
2380 3955 2555 4024 agitur
2599 3955 2792 4025 quibus
2827 3964 2882 4010 et
2930 3963 3056 4014 tunc
3090 3967 3241 4028 gesta
3276 3969 3376 4028 est,
3409 3962 3514 4018 nisi

1925 4047 2066 4118 quod
2093 4046 2264 4117 gratia
2292 4047 2556 4117 pleniore.
2587 4045 2736 4102 Tunc
2763 4047 2907 4104 enim
2934 4045 3252 4106 Trinitatem
3277 4053 3512 4108 carnali-

285 3221 426 3290 Quia
455 3229 702 3286 constat,
729 3222 866 3279 sicut
891 3231 1016 3280 ante
1034 3231 1070 3292 ,α
1099 3223 1369 3295 prosecuti
1404 3238 1607 3290 sumus,
1638 3221 1820 3278 Jesum

212 3314 508 3372 Christum
539 3329 644 3370 non
679 3316 763 3372 sui
791 3331 950 3371 causa
978 3315 1308 3387 baptizatum
1336 3331 1474 3383 esse,
1507 3314 1601 3370 sed
1630 3314 1818 3381 nostri,

222 3406 510 3472 debemus,
546 3405 736 3462 fratres
759 3406 1110 3473 dilectissimi,
1138 3407 1292 3462 vobis
1319 3405 1714 3463 catechumenis
1742 3405 1823 3460 lo-

220 3513 378 3570 quor,
413 3500 645 3568 gratiam
673 3499 1008 3569 baptismatis
1031 3498 1147 3568 ejus
1167 3498 1314 3554 onmi
1329 3497 1672 3554 festinatione
1698 3512 1822 3552 sus-

220 3590 428 3661 cipere,
471 3599 530 3645 et
567 3589 633 3644 de
671 3588 818 3644 fonte
861 3587 1130 3654 Iordanis,
1189 3603 1350 3659 quem
1396 3589 1484 3644 ille
1527 3587 1819 3654 benedixit,

215 3681 664 3740 benedictionem
719 3681 1140 3737 consecrationis
1185 3681 1437 3747 haurire,
1491 3688 1546 3734 et
1599 3680 1652 3734 in
1700 3695 1823 3734 eum

214 3775 495 3844 gurgitem
545 3773 598 3826 in
634 3788 793 3844 quem
832 3789 890 3827 se
944 3773 1086 3828 illius
1123 3773 1379 3828 sanctitas
1414 3771 1604 3826 mersit
1642 3779 1824 3826 nostra

209 3873 454 3938 peccata
489 3872 827 3934 mergantur;
857 3863 1082 3928 scilicet,
1113 3872 1170 3917 ut
1197 3863 1384 3918 eadem
1412 3877 1551 3934 aqua
1576 3878 1693 3933 qua:
1716 3861 1824 3917 Do-

211 3956 433 4011 minum
464 3953 822 4009 circumdedit
847 3961 903 4010 et
929 3953 1169 4008 servulos
1197 3953 1609 4023 circumpurget,
1639 3959 1824 4022 quate-

207 4065 317 4105 nus
348 4063 425 4104 ex
459 4045 489 4085 δ
524 4045 812 4101 venerabili
841 4045 1038 4100 Christi
1067 4047 1281 4101 lavacro
1307 4046 1460 4100 nobis
1479 4045 1617 4099 unda
1639 4052 1822 4102 sancta

204 4141 504 4214 proﬁciat,
537 4145 592 4192 et
636 4138 822 4200 iisdem
863 4137 1098 4208 vestigiis
1135 4147 1295 4209 atque
1337 4138 1603 4212 mysteriis
1630 4138 1823 4208 quibus
1927 4139 2026 4195 bus
2053 4139 2223 4194 oculis
2249 4138 2498 4207 vidimus,
2533 4137 2698 4194 modo
2739 4138 2985 4195 eamdem
3033 4139 3346 4198 Trinitatem
3389 4141 3514 4202 ﬁdei

204 4231 668 4292 benedictionem
691 4247 722 4286 a
743 4230 1024 4288 Salvatore
1049 4239 1131 4288 est
1158 4239 1417 4299 mutuata,
1443 4247 1540 4288 nos
1559 4232 1675 4287 fotu
1693 4233 1820 4288 bea-
1926 4233 2094 4290 oculis
2114 4233 2564 4306 contemplamur.
2615 4231 2766 4288 Tunc
2805 4231 3082 4290 Christum
3123 4235 3212 4291 vix
3247 4237 3512 4296 humanus

203 4328 384 4399 tiore~
407 4320 683 4393 puriiicet,
710 4324 1040 4393 gratiamque
1067 4339 1243 4399 quam
1262 4340 1293 4379 a
1321 4323 1533 4380 Christo
1586 4323 1822 4396 suscepit
1924 4325 2102 4383 vultus
2129 4327 2356 4396 aspexit,
2390 4341 2531 4382 nunc
2558 4323 2804 4380 eumdem
2832 4341 2986 4381 mens
3013 4325 3246 4382 humana
3273 4327 3512 4398 comple-

203 4420 262 4476 in
296 4397 655 4475 Christianos
680 4415 945 4471 refundat.
978 4415 1137 4486 Ergp,
1169 4397 1377 4484 fratres,
1407 4418 1538 4488 tingi
1566 4417 1822 4473 debemus
1847 4423 1892 4484 C
1924 4420 2103 4476 ctitur.
2143 4418 2293 4475 Tunc
2329 4418 2556 4489 Spiritus
2590 4425 2807 4473 sanctus
2847 4417 2995 4472 velut
3031 4418 3293 4474 columba:
3331 4397 3512 4489 specie

204 4511 418 4567 eodem
472 4506 622 4562 fonte
660 4523 766 4578 quo
809 4505 1072 4576 Christus,
1113 4516 1171 4564 ut
1211 4511 1478 4580 possimus
1522 4525 1641 4565 esse
1678 4507 1824 4579 quod
1924 4511 2197 4566 hominem
2225 4509 2580 4571 circumfudit,
2613 4507 2776 4563 modo
2816 4522 2876 4562 se
2911 4507 2965 4560 in
2996 4506 3252 4562 interiora
3279 4509 3512 4566 hominis

204 4599 478 4659 Christus
510 4607 609 4653 est.
642 4597 794 4665 Nam,
821 4598 965 4670 quod
995 4601 1140 4655 salva
1181 4600 1284 4657 fide
1304 4602 1550 4668 dixerim,
1583 4602 1706 4656 licet
1724 4601 1819 4656 ha-
1929 4602 1947 4640 ί
1978 4604 2093 4673 ipsa
2124 4603 2318 4655 virtute
2345 4598 2637 4655 divinitatis
2665 4595 2914 4652 infundit.
2955 4595 3106 4654 Tunc
3151 4595 3312 4652 Pater
3337 4613 3370 4654 a
3399 4597 3510 4656 Do-

205 4695 485 4765 ptismuin
530 4697 812 4761 utrumque
857 4690 927 4744 sit
965 4690 1196 4758 Domini,
1243 4701 1396 4747 tanto
1443 4693 1646 4762 gratius
1689 4699 1823 4762 puto
1924 4694 2071 4750 mino
2119 4699 2338 4762 propter
2381 4689 2575 4744 Filium
2619 4689 2784 4758 longo
2835 4687 3019 4742 auditu
3069 4689 3218 4744 vocis
3263 4690 3509 4759 advenit,

206 4785 318 4841 hoc
367 4781 705 4852 baptismum
761 4796 880 4836 esse
916 4797 1024 4852 quo
1069 4799 1170 4839 nos
1215 4785 1480 4842 abluimus
1506 4799 1667 4854 quam
1697 4783 1826 4840 illud
1926 4783 2087 4840 modo
2121 4790 2300 4837 autem
2333 4779 2608 4836 descendit
2641 4779 2709 4835 ad
2750 4795 2848 4834 nos
2871 4776 3034 4834 Pater
3061 4779 3176 4851 ipse
3201 4795 3322 4836 cum
3351 4781 3508 4840 Filio.

204 4895 319 4948 quo
363 4875 633 4930 Salvator
664 4886 684 4912 ο
715 4875 1035 4944 baptizatur.
1079 4874 1194 4932 Hoc
1231 4878 1374 4932 enim
1402 4878 1704 4932 celebratur
1731 4891 1828 4948 per
1931 4877 2144 4935 Plenior
2169 4889 2298 4944 ergo
2325 4874 2495 4946 gratia
2523 4881 2626 4940 est,
2655 4873 2748 4929 ubi
2771 4871 2930 4938 Deus,
2960 4887 3071 4930 non
3095 4884 3364 4948 assumpta
3393 4893 3512 4948 spes

205 4967 530 5030 Christum,
565 4965 694 5020 illud
725 4967 1052 5023 celebratum
1079 4978 1163 5025 est
1198 4985 1296 5040 per
1320 4968 1604 5026 Joannem.
1645 4969 1704 5025 1n
1733 4969 1826 5026 illo
1927 4969 2038 5035 cie,
2069 4966 2347 5025 descendit
2385 4965 2454 5022 ad
2495 4965 2776 5034 homines,
2822 4963 2917 5022 sed
2956 4967 3174 5039 propria
3217 4967 3516 5027 substantia

2185 5190 2372 5280 Codex
2399 5187 2652 5244 Laurent.
2672 5203 2728 5255 x,
2755 5191 2814 5244 in
2837 5190 2938 5245 ista
2963 5206 3057 5262 per
3084 5192 3390 5262 mysterium
3417 5195 3514 5250 de.

1929 5267 2054 5320 (icta
2074 5264 2303 5320 donauit.

2001 5347 2026 5376 ο
2053 5333 2191 5392 Cod.
2211 5332 2304 5407 r90,
2332 5329 2907 5407 ubiquelordanisest;
2929 5331 3206 5407 item
3231 5331 3512 5404 laureum,

1925 5399 2445 5534 res:
2467 5399 3326 5546 germanae.“-

282 5209 310 5236 ιι
341 5195 498 5253 Cod.
533 5194 653 5250 Vat.
687 5192 845 5262 1267,
874 5203 995 5250 ante
1019 5196 1130 5251 dies
1153 5212 1366 5262 paucos.

278 5268 309 5308 δ
339 5268 508 5323 Idem
534 5265 656 5320 cod.
687 5264 831 5332 Vat,
861 5282 927 5320 ea:
953 5264 1263 5321 uenerabilis
1291 5265 1486 5320 Christi
1512 5267 1738 5322 lauacro.

283 5350 306 5378 ο
343 5337 606 5404 Uterque
631 5334 754 5390 cod.
781 5335 839 5390 S.
868 5335 1055 5393 Crucis
1081 5337 1134 5391 in
1165 5336 1271 5392 Jer.
1303 5344 1359 5391 et
1386 5336 1534 5404 ναι,
1557 5346 1633 5392 est
1660 5335 1828 5409 bapti-

202 5418 609 5545 ωξιυῖᾖιειηιιθ
634 5475 757 5531 cod.
789 5474 846 5531 S.
878 5474 1066 5532 Crucis
1092 5477 1147 5530 in
1173 5474 1285 5531 Jer.
1324 5485 1380 5531 et
1410 5475 1550 5543 νει,
1591 5493 1682 5548 per
1707 5493 1824 5549 my-

213 5695 218 5698 _
278 5633 300 5710 f
344 5623 652 5710 Distinctip
673 5625 830 5696 plane
858 5625 1159 5694 theologica
1186 5627 1368 5710 gratiae
1393 5642 1466 5710 ex
1493 5641 1658 5710 opere
1684 5643 1820 5698 ope.
1923 5628 1990 5710 de
2011 5629 2304 5710 baptismo,
2317 5630 2374 5710 _in
2391 5630 2493 5710 isto
2791 5627 2979 5710 delicta
3000 5596 3295 5710 donantur;
3315 5621 3510 5710 decutio

197 5693 761 5778 rato,_et_§ratiaa'ex
789 5711 952 5778 opere
967 5698 1250 5778 sperantis
1279 5715 1292 5748 :
1323 5693 1624 5778 primahipsi
1647 5693 1824 5778 sacra-
1925 5698 1993 5778 da
2019 5693 2426 5778 sanctificationi
2451 5693 3003 5778 per'benedictionem
3027 5693 3311 5777 elementis
3339 5693 3510 5752 colla-

199 5766 394 5831 lenti
410 5766 678 5826 Mite
695 5773 754 5824 et
765 5766 946 5824 virtuti
961 5766 1236 5832 tribuitur,
1250 5766 1392 5826 unde
1403 5767 1540 5825 dixit
1926 5776 2014 5834 tte,
2041 5771 2094 5824 in
2123 5770 2216 5826 illo
2242 5766 2532 5829 benedictio
2554 5773 2818 5837 confertur
2837 5766 3124 5834 mysteriis.
