4056 6346
617 301 723 358 559
1811 295 1870 354 S.
1910 295 2156 353 MAXIMI

2268 296 2643 357 LURINENSIS
3774 298 3876 358 560

616 423 642 450 ε·
671 409 997 469 descendere
1039 409 1290 481 dignatur
1333 409 1401 464 ad
1449 407 1603 465 illios.
1639 406 1718 464 lbi
1755 407 1900 463 enim
1937 413 2192 478 tanquam
2219 417 2270 477 Α
2295 409 2440 480 quod
2509 409 2744 466 Joannes
2789 408 3008 482 petierit
3049 407 3252 467 Christi
3306 411 3633 483 baptismum
3679 421 3736 470 et
3784 432 3876 474 non

613 502 900 560 incredulis
929 501 1086 558 fidem
1114 500 1229 557 vnlt
1256 501 1422 572 signis
1453 499 1820 573 corporalibus
1847 497 2191 568 persuadere,
2299 503 2586 574 acceperit,
2622 499 2880 558 debemus
2907 501 3353 559 animadvertere.
3385 503 3474 558 Ait
3499 505 3644 560 enim
3675 505 3754 560 illi
3782 508 3876 562 Do-

609 597 698 653 hic
728 607 978 666 tanquam
1020 594 1262 651 fidelibus
1298 595 1523 666 gratiam
1551 592 1816 666 spirituali
1843 592 2038 648 virtute
2065 607 2196 648 con-
2296 592 2476 648 minus
2539 591 2831 664 postulanti
2874 610 2886 646 :
2922 591 3053 648 Sine
3085 593 3266 662 modo,
3305 594 3382 647 sic
3417 595 3553 648 enim
3603 594 3749 649 decet
3796 613 3876 652 nos

609 689 768 744 ferre.
802 687 1064 745 Plenioris
1107 703 1235 760 ergo
1274 689 1461 758 gratia:
1509 695 1592 744 est
1628 687 1796 742 Deum
1841 685 2024 741 videre
2056 685 2194 740 sicut
2293 683 2508 755 implere
2540 699 2742 738 omnem
2771 683 3028 755 justitiam
3068 683 3282 758 (Matth.
3329 685 3428 757 Ill).
3463 683 3678 740 Scimus
3707 695 3875 741 autem

605 791 690 839 est
718 782 878 848 Deus,
906 799 1065 853 quam
1091 781 1274 838 videre
1299 797 1421 838 eum
1469 781 1549 837 sic
1575 787 1634 836 ut
1659 779 1902 851 requiras
1928 793 2069 834 eum.
2095 777 2194 834 Hic
2295 773 2439 843 quod
2477 772 2714 830 Joannes
2741 774 2906 848 432
2939 774 3178 848 Baptista
3219 783 3406 849 typum
3449 776 3585 847 legis
3621 777 3874 846 gerebat;

605 883 688 928 est
719 874 952 943 perfecta
993 871 1248 939 Trinitas,
1281 873 1353 928 ibi
1383 872 1557 928 adhuc
1584 869 1870 928 scrutanda
1909 869 2186 924 Divinitas.
2277 861 2490 945 justum
2516 878 2644 934 ergo
2665 872 2784 920 erat
2802 872 2860 920 ut
2881 865 2996 936 ipse
3022 866 3321 938 baptizaret
3340 867 3650 934 Dominum,
3680 869 3872 925 scilicet

606 963 820 1018 Plenior
842 964 1002 1032 igitur
1029 972 1112 1020 est
1139 949 1310 1033 gratia
1328 961 1496 1019 Deum
1521 961 1738 1034 propria
1766 960 1966 1015 virtute
1991 973 2192 1028 cogno-

604 1071 774 1122 scere,
799 1071 956 1126 quam
983 1056 1036 1110 in
1059 1065 1332 1128 assumpta
1355 1057 1533 1127 specie
1553 1055 1813 1126 suspicari
1834 1053 1884 1108 ιι.
1908 1053 2189 1108 Faciamus

603 1161 732 1214 ergo
762 1147 860 1216 ipsi
887 1162 983 1217 pro
1013 1146 1169 1202 nobis
1197 1147 1340 1218 quod
1369 1147 1534 1202 Deum
1570 1144 1814 1200 videmus
1858 1143 2050 1198 fecisse
2090 1158 2187 1212 pro

602 1239 777 1304 nobis,
810 1237 1066 1294 faciamus
1092 1239 1234 1294 circa
1261 1254 1361 1294 nos
1389 1236 1537 1308 quod
1583 1237 1698 1292 ﬁeri
1735 1236 1876 1292 circa
1924 1250 1983 1289 se
2024 1234 2182 1306 5.31

599 1327 831 1385 Joannes
851 1331 1074 1400 optavit.
1103 1341 1125 1370 ο
1151 1329 1208 1384 Si
1232 1330 1344 1398 ille,
1365 1329 1458 1400 qui
1477 1337 1593 1384 erat
1620 1328 1900 1399 propheta,
1930 1325 2184 1395 magister

599 1427 654 1474 et
681 1429 912 1488 sanctus,
936 1420 1228 1477 Salvatoris
1247 1421 1568 1492 baptismum
1590 1419 1913 1490 concupivit,
1938 1417 1962 1455 δ
1980 1423 2183 1487 quanto

596 1511 766 1580 magis
812 1520 1122 1583 peccatores
1173 1529 1292 1578 nos,
1349 1512 1578 1568 humiles
1623 1519 1678 1566 et
1723 1509 1914 1579 ignari,
1956 1509 2182 1578 gratiam

595 1601 736 1659 hanc
761 1603 1017 1660 debemus
1054 1604 1276 1660 ambire.
1313 1603 1498 1660 Videte
1539 1601 1961 1658 misericordiam
1997 1599 2183 1654 Salva-

593 1694 726 1750 toris
753 1712 765 1747 :
798 1695 902 1752 hoc
929 1695 1085 1752 nobis
1113 1702 1306 1767 sponte
1339 1694 1598 1762 defertur,
1625 1692 1768 1762 quod
1795 1694 2058 1763 propheta
2091 1706 2184 1761 po-

592 1784 800 1842 stulans
836 1803 945 1845 non
971 1797 1210 1845 meretur
1243 1787 1508 1858 accipere.
1535 1784 1674 1853 Quid
1701 1791 1881 1839 autem
1914 1799 2089 1839 causa:
2117 1782 2189 1849 sit
2219 1767 2266 1826 Β

2291 963 2350 1010 ut
2375 956 2825 1039 quemadmodum
2853 958 3142 1014 secundum
3171 976 3387 1017 carnem
3427 961 3494 1016 de
3525 959 3728 1016 Iudaeis
3764 963 3868 1018 Sal-

2288 1056 2445 1103 vator
2471 1057 2553 1104 est
2580 1050 2810 1118 genitus,
2844 1051 2916 1106 ita
2959 1061 3015 1108 et
3051 1055 3342 1110 secundum
3371 1057 3620 1126 spiritum
3666 1057 3738 1112 de
3767 1058 3870 1126 lege

2287 1138 2636 1209 Evangelium
2676 1153 3006 1210 nasceretur,
3038 1152 3095 1198 ut
3123 1145 3266 1201 unde
3290 1147 3694 1202 successionem
3722 1148 3870 1202 (luu-

2285 1233 2380 1288 bat
2425 1234 2664 1304 originis,
2715 1237 2907 1293 exinde
2955 1247 3010 1293 et
3063 1239 3407 1296 traditionem
3454 1243 3872 1298 consecrationis

2290 1324 2579 1394 acciperet.
2631 1324 2742 1381 Hoc
2773 1335 2856 1382 est
2900 1329 3062 1398 igitur
3089 1331 3232 1400 quod
3275 1331 3350 1386 ait
3382 1350 3394 1386 :
3429 1331 3522 1388 Sic
3557 1336 3722 1388 enim-
3744 1335 3870 1389 decet

2289 1431 2384 1470 nos
2421 1417 2633 1487 implere
2679 1435 2880 1474 omnem
2915 1421 3196 1491 justitiam.
3241 1422 3448 1480 Justum
3483 1427 3630 1482 enim
3671 1435 3790 1482 erat
3822 1437 3870 1482 ut

2287 1505 2537 1561 mandata
2574 1509 2705 1578 legis
2743 1526 2862 1581 quae
2901 1513 3016 1582 ipse
3052 1516 3370 1574 condiderat
3405 1519 3521 1590 ipse
3555 1522 3864 1593 compleret,

2287 1600 2428 1656 sicut
2465 1602 2592 1657 alibi
2629 1603 2758 1660 dicit
2790 1622 2802 1658 :
2836 1603 2960 1661 Non
2995 1607 3106 1662 verti
3149 1609 3345 1665 solvere
3371 1611 3556 1684 legem,
3590 1613 3686 1668 sed
3713 1614 3867 1668 adita-

2289 1694 2429 1764 plere
2458 1694 2512 1764 (1
2517 1695 2646 1768 bid.)

1985 1871 2253 1934 SERMO
2296 1873 2468 1936 XIV.

1919 1973 2000 2029 De
2034 1975 2240 2047 jejunio
2282 1975 2531 2047 generali.

2029 2063 2420 2120 ADMONITIO.

662 2164 710 2242 ii
735 2163 938 2242 clariss.
969 2164 1088 2220 viro
1105 2161 1261 2242 Joan.
1292 2159 1573 2242 Dominico
1601 2159 1768 2242 Maria
1797 2158 2003 2214 Mansio
2031 2156 2337 2242 Qier.nl§eg.
2363 2157 2584 2242 a__Matre
2610 2161 2734 2242 D_ei,_
2756 2169 2942 2242 postea
2968 2163 3155 2242 patriae
3180 2179 3292 2222 sua:
3319 2167 3734 2242 archiepiscopo
3757 2187 3858 2230 me-

588 2235 1076 2314 ritissimonerutus
1102 2235 1334 2314 primum
1373 2231 1471 2286 fuit
1498 2231 1820 2314 hicnsermq
1851 2244 1918 2312 ei:
1963 2229 2160 2312 codice.
2185 2226 2506 2314 875.capitu‘l.
2547 2231 2677 2314 ccci.
2711 2226 2988 2314 Lucensis,
3019 2233 3300 2314 editusque
3327 2239 3381 2314 in
3409 2226 3851 2314 appendiée

586 2299 858 2375 Stephani
873 2305 1073 2360 Baluzii
1105 2299 1243 2358 'tom.
1273 2301 1338 2368 ll,
1367 2314 1488 2424 pag.
1521 2299 1642 2367 432,
1683 2299 1740 2354 8.
1773 2299 1988 2355 Maximi
2019 2299 2234 2354 nomine
2270 2299 2571 2368 insignitus.
2603 2301 2712 2358 Nos
2748 2311 2981 2374 quatuor
3007 2299 3232 2361 aliorum
3261 2299 3506 2364 codicum
3542 2299 3854 2368 testimoniis

586 2375 836 2424 nermoti-
869 2375 1010 2424 illius
1031 2381 1307 2424 auctorem
1347 2372 1419 2424 S-
1477 2371 1738 2424 laximum
1779 2370 2034 2424 dicimus:
2083 2369 2187 2424 hoc
2226 2377 2309 2424 est
2353 2369 2577 2424 duorum
2614 2373 2743 2424 bibl.
2802 2373 3172 2424 Laurentinum
3209 2393 3227 2424 ι
3266 2376 3406 2424 Plut-
3439 2397 3528 2424 nv
3553 2397 3661 2424 nan
3709 2382 3806 2424 εαξη
3829 2399 3850 2424 ει

584 2372 836 2444 perinoti,
869 2375 1010 2430 illius
1031 2381 1307 2444 auctorem
1347 2372 1421 2444 8..

1503 2371 1738 2452 axiinum
1764 2370 2052 2452 _dicimus;.
2083 2369 2187 2452 hoc
2226 2369 2781 2452 est__duurum__bi_bl_._'
2801 2373 3228 2452 Laurentianzc_i
3266 2376 3528 2452 Plut._xiv
3553 2397 3681 2452 pag.
3709 2382 3806 2435 19.0
3827 2399 3853 2437 a

583 2439 755 2513 tergo,
786 2439 1004 2501 secundi
1035 2443 1138 2498 174
1165 2443 1292 2514 bibl.
1327 2442 1455 2514 glim
1481 2441 1645 2514 indil.
1669 2449 1899 2514 metrop.
1943 2439 2076 2514 eccl.
2119 2439 2460 2514 florentium,
2492 2442 2630 2496 tertii
2659 2443 2788 2498 bibl.
2827 2453 3132 2514 congregat.
3177 2447 3373 2506 Montis
3400 2439 3596 2506 Olivei.

3680 2453 3846 2522 eapol.

582 2509 705 2585 pag.
724 2509 840 2589 _100
866 2515 1044 2589 quarti
1083 2513 1302 2589 tandem
1333 2511 1698 2589 Taurinensis.
1737 2511 1818 2564 Ab
1847 2509 2094 2589 omnibus
2210 2509 2781 2589 Maxin1us__serrnonis
2808 2509 2996 2572 auctor
3023 2509 3376 2589 nuncupatur,
3405 2519 3501 2574 sed
3532 2537 3646 2576 non
3678 2509 3854 2578 omnes

581 2580 1070 2659 eumdem‘titulum
1091 2584 1312 2640 habent.
1342 2583 1400 2637 ln
1417 2583 1616 2659 podice
1646 2580 1876 2659 [ειη-διιεῖ
1909 2580 2030 2659 :__De
2050 2581 2254 2659 jejunio
2292 2585 2519 2659 generali
2549 2583 2857 2659 inscribitur
2877 2601 3090 2659 sermo;
3122 2587 3178 2659 in
3203 2580 3426 2659 reliquis
3457 2607 3471 2642 :
3506 2591 3588 2646 De
3617 2590 3853 2656 Quadra-

616 2656 806 2731 esima._
829 2655 937 2711 Nos
965 2673 1072 2731 non
1101 2670 1262 2731 quam
1298 2652 1590 2731 praeierunt
1615 2652 1806 2731 reliqui
1835 2651 2057 2731 codices
2076 2651 2480 2731 inscriptionem
2503 2655 2822 2731 suscipimus
2843 2655 2954 2731 ‘Dc.
2981 2651 3418 2731 Quadi-agmina,
3441 2661 3540 2716 sed
3570 2651 3659 2717 ex.
3670 2663 3850 2718 codice

626 2727 841 2799 ucensi,
869 2725 1016 2799 quod
1058 2721 1160 2799 hac
1193 2725 1246 2799 in
1285 2721 1544 2799 concione
1587 2739 1696 2777 non
1723 2721 1790 2778 de
1818 2721 2276 2799 speciali‘jejnnio
2317 2721 2746 2799 Quadragesimaa
2773 2726 2882 2799 agit
2923 2726 2980 2782 8.
3006 2721 3303 2796 Μιιιιίιηύε,
3334 2721 3431 2786 sed
3455 2734 3758 2799 generatim
3787 2732 3852 2788 de

581 2794 780 2850 virtute
809 2791 1110 2864 meritoque
1132 2792 1342 2864 jejunii,
1364 2793 1508 2862 quod
1537 2801 1718 2848 tamen
1744 2791 2190 2862 quadragesimali
2212 2791 2552 2849 abstinentiai
2569 2791 2860 2852 convenire
2887 2805 3084 2868 potest.

579 2905 968 2964 Ancuumruu.
1000 2936 1072 2946 —
1093 2905 1173 2960 De
1196 2905 1344 2978 lapsu
1379 2906 1506 2978 Adae
1533 2905 1706 2977 cupidi
1742 2905 1938 2961 sciendi
1967 2904 2086 2978 boni
2112 2913 2162 2958 et

647 2979 791 3060 mali.
817 2977 878 3033 Si
891 2979 994 3060 lilia
1016 2975 1537 3060 peccavitgustt't‘ndo,
1677 2993 1917 3060 nonego.
1932 2975 2163 3060 placeam

643 3049 972 3120 jejunanda?
1005 3045 1071 3103 In
1097 3045 1344 3120 paradiso
1379 3045 1626 3120 Ecclesia:
1654 3045 1917 3102 constituti
1943 3045 2163 3100 manda—

650 3117 758 3174 tum
783 3121 1072 3190 accepimus
1097 3117 1153 3173 ut
1181 3119 1344 3189 legem
1365 3117 1555 3190 jejunii
1583 3134 1955 3174 conservemus.

646 3273 800 3344 Saepe
829 3273 1130 3330 intimatum
1160 3282 1244 3328 est
1270 3271 1488 3327 auribus
1515 3270 1706 3325 vestris
1732 3279 1754 3307 ε
1777 3277 1888 3323 tam
1915 3268 1982 3324 de
2019 3267 2163 3324 Scri-

572 3367 746 3440 pturis
774 3365 969 3422 divinis
995 3381 1155 3435 quam
1213 3379 1282 3420 ex
1315 3361 1786 3436 praedicationibus
1820 3359 2018 3416 nostris
2055 3359 2166 3430 pri-

571 3473 715 3515 mam
754 3458 810 3513 in
838 3455 1007 3512 Adam
1045 3456 1210 3512 fuisse
1237 3453 1494 3526 peccandi
1523 3453 1737 3524 culpam
1771 3451 1788 3490 ί
1825 3450 2020 3506 mentis
2047 3450 2162 3506 ille-

571 3551 820 3616 cebram,
880 3559 936 3606 et
988 3563 1204 3606 causam
1257 3547 1636 3617 delinquentis:
1700 3546 1971 3602 exstitisse
2027 3559 2163 3600 esca:

571 3641 897 3711 cupidinem.
941 3640 1074 3695 llum
1105 3639 1250 3696 enim
1279 3626 1428 3694 inter
1447 3645 1530 3694 tot
1569 3637 1801 3708 paradisi
1828 3635 2013 3708 epulas
2037 3649 2160 3706 pre-

570 3730 738 3785 tiosas
762 3739 786 3777 ε
816 3730 974 3786 unius
1002 3729 1336 3785 abstinentia:
1362 3729 1535 3796 noluit
1561 3730 1850 3786 observare
1871 3727 2155 3800 jejunium,

569 3831 884 3880 cunctarum
911 3823 1219 3878 deliciarum
1259 3823 1488 3894 perdidit
1517 3820 1544 3860 ¹³
1573 3823 1924 3890 voluntatem,
1951 3828 2008 3876 et
2034 3819 2163 3875 ami-

568 3915 642 3974 sit
683 3929 938 3971 concessa
979 3913 1106 3969 dum
1161 3915 1469 3986 concupivit
1505 3915 1707 3970 illicita.
1749 3911 1850 3981 Qui
1879 3914 2063 3984 utique
2113 3912 2160 3968 si

569 4006 731 4061 unius
779 4007 884 4062 cibi
931 4007 1306 4063 abstinentiam
1346 4008 1631 4065 tolerasset
1653 4047 1668 4072 ,
1720 4022 1830 4062 non
1883 4015 2159 4062 tantorum

567 4096 839 4156 bonorum
878 4097 1095 4167 jejunus
1122 4097 1140 4136 ί
1175 4099 1474 4154 exstiterat.
1507 4097 1661 4156 Unde
1685 4113 1804 4165 nos,
1828 4097 2037 4164 fratres,
2067 4112 2160 4154 co-

567 4196 886 4260 gnoscentes
913 4189 969 4243 in
997 4197 1220 4244 auctore
1247 4197 1432 4246 nostro
1465 4189 1646 4245 delicti
1689 4204 1928 4256 causam,
1965 4203 2156 4258 ampu-

565 4287 743 4336 temus
769 4294 802 4334 a
831 4279 986 4337 nobis
1019 4279 1636 4336 occasionis/offensam.
1677 4278 1746 4334 Et
1788 4277 2155 4350 cupiditatem,

565 4385 731 4442 quam
759 4371 850 4428 ille
883 4371 896 4422 i
930 4379 1083 4427 extra
1111 4370 1348 4426 mandati
1377 4371 1617 4427 extendit
1643 4371 1857 4438 lineam,
1891 4385 1990 4426 nos
2017 4371 2158 4424 intra

561 4462 822 4534 praecepti
845 4463 1133 4518 terminum
1155 4470 1454 4532 teneamus,
1487 4477 1586 4519 nec
1615 4463 1903 4536 patiamur,
1935 4469 2156 4534 propter

2269 2912 2484 2976 ceptum
2524 2909 2681 2965 nobis
2713 2909 2874 2966 datur
2910 2927 3033 2967 cum
3072 2913 3397 2982 renascitur,
3424 2913 3583 2984 quale
3622 2914 3752 2972 Atla:
3779 2925 3852 2973 est

2267 3001 2502 3072 positum
2539 3018 2662 3058 cum
2699 3012 2914 3060 creatus
2951 3012 3052 3060 est.
3095 3005 3300 3062 Dicitur
3339 3007 3480 3062 enim
3523 3007 3696 3076 nobis,
3735 3017 3850 3069 tan-

2268 3106 2430 3162 quam
2473 3093 2528 3148 in
2579 3092 2890 3150 deliciarum
2939 3096 3188 3166 paradiso
3232 3099 3558 3163 constitutis,
3601 3107 3656 3156 et
3690 3117 3851 3173 super

2191 3224 2237 3287 ο
2272 3183 2294 3221 ¹ι
2328 3185 2540 3242 Domini
2587 3186 2822 3244 fontibus
2866 3191 3178 3247 ammnitate
3224 3192 3647 3261 quiescentibus,
3685 3202 3747 3250 ut
3786 3211 3850 3252 ex

2267 3277 2506 3332 omnium
2552 3279 2813 3334 virtutum
2863 3279 3125 3338 fructibus
3171 3283 3496 3354 accipiamus
3550 3285 3750 3354 cibum,
3787 3286 3849 3342 de

2265 3367 2381 3424 sola
2418 3368 2622 3424 sciendi
2657 3370 2785 3426 boni
2827 3379 2884 3426 et
2922 3372 3048 3427 mali
3095 3373 3376 3430 arbuscula
3415 3389 3522 3430 non
3551 3385 3840 3445 gustemns.

2265 3461 2395 3530 Quis
2423 3461 2518 3516 tali
2543 3461 2660 3531 lege
2689 3470 2972 3520 contentus
2999 3464 3090 3532 sit,
3122 3481 3229 3520 uno
3255 3464 3546 3532 abstinere,
3583 3475 3646 3522 ut
3686 3466 3846 3538 pluri-

2262 3568 2410 3607 mum
2442 3553 2776 3609 delectetur?
2811 3553 2824 3592 ¹
2864 3554 3114 3622 Arbusta,
3140 3555 3378 3626 inquam,
3407 3555 3616 3612 sciendi
3643 3557 3768 3613 boni
3796 3565 3846 3612 et

2262 3643 2388 3698 mali
2419 3643 2690 3699 abstinere
2727 3646 3098 3716 praecipimur;
3142 3663 3262 3718 quae
3289 3646 3572 3704 arbuscula
3603 3649 3673 3703 sit
3699 3649 3846 3704 debe-

2262 3751 2382 3793 mus
2406 3735 2724 3806 intelligere.
2766 3736 2899 3793 Nam
2928 3738 3113 3810 utique
3153 3740 3198 3795 si
3239 3740 3409 3797 sancti
3448 3740 3846 3812 disciplinarum

2260 3825 2522 3883 fructibus
2567 3829 2897 3898 saginantur,
2947 3844 3067 3900 quae
3111 3837 3195 3885 est
3241 3829 3524 3887 arbuscula
3570 3832 3844 3888 interdicta

2255 3917 2436 3988 justo,
2479 3919 2583 3974 nisi
2634 3919 3050 3991 indisciplinatio
3091 3921 3397 3977 saecularis?
3445 3922 3684 3992 Quisque
3729 3930 3845 3995 post

2261 4019 2533 4081 acceptam
2574 4009 2802 4079 gratiam
2849 4011 3144 4080 gustaverit
3192 4011 3260 4067 de
3309 4011 3532 4068 lascivia
3583 4009 3841 4078 smculari,

2260 4103 2454 4173 accipit
2479 4102 2606 4157 boni
2637 4101 2868 4172 malique
2897 4101 3202 4158 discrimen.
3233 4101 3426 4172 Incipit
3451 4102 3596 4156 enim
3627 4101 3764 4158 scire
3792 4108 3843 4155 et

2260 4195 2420 4268 433
2465 4195 2591 4267 quid
2643 4196 2941 4252 sanctitatis
2979 4195 3218 4250 amiserit
3263 4202 3317 4250 et
3354 4194 3480 4265 quid
3523 4193 3836 4266 perditionis

2260 4286 2524 4342 inciderit.
2551 4287 2668 4342 Non
2689 4287 2830 4358 quod
2859 4289 3031 4358 ipsam
3061 4288 3306 4344 notitiam
3334 4287 3540 4343 homini
3565 4288 3692 4357 ligni
3713 4302 3840 4358 prm-

2258 4384 2365 4432 stet
2409 4385 2608 4446 gustus,
2660 4377 2754 4433 sed
2809 4377 2954 4448 quod
3005 4378 3329 4434 conscientia
3384 4378 3646 4435 innocens
3679 4386 3837 4442 erat;

2257 4475 2603 4539 posteaquam
2651 4469 2857 4540 polluta
2901 4477 3002 4536 est,
3051 4477 3107 4525 et
3154 4470 3294 4526 bona
3337 4469 3500 4525 deﬂet
3535 4469 3761 4541 perdita,
3789 4475 3841 4522 et

559 4551 866 4612 brevissimi
905 4556 1165 4628 temporis
1209 4555 1409 4612 indicta
1439 4555 1666 4627 jejunia,
1699 4556 1864 4613 totius
1899 4555 2023 4611 vita:
2052 4568 2152 4610 nos
2186 4609 2228 4630 η
2257 4560 2396 4615 inala
2435 4560 2731 4630 ingemiscit
2760 4559 3007 4616 admissa.
3052 4559 3395 4617 immaculata
3435 4569 3615 4616 autem
3643 4561 3750 4614 vita
3778 4573 3840 4613 ac

558 4647 787 4718 perdere
827 4649 1166 4706 suavitatem.
1213 4649 1269 4706 Si
1317 4651 1408 4708 ille
1441 4651 1687 4723 peccavit
1731 4651 2018 4720 gustando,
2057 4665 2152 4705 cur
2182 4647 2227 4667 ν
2257 4653 2479 4708 scicntia
2503 4669 2610 4708 non
2629 4661 2869 4718 tenetur;
2901 4669 3114 4723 semper
3137 4653 3278 4708 enim
3303 4660 3488 4707 sancta
3511 4653 3594 4707 vel
3618 4650 3839 4722 simplex

559 4753 669 4796 non
698 4757 800 4812 ego
827 4743 1068 4814 placeam
1104 4744 1437 4814 jejunando?
1473 4745 1531 4802 Si
1570 4746 1645 4801 illi
1675 4761 1796 4802 esca
1838 4745 2042 4802 exstitit
2081 4744 2149 4800 ad
2256 4751 2409 4815 putat
2450 4743 2552 4798 hoc
2594 4743 2766 4798 solum
2817 4743 2868 4797 in
2906 4743 3126 4798 homine
3167 4759 3302 4808 esse,
3333 4742 3475 4812 quod
3515 4760 3701 4815 purum
3735 4748 3836 4795 est.

561 4843 822 4902 mortem,
865 4852 960 4892 cur
997 4853 1107 4894 non
1143 4838 1274 4893 mihi
1320 4840 1643 4896 abstinentia
1671 4839 1882 4912 proficit
1911 4841 1976 4896 ad
2005 4839 2148 4895 salu—
2255 4835 2518 4892 Cmterum
2549 4837 2765 4892 lascivia
2793 4838 2932 4892 male
2963 4837 3189 4907 peritum
3221 4835 3392 4891 reddit
3423 4837 3705 4906 plurimum
3744 4849 3840 4905 per

559 4925 706 4979 tem?
734 4925 996 4997 [nsipiens
1017 4930 1178 5000 plane
1198 4939 1281 4987 est
1299 4932 1392 5000 qui
1415 4947 1515 4988 nec
1537 4932 1818 4988 instruitur
1843 4933 2143 5018 prmceptis,
2255 4929 2639 5000 experientiam
2669 4936 3032 4998 peccatorum.
3058 4927 3262 4982 Bonum
3293 4935 3374 4982 est
3402 4926 3564 4995 igitur
3584 4923 3784 4980 Chriin
3803 4940 3839 4974 ι·

559 5028 664 5070 nec
686 5016 912 5074 docetur
939 5022 1218 5094 exemplis.
1249 5022 1442 5080 Videte
1469 5025 1650 5095 igitur,
1681 5027 1727 5082 si
1755 5042 1862 5082 non
1889 5012 1996 5082 tale
2019 5041 2148 5097 prac-
2253 5036 2325 5076 no
2352 5021 2703 5076 rusticitatem
2740 5020 2940 5076 habere
2974 5017 3234 5087 sanctam,
3267 5033 3428 5089 quam
3460 5017 3702 5073 notitiam
3733 5012 3837 5070 cri-

2327 5195 2345 5234 ί
2375 5195 2520 5252 idem
2540 5195 2683 5266 cod.,
2707 5197 2897 5250 ventris
2919 5209 3018 5266 pro
3040 5195 3244 5266 utentis.

2293 5277 2346 5350 ἐς
2373 5266 2520 5322 Idem
2547 5265 2691 5331 cod.,
2721 5266 2872 5321 unius
2903 5262 3190 5320 arbuscula:
3217 5263 3379 5319 noluit
3399 5263 3662 5319 observare
3681 5262 3838 5335 jeju-

2249 5353 2412 5392 mum.

2317 5405 2344 5488 ξι
2515 5406 2846 5488 calumniam.

2321 5475 2338 5516 ί
2375 5477 2480 5541 AL,
2509 5475 2806 5532 exstitisset.

2318 5549 2332 5616 i
2373 5547 2504 5603 Cod.
2537 5547 2729 5616 Neap.,
2757 5547 2896 5601 ultra
2924 5545 3158 5600 mandati
3179 5542 3409 5599 extendit
3435 5545 3640 5598 lineam.

2315 5615 2341 5655 ‘K
2373 5617 2506 5673 Cod.
2533 5615 2721 5686 Neap.,
2747 5617 2991 5672 dominici
3021 5617 3181 5686 fontis
3201 5616 3517 5668 amoenitate.

2319 5687 2335 5726 Ῑ
2371 5687 2504 5743 Cod.
2535 5680 2724 5757 Neap.,
2754 5680 3062 5750 Arbuscula,
3095 5687 3322 5756 inquam,
3353 5685 3548 5740 sciendi
3569 5680 3766 5735 bonum
3787 5686 3836 5733 (ι

2244 5759 2438 5818 malum
2457 5757 2732 5813 abstinere.

631 5205 659 5234 ι
687 5194 820 5252 Cod.
854 5195 922 5252 99
958 5196 1016 5252 S.
1055 5195 1242 5271 crucis
1269 5198 1484 5271 in‘Jer.,
1509 5199 1600 5254 sed
1627 5203 1836 5271 propria
1858 5199 2147 5271 substantia

558 5263 805 5352 dignatur
824 5271 1002 5352 uenire
1025 5268 1098 5352 ad
1123 5269 1281 5352 fiiios.
1309 5268 1440 5352 (.Io‘d:
1469 5263 1602 5352 vero
1627 5263 1698 5325 90
1723 5263 1996 5326 habetsed
2018 5286 2143 5338 pro-

556 5336 673 5408 pria
694 5336 983 5394 substantia
1001 5336 1245 5411 dignatur
1263 5341 1334 5394 ad
1357 5341 1516 5410 ﬁlios,
1539 5349 1642 5397 etc.

630 5407 656 5446 δ
687 5407 785 5464 llic
811 5409 1007 5465 desinit
1031 5425 1210 5466 sermo
1239 5411 1292 5464 in
1321 5411 1440 5466 cod.
1471 5411 1593 5465 Vat.

519 5471 530 5484 '
635 5490 657 5551 ς
685 5478 822 5551 god.
854 5479 922 5551 90
947 5479 1003 5536 S.
1035 5479 1224 5537 Crucis
1249 5481 1484 5551 supplet,

627 5549 654 5586 ἀ
685 5547 811 5606 llam
853 5550 1016 5606 etiam
1061 5551 1225 5606 habet
1264 5547 1436 5605 codex
1465 5548 1534 5602 99
1557 5547 1614 5603 S.
1643 5549 1848 5615 Crucis,
1879 5549 1973 5604 sed
1999 5565 2140 5618 quo-

559 5619 702 5690 niam
727 5621 922 5676 minori
952 5628 1007 5676 et
1033 5620 1280 5676 vividiori
1305 5619 1617 5676 charactere
1654 5627 1778 5690 sunt
1815 5619 2137 5690 conscripta,

559 5687 758 5760 additio
786 5691 876 5746 illa
910 5691 1196 5760 posteriori
1222 5697 1466 5760 tempore
1492 5689 1631 5744 facta
1659 5688 1888 5746 videtur.

637 5767 660 5796 ε
685 5758 818 5818 Cod.
849 5758 1018 5833 Neap.
1049 5760 1197 5818 addit
1225 5758 1414 5833 fratres
1443 5761 1720 5816 carissimi.

1919 5900 2030 5917 ,το-..9
2040 5903 2042 5905 >
2054 5901 2060 5907 -
2073 5901 2095 5910 -ο
