4056 6346
232 351 319 409 561

1638 317 1868 376 SERMO
1905 319 2016 375 XV.

3367 328 3473 384 562

234 463 490 522 mmmam.
525 458 552 489 ι
592 444 888 504 Arbuscula
934 441 989 498 in
1042 454 1147 511 qua
1186 437 1462 495 sciendum
1502 433 1700 490 bonum
1735 441 1790 489 et
1816 440 1862 496 Α
1894 437 2060 507 liﬁcat
2103 437 2358 491 civitatem
2396 436 2495 513 Dei
2540 438 2714 511 (Psal.
2762 440 2911 511 ην).
2960 439 3285 497 ιωιῖῆωιιπ
3327 440 3472 495 enim

235 554 432 614 malum,
457 542 579 601 nolo
605 539 768 595 talem
792 534 1060 608 peritiam.
1084 529 1221 599 Quid
1245 529 1388 585 enim
1405 526 1626 598 prodest
1649 525 1789 581 scire

231 643 361 717 quod
385 638 520 695 scire
548 649 654 689 non
690 629 931 703 prodest,
952 625 980 665 δ
1007 622 1152 694 quod
1178 637 1336 678 nosse
1366 619 1657 717 paeniteat?
1682 617 1787 717 Ta:

233 709 325 793 lem
366 730 502 787 enim
545 724 802 781 Dominus
838 719 895 776 in
930 716 1179 773 Ecclesiae
1212 711 1558 768 tabernaculo
1585 709 1789 765 homini

230 831 388 897 legem
416 817 660 882 instituit,
681 812 895 884 qualem
926 810 982 864 in
1010 805 1243 879 paradisi
1268 801 1608 874 possessione
1632 815 1788 854 man-

228 894 378 977 davit.
411 910 694 968 Paradisus
716 906 861 962 enim
881 909 965 959 est
992 899 1233 957 Ecclesia
1265 896 1595 952 diversarum
1622 894 1787 949 virtu-

228 1021 350 1077 tum,
375 1007 485 1062 sive
512 1001 763 1058 arborum
792 995 1103 1053 amoenitate
1130 997 1395 1063 protecta,
1426 987 1579 1057 cujus
1605 1001 1636 1041 e
1661 999 1787 1054 gre-

225 1105 325 1161 mio
352 1108 599 1169 tanquam
621 1092 975 1150 lucidissimus
996 1087 1116 1143 fons
1142 1084 1385 1140 Christus
1413 1080 1704 1151 egreditur,
1735 1086 1790 1134 et

224 1196 285 1253 ad
312 1197 470 1250 instar
509 1186 743 1260 paradisi
780 1183 944 1240 veluti
980 1181 1036 1237 in
1074 1187 1306 1250 quatuor
1345 1174 1788 1244 evangelistarum

224 1286 426 1344 ﬂumina
449 1281 801 1337 derivantur.‘
829 1273 992 1348 434
1026 1271 1228 1327 Fluviis
1268 1268 1411 1325 enim
1447 1264 1791 1337 comparandi

221 1378 355 1436 beati
382 1373 616 1446 apostoli
642 1378 698 1427 et
724 1367 1062 1437 evangelista:
1088 1370 1232 1429 sunt,
1261 1361 1386 1432 quia
1409 1359 1666 1415 doctrina:
1692 1372 1790 1412 eo-

222 1485 332 1527 rum
369 1466 559 1538 spiritu
600 1463 766 1518 totius
813 1459 985 1532 plebis
1020 1457 1187 1513 facies
1226 1454 1497 1522 irrigatur.
1528 1450 1681 1505 Nulla
1709 1455 1793 1503 est

219 1562 351 1619 enim
373 1558 554 1613 anima
572 1553 877 1610 Christiana
899 1565 1019 1621 qua:
1037 1549 1107 1604 de
1127 1546 1576 1615 evangelistarum
1603 1548 1792 1600 sancto

220 1653 354 1711 fonte
381 1665 489 1706 non
518 1647 752 1702 hauriat.
784 1643 944 1699 Velut
980 1642 1179 1696 ﬂumen
1218 1638 1376 1709 plane
1403 1650 1523 1692 esse
1550 1633 1793 1701 Evange-

218 1746 353 1809 lium,
374 1741 441 1797 de
468 1755 582 1812 quo
602 1745 658 1794 et
684 1736 741 1792 S.
768 1733 937 1791 David
960 1733 1091 1790 dicit
1122 1750 1136 1786 :
1164 1729 1427 1786 Fluminis
1452 1729 1670 1795 impetus
1694 1725 1790 1781 he-
1821 1716 1870 1778 Β

1891 529 2079 585 civitas
2106 529 2323 595 Christi,
2357 546 2475 585 cum
2507 534 2558 587 in
2587 549 2649 588 ea
2679 534 2935 590 doctrina:
2967 533 3285 603 evangelica
3312 548 3473 589 cursu

1892 622 2120 693 populus
2138 620 2448 692 puriﬁcatus
2478 624 2764 691 invehitur,
2796 631 2851 679 et
2877 624 3112 696 quodam
3139 622 3474 694 praedicatio-

1893 715 1974 769 nis
2004 714 2204 785 impetu
2237 715 2475 785 repletur
2504 716 2623 770 aula
2659 717 2773 787 ejus
2799 717 3125 773 commercio
3152 717 3471 773 sanctitatis.

1894 805 2170 877 L'etillcat,
2201 808 2437 877 inquam,
2468 807 2563 862 Dei
2594 809 2863 865 civitatem
2893 809 3185 878 evangelici
3208 819 3233 849 ο
3268 823 3475 864 sermo-

1896 901 1976 956 nis
2005 899 2252 969 impetus,
2294 900 2386 968 qui
2427 899 2698 969 aliquanta
2746 901 2799 955 in
2847 916 2910 956 ea
2950 902 3171 968 invehit,
3203 900 3475 969 aliquanta

1894 987 2160 1060 puriﬁcat.
2210 989 2416 1044 Invehit
2449 989 2668 1059 justitias
2709 991 3043 1060 margaritas,
3072 990 3258 1047 sordes
3284 991 3475 1061 nequi-

1892 1084 1980 1138 tia:
2002 1082 2420 1153 circumpurgat.
2449 1081 2607 1151 Ergo,
2636 1082 2850 1152 fratres,
2874 1091 3130 1154 tanquam
3152 1085 3206 1139 in
3224 1082 3475 1155 paradiso

1896 1174 2151 1231 Ecclesia:
2187 1175 2467 1229 constituti
2508 1174 2818 1230 mandatum
2864 1177 3184 1246 accepimus,
3216 1183 3275 1230 ut
3302 1175 3476 1243 legem

1888 1268 2075 1341 jejunii
2104 1284 2504 1325 conservemus.
2536 1268 2645 1325 Nec
2676 1269 3024 1340 quadraginta
3050 1268 3258 1323 dierum
3283 1282 3474 1325 conse-

1895 1370 2101 1419 cratum
2146 1377 2426 1417 numerum
2466 1362 2553 1417 vel
2598 1370 2755 1432 gustu
2804 1361 2950 1417 tenui
2998 1348 3261 1417 violemus
3283 1405 3299 1431 ,
3347 1362 3477 1431 quia

1893 1454 2154 1509 Dominus
2193 1470 2300 1509 non
2345 1454 2629 1510 saturitate
2661 1454 2886 1519 laeditur,
2917 1453 3013 1510 sed
3050 1454 3478 1523 transgressione

1893 1543 2026 1613 legis
2071 1543 2377 1599 otl‘enditur.
2432 1543 2671 1614 Denique
2719 1543 2888 1600 Adam
2942 1545 3010 1600 ab
3061 1544 3478 1601 immortalitatis

1893 1635 2083 1703 gratia,
2107 1650 2230 1693 mox
2259 1642 2451 1692 contra
2476 1635 2699 1690 vetitum
2729 1636 2982 1705 gustavit,
3013 1643 3067 1692 et
3094 1633 3306 1691 cecidit.

1615 1817 1889 1901 sentio
1931 1820 2072 1880 xv.

342 1934 422 1990 De
450 1931 865 2004 Quadragesima
889 1926 942 1983 1.
963 1958 1037 1973 -—
1062 1925 1144 1981 De
1388 1922 1599 1979 Domini
1625 1922 1680 1975 in
1703 1921 1924 2065 desgto,
1947 1929 2022 2065 οἱ)
2017 1919 2152 1992 quod
2173 1935 2278 1975 non
2306 1920 2360 1973 in
2385 1918 2497 1974 solo
2520 1935 2656 1991 pane
2683 1920 2801 1976 vivit
2822 1920 2974 1977 homo
3004 1920 3220 1993 (Matth.
3246 1919 3344 1990 tv).

1651 2009 1792 2065 ΑΒΜ
1842 2009 1976 2064 Nl'l‘l

1651 2009 1976 2066 ADMONITI

273 2120 363 2177 Est
390 2119 477 2175 hic
499 2132 686 2174 sermo
716 2117 772 2171 in
797 2113 1092 2187 appe_n_dice
1119 2110 1187 2187 ad
1214 2123 1379 2180 opera
1409 2107 1467 2163 S.
1499 2104 1769 2187 hmbrqsii
1796 2100 2199 2187 to_m_._lV,.p.ag.
2232 2104 2354 2187 5‘29:
2377 2119 2521 2187 nunc
2552 2103 2841 2187 vigesimus
2863 2104 3139 2175 septimus,
3164 2120 3228 2161 ac
3249 2103 3317 2159 de
3340 2102 3483 2187 Qua-
3555 2097 3560 2103 ’

211 2191 507 2260 dragesima
551 2181 885 2244 undecimus:
930 2181 1183 2260 Monacbi
1224 2192 1457 2260 congreg

1460 2176 1656 2231 ationis
1684 2172 1878 2244 Sancti
1894 2172 2167 2244 Mauri'in
2209 2174 2519 2244 praefatione
2547 2174 2613 2229 ad
2643 2172 2889 2229 eumdem
2912 2172 3218 2231 sermonem
3243 2172 3483 2228 credibile

211 2241 735 2340 Siﬂit',’§“hg}ia,'ei
754 2272 876 2312 eum
903 2255 995 2340 qui
1031 2252 1275 2340 proxime
1301 2241 1562 2340 séqp‘itur,
1587 2246 1836 2340 ‘uniesse
1861 2241 2106 2340 Maximol
2134 2241 2463 2340 tribuendos.
2497 2247 2672 2340 Atque
2700 2244 2745 2299 is
2769 2244 2983 2340 quidem
3011 2261 3190 2340 εει-ηιξ)
3216 2245 3283 2300 de
3310 2244 3481 2340 prima

210 2315 495 2389 tentialione
523 2315 724 2385 Christi
745 2335 849 2392 est,
877 2315 1014 2380 alter
1031 2315 1097 2379 de
1120 2315 1560 2392 secundm—Deest
1587 2316 1797 2392 tertius,
1821 2315 1912 2383 qui
1934 2320 2050 2392 erat
2076 2315 2335 2392 (lemma
2358 2331 2508 2392 :_qua
2537 2315 2603 2370 de
2632 2332 2691 2370 re
2719 2315 2922 2370 consuli
2952 2316 3244 2392 monachos
3263 2315 3480 2392 eosdem

211 2383 698 2470 iBibf'ih’Eniiﬁins
716 2383 988 2470 codicibus
1013 2395 1223 2470 duobus
1243 2392 1468 2470 Sanctae
1479 2386 1667 2470 Crucis
1696 2387 1748 2468 in
1769 2383 2064 2441 Jerusalem
2093 2385 2163 2439 90
2190 2393 2244 2441 et
2271 2384 2358 2451 99,
2390 2383 2583 2441 borum
2611 2400 2937 2451 sermonum,
2962 2386 3053 2457 qui
3080 2394 3313 2453 exstant,
3336 2390 3480 2439 uter-

208 2488 305 2544 que
331 2471 557 2528 Maximi
580 2458 778 2526 nomen
803 2465 1040 2539 praefert,
1062 2472 1122 2519 ut
1149 2463 1318 2519 etiam
1343 2462 1399 2515 in
1427 2458 1760 2515 Taurinensi.

210 2587 598 2644 ABGUIENTUI.
619 2616 693 2627 ——
714 2581 795 2635 De
816 2579 1089 2637 Saluatore
1111 2577 1336 2632 versutia
1356 2574 1548 2630 diaboli
1577 2581 1789 2639 tentato,

270 2674 383 2714 cum
409 2658 553 2711 dixit
582 2671 598 2709 :
629 2653 689 2709 Si
715 2650 886 2705 Filius
919 2650 1018 2704 Dei
1046 2666 1121 2711 es,
1154 2647 1236 2718 die
1265 2646 1429 2718 lapidi
1461 2644 1578 2718 huic
1614 2650 1672 2698 ut
1698 2644 1795 2714 ﬁat

270 2729 439 2801 partis.
474 2721 1039 2801 Cernenshesurieutem
1059 2716 1328 2801 diabolus,
1344 2716 1600 2772 hominem
1624 2722 1791 2801 putat,

270 2785 470 2854 dubitat
522 2812 640 2850 esse
687 2793 1027 2850 Salvatorem.
1071 2788 1195 2843 Non
1241 2804 1425 2859 panem
1445 2803 1601 2859 quem
1644 2785 1795 2859 olfert

269 2868 507 2925 diabolus
556 2865 784 2937 accipere
830 2861 1087 2927 debemus,
1121 2860 1210 2914 sed
1242 2856 1395 2932 quem
1431 2856 1663 2911 Christus
1691 2857 1793 2910 im-

271 2941 447 3011 pertit.

271 3032 586 3089 Meminisse
614 3029 774 3085 debet
803 3034 979 3084 vestra
1032 3024 1248 3082 dilectio
1275 3024 1379 3081 hoc
1406 3038 1495 3079 me
1522 3021 1795 3078 anteriore

206 3123 479 3180 Dominica
508 3120 854 3194 prmdicasse,
883 3126 938 3175 et
961 3117 1171 3174 dedisse
1198 3116 1465 3172 rationem
1491 3130 1586 3171 cur
1611 3114 1795 3169 Domi-

208 3234 303 3274 nus
328 3215 803 3289 quadragesimam
834 3211 1171 3283 jejunaverit,
1205 3209 1288 3264 vel
1315 3224 1412 3263 cur
1444 3209 1558 3277 ipsa
1593 3206 1798 3277 jejunia

206 3310 258 3365 in
283 3311 503 3366 deserto
533 3304 875 3375 transegerit.
905 3302 1147 3357 Diximus
1167 3301 1311 3356 enim
1338 3300 1456 3354 htec
1482 3300 1661 3354 omnia
1695 3299 1797 3353 ob-

206 3417 448 3458 servasse
477 3416 627 3465 eum,
658 3413 765 3453 non
789 3392 1186 3467 justilicationis
1214 3406 1323 3446 sum
1350 3405 1530 3457 causa,
1562 3389 1654 3459 qui
1681 3395 1799 3443 erat

205 3495 352 3563 virgo
380 3510 485 3566 per
511 3491 711 3556 omnia,
751 3488 847 3545 sed
892 3493 1089 3543 nostrae
1119 3483 1304 3540 salutis
1329 3482 1499 3551 gratia
1531 3499 1544 3534 :
1575 3489 1635 3535 ut
1657 3494 1796 3550 quo-

205 3604 318 3643 rum
366 3587 652 3658 generatio
697 3600 794 3656 per
839 3581 1306 3652 intemperantiam
1334 3586 1670 3650 peccaverat,
1701 3592 1800 3648 per

203 3678 589 3734 abstinentiam
626 3682 925 3732 sanaretur.
966 3672 1255 3727 Videamus
1282 3671 1441 3739 igitur
1466 3670 1593 3740 quid
1622 3670 1713 3724 illo
1743 3670 1797 3723 in

201 3777 471 3842 tempore,
503 3769 587 3825 vel
615 3769 669 3823 in
700 3769 812 3838 ipsa
836 3766 1124 3821 solitudine
1147 3772 1354 3832 gestum
1380 3764 1468 3817 sit.
1501 3762 1635 3817 Dicit
1655 3761 1794 3815 enim

197 3864 539 3934 evangelista
560 3861 795 3917 adfuisse
824 3861 897 3915 ibi
921 3859 1212 3923 diabolum,
1243 3865 1299 3912 et
1325 3856 1661 3911 Salvatorem
1682 3852 1799 3922 ejus

194 3955 437 4011 versutia
478 3952 644 4007 fuisse
688 3958 971 4006 tentatum.
1004 3948 1092 4003 Ait
1143 3963 1373 4019 namque
1415 3961 1566 4001 sacra
1612 3945 1798 4009 Lectio

189 4046 436 4102 esurisse
466 4043 775 4106 Dominum,
798 4050 854 4096 et
872 4040 1071 4095 dixisse
1099 4033 1173 4093 illi
1203 4039 1475 4094 diabolum
1504 4056 1515 4090 :
1541 4038 1604 4093 Si
1624 4037 1796 4092 Filius

188 4138 288 4193 Dei
319 4155 404 4201 es,
436 4135 525 4188 dic
554 4133 716 4206 lapidi
742 4133 857 4187 huic
880 4142 937 4186 ut
955 4133 1049 4203 ﬁat
1069 4132 1221 4204 panis
1249 4130 1462 4203 (Matth.
1489 4130 1584 4203 ιν).
1610 4130 1797 4185 Videte

183 4236 364 4283 artem
397 4223 638 4290 Domini,
669 4221 695 4260 ά
724 4239 828 4293 qua
848 4232 852 4236 ‘
876 4223 1235 4278 adversarium
1274 4230 1389 4277 arte
1426 4222 1791 4277 circumvenit.

189 4322 200 4351 '
226 4318 366 4374 Post
392 4315 570 4371 multa
585 4315 787 4386 jejunia
817 4317 1018 4371 esurire
1052 4331 1109 4371 se
1149 4316 1385 4383 simulat,
1415 4323 1473 4369 ut
1498 4315 1789 4378 diabolum,

1900 2570 2012 2636 tali,
2046 2570 2232 2626 humili
2273 2578 2435 2642 atque
2473 2573 2743 2629 esuriente
2778 2574 3043 2630 vincatur.
3074 2574 3313 2632 Cernens
3340 2577 3482 2633 enim

1898 2662 2223 2717 esurientem
2250 2662 2495 2719 diabolus
2532 2663 2838 2732 Dominum,
2877 2666 3148 2721 hominem
3176 2672 3348 2737 putat,
3380 2667 3483 2722 du-

1895 2756 2033 2811 bitat
2059 2754 2416 2825 Salvatorem,
2443 2766 2498 2813 et
2535 2757 2656 2813 ideo
2686 2759 2760 2813 ait
2804 2777 2816 2812 :
2857 2758 2919 2814 Si
2958 2757 3129 2814 Filius
3162 2759 3255 2814 Dei
3296 2776 3370 2825 es,
3403 2760 3483 2814 dic

1895 2848 2060 2920 lapidi
2079 2848 2197 2902 huic
2221 2855 2277 2901 ut
2304 2849 2401 2920 ﬁat
2426 2850 2576 2920 panis
2600 2848 2813 2922 (Matth.
2845 2850 2939 2921 ιν).
2969 2849 3014 2904 Ο
3049 2851 3244 2906 misera
3274 2849 3484 2906 Satanas

1901 2948 1956 2994 et
1982 2948 2225 2997 extrema
2252 2941 2589 3010 congressio!
2622 2941 2876 2998 Diabolus
2904 2942 2957 2997 in
2983 2942 3196 2999 deserto
3228 2944 3483 2998 tentatio~

1823 3055 1869 3118 ρ
1900 3033 1984 3088 nis
2015 3042 2040 3071 ε
2069 3032 2244 3088 solida
2273 3048 2421 3087 arma
2450 3047 2559 3088 non
2589 3032 2823 3099 invenit;
2854 3033 3007 3089 deest
3034 3033 3109 3088 illi
3144 3032 3211 3089 de
3239 3033 3483 3104 paradiso

1900 3126 2186 3181 amoenitas
2214 3125 2486 3190 arborum,
2517 3123 2669 3179 deest
2701 3124 2776 3179 illi
2804 3124 3134 3180 consiliatrix
3173 3124 3302 3188 Eva,
3333 3124 3484 3180 deest

1900 3216 1975 3270 illi
2002 3231 2287 3287 pomorum
2332 3218 2578 3286 speciosa
2606 3216 2877 3285 deceptio.
2914 3225 2963 3271 el
2994 3217 3117 3286 quia
3146 3232 3253 3272 non
3283 3216 3483 3273 invenit

1898 3307 2072 3361 cibum
2110 3320 2270 3374 quem
2316 3306 2332 3343 τ
2379 3304 2601 3375 offerret
2638 3306 2917 3369 esurienti,
2949 3306 3184 3375 postulat
3221 3306 3274 3359 in
3304 3307 3483 3362 cibum

1898 3409 2025 3448 saxa
2052 3394 2267 3447 mutari.
2303 3392 2547 3462 Undique
2575 3395 2844 3460 exclusus,
2878 3393 3112 3462 undique
3141 3393 3482 3449 defraudatus

1898 3486 1964 3541 ad
1992 3486 2293 3557 pavimenta
2323 3501 2382 3541 se
2409 3484 2639 3540 confert.
2664 3484 2808 3540 Satis
2830 3485 2972 3540 enim
3000 3483 3280 3538 manifeste
3301 3493 3482 3539 osten-

1896 3582 1974 3636 dit
2003 3580 2307 3637 vastitatem
2326 3579 2428 3634 sibi
2449 3578 2618 3633 eremi
2646 3578 2925 3642 restitisse,
2949 3591 3070 3630 cum
3092 3582 3242 3645 putat
3263 3583 3482 3645 propter

1899 3672 2133 3742 inopiam
2160 3685 2340 3725 rerum
2383 3670 2543 3723 etiam
2574 3670 2840 3724 elementa
2878 3682 3035 3739 posse
3077 3668 3334 3721 converti.
3373 3664 3481 3721 Po-

1897 3763 2060 3819 stulat
2104 3762 2263 3830 igitur
2306 3763 2360 3816 in
2398 3776 2591 3831 panem
2619 3759 2823 3831 lapides
2855 3758 3188 3815 commutari.
3220 3757 3480 3813 Versntus

1898 3864 1954 3911 et
1994 3855 2215 3911 callidus
2252 3854 2353 3909 scit
2400 3853 2528 3925 quid
2575 3861 2739 3924 petat,
2775 3854 2923 3908 novit
2960 3852 3156 3908 factum
3193 3867 3310 3906 esse
3338 3851 3481 3920 quod

1898 3947 2045 4003 dicit.
2076 3945 2318 4001 Meminit
2342 3945 2487 4000 enim
2516 3946 2567 4000 in
2598 3945 2783 3999 Veteri
2812 3943 3157 3999 Testamento
3178 3942 3481 3998 sitientibus

1897 4055 2089 4110 aquam
2115 4039 2182 4095 de
2205 4038 2383 4109 lapide
2401 4036 2749 4109 proﬂuxisse;
2781 4037 2895 4092 vult
2922 4037 3082 4092 etiam
3110 4037 3199 4092 hic
3226 4037 3479 4091 esurienti

1896 4136 2072 4191 cibum
2101 4134 2168 4189 de
2196 4133 2371 4206 lapide
2397 4133 2721 4188 ministrare.
2750 4131 2965 4186 Retinet
2991 4131 3149 4185 etiam
3183 4139 3207 4171 κ
3230 4129 3480 4184 duritiam

1896 4237 2062 4301 petrae
2104 4229 2158 4284 in
2206 4228 2469 4299 liquorem
2515 4224 2739 4281 lontium
2785 4225 3092 4280 resolutam.
3125 4221 3285 4293 Cupit
3316 4224 3479 4278 etiam

1895 4322 1981 4377 hic
2009 4320 2354 4392 asperitatem
2395 4320 2509 4375 saxi
2552 4318 2604 4372 in
2642 4319 2794 4389 panis
2841 4316 3173 4371 dulcedinem
3220 4314 3478 4369 transfor-

185 4426 353 4482 quem
380 4407 686 4479 jejunando
709 4407 819 4477 jam
848 4407 1070 4473 vicerat,
1096 4407 1287 4493 iterum
1318 4406 1604 4463 esuriendo
1632 4406 1791 4478 435
1823 4431 1868 4493 D
1895 4413 2052 4468 mari.
2085 4411 2465 4482 Suspicabatur
2485 4412 2628 4466 enim
2653 4426 2773 4466 esse
2795 4409 3084 4470 Christum,
3107 4408 3197 4476 qui
3224 4407 3336 4460 haec
3358 4420 3478 4475 ope«

188 4501 478 4558 Sollicitet.
513 4496 675 4569 Spem
704 4499 848 4554 enim
881 4499 955 4554 illi
982 4492 1360 4569 congrediendi
1390 4515 1455 4554 ex
1483 4498 1793 4555 inﬁrmitate

188 4594 351 4650 famis
381 4589 786 4662 quodammodo
814 4591 1019 4658 tribuit,
1050 4599 1105 4646 et
1130 4591 1256 4646 dum
1286 4592 1449 4646 veluti
1479 4599 1665 4646 contra
1694 4592 1793 4645 im-

188 4688 449 4745 becillam
482 4684 840 4753 congreditur,
865 4684 1147 4753 gloriosius
1172 4692 1470 4755 superetur.
1497 4683 1621 4747 Hzec
1648 4683 1792 4738 enim

191 4786 275 4833 est
302 4793 441 4835 vera
470 4776 719 4842 victoria,
744 4782 822 4841 ut,
852 4776 975 4847 quia
997 4775 1167 4831 Adam
1196 4776 1574 4841 immortalem,
1596 4775 1793 4843 glorio-

191 4884 309 4926 sum
340 4877 400 4927 et
423 4868 738 4940 epulantem
763 4867 1118 4936 subverterat,
1141 4884 1282 4923 nunc
1310 4868 1377 4922 ab
1406 4867 1624 4923 homine
1653 4883 1794 4921 mor-

262 5070 289 5099 ι
318 5057 469 5115 Cod.
515 5056 682 5129 Neap.
719 5056 850 5129 legit
878 5074 891 5109 :
918 5052 1274 5129 Arbusculam,
1316 5055 1547 5127 inquam,
1596 5052 1795 5108 sciendt

190 5130 384 5188 bonum
410 5137 467 5184 et
496 5125 708 5194 malum,
730 5125 849 5183 nolo
879 5126 1030 5181 talem
1057 5125 1312 5195 peritiam.

262 5202 291 5242 δ
320 5202 483 5257 Idem
513 5198 658 5270 cod.,
687 5208 735 5254 et
762 5198 915 5270 quod,
947 5204 1049 5270 el_c.

268 5284 293 5314 ε
322 5272 485 5327 Idem
514 5268 960 5341 cod.,eraugelici
979 5268 1471 5341 [luminisjmp‘etusj
1504 5273 1607 5341 etc.

266 5343 298 5382 ει
327 5342 454 5409 Qua
483 5336 838 5395 adversarium
864 5347 1005 5402 arte;
1036 5337 1111 5392 ita
1138 5336 1309 5392 codex
1336 5336 1404 5391 90
1432 5337 1487 5390 S.
1520 5337 1706 5392 Crucis
1731 5337 1785 5392 in

267 5481 283 5511 ¹
316 5475 606 5533 Christum
635 5489 761 5530 vere
795 5472 1046 5528 esuriisse
1067 5478 1125 5525 nt
1152 5471 1423 5527 hominem
1453 5472 1637 5529 homil.
1667 5473 1700 5527 6
1724 5474 1792 5530 de

196 5544 797 5617 Qttadrages._aliisque
826 5545 890 5617 in
904 5543 1035 5617 locis
1062 5542 1263 5617 apertis
1313 5543 1505 5617 verbis
1518 5543 1687 5599 fassus
1714 5553 1794 5600 est

195 5612 500 5675 finimus.
524 5614 623 5671 Hic
642 5612 821 5670 autem
840 5613 975 5669 dixit
992 5628 1114 5668 eum
1139 5612 1330 5667 famem
1352 5614 1647 5679 simulasse,
1670 5617 1794 5683 quia

196 5690 443 5745 libenter
470 5693 529 5741 et
555 5685 868 5750 voluntarie,
906 5699 1015 5740 non
1052 5698 1117 5739 ex
1158 5684 1494 5749 necessitate,
1528 5694 1586 5738 ut
1618 5686 1798 5741 caateri

196 5760 460 5815 homines
491 5756 614 5811 cibo
639 5763 885 5812 carentes
929 5755 1120 5810 solent.
1172 5754 1688 5811 Animadvertendus
1715 5764 1800 5812 est

197 5845 402 5887 sensus
431 5826 655 5883 Maximi
693 5826 960 5891 loquentis
998 5825 1065 5882 de
1104 5823 1318 5881 Christo
1356 5832 1415 5881 ut
1461 5825 1528 5882 de
1569 5842 1797 5888 persona

1894 4505 2002 4559 rari
2050 4502 2223 4558 soleat
2260 4502 2327 4556 de
2373 4510 2563 4556 natura
2610 4516 2882 4566 saxorum,
2922 4500 3058 4554 sicut
3095 4499 3169 4552 ait
3204 4497 3477 4566 apostolus

1901 4592 2098 4669 Paulus
2122 4611 2134 4644 :
2164 4590 2413 4646 Bibebant
2453 4599 2622 4646 autem
2651 4592 2716 4646 de
2739 4590 2983 4661 spiritali,
3024 4595 3360 4658 consequente
3386 4603 3476 4656 pe-

1899 4695 1999 4751 tra,
2030 4694 2177 4756 petra
2206 4691 2378 4737 autem
2409 4691 2523 4738 erat
2551 4682 2781 4737 Christus
2811 4681 2865 4754 (I
2893 4680 3012 4736 Cor.
3047 4678 3120 4751 ι).
3161 4677 3478 4748 Suspicaba-

1895 4784 2001 4842 tur,
2032 4776 2270 4843 inquam,
2316 4773 2489 4839 ipsum
2528 4787 2645 4827 esse
2673 4771 2960 4836 Christum,
3004 4785 3127 4825 cum
3172 4767 3477 4839 postulabat

1894 4877 1952 4924 ut
1976 4868 2044 4924 de
2071 4866 2249 4937 lapide
2276 4880 2470 4937 panem
2491 4865 2717 4931 faceret;
2747 4864 2840 4921 sed
2864 4863 3084 4935 putabat
3107 4858 3474 4917 tantummodo

1896 5051 2027 5118 Jer.,
2053 5070 2178 5125 non
2192 5054 2394 5125 fraude,
2425 5059 2484 5125 u}
2511 5053 2720 5125 reliqui.

1972 5134 1994 5161 θ
2035 5119 2203 5213 Codd;
2236 5122 2305 5178 90
2342 5123 2399 5180 S.
2440 5119 2642 5179 Crucis'
2663 5124 2716 5178 in
2743 5120 2853 5179 Jer.
2881 5129 2936 5177 et
2962 5121 3086 5177 Vat.
3119 5119 3274 5188 1068,
3305 5123 3475 5179 solida

1893 5212 2158 5322 ηῃῃιὲοά.
2189 5267 2311 5322 Vat.
2323 5308 2336 5332 ,
2367 5268 2573 5332 offerat.

1972 5348 1996 5387 Β
2028 5337 2160 5393 Cod.
2192 5336 2315 5394 Vat.
2348 5334 2504 5402 1268,
2537 5335 2742 5392 Retinet
2767 5336 2921 5391 etiam
2947 5334 3017 5389 ibi
3039 5334 3301 5390 duritiam.

1894 5474 2091 5539 divina,
2119 5488 2239 5544 qua:
2262 5475 2549 5545 humanam
2576 5488 2675 5545 pro
2694 5472 2868 5545 Anobis
2901 5470 3004 5545 sibi
3038 5475 3339 5545 sumpserat
3372 5483 3473 5524 na-

1897 5552 2068 5600 turam
2097 5539 2384 5603 obnoxiam
2414 5539 2829 5607 inﬁrmitatibus,
2869 5551 2923 5596 et
2963 5543 3099 5596 sicut
3141 5539 3186 5596 si
3232 5539 3342 5608 pati
3379 5546 3475 5594 aut

1895 5616 2347 5699 morinnol‘uisset,
2372 5632 2471 5673 nec
2497 5630 2686 5699 passus
2717 5630 2819 5696 nec
2847 5618 3088 5693 mortuus
3117 5615 3283 5699 esset,
3304 5615 3365 5661 ut
3391 5608 3474 5661 in.

1896 5687 2013 5758 quit
2040 5679 2470 5758 S._Augustinus,
2495 5679 2570 5743 ita
2598 5694 2721 5758 post
2741 5682 3003 5755 jejunium
3029 5680 3085 5735 in
3113 5679 3323 5735 deserto
3352 5693 3473 5741 esu-

1897 5757 2004 5825 riit,
2031 5756 2162 5832 quia
2181 5757 2367 5816 voluit.
