4056 6346
1661 301 1716 357 S.
1758 300 2003 356 ΜΑΧΙΜΙ
2041 299 2492 358 TAURINENSIS

3675 306 3782 365 δδι

499 423 678 480 solum
707 419 998 484 honinem.
1027 433 1158 476 cum
1195 413 1520 474 esurientem
1560 417 1798 474 videbat.
1837 416 2085 472 Salvator
2113 421 2156 479 Α
2185 415 2348 472 ludas
2376 433 2474 488 per
2499 418 2797 477 buecellam
2838 421 3176 491 apostolatus
3211 422 3442 482 sublime
3477 423 3732 497 deposuit
3760 445 3776 482 :

500 524 684 571 autem
723 511 1018 568 versutiam
1045 509 1162 580 ejus
1199 511 1333 565 mira
1363 510 1710 580 responsione
1737 508 2080 564 condemnat.

501 606 610 663 Nec
637 603 764 660 facit
789 602 935 676 quod
973 602 1102 658 dicit
1146 601 1412 670 diabolus,
1443 619 1510 657 ne
1544 600 1788 656 videatur
1814 615 1912 670 pro
1940 599 2080 654 arbi-

501 701 606 755 trio
646 697 940 755 adversarii
975 697 1192 752 virtutis
1227 711 1340 750 suae
1369 695 1594 775 gloriam
1631 693 1926 750 declarare.
1974 691 2083 746 Nec

501 801 678 850 tamen
719 791 1000 864 respondit
1045 806 1150 846 non
1193 806 1352 860 posse
1398 789 1531 853 fieri,
1565 799 1587 825 ο
1618 789 1710 856 qui
1753 801 1953 856 negare
1977 801 2084 841 non

499 896 714 960 poterat
734 886 878 957 quod
907 900 1049 956 sepe
1072 885 1184 954 jam
1211 883 1430 940 fecerat.
1462 881 1626 951 Igitur
1657 897 1757 936 nec
1795 879 2086 950 acquiescit

500 984 724 1052 petenti,
756 997 857 1038 nec
883 981 1114 1049 denegat
1139 979 1461 1050 erploranti,
1484 995 1547 1034 ac
1571 993 1668 1049 per
1692 976 1796 1032 hoc
1820 985 1874 1032 et
1901 983 2088 1046 poten-

499 1076 628 1130 tiam
655 1075 874 1129 virtutis
899 1088 1007 1128 sum
1033 1088 1132 1128 suo
1159 1079 1402 1128 reservat
1429 1071 1671 1138 arbitrio,
1700 1082 1757 1149 et
1797 1069 2082 1125 versutiam

498 1166 791 1221 adversarii
828 1165 1010 1220 divino
1057 1164 1303 1220 confutat
1339 1164 1576 1233 eloquio.
1623 1161 1919 1232 Respondit
1955 1173 2090 1228 ergo

501 1258 575 1312 illi
609 1275 622 1310 :
655 1255 781 1312 Non
816 1259 870 1311 in
899 1257 1010 1312 eota
1038 1273 1173 1327 pane
1211 1257 1330 1310 uiuit
1367 1255 1540 1317 homo,
1568 1253 1660 1308 sed
1686 1255 1740 1307 in
1769 1253 1909 1307 omni
1938 1250 2085 1305 verba

503 1348 608 1404 Dei
628 1347 841 1419 (Matth.
873 1348 945 1419 tv)
966 1337 1038 1411 ;‘b
1067 1348 1172 1402 hoc
1196 1355 1301 1414 est,
1326 1361 1434 1400 non
1463 1347 1516 1398 in
1544 1359 1685 1415 pane
1716 1351 1950 1410 terreno,
1978 1358 2084 1396 non

499 1439 556 1494 in
586 1438 853 1494 nateriaii
879 1437 1021 1503 cibo,
1053 1453 1160 1509 quo
1190 1437 1358 1492 Adam
1379 1437 1610 1506 primum
1636 1437 1907 1490 hominem
1935 1435 2090 1491 dece-

497 1530 646 1602 pisti,
680 1529 780 1585 sed
806 1529 864 1583 in
889 1529 1054 1584 verbo
1081 1528 1197 1596 Dei,
1227 1527 1388 1598 ἧ,θὲ
1416 1527 1468 1581 in
1514 1542 1620 1597 quo
1659 1535 1784 1581 sunt
1829 1526 1950 1581 vitae
1989 1525 2088 1579 ali-

497 1629 680 1676 menta
736 1621 988 1677 ccclesiis.
1041 1619 1270 1676 Verbum
1332 1628 1510 1674 autem
1568 1618 1662 1672 Dei
1717 1617 1959 1672 Christus
2005 1624 2088 1672 est

497 1711 775 1778 Dominus,
827 1713 964 1766 sicut
1010 1710 1338 1778 evangelista
1378 1710 1543 1764 dicit:
1579 1707 1645 1762 In
1685 1711 1937 1778 principio
1974 1715 2084 1762 erat

2184 528 2257 569 ex
2281 527 2388 582 quo
2417 512 2559 567 enim
2583 513 2884 570 buccellam
2921 517 3170 587 annpsit,
3200 533 3308 574 non
3343 518 3456 588 jam
3499 520 3784 590 apostolus

2183 603 2348 672 cmpit
2374 618 2514 668 esse,
2559 603 2656 685 sed
2681 605 2944 674 proditor.
2985 607 3076 662 Sic
3111 608 3257 664 enim
3287 609 3548 680 scriptum
3589 611 3782 682 habes,

2185 693 2396 750 dicente
2433 693 2702 752 Domino:
2738 694 2831 750 Cui
2870 697 3148 756 intinctam
3183 715 3372 772 partem
3417 701 3632 770 dedero,
3673 703 3785 772 ipse

2185 803 2266 841 me
2287 785 2474 840 tradet.
2504 785 2576 840 Et
2597 787 2840 843 continuo
2862 796 2978 859 post
3001 789 3284 846 bucceltam
3301 793 3536 848 introivit
3557 793 3616 848 in
3636 793 3784 848 illum

2187 877 2420 934 Satanas
2447 877 2626 949 (Joan.
2662 879 2797 952 xm).
2829 879 2946 936 Non
2987 881 3161 940 bonus
3205 883 3381 950 cibus,
3413 895 3434 921 π
3469 892 3601 954 post
3623 899 3784 955 quem

2187 977 2414 1040 negatur
2449 969 2728 1040 Dominus,
2776 980 2902 1042 post
2945 987 3106 1042 quem
3152 974 3456 1044 ingreditur
3499 975 3784 1042 inimicus;

2186 1079 2295 1120 non
2323 1066 2498 1122 bonus
2522 1065 2696 1130 cibus,
2736 1071 2859 1136 post
2889 1080 3048 1135 quem
3086 1063 3334 1121 Christus
3359 1067 3660 1137 respuitur,
3685 1065 3783 1120 de-

2185 1163 2408 1217 voratur
2451 1161 2830 1217 Antichristus.
2878 1161 2996 1216 Non
3041 1162 3216 1216 bonus
3241 1160 3414 1229 cibus,
3435 1160 3530 1230 qui
3555 1160 3783 1216 benedi-

2187 1255 2368 1310 ctione
2392 1261 2562 1319 caret,
2594 1253 2972 1310 maledictione
3012 1253 3334 1323 completur.
3371 1251 3472 1308 illa
3499 1266 3634 1322 ergo
3660 1267 3786 1310 esca

2187 1345 2345 1400 nobis
2389 1345 2695 1400 necessaria
2723 1353 2828 1410 est,
2860 1358 2982 1412 quae
3027 1344 3192 1398 vitam
3233 1352 3476 1414 priestat,
3504 1360 3628 1415 qua:
3671 1345 3786 1400 ani-

2187 1453 2328 1493 mam
2375 1437 2566 1508 pascit,
2607 1445 2732 1508 post
2768 1453 2928 1507 quam
2967 1437 3208 1507 sequitur
3234 1435 3508 1504 Christus,
3534 1436 3786 1494 inimicus

2188 1530 2509 1586 excluditur.
2557 1530 2708 1586 Illam
2760 1545 2942 1586 escam
2983 1530 3232 1600 accipere
3279 1530 3568 1594 debemus,
3620 1545 3784 1600 quam

2189 1622 2458 1689 Salvator,
2486 1639 2595 1679 non
2615 1623 2862 1679 diabolus
2887 1621 3262 1692 subsequatur,
3286 1636 3408 1692 qua:
3429 1623 3790 1692 perceptione

2189 1714 2272 1770 sui
2301 1715 2670 1770 confessorem
2707 1713 2887 1779 faciat,
2917 1727 3030 1768 non
3060 1711 3420 1782 proditorem.
3443 1711 3622 1780 Quam
3650 1713 3788 1768 bene

507 1801 752 1870 Verbum,
780 1810 831 1857 et
859 1801 1079 1861 Verbum
1113 1812 1223 1856 erat
1255 1801 1392 1872 apud
1423 1800 1584 1855 Deum
1617 1799 1794 1871 (Joan.
1829 1800 1887 1866 l).
1927 1799 2085 1867 Quis-
2115 1813 2164 1874 Β
2192 1815 2369 1863 autem
2409 1805 2736 1874 jejuniorum
2786 1812 3033 1874 tempore
3083 1804 3306 1860 verbum
3354 1803 3452 1858 Dei
3490 1803 3630 1858 dixit
3665 1819 3786 1859 esse

499 1895 620 1964 quis
648 1908 782 1963 ergo
803 1896 975 1950 verbo
1004 1895 1200 1951 Christi
1241 1895 1495 1964 pascitur,
1525 1904 1796 1950 terrenum
1831 1893 2084 1964 pabulum

499 2004 607 2044 non
635 1989 878 2059 requirit.
911 1988 1020 2045 Nec
1050 1989 1190 2044 enim
1219 1997 1398 2059 potest
1425 1988 1600 2043 saeculi
1646 2003 1836 2057 panem
1865 2003 2080 2058 cupere,

499 2081 594 2152 qui
637 2096 776 2152 pane
822 2079 1067 2138 reficitur
1100 2081 1410 2136 Salvatoris.
1441 2079 1618 2135 Habet
1655 2079 1799 2135 enim
1827 2079 2085 2136 Dominus

499 2189 654 2230 suum
699 2189 917 2245 panem,
945 2176 1056 2230 imo
1083 2175 1234 2245 panis
1274 2175 1388 2244 ipse
1420 2171 1666 2228 Salvator
1693 2182 1794 2239 est,
1826 2174 1961 2228 sicut
1989 2173 2088 2229 do-

499 2269 628 2333 cuit,
657 2268 879 2325 dicens:
913 2267 1025 2340 Ego
1070 2286 1182 2324 sum
1222 2269 1373 2340 panis
1413 2269 1570 2336 vivus,
1602 2269 1686 2340 qui
1723 2267 1786 2322 de
1831 2269 1956 2322 εωιο
1993 2266 2085 2322 de-

501 2362 677 2416 scendi
708 2360 889 2433 (Joan.
923 2364 1016 2431 γι).
1058 2363 1135 2417 Βε
1175 2378 1282 2431 quo
1327 2377 1465 2431 pane
1512 2360 1641 2417 dicit
1681 2361 1940 2432 propheta
1973 2379 1986 2414 :
2020 2359 2087 2413 Et

501 2453 652 2524 panis
703 2469 791 2508 cor
838 2454 1058 2508 hominis
1105 2455 1379 2524 conﬁrmat
1423 2453 1592 2524 (Psal.
1638 2455 1770 2524 cm).
1812 2452 1928 2520 Quo
1959 2466 2088 2522 ergo

501 2541 636 2597 mihi
662 2551 856 2614 pa'nem
885 2559 1045 2614 quem
1089 2543 1250 2599 ollert
1289 2544 1552 2609 diabolus,
1584 2561 1706 2600 cum
1734 2545 1962 2600 habeam
1988 2560 2088 2615 pa-

503 2650 628 2692 nem
657 2650 817 2705 quem
846 2635 1089 2692 Christus
1131 2637 1398 2708 impertit?
1437 2635 1554 2703 Quo
1593 2637 1722 2691 mihi
1768 2637 1946 2692 cibum
1991 2651 2090 2706 per

505 2741 669 2796 quem
697 2728 1087 2799 protoplastum
1115 2727 1381 2797 dejectum
1419 2729 1675 2801 metnini‘!
1702 2726 1844 2782 Esau
1866 2727 2096 2798 primiti-

505 2817 588 2876 vis
615 2817 918 2874 fraudatum
948 2819 1057 2874 viiii
1081 2837 1094 2885 ;
1126 2817 1317 2874 Juda’m
1342 2819 1589 2874 Scarioth
1613 2820 1948 2889 .proditionis
1974 2835 2094 2875 sce-

505 2909 620 2967 lere
647 2911 980 2968 deuotatum.
1026 2911 1193 2968 Adam
1239 2913 1382 2968 enim
1426 2928 1525 2983 per
1561 2928 1746 2969 escam
1787 2914 2094 2984 paradisum

505 3003 758 3090 perdidit,
788 3003 932 3063 Esau
957 3021 1055 3078 per
1081 3005 1278 3062 lentem
1307 3005 1568 3078 primatus
1606 3007 1866 3062 honorem
1893 3007 2092 3070 amisit,

2191 1899 2334 1970 quod
2361 1899 2556 1967 reiicit,
2581 1908 2640 1954 ut
2666 1898 2975 1964 attenderet
3005 1897 3211 1966 jejtmia
3237 1905 3422 1954 nostra
3445 1912 3558 1952 non
3585 1897 3785 1954 debere

2193 1992 2374 2048 saeculi
2402 1991 2609 2046 actibus
2636 1990 2906 2059 occupari,
2944 1989 3040 2044 sed
3079 1989 3244 2043 sacris
3270 1989 3488 2043 Litteris
3517 1989 3783 2043 exerceri.

2195 2083 2426 2152 Negligit
2463 2082 2608 2137 enim
2649 2081 2846 2137 famem
2885 2081 3150 2152 corporis,
3184 2081 3276 2151 qui
3312 2080 3512 2151 pabula
3540 2081 3788 2136 lectionis

2195 2174 2449 2239 intendit;
2493 2189 2594 2229 nec
2634 2173 2835 2230 ventris
2867 2189 3050 2229 curram
3089 2173 3288 2229 habere
3315 2173 3538 2244 poterit,
3569 2173 3664 2242 qui
3692 2173 3790 2228 ali-

2196 2275 2436 2323 mentum
2478 2265 2629 2321 verbi
2657 2265 2890 2321 coelestis
2918 2264 3164 2334 acquirit.
3195 2263 3314 2336 Ipsa
3355 2273 3438 2320 est
3473 2265 3620 2319 enim
3649 2263 3788 2319 refe-

2196 2361 2306 2415 ctio
2347 2375 2466 2430 qua:
2505 2359 2714 2428 saginat
2751 2359 3005 2424 animam,
3043 2375 3164 2428 qua:
3217 2358 3516 2428 impinguat
3558 2357 3783 2425 viscera,

2197 2469 2315 2508 cum
2362 2454 2429 2508 de
2477 2446 2670 2507 divinis
2717 2450 3008 2522 Scripturis
3055 2451 3232 2508 cibum
3281 2451 3479 2521 eloquii
3535 2451 3790 2520 perennis

2197 2545 2222 2582 ιι
2253 2545 2598 2615 acquirimus.
2631 2541 2750 2615 Ipsa
2779 2551 2861 2598 est
2887 2559 3012 2600 esca
3036 2559 3155 2614 qua:
3195 2545 3358 2600 vitam
3401 2551 3665 2600 :eternam
3696 2545 3788 2600 tri-

2196 2640 2332 2703 buit,
2363 2647 2421 2695 et
2446 2639 2665 2694 insidias
2702 2653 2732 2693 a
2767 2637 2925 2692 nobis
2950 2637 3229 2693 diabolica:
3258 2637 3576 2696 tentstionis
3609 2637 3788 2692 exclu-

2197 2735 2291 2789 dit.
2325 2731 2478 2800 Quod
2517 2740 2694 2786 autem
2725 2746 2996 2786 sacrarum
3025 2730 3352 2786 Litterarum
3375 2729 3544 2785 lectio
3560 2730 3675 2784 vita
3698 2729 3785 2796 sit,

2199 2825 2456 2881 Dominus
2495 2831 2740 2889 testatur,
2780 2821 2965 2879 dicens
3011 2839 3024 2876 :
3075 2820 3246 2876 Verba
3282 2837 3396 2894 qua:
3442 2821 3655 2876 locutus
3679 2835 3785 2874 sunt

2199 2917 2338 2972 vobis
2359 2916 2570 2986 spiritus
2594 2925 2643 2969 et
2670 2916 2774 2970 vita
2801 2923 2920 2969 sunt
2945 2911 3126 2986 (Joan.
3153 2911 3246 2973 Vt).
3739 2902 3746 2907 ’

1895 3099 2165 3163 SEBMO
2209 3100 2381 3160 XVI.

1809 3198 1890 3253 De
1913 3198 2324 3271 Quadragesima
2341 3199 2426 3255 ΙΙ.

1937 3287 2330 3343 ΑΒΜΟΝΙΤΙΟ.

579 3379 825 3456 537m
871 3379 1140 3456 superiori
1185 3377 1550 3456 admonitione
1577 3376 1705 3456 quid
1732 3377 2082 3456 sentiendum
2114 3380 2184 3432 sit
2228 3379 2332 3456 hoc
2358 3378 2425 3433 de
2471 3393 2722 3434 sermone
2759 3392 2829 3434 ex
2879 3377 3352 3456 Benedictinorum
3389 3375 3794 3456 monachorum

511 3445 768 3511 strain
798 3445 1062 3507 sententia
1092 3450 1342 3504 diximus.
1375 3445 1632 3520 Eaxndcm
1669 3450 1767 3518 ipsi
1800 3450 1851 3503 in
1885 3449 2192 3519 prolusione
2221 3449 2288 3504 ad
2317 3451 2460 3520 hunc
2489 3464 2792 3504 sermonem
2821 3465 2970 3520 num.
2991 3449 3064 3504 22
3097 3457 3146 3505 et
3181 3447 3262 3503 VI
3289 3447 3353 3502 de
3381 3445 3790 3520 Quadragesima

512 3525 748 3594 ejusdem
789 3523 1036 3577 editionis
1083 3520 1394 3594 Parisiensis
1431 3515 1845 3594 confirmarunt,
1887 3515 2101 3594 'aicntes
2142 3521 2324 3594 potius
2355 3519 2585 3594 Maximo
2634 3535 2793 3589 quam
2833 3519 3118 3594 Ambrosio
3176 3519 3482 3594 convenire.
3530 3515 3623 3572 Ut'
3658 3516 3786 3572 nihil

512 3588 659 3686 ειίιοά
692 3594 929 3686 rerum
981 3594 1050 3686 τ·έὲ
1087 3593 1462 3686 {traiectas
1490 3591 2216 3686 iecisse_I:.sja":i}rt“
2239 3589 2430 3686 adies
2467 3590 3199 3686 ξοάξεςξεεῑεεεηιὲείφεε
3230 3588 3794 3686 ξυὲξοέξπιλέιεεξέο

513 3657 933 3734 Sangallensem,
965 3663 1054 3717 ubi
1083 3670 1163 3716 est
1191 3677 1368 3734 sermo
1395 3659 1462 3713 60
1489 3669 1542 3714 et
1569 3659 1636 3714 99
1663 3658 1935 3734 S._Crucis
1964 3659 2014 3734 in
2035 3657 2142 3734 θεν.
2169 3676 2314 3734 num.
2345 3660 2433 3734 20,
2468 3661 2526 3715 S.
2567 3657 3196 3734 Maximosuﬁragaut‘es.
3230 3661 3364 3734 Dum
3398 3659 3618 3734 codices
3632 3657 3790 3734 Casi-

515 3728 709 3790 uenscs
746 3735 1100 3799 consulerem,
1127 3731 1380 3804 hiciidem
1411 3747 1587 3784 sermo
1619 3731 1745 3783 mihi
1775 3729 2006 3784 occurrit
2037 3729 2087 3804 in
2118 3731 2482 3788 vetustissimo
2509 3747 2614 3804 ms.
2644 3747 2774 3804 num
2801 3733 2924 3800 H7,
2955 3728 3014 3804 p.
3031 3729 3160 3804 2w,
3189 3731 3341 3804 cujus
3373 3731 3577 3804 codicis
3607 3728 3791 3804 titulus

514 3815 598 3862 est
630 3824 642 3858 :
680 3805 1044 3858 [familiarium
1073 3798 1184 3858 cum
1224 3803 1352 3857 Vitis
1391 3811 1705 3864 sanctorum,
1735 3817 1949 3872 quarum
1978 3801 2151 3856 multa:
2179 3819 2280 3856 non
2307 3812 2425 3857 sunt
2453 3802 2704 3872 vulgatw;
2735 3803 2850 3858 sine
2879 3798 3114 3859 auctoris
3153 3798 3390 3864 nomine,
3422 3799 3564 3854 sicut
3591 3798 3791 3870 pariter

513 3880 568 3932 in
591 3877 711 3932 cod.
745 3873 992 3929 Urbcvet.

515 3967 904 4037 Annuusxrun.
928 3997 1000 4008 -—
1027 3964 1104 4018 De
1131 3964 1402 4019 Saluatore
1429 3980 1461 4016 a
1489 3961 1692 4037 diabolo
1722 3965 1906 4037 iterum
1933 3970 2098 4037 tentaa
2123 3972 2170 4037 ρ
2199 3965 2418 4034 quidem
2469 3969 2522 4022 in
2578 3967 2956 4023 observatione
3015 3965 3218 4021 habent
3245 4005 3260 4028 ,
3310 3963 3406 4019 sed
3455 3961 3790 4034 pmsperita-

589 4048 660 4092 to.
695 4035 918 4105 Quidsit
937 4050 1093 4104 supra
1107 4037 1320 4104 pinnam
1351 4034 1524 4105 templi
1563 4042 1724 4105 stare,
1751 4031 1912 4104 deque
1932 4034 2093 4099 pinna

587 4107 782 4178 deﬁci?
813 4104 952 4178 Deus
993 4103 1283 4178 nulliusest
1317 4103 1602 4167 immemor,
1634 4103 1725 4156 sed
1761 4103 1882 4176 tunc
1916 4105 2099 4158 imme-

584 4175 780 4234 morem
806 4175 952 4230 illum
977 4175 1141 4229 nostri
1171 4177 1406 4245 facimus,
1438 4190 1553 4227 cum
1579 4175 1861 4243 peccamus.
1946 4217 1952 4222 .

587 4328 707 4387 Non
733 4343 902 4399 usque
929 4327 1066 4384 adeo
1086 4327 1388 4383 contristari
1409 4327 1686 4394 debemus,
1715 4325 1924 4392 fratres,
1955 4326 2101 4398 quod

513 4420 570 4478 in
597 4421 684 4477 bis
700 4419 1131 4490 Quadragesimte
1157 4419 1344 4474 diebus
1372 4417 1599 4473 teutatio
1621 4431 1720 4472 nos
1742 4417 2102 4472 tribulationis

517 4521 542 4551 ⁸
571 4513 806 4578 advenit,
837 4527 961 4568 cum
981 4517 1036 4567 et
1063 4510 1396 4566 Salvatorem
1423 4517 1662 4566 nostrum
1690 4517 1914 4580 prepter
1929 4509 2102 4578 ipsam

515 4605 988 4674 Quadragesimam
1017 4603 1260 4660 videmus
1287 4619 1405 4658 esse
1425 4609 1706 4658 tentatum.
1758 4599 1932 4656 Minus
1970 4615 2100 4670 ergo

520 4697 538 4734 τ
556 4697 740 4754 dolere
767 4698 1032 4754 debemus
1052 4697 1268 4763 servuli,
1301 4697 1391 4766 qui
1417 4695 1629 4750 Domini
1644 4697 1901 4750 habemus
1915 4709 2102 4750 exem-

515 4791 684 4860 plum.
721 4787 822 4846 Ubi
859 4790 1002 4845 enim
1033 4795 1114 4843 est
1141 4789 1326 4844 similis
1366 4803 1486 4844 cum
1513 4787 1728 4843 Christo
1767 4787 2004 4855 devotio,
2029 4788 2103 4842 si.

513 4879 656 4933 milis
681 4886 838 4934 estet
865 4894 985 4934 cum
1022 4877 1237 4933 Christo
1271 4879 1514 4932 tentatio.
1549 4877 1924 4933 Conditionem
1953 4877 2098 4932 enim

515 4970 671 5025 nobis
699 4970 962 5025 tolerandi
990 4970 1216 5040 imponit
1242 4970 1476 5039 conditio
1501 4970 1793 5040 jejunandi.
1820 4969 2100 5024 Credimus

517 5067 696 5115 autem
728 5061 896 5130 quod,
949 5061 1088 5125 sicut
1134 5060 1382 5117 Salvator
1427 5070 1611 5117 noster
1639 5061 1942 5128 diabolum,
1975 5075 2098 5116 cum

517 5159 836 5221 tentaretur,
863 5153 1112 5220 obtinuit,
1144 5153 1218 5208 ita
1248 5159 1303 5208 et
1331 5167 1430 5208 nos
1467 5153 1654 5208 hostes
1695 5160 1932 5220 nostros,
1975 5167 2098 5208 cum

517 5243 855 5312 tribulamur,
902 5261 1061 5316 posse
1107 5245 1412 5301 devincere.
1443 5242 1662 5314 Jejuuia
1707 5245 1852 5300 enim
1898 5242 2094 5298 Christi

2202 4065 2309 4113 tem
2355 4061 2595 4114 tribuunt
2644 4070 2668 4108 κ
2710 4067 2765 4114 et
2809 4060 3056 4115 salutem.
3108 4055 3395 4112 Videamus
3441 4054 3610 4124 igitur
3651 4053 3792 4107 inter

2201 4157 2423 4204 caeteras
2454 4150 2776 4205 tentationes
2795 4165 2899 4220 qua
2929 4148 3185 4204 Dominus
3213 4153 3328 4202 arte
3357 4147 3646 4210 lassescat;
3668 4157 3790 4199 cum

2202 4243 2346 4296 enim
2375 4258 2534 4312 supra
2565 4243 2780 4313 pinnam
2807 4249 2972 4297 staret
2999 4225 3190 4310 templi
3205 4238 3474 4302 Salvator,
3500 4237 3578 4290 ait
3605 4233 3792 4290 diabo-

2203 4335 2285 4389 lus
2311 4353 2322 4388 :
2349 4333 2409 4390 Si
2435 4334 2481 4388 F
2485 4335 2608 4389 ilius
2639 4335 2734 4389 Dei
2755 4351 2830 4400 es,
2852 4336 2998 4388 mitte
3026 4342 3072 4386 te
3099 4332 3334 4386 deorsum
3366 4327 3584 4402 (Matth.
3608 4327 3704 4398 tv),
3736 4331 3793 4381 et

2203 4426 2428 4494 reliqua.
2456 4425 2594 4482 Vere
2622 4425 2900 4481 diabolica:
2929 4423 3130 4478 fraudis
3154 4420 3348 4477 astutia
3379 4417 3789 4474 consuetudinis

2202 4531 2312 4570 sum
2357 4517 2544 4570 nititur
2571 4523 2908 4583 argumento.
2939 4513 3168 4583 Semper
3223 4512 3367 4567 enim
3394 4511 3678 4579 religiosos
3722 4507 3794 4563 de

2201 4605 2568 4676 superioribus
2591 4605 2825 4676 dejicere
2854 4606 2922 4660 ad
2943 4604 3197 4658 inferiora
3217 4609 3461 4665 conatur,
3486 4607 3542 4655 et
3569 4600 3641 4654 de
3661 4613 3792 4653 san-

2201 4699 2302 4754 ctis
2351 4713 2415 4753 ac
2439 4695 2764 4752 venerandis
2806 4695 3012 4751 actibus
3049 4693 3314 4748 deducere
3362 4691 3432 4745 ad
3468 4699 3685 4745 terrena
3735 4695 3792 4744 et

2202 4804 2418 4846 cmnosa
2463 4789 2697 4854 festinat,
2728 4795 2788 4842 ut
2827 4787 2916 4856 qui
2947 4793 3054 4840 stat
3080 4784 3312 4855 puritate
3341 4779 3538 4838 mentis
3561 4781 3620 4836 in
3643 4793 3793 4835 stun-

2203 4883 2385 4936 mitate
2432 4881 2614 4952 templi
2662 4879 2686 4915 h
2745 4878 2995 4949 projiciat
3045 4891 3105 4932 se
3153 4877 3204 4930 in
3256 4871 3582 4944 profundum
3628 4869 3784 4926 inferi

2202 4974 2526 5043 contagione
2581 4972 2808 5043 peccati.
2837 4971 2970 5025 Nam
3015 4987 3135 5026 cum
3186 4969 3466 5023 Dominum
3512 4965 3579 5021 de
3624 4965 3784 5036 pinna

2203 5066 2387 5136 templi
2417 5065 2651 5134 dejicere
2680 5066 2888 5132 nititur,
2917 5064 3102 5134 utique
3139 5063 3206 5116 de
3232 5059 3474 5131 perfecto
3509 5054 3782 5128 religionis

2201 5158 2348 5212 cultu
2401 5172 2682 5213 removere
2745 5164 3002 5220 conatur;
3059 5155 3220 5224 pinna
3271 5151 3412 5206 enim
3478 5147 3583 5206 loci
3637 5161 3779 5204 sane

2201 5251 2273 5304 cti
2320 5249 2580 5320 perfectio
2617 5249 2852 5305 caelestis
2887 5255 2974 5303 est
3015 5243 3353 5300 sacramenti.
3387 5240 3556 5296 Recte
3600 5245 3777 5294 autem

517 5340 713 5395 tentari
757 5309 984 5408 possunt
1005 5379 1020 5406 ,
1071 5339 1321 5409 superari
1361 5353 1468 5392 non
1505 5309 1760 5408 possunt.
1809 5336 2096 5406 Angustias
2126 5309 2178 5370 D
2202 5309 2458 5397 Dominus
2483 5356 2645 5411 super
2671 5341 2888 5411 pinnam
2918 5337 3102 5407 templi
3134 5343 3279 5392 stare
3304 5325 3522 5402 dicitur,
3551 5330 3672 5403 quia
3712 5327 3778 5384 de

589 5507 614 5586 ξ
643 5500 776 5586 ρρίι-
805 5501 950 5568 ναι-ν
973 5502 1094 5586 qua
1120 5517 1218 5586 ero
1247 5504 1352 5586 ei:

585 5571 628 5656 ξ)-
646 5570 884 5641 Uterque
905 5569 1025 5656 cod.
1050 5569 1316 5656 S."Crucis
1335 5569 1520 5656 inger.
1545 5569 1659 5626 haec
1683 5569 1953 5656 supplent,
1977 5584 2098 5625 cum

519 5647 711 5715 quibus
739 5639 1000 5698 consonat
1027 5644 1146 5699 cod.
1182 5643 1299 5697 Vat.
1333 5639 1494 5694 1268.
1701 5653 1704 5656 ‘
1749 5639 1765 5641 ⁷
1786 5639 1801 5641 ’⁷
1940 5639 1943 5640 ⁷

593 5723 616 5752 ε
644 5713 776 5768 Cod.
827 5711 884 5768 S.
915 5713 1101 5769 Crucis
1148 5715 1202 5768 iu
1243 5711 1350 5768 Jer.
1386 5711 1499 5768 haec
1537 5711 1817 5783 supplent;
1845 5723 1963 5784 qua:
1997 5711 2096 5770 ha-

518 5783 716 5844 bentur
741 5784 901 5840 etiam
929 5785 982 5840 in
1005 5783 1125 5838 Vat.
1159 5781 1314 5838 1268.

687 5799 716 5838 ι’
741 5799 901 5840 Ellam
929 5801 982 5840 Ill
1012 5799 1125 5838 vat.
1159 5799 1314 5838 1206.

2271 5499 2296 5539 ἀ
2323 5501 2454 5558 Cod.
2484 5501 2552 5555 99
2579 5501 2634 5556 S.
2665 5500 2848 5557 Crucis
2871 5499 2926 5551 iu
2953 5496 3059 5552 Jer.
3088 5495 3386 5566 accipimus.

2277 5582 2299 5608 ο
2330 5573 2461 5627 Cod.
2495 5571 2700 5638 Casin.,
2732 5569 2922 5626 invenit

2277 5641 2296 5681 ί
2327 5642 2469 5698 Idem
2499 5643 2618 5698 cod.
2650 5641 2854 5697 twdere.

2273 5723 2297 5782 β
2327 5712 2470 5767 Idem
2493 5713 2640 5782 cod.,
2673 5713 2740 5766 ad
2760 5713 2992 5767 salutem.

2270 5781 2298 5820 ιι
2319 5782 2462 5839 Idem
2493 5777 2636 5850 cod.,
2667 5784 2943 5854 perspiciat
2961 5799 3013 5836 se
3035 5783 3085 5836 in
3105 5779 3363 5853 profundo
3384 5777 3556 5851 inferi.
