4056 6346
1713 210 1946 269 εειικο
1979 210 2140 268 XVII.

3425 177 3584 252 ἐς(

284 338 398 411 ipso
437 332 706 406 scriptum
753 341 838 392 est
885 351 898 388 :
945 331 1044 400 Qui
1085 303 1317 390 ambulat
1352 347 1508 401 εφη
1531 345 1728 403 penum
1755 345 1877 386 ven-
1903 334 1954 393 Α
1982 330 2219 387 scientes
2239 337 2384 400 quod
2421 331 2561 388 Deus
2583 333 2880 390 nulliusest
2905 337 3228 392 immemor:
3263 337 3357 393 sed
3381 337 3574 394 imme-

287 440 447 490 tortnn
483 427 665 504 (Psal.
683 426 816 498 ctu).
841 425 1014 498 Super
1033 441 1238 500 pennas
1265 425 1410 484 enim
1431 431 1718 494 ventorum
1745 438 1875 493 quo-

289 519 570 578 dammodo
609 518 850 574 ambulat
879 517 1156 584 Dominus,
1185 533 1312 573 cum
1337 531 1502 588 super
1544 531 1756 572 morum
1776 531 1876 572 no-

290 621 515 670 strorum
551 621 575 648 ³
605 611 770 668 alacri
795 611 1209 668 conversatione
1235 609 1400 682 438
1428 610 1608 666 volatu
1637 608 1872 676 incedit;

292 721 471 780 penna:
493 705 638 760 enim
663 705 820 762 nobis
846 712 972 762 sunt
997 704 1124 760 boni
1151 718 1354 772 mores,
1383 703 1475 774 qui
1503 718 1603 760 nos
1633 703 1876 760 elevatos

289 819 315 858 a
357 810 511 856 terra:
535 798 827 856 humilibus
855 800 910 854 in
939 798 1061 855 (εωΙί
1107 797 1299 854 altiora
1338 796 1647 864 sustollant,
1677 805 1734 852 et
1777 811 1876 851 vo-

289 895 393 948 latu
421 891 656 962 quodam
677 892 876 948 mentis
890 891 958 948 de
985 899 1191 946 tartaro
1215 889 1501 947 tenebroso
1529 888 1788 956 educunt,
1819 895 1876 943 et

285 983 348 1038 ad
377 981 610 1054 paradisi
639 995 851 1040 animus
879 982 1196 1054 perducunt.
1228 980 1466 1049 Quorum
1498 996 1707 1036 morum
1738 994 1873 1050 pen-

284 1089 376 1130 nas
401 1074 602 1130 habere
633 1074 896 1146 propheta
923 1073 1256 1140 desiderans,
1285 1072 1359 1127 ait
1385 1114 1398 1125 .
1424 1068 1550 1136 Quis
1580 1071 1724 1126 dabit
1745 1071 1874 1126 mihi

278 1184 472 1241 pennas
497 1167 632 1222 sicut
656 1166 928 1236 columba,
958 1178 1007 1223 et
1034 1167 1236 1234 volabo,
1262 1178 1311 1223 et
1342 1170 1656 1240 requiescam
1697 1165 1870 1238 (Psal.

279 1261 425 1332 ur)?
453 1258 632 1332 Super
659 1259 800 1316 hanc
827 1273 960 1330 ergo
988 1259 1208 1332 pinnam
1237 1261 1422 1332 templi
1453 1261 1702 1317 Salvator
1727 1272 1874 1316 stare

279 1351 492 1418 dicitur,
520 1351 631 1409 hoc
657 1360 760 1419 est,
790 1353 944 1422 quasi
965 1353 1020 1408 in
1040 1353 1276 1423 quodam
1294 1353 1504 1426 templo
1526 1351 1649 1409 ﬁdei
1673 1360 1872 1421 nostra

276 1447 606 1514 consistere;
639 1447 780 1505 unde
821 1447 896 1504 ait
931 1447 1269 1520 Apostolus:
1307 1449 1412 1506 Vos
1456 1451 1580 1506 estis
1628 1450 1873 1516 templum

275 1539 371 1595 Dei
399 1541 520 1608 vivi,
551 1548 602 1594 et
632 1538 862 1611 Spiritus
889 1539 990 1596 Dei
1019 1540 1218 1596 habitat
1246 1544 1300 1596 in
1327 1542 1469 1598 uobis
1497 1541 1588 1613 (II
1618 1541 1739 1596 Cor.
1770 1541 1870 1612 vr).

273 1631 327 1686 In
348 1631 454 1688 hoc
475 1631 642 1700 igitur
670 1632 873 1702 templo
898 1641 1048 1687 stans
1069 1631 1348 1701 Dominus,
1369 1649 1472 1689 nec
1492 1633 1771 1698 recedens,
1790 1633 1873 1686 inn

1979 441 2184 482 morem
2197 424 2345 481 illum
2360 429 2530 484 nostri
2543 437 2670 486 tunc
2681 427 2706 468 ⁸
2722 429 2966 499 facimus,
2983 445 3104 488 cum
3117 446 3419 504 peccamus.
3435 433 3574 490 Cum

1978 520 2122 574 enim
2144 518 2285 574 mala
2308 534 2616 590 operamur,
2633 524 2826 579 avertit
2839 522 3062 590 faciem;
3085 537 3209 580 eum
3228 525 3458 582 nefanda
3489 527 3541 584 lo
3558 555 3574 568 η

1977 610 2214 681 quimur,
2239 625 2425 666 aurem
2447 611 2704 679 obstruit;
2727 619 2781 668 et
2803 613 2930 670 ideo
2951 615 3248 672 bonitatem
3266 632 3416 672 suam
3434 617 3576 674 Deus

1977 720 2088 760 non
2112 712 2220 758 tam
2250 692 2366 777 ipse
2388 706 2808 776 retrahit,quam
2831 716 3016 764 nostra
3046 709 3193 764 illum
3223 709 3420 766 delicta
3443 709 3576 780 reji-

1977 799 2144 856 ciunt.
2171 800 2414 855 Aitenim
2443 799 2586 854 idem
2607 799 2866 856 Dominus
2895 815 2991 874 per
3021 801 3342 874 prophetam
3383 801 3448 858 ad
3480 817 3578 858 eos

1975 892 2070 962 qui
2091 899 2249 948 erant
2263 893 2316 947 in
2333 892 2766 947 tribulationibus
2776 893 3080 949 constituti:
3099 891 3351 967 Nunquid
3364 909 3470 950 non
3488 911 3578 948 ua-

1975 983 2044 1038 let
2059 998 2243 1037 manus
2271 997 2384 1038 mea
2406 999 2583 1038 eruere
2600 999 2688 1037 vos
2720 982 2874 1054 (lsai.
2909 984 3056 1056 Lvr)?
3077 997 3130 1042 et
3154 986 3378 1056 reliqua.
3416 983 3578 1041 Vides

1976 1089 2105 1146 ergo
2125 1077 2381 1146 quoniam
2409 1077 2550 1131 inter
2571 1076 2738 1131 Deum
2773 1083 2830 1133 et
2853 1078 3126 1153 hominem
3155 1088 3380 1150 peccata
3412 1094 3574 1150 sepa-

1975 1176 2116 1226 rant.
2151 1168 2302 1224 Tolle
2331 1169 2493 1238 igitur
2515 1177 2737 1239 peccata
2777 1169 2940 1240 439
2977 1168 3045 1224 dc
3085 1170 3284 1237 medio,
3315 1177 3370 1226 et
3401 1169 3574 1226 Deum

1975 1261 2072 1316 tibi
2117 1262 2422 1332 proximum
2471 1271 2496 1299 ο
2527 1267 2582 1315 tu
2633 1260 2825 1316 fecisti.
2855 1259 3139 1328 Quomodo
3177 1263 3320 1316 enim
3366 1269 3570 1334 potest,

1977 1352 2191 1421 fratres,
2221 1353 2466 1409 oblivisci
2489 1352 2661 1408 nostri
2687 1351 2850 1420 Deus,
2871 1352 2964 1422 qui
2993 1352 3156 1407 etiam
3176 1353 3402 1424 capillos
3425 1354 3576 1426 capi-

1976 1448 2046 1502 tis
2066 1447 2234 1502 nostri
2267 1448 2319 1501 in
2355 1445 2655 1516 Evangelia
2683 1445 2900 1518 (Matth.
2935 1445 2993 1515 κ)
3019 1442 3166 1515 apud
3197 1460 3256 1500 se
3297 1445 3428 1502 dicit
3453 1461 3576 1504 esse

1975 1540 2332 1594 numeratos?
2360 1537 2419 1594 Si
2441 1539 2586 1594 enim
2609 1537 2928 1608 capillorum
2964 1544 3276 1591 nostrorum
3302 1537 3571 1605 meminit,

1975 1632 2146 1687 multo
2175 1632 2344 1700 magis
2372 1629 2389 1670 ί
2417 1640 2727 1686 nostrarum
2742 1631 3043 1684 animarum
3058 1629 3320 1684 meminit.
3355 1627 3460 1686 Per
3480 1643 3579 1688 nu-

271 1731 456 1794 crepat
477 1723 784 1793 diabolum,
812 1724 996 1782 dicens
1031 1744 1044 1779 :
1079 1726 1342 1797 Scriptum
1377 1735 1475 1794 est,
1499 1725 1626 1781 Non
1655 1723 1874 1780 tentabis
1901 1727 1952 1789 Β
1980 1719 2188 1780 merum
2211 1725 2355 1779 enim
2383 1735 2406 1771 8
2430 1739 2614 1780 curam
2635 1725 2780 1780 circa
2801 1739 2901 1778 nos
2921 1723 3447 1794 sollicitudinemque
3473 1740 3569 1780 co—

272 1815 560 1874 Dominunt
583 1816 915 1886 Destinatum
942 1819 1122 1890 (Deut.
1153 1821 1261 1888 vr);
1293 1819 1400 1875 hoc
1423 1827 1528 1884 est,
1559 1835 1665 1874 non
1697 1827 1874 1873 tenta-

270 1910 352 1968 bis
377 1925 505 1966 eum
551 1925 716 1980 quem
745 1919 902 1981 putas
931 1919 1187 1982 tanquam
1221 1911 1496 1966 hominem
1521 1910 1588 1965 ad
1618 1910 1873 1966 inferiora

271 2001 617 2073 pellendum;
665 2002 762 2058 sed
791 2003 959 2072 magis
987 2011 1242 2073 tanquam
1283 2003 1451 2058 Deum
1480 2011 1536 2058 et
1591 2003 1874 2058 Dominum

269 2093 446 2168 ipsum
491 2093 722 2152 noveris
767 2093 1123 2151 adorandum.
1156 2095 1212 2149 ln
1260 2095 1344 2150 his
1370 2110 1500 2164 ergo
1543 2095 1874 2164 jejuniorum

271 2185 458 2242 diebus
473 2193 758 2244 tentntnur
771 2187 836 2242 ad
857 2188 1262 2244 similitudinem
1277 2188 1605 2253 Salvatoris;
1630 2189 1878 2244 similiter

270 2285 324 2336 et
351 2293 456 2335 nos
476 2279 670 2336 hostes
701 2281 872 2336 nostri
892 2280 960 2336 de
988 2281 1154 2352 pinna
1183 2283 1388 2353 templi,
1423 2283 1528 2340 hoc
1557 2291 1641 2337 est
1668 2282 1736 2338 de
1775 2284 1877 2339 ob-

269 2372 590 2428 servatione
631 2371 1067 2442 Quadragesjmm
1095 2376 1314 2431 turbare
1341 2385 1628 2431 conantur.
1661 2379 1689 2413 ιι
1741 2375 1878 2432 Dum

270 2463 418 2520 enim
441 2473 688 2520 terrores
713 2465 982 2536 ingerunt,
1017 2466 1144 2522 dum
1171 2467 1390 2524 insidias
1418 2479 1629 2540 parant,
1655 2471 1879 2542 cupiunt

271 2571 371 2612 nos
391 2555 467 2612 de
502 2571 635 2612 arce
663 2557 940 2627 religionis
967 2559 1254 2616 abducere.
1288 2561 1494 2617 Dicitur
1521 2571 1700 2618 autem
1739 2572 1760 2602 ε
1800 2563 1880 2619 eis

283 2663 314 2706 a
341 2648 586 2706 Domino
621 2667 634 2703 :
663 2648 780 2708 Non
811 2651 1049 2707 tentahis
1097 2662 1319 2714 sanctos
1347 2654 1514 2719 viros,
1548 2666 1604 2709 et
1651 2655 1882 2713 famulos

271 2739 402 2809 Dei;
423 2757 575 2812 quos
613 2743 758 2799 enim
801 2752 1056 2814 tanquam
1083 2746 1317 2803 humiles
1344 2748 1743 2805 eoneulcandos
1776 2765 1881 2820 pu-

271 2839 376 2898 ts,
392 2834 610 2890 senties
633 2843 889 2906 tanquam
901 2842 1152 2894 strenuos
1163 2835 1528 2895 honorandos.
1552 2840 1690 2896 Sunt
1709 2841 1880 2910 enim,

272 2925 416 2984 sicut
429 2927 574 2992 dixi,
591 2928 836 2999 plerique
854 2928 1068 3001 fratres,
1080 2947 1218 3002 quos
1228 2933 1413 2988 hostes
1434 2933 1604 2989 nostri
1616 2935 1682 2990 de
1698 2933 1881 3005 perfe-

273 3019 462 3076 ctione
492 3021 773 3092 religionis
793 3024 1097 3080 abducunt:
1121 3027 1233 3096 qui,
1258 3027 1386 3083 dum
1415 3043 1650 3099 praesens
1680 3029 1878 3083 malum

271 3121 558 3182 metuunt,
570 3115 940 3184 putantDeum
958 3127 1156 3174 nostrae
1172 3119 1360 3177 salutis
1378 3120 1774 3189 immemorem,
1791 3136 1882 3175 nc-
1907 3113 1954 3176 C

1975 1816 2502 1886 gnoscimus;-nemo
2531 1815 2675 1870 enim
2718 1821 2965 1870 numerat
3007 1814 3108 1869 nisi
3137 1813 3284 1883 quod
3315 1815 3429 1870 vult
3455 1813 3579 1871 dili-

1977 1909 2192 1980 gentius
2211 1907 2486 1964 custodire
2513 1925 2524 1960 ε
2545 1921 2706 1962 nemo
2728 1913 2998 1969 numerat,
3024 1905 3124 1960 nisi
3141 1905 3232 1975 qui
3247 1915 3484 1972 veretur,
3506 1921 3578 1962 ne

1980 2000 2224 2056 fraudem
2252 2002 2455 2070 absque
2479 2014 2707 2054 numero
2749 1997 3003 2068 patiatur.
3039 1993 3232 2052 Pastor
3270 2003 3331 2051 ut
3367 1997 3579 2052 salvum

1975 2105 2196 2166 gregem
2227 2095 2441 2158 habeat,
2474 2109 2599 2149 eum
2641 2091 2949 2162 frequenter
2979 2087 3006 2128 ιι
3029 2099 3347 2146 annumerat
3373 2109 3384 2142 :
3415 2087 3579 2163 M0

1979 2189 2212 2256 denique
2235 2186 2518 2254 Dominus,
2540 2184 2632 2254 qui
2661 2195 2744 2239 est
2764 2185 2936 2239 bonus
2959 2192 3165 2254 pastor,
3189 2198 3312 2237 cum
3337 2199 3441 2238 una
3461 2183 3580 2239 ovi-

1980 2281 2101 2337 cula
2126 2279 2194 2334 de
2234 2285 2450 2334 centum
2480 2277 2670 2331 ovibus
2696 2277 3024 2344 aberrasset,
3054 2287 3337 2329 recurrens
3377 2273 3445 2328 ad
3479 2289 3580 2328 nu-

1982 2390 2210 2439 merum,
2250 2372 2481 2444 propriis
2503 2385 2624 2425 eam
2665 2368 2732 2426 ad
2770 2381 2987 2437 gregem
3015 2367 3254 2422 humeris
3282 2366 3581 2437 reportavit

1984 2467 2200 2541 (Matth.
2228 2466 2396 2536 xvm).
2433 2461 2614 2534 Usque
2643 2463 2778 2518 adeo
2807 2463 2822 2498 ¹
2851 2473 2981 2531 ergo
3005 2460 3232 2515 habetur
3261 2459 3361 2514 sub
3387 2457 3576 2526 tutela,

1983 2562 2074 2633 qui
2103 2561 2334 2616 habetur
2363 2559 2414 2612 in
2441 2571 2666 2612 numero
2684 2595 2700 2620 ,
2745 2561 2805 2608 ut
2833 2567 3020 2609 errans
3047 2551 3280 2624 propriis
3321 2557 3579 2621 apporte-

1985 2663 2072 2709 tur
2119 2651 2375 2716 humeris,
2413 2663 2479 2704 ne
2525 2646 2654 2718 quid
2691 2644 2758 2702 de
2807 2659 3032 2700 numero
3077 2644 3370 2697 minuatur.
3403 2640 3582 2696 Nolite

1985 2760 2116 2815 ergo
2171 2751 2386 2816 putare,
2431 2741 2648 2807 fratres,
2718 2737 2865 2808 quod
2913 2736 3002 2790 vel
3047 2735 3252 2790 minimi
3297 2732 3575 2803 cujusdam

1989 2837 2006 2890 i
2037 2837 2407 2892 obliviscatur.
2435 2832 2575 2886 Deus
2603 2831 2746 2886 enim
2787 2829 3028 2884 omnium
3053 2827 3316 2892 meminit,
3341 2825 3583 2880 Omnium

1986 2929 2328 2996 recordatur,
2352 2933 2562 2980 tantum
2611 2932 2809 2979 utnon
2858 2921 3056 2978 nostris
3099 2919 3585 2977 intervenientibus

1988 3023 2246 3095 peccatis,
2280 3020 2331 3075 ei
2359 3015 2624 3073 inferatur
2647 3015 2869 3072 oblivio.

1675 3213 1947 3277 SERMO
1994 3209 2196 3274 XVII.

1578 3317 1652 3372 De
1687 3314 2104 3388 Quadrugesima
2148 3307 2249 3364 III
2261 3349 2271 3363 .

1744 3401 2137 3462 ADMONITIO.

345 3496 478 3554 Non
507 3498 716 3566 ingrata
741 3499 1014 3556 laboribus
1035 3507 1234 3556 nostns
1262 3503 1442 3557 arrisit
1468 3500 1703 3556 fortuna.
1736 3495 2160 3570 Evoiutis_enim_
2177 3491 2408 3561 primum
2433 3488 2564 3543 bibl.
2591 3484 3278 3570 [faurentilalnte’eodic‘ibum
3305 3485 3591 3570 eauqnibus

275 3580 477 3640 unum,
511 3554 598 3640 vei
637 3554 866 3627 alterum
904 3554 962 3626 S.
999 3554 1230 3627 Μείἑίώί
1259 3554 1565 3628 sermonem
1585 3554 1947 3640 collegimus;
1964 3568 2095 3640 dum
2136 3554 2500 3640 lustraremus
2529 3559 2783 3640 codicem.
2805 3555 2906 3610 169
2935 3555 3064 3640 bibl.
3094 3555 3425 3640 cliuli-redii.
3455 3554 3591 3611 ccci.

273 3626 484 3710 major:
514 3626 755 3698 Florent.
794 3659 964 3697 novus
986 3626 1222 3699 occurrit
1249 3626 1338 3700 hic
1353 3626 1566 3704 sermo,
1599 3626 1819 3696 nomine
1847 3641 1902 3695 Β.
1925 3626 2156 3710 ’Μεικὶηῂ
2181 3640 2496 3710 exornatus.
2519 3629 2786 3710 _Ab.omn_i
2814 3643 2944 3710 ergo
2988 3626 3378 3710 disceptatione
3406 3641 3594 3681 exem-
3665 3666 3674 3672 .

273 3711 384 3780 pti,
413 3727 545 3793 eum
567 3727 679 3793 nec
694 3713 748 3793 in
778 3713 1066 3793 Ambrosii,
1095 3715 1278 3793 ncc__in
1306 3715 1586 3793 Augustini
1614 3713 1956 3793 sermonibus

273 3778 488 3907 magis,
529 3783 683 3865 ,ειυοᾴ
730 3784 938 3853 legatur
965 3784 1017 3838 in
1045 3785 1320 3840 codicibus
1347 3778 1612 3866 Vaticano
1639 3783 1950 3866 4222,.pag.
2006 3778 2030 3830 1

271 3849 334 3908 S.
420 3867 572 3907 ruens
601 3851 793 3908 Minor.
822 3853 1114 3908 Convent..
1147 3871 1290 3908 nunc
1319 3855 1704 3908 Laurentiano.
1729 3871 1821 3908 aut
1866 3852 1928 3908 S.
1969 3848 2030 3904 II:

1983 3706 2304 3765 reperiatur,
2332 3701 2534 3756 lubenti
2555 3700 2735 3754 animo
2765 3695 3192 3754 luce'lruendum
3222 3695 3501 3762 dedimus;
3525 3709 3594 3752 eo

2041 3732 2044 3756 τ
2117 3722 2304 3765 rtaltul',
2332 3722 2534 3756 Iuventi
2555 3722 2735 3754 aIIIIIIU
2765 3722 2884 3754 I'ICC
2909 3722 3192 3752 II'UCIIUUIII
3222 3722 3501 3762 υυυιιιιυθς
3525 3722 3594 3752 τυ

2041 3722 2132 3844 ﬁ,
2160 3783 2217 3830 et
2271 3791 2321 3830 IV
2351 3769 2491 3844 Plut.
2539 3785 2727 3844 nam,
2753 3783 2876 3841 pag.
2904 3769 2970 3844 '19
2998 3783 3029 3824 a
3077 3777 3248 3844 tergo,
3282 3767 3413 3823 bibl.
3463 3767 3595 3824 olim

420 3839 572 3926 rucjs'
601 3839 1114 3926 MinorTConventg
1147 3839 1704 3922 nunc-Laurentiano,
1729 3839 1846 3926 qui'
1866 3839 1928 3908 δῖ
1969 3839 2194 3904 Maximi
2221 3857 2420 3900 nomen
2469 3839 2786 3913 inscriptum
2817 3839 3128 3913 pmferunt.
3160 3839 3364 3895 Textus
3412 3845 3500 3894 est
3524 3851 3594 3896 ex

271 3922 484 3978 codice
514 3923 796 3978 Vaticano.

271 4010 692 4088 ARGUI_ENTUI.
714 4046 804 4088 __—
823 4012 1092 4084 Jejunium
1106 4016 1580 4088 (quadragesimum
1600 4017 1890 4088 institutum

347 4091 438 4158 est
461 4083 520 4158 in
549 4083 833 4158 remedium
843 4083 1067 4158 peccati.
1095 4083 1304 4141 Primus
1330 4083 1478 4141 homo
1499 4086 1668 4140 Adam
1689 4104 1720 4140 α
1733 4085 1892 4158 justi-

349 4152 442 4206 tia
492 4155 548 4208 in
570 4170 671 4226 qua
699 4154 937 4230 conditus
976 4159 1147 4228 fuerat
1183 4158 1388 4230 defecit,
1411 4158 1656 4212 violando
1694 4152 1892 4230 prince-

352 4231 517 4301 ptunt
542 4241 646 4301 non
690 4226 875 4282 edendi
901 4226 1164 4301 defructu
1205 4226 1406 4301 arboris
1433 4230 1668 4286 scientie
1694 4226 1816 4284 boni
1843 4238 1894 4284 et

568 4293 860 4371 Reparatur
905 4293 1046 4371 ergo
1073 4301 1228 4371 culpa
1265 4298 1591 4356 abstinentiae
1629 4302 1812 4356 virtute
1843 4310 1896 4354 et

353 4365 662 4442 dedicatio
700 4365 981 4424 mandatif
1006 4368 1110 4424 Cur
1157 4365 1334 4438 'Detts,
1373 4374 1603 4442 quamvis
1643 4372 1802 4427 bonus
1845 4381 1896 4427 et

356 4438 688 4515 misericors,
715 4445 1120 4515 ponammqrtis
1147 4453 1358 4513 peccato
1381 4438 1625 4515 originali
1641 4446 1895 4514 inﬂictam
1922 4439 1978 4502 D

355 4528 375 4565 π
389 4509 616 4564 clamare
634 4509 882 4581 uoluerit,
903 4509 1198 4568 doctissime
1219 4515 1464 4569 traditur.

366 4644 603 4702 Retinet
644 4647 904 4702 sanctitas
943 4656 1123 4704 vestra
1153 4657 1279 4704 ante
1301 4649 1416 4705 dies
1441 4657 1759 4720 prosecutos
1802 4667 1902 4706 nos

280 4755 422 4798 use
445 4738 596 4808 quod
622 4753 722 4812 per
741 4741 882 4796 hanc
909 4755 1095 4796 curam
1124 4752 1325 4797 sanctae
1347 4741 1777 4811 Quadragesima:
1819 4760 1904 4799 re-

281 4831 519 4904 paratio
554 4831 800 4902 qutedam
839 4832 1058 4887 humani
1097 4833 1311 4902 generis
1357 4833 1551 4901 agitur,
1580 4841 1637 4886 ut
1677 4847 1774 4903 per
1803 4835 1906 4890 hoc

283 4922 730 4980 sacratissimum
755 4931 973 4994 tempus
994 4921 1022 4960 ¹ί
1045 4923 1372 4979 conditionis
1397 4932 1597 4978 nostrze
1625 4922 1904 4996 fragilitas,

367 5037 566 5094 "'Cud.
591 5037 772 5094 Casin.
803 5056 919 5095 cum
947 5055 1102 5111 super
1123 5055 1324 5094 morum
1353 5047 1646 5095 nostrorum
1675 5042 1902 5096 alacrem

285 5111 749 5168 conversationem
772 5111 918 5167 betas
947 5112 1158 5166 incedit.

368 5182 400 5221 ι’
427 5180 576 5234 Idem
599 5179 742 5248 cod.,
777 5185 988 5237 turbare
1009 5192 1280 5236 conantur.
1307 5179 1436 5236 Cum
1463 5183 1666 5237 enim...

374 5267 400 5292 ο
439 5251 592 5306 Idem
622 5252 771 5319 cod.,
795 5252 998 5308 Dicitur
1025 5264 1194 5307 autem
1223 5254 1270 5306 ei
1297 5271 1328 5306 a
1353 5252 1610 5308 Domino:
1645 5252 1768 5309 Non
1787 5264 1897 5310 ten-

286 5325 459 5397 t::b_is_
472 5332 703 5397 sanctos,
721 5331 854 5392 etc.,
876 5333 1051 5397 putas,
1081 5327 1270 5378 senties
1286 5332 1554 5397 tanquam,
1579 5331 1684 5381 etc.

367 5393 400 5434 ὸ
436 5395 583 5468 Idem
607 5395 750 5468 cod.,
786 5393 906 5468 tunc
927 5413 1022 5451 nos
1045 5397 1285 5468 facinus.

375 5479 401 5505 ο
441 5466 588 5520 idem
612 5467 760 5532 cod.,
790 5467 990 5522 omittit
1020 5466 1092 5520 tu.

378 5537 398 5575 ῖ
441 5537 584 5590 Idem
614 5539 756 5597 cod.,
790 5546 1083 5592 nostrarum
1113 5539 1346 5592 meminit
1373 5541 1684 5593 animarum.

376 5619 404 5681 β
441 5608 586 5681 Idem
616 5609 759 5681 cod.,
783 5609 886 5662 Per
909 5626 1174 5664 numerum
1195 5612 1329 5664 enim
1360 5609 1683 5681 capillorum.

373 5678 404 5717 δ
444 5678 586 5734 Idem
614 5680 758 5744 cod.,
784 5691 1111 5735 annumerat.

382 5751 398 5789 ί
441 5749 587 5807 Idem
616 5751 764 5816 cod.,
799 5751 967 5820 Usque
1011 5754 1138 5807 adeo
1189 5752 1405 5807 habetur
1446 5770 1592 5808 amor
1625 5771 1725 5816 pro
1773 5754 1896 5816 illa,

1997 4027 2123 4070 cum
2143 4007 2570 4066 immortalitatis
2588 4006 2819 4078 gratiam
2845 4019 3010 4074 quam
3032 3992 3206 4061 Adam
3232 4003 3596 4074 delinquendo

1997 4101 2326 4173 perdiderat,
2355 4099 2602 4157 Christus
2615 4098 2942 4169 indulgendo
2960 4097 3220 4165 restituit,
3238 4093 3327 4152 let
3347 4093 3441 4166 qui
3461 4107 3566 4152 con
3594 4126 3599 4138 -

2001 4203 2082 4248 tra
2128 4193 2356 4249 vetitum
2405 4189 2742 4248 comedenda
2769 4195 3112 4261 peccaverat,
3161 4188 3250 4244 hic
3296 4187 3595 4274 secundum

2002 4293 2330 4356 praeceptum
2356 4283 2658 4355 jejunando
2681 4281 2962 4354 justiﬁeet.
2994 4279 3131 4337 Nam
3161 4280 3278 4336 haec
3307 4289 3390 4336 est
3417 4280 3596 4336 omnis

1999 4395 2163 4438 causa
2185 4377 2610 4434 CbriStianitatis
2635 4386 2690 4431 et
2719 4376 2862 4434 fidei.
2891 4385 2949 4430 ut
2977 4374 3217 4430 salvetur
3243 4373 3392 4442 quod
3417 4374 3592 4442 perie-

2002 4481 2118 4538 rat,
2151 4478 2436 4526 revocetur
2463 4467 2610 4538 quod
2661 4473 2962 4532 erraverat,
2996 4463 3141 4532 quod
3178 4462 3289 4531 jam
3324 4452 3606 4517 occiderat

2006 4576 2041 4601 ω
2071 4570 2404 4619 renascatur.
2441 4560 2571 4613 Nam
2612 4558 2796 4627 prima:
2827 4557 3012 4626 utique
3037 4554 3404 4624 generationis
3431 4552 3606 4608 oli‘on-

2006 4655 2089 4711 sio
2116 4653 2368 4710 secunda:
2398 4650 2540 4706 facta
2569 4659 2654 4704 est
2677 4646 2969 4702 nativitatis
2997 4644 3236 4710 occasio,
3269 4653 3324 4698 et
3353 4659 3420 4699 ex
3459 4645 3602 4700 illius

2009 4755 2036 4782 η
2061 4742 2460 4816 prmdicationis
2497 4738 2860 4809 delinquentis
2888 4735 3288 4806 justilicationis
3314 4735 3475 4807 hujus
3501 4752 3598 4792 ειη

2008 4837 2144 4891 stitit
2168 4835 2360 4905 gratia.
2395 4832 2511 4888 Non
2539 4832 2680 4887 enim
2703 4845 2838 4901 opus
2863 4828 3036 4884 fuerat
3060 4830 3114 4884 in
3143 4828 3362 4884 homine
3389 4830 3600 4889 renasci

2010 4927 2209 4995 denuo,
2229 4927 2275 4983 si
2293 4926 2440 4997 quod
2470 4927 2646 4981 fuerat
2684 4937 2791 4978 non
2814 4921 3058 4993 perisset.
3084 4919 3193 4977 Sed
3211 4921 3342 4978 dicit
3364 4922 3597 4992 aliquis:

2009 5043 2362 5168 πξῆπῖξέξέἒν
2389 5045 2442 5098 in
2471 5057 2708 5109 numero,
2730 5048 2790 5096 ut
2816 5056 3006 5096 errans
3040 5042 3266 5115 propriis
3293 5041 3600 5113 adportant

2033 5132 2094 5168 ur
2115 5132 2360 5168 nunterts.

2085 5191 2097 5236 l
2139 5186 2284 5240 Idem
2327 5185 2448 5241 cod.
2501 5184 2629 5253 legit
2664 5204 2676 5238 ;
2707 5184 3012 5256 cuqu
3053 5184 3387 5240 obliviscatur
3432 5181 3597 5240 Deus.

2012 5253 2254 5310 Omnium
2282 5257 2532 5321 meminit,
2561 5264 2664 5311 etc.

2082 5326 2107 5363 ¹ι
2138 5329 2272 5383 (20d.
2307 5329 2432 5397 169,
2459 5328 2588 5400 olim
2615 5326 2756 5400 adii.
2790 5334 3021 5400 ικαὶ-οι).
3053 5327 3188 5384 eeei.
3216 5325 3388 5394 Flor.,
3416 5325 3600 5382 condi--

2013 5400 2298 5473 tio_nostra
2325 5397 2954 5473 fragilitatisinnovatur.

2088 5468 2105 5509 ι
2137 5471 2284 5527 Idem
2310 5468 2456 5536 cedi,
2486 5479 2536 5524 et
2560 5471 2646 5541 qui
2667 5480 2850 5525 contra
2868 5471 3094 5541 uetitum.

2079 5552 2118 5580 ω
2141 5543 2287 5598 Idem
2309 5541 2434 5598 cod.
2454 5585 2470 5609 ,
2498 5538 2823 5595 retineantur.
2873 5538 3215 5604 Renascatur,
3247 5539 3481 5609 inquam,
3513 5538 3580 5592 de

2004 5631 2126 5679 nuo,
2152 5630 2254 5669 non
2279 5623 2542 5668 nascatur.

2076 5695 2101 5723 ιι
2127 5685 2272 5741 Idem
2303 5684 2449 5750 cod.,
2477 5703 2542 5740 ea:
2569 5685 2708 5740 iiiius
2741 5680 3186 5762 armationt's
3217 5679 3622 5754 delinquentiu-
