4056 6346
499 234 600 290 567

1694 234 1749 288 S.
1792 233 2036 289 MAXIM!
2073 233 2521 294 TAURINENSIS

3657 245 3751 300 5(8

499 356 681 414 Potuit
717 355 871 411 Deus,
904 353 1111 410 homini
1156 366 1276 423 quae
1301 365 1399 423 per
1426 349 1596 407 Adam
1644 358 1919 407 contracta
1957 351 2075 406 fue-
2105 358 2155 418 Α
2179 352 2349 409 ricors
2375 352 2599 422 largitus
2643 361 2727 412 est
2765 351 2991 408 veniam.
3025 352 3159 410 Nam
3185 352 3333 425 quod
3359 354 3642 422 morimur,
3672 359 3751 415 de-

500 458 622 507 rant
648 449 726 505 sic
754 447 1028 516 indulgere
1074 453 1315 519 peccata,
1337 452 1399 500 ut
1420 446 1627 501 renasci
1649 460 1772 501 eum
1794 444 1969 500 denuo
1991 460 2080 501 ue-

501 557 651 599 cesse
678 557 784 596 non
813 545 976 595 esset.
1002 536 1141 593 Audi
1190 538 1380 607 igitur,
1409 545 1466 593 et
1502 537 1737 606 intellige
1765 537 2030 592 rationem
2062 555 2075 591 :

501 634 661 696 Deus,
692 633 831 687 sicut
878 631 1097 697 scimus,
1127 645 1292 686 verax
1320 637 1376 685 et
1413 628 1590 699 justus
1617 636 1732 695 est,
1766 643 1866 683 nec
1900 635 2081 700 potest

502 725 788 797 aliquando
810 726 1045 781 mentiri.
1076 726 1210 780 Cum
1235 738 1364 793 ergo
1386 723 1553 780 Adam
1579 725 1915 794 plasmasset,
1948 730 2005 779 et
2027 724 2082 778 in

501 818 750 888 paradiso
772 817 945 886 legem
972 817 1023 872 ei
1068 815 1374 886 huiusmodi
1401 816 1709 883 statuisset,
1739 824 1798 871 ut
1825 818 1891 873 de
1938 817 2082 885 ligno

502 910 708 967 sciendi
734 911 934 966 bonum
962 916 1017 965 et
1053 911 1252 965 malum
1294 911 1507 981 penitus
1536 925 1643 966 non
1691 918 1948 980 gustaret,
1979 925 2083 978 qua

503 1002 591 1058 die
615 1011 639 1039 ει
663 1018 787 1057 eum
816 1009 1083 1071 gustasset
1103 1010 1277 1057 morte
1305 1017 1427 1057 eum
1463 1017 1583 1058 esse
1611 1001 1928 1057 moriturum
1952 1018 1966 1067 ;
1992 1000 2086 1070 igi-

503 1104 594 1150 tur
617 1096 780 1150 homo
806 1109 928 1150 cum
956 1095 1211 1151 mandato
1232 1094 1537 1165 huiusmodi
1562 1101 1853 1159 teneretur,
1885 1102 2083 1165 prazte-

503 1187 654 1241 riens
674 1184 1005 1250 mandatum,
1030 1186 1254 1242 incurrit
1280 1187 1336 1241 in
1363 1187 1554 1255 legem,
1580 1192 1635 1241 et
1656 1194 1882 1241 mortem
1923 1201 2084 1256 quam

505 1276 648 1332 Deus
674 1275 995 1348 praedixerat
1020 1278 1461 1348 praevaricatione
1498 1277 1760 1348 quaesivit.
1815 1274 1954 1347 Ergo
1983 1278 2087 1333 sic-

504 1377 565 1424 ut
601 1369 852 1434 diximus,
900 1369 1026 1439 quia
1062 1370 1389 1441 impossibile
1432 1378 1515 1425 est
1559 1370 1859 1426 Divinitatis
1886 1377 2085 1425 statuta

506 1462 756 1525 convelli,
787 1469 842 1518 et
860 1462 1025 1520 homo
1047 1463 1293 1532 laqueum
1314 1450 1712 1532 legisincurrit;
1737 1464 1858 1519 ideo
1886 1463 1936 1519 ei
1965 1464 2085 1519 abs-

506 1567 613 1622 que
659 1553 938 1609 nativitate
987 1553 1153 1608 altera
1198 1570 1305 1609 non
1347 1555 1588 1625 oportuit
1636 1554 1927 1623 indulgeri,
1960 1555 2085 1624 quia

505 1644 642 1699 solvi
692 1652 1083 1715 praeceptorum
1127 1644 1261 1700 ordo
1309 1662 1416 1701 non
1464 1654 1698 1717 poterat,
1733 1646 1828 1701 sed
1875 1646 2085 1702 renasci

2181 446 2314 502 creti
2344 446 2538 518 prioris
2561 453 2817 501 statutum
2840 454 2959 512 est;
2981 446 3126 515 quod
3153 448 3500 516 resurgimus,
3530 454 3753 509 muneris

2181 539 2455 608 sequentis
2478 548 2565 594 est
2593 538 2811 594 donum.
2843 539 3028 609 Igitur,
3062 540 3271 609 fratres,
3305 543 3460 599 vobis
3506 547 3752 600 catechu-

2181 632 2355 687 menis
2399 631 2591 702 loquor
2635 650 2648 685 :
2696 630 2944 687 festinate
2990 642 3012 671 ο
3057 632 3124 687 ad
3168 635 3416 689 secunda:
3471 637 3755 693 nativitatis

2183 726 2426 795 gratiam,
2445 732 2503 781 ut
2531 726 2583 780 in
2610 725 2764 781 vobis
2787 725 3002 781 ﬁniatur
3020 725 3213 795 Adam,
3242 728 3488 784 Christus
3517 730 3752 800 incipiat:

2182 825 2442 872 vacuetur
2469 832 2632 882 mors,
2665 817 2772 872 vita
2812 818 3084 886 succedat,
3131 819 3410 875 abolentur
3437 823 3758 878 austeritatis

2184 908 2471 971 sententia,
2503 907 2529 945 ἀ
2560 908 2922 963 innovationis
2960 909 3133 978 gratia
3162 911 3557 981 subsequatur;
3582 914 3755 968 abole-

2186 1007 2273 1053 tur
2292 1001 2433 1054 enim
2460 1000 2720 1055 severitas
2758 999 3066 1069 iudicantis,
3093 1010 3117 1039 ο
3146 1017 3269 1057 cum
3298 1004 3655 1058 renovatione
3684 1006 3757 1059 in-

2186 1084 2495 1146 tercedente
2516 1092 2684 1146 Deum
2713 1107 2868 1147 suum
2917 1093 3186 1148 sententia
3216 1108 3322 1148 non
3368 1095 3631 1162 agnoscit.
3655 1094 3759 1151 Ca2-

2187 1192 2361 1240 terum
2382 1184 2483 1239 nisi
2508 1191 2744 1239 mutatus
2773 1183 2932 1239 fuerit
2958 1193 3113 1241 vetus
3154 1185 3318 1240 homo
3345 1195 3548 1252 noster,
3596 1195 3651 1242 et
3685 1204 3761 1244 se-

2186 1285 2382 1350 quatur
2408 1292 2602 1332 novam
2648 1292 2933 1349 personam
2960 1293 3119 1348 pmna
3148 1278 3420 1349 praecepti,
3454 1293 3557 1334 nec
3584 1279 3760 1335 condi-

2185 1370 2391 1436 tionem
2420 1369 2583 1442 442
2610 1370 2800 1425 mortis
2827 1370 2996 1425 vitare
3017 1370 3238 1441 poterit,
3264 1370 3357 1440 qui
3383 1386 3493 1426 non
3523 1371 3765 1440 confuge-

2187 1464 2259 1519 rit
2283 1463 2350 1519 ad
2370 1463 2696 1519 conditionis
2715 1470 3010 1519 auctorem.
3037 1462 3127 1518 Ait
3148 1464 3292 1519 enim
3321 1463 3566 1519 Christus
3593 1463 3766 1519 Domi-

2189 1572 2290 1612 nus
2315 1573 2327 1610 :
2357 1552 2475 1610 Nisi
2500 1555 2822 1610 credideritis
2842 1555 2961 1626 quia
2983 1572 3078 1627 ego
3103 1572 3238 1625 sum,
3269 1555 3324 1609 in
3345 1554 3572 1626 peccatis
3600 1558 3767 1610 vestris

2191 1647 2479 1702 moriemini
2495 1644 2672 1717 (Joan.
2695 1644 2833 1712 vin).
2853 1644 2871 1683 ι
2888 1644 2977 1701 Sic
2997 1654 3177 1701 autem
3198 1645 3468 1701 credimus
3481 1643 3765 1711 Christum,

506 1733 785 1789 hominem
812 1735 999 1800 voluit,
1033 1744 1088 1790 et
1131 1736 1359 1791 alterum
1407 1737 1803 1807 quodammodo
1847 1738 1981 1804 ﬁeri,
2034 1746 2088 1794 et
2122 1751 2163 1811 Β
2191 1739 2374 1809 sicque
2413 1753 2513 1793 nos
2556 1737 2781 1805 gratiam
2822 1734 3053 1792 ﬁdeliter
3099 1737 3410 1802 induamus,
3442 1753 3633 1792 verum
3661 1752 3771 1794 esse

506 1825 633 1894 quia
675 1840 780 1881 non
811 1833 1024 1895 poterat
1051 1827 1184 1896 legis
1212 1829 1406 1883 mutari
1438 1830 1703 1884 sententia
1728 1868 1742 1894 ,
1792 1837 2087 1884 mutaretur
2192 1831 2334 1903 quod
2362 1830 2527 1886 dicit:
2553 1828 2674 1887 Nisi
2701 1832 2813 1903 quis
2835 1838 3043 1884 renatus
3065 1830 3220 1902 fuerit
3246 1848 3312 1885 ex
3326 1847 3460 1902 aqua
3482 1829 3768 1902 (laesum),

505 1914 610 1985 legi
639 1916 849 1972 addicta
878 1919 1351 1988 persona,scilicet
1377 1931 1432 1976 et
1451 1921 1505 1976 in
1534 1938 1641 1977 uno
1664 1922 1961 1993 eodemque
1989 1923 2091 1977 ho-
2196 1931 2253 1980 et
2279 1923 2504 1993 reliqua.
2528 1920 2814 1976 lnduamur
2835 1934 2964 1989 ergo
2992 1921 3248 1987 Domino;
3271 1928 3379 1976 tam
3398 1921 3593 1990 gratia,
3621 1936 3771 1991 quam

505 2005 652 2062 mine
672 2006 899 2063 alterum
920 2010 1157 2066 conditio
1184 2011 1491 2081 stringeret,
1520 2013 1747 2069 alterum
1768 2015 1939 2086 gratia
1959 2015 2096 2071 libe-

504 2106 674 2162 raret,
687 2107 928 2156 vetustus
938 2102 1267 2158 satisfaceret
1277 2106 1569 2172 severitati,
1589 2121 1759 2163 novus
1770 2116 2107 2166 accresceret

505 2187 759 2260 bonitati,
784 2202 1047 2261 quatenus
1075 2203 1130 2250 et
1157 2206 1484 2267 praaceptum
1514 2198 1625 2254 vim
1651 2214 1803 2254 suam
1840 2201 2099 2257 retineret

505 2278 561 2335 in
591 2280 830 2352 homine,
872 2292 928 2340 et
970 2286 1245 2342 hominem
1291 2303 1485 2345 census
1524 2290 1662 2345 alter
1709 2301 1943 2348 erueret.
1995 2292 2097 2360 Qui

506 2373 649 2427 enim
672 2375 970 2431 renascitur
988 2377 1183 2447 prioris
1210 2381 1573 2447 generationis
1583 2382 1823 2453 implevit
1833 2385 2099 2442 conditio-

508 2480 653 2531 nem,
686 2465 845 2539 44],
876 2470 1124 2525 secunda:
1144 2471 1442 2527 nativitatis
1467 2475 1630 2528 sumit
1657 2475 1948 2543 originem;
1981 2476 2091 2545 qui,

507 2556 746 2627 inquam,
791 2562 1106 2627 renascitur,
1136 2562 1307 2619 linivit
1338 2580 1458 2620 esse
1491 2566 1634 2636 quod
1680 2564 1870 2632 fuerat,
1913 2567 2100 2638 incipit

507 2664 627 2707 esse
654 2651 797 2719 quod
826 2670 934 2710 non
967 2664 1101 2721 erat,
1132 2664 1376 2714 mortuus
1401 2665 1485 2713 est
1516 2657 1540 2697 δ
1580 2660 1841 2728 antiquis,
1872 2659 2099 2714 innova-

507 2746 595 2795 tus
621 2749 705 2796 est
718 2741 831 2811 jam
855 2744 1064 2803 futuris.
1097 2746 1267 2815 Quam
1294 2750 1467 2804 bonus
1488 2749 1651 2818 igitur
1697 2749 1953 2805 Dominus
1999 2764 2097 2805 no-

449 2891 453 2894 .
508 2838 651 2897 ster;
682 2832 761 2888 sic
788 2833 960 2902 legem
988 2838 1196 2903 statuit,
1222 2846 1280 2893 ut
1298 2839 1717 2895 misericordiam
1736 2855 1845 2895 non
1861 2839 2093 2906 omittat;

508 2924 588 2982 sic
608 2925 912 2996 miseretur,
946 2937 1006 2983 ut
1042 2930 1175 3000 legis
1203 2938 1403 2987 statuta
1450 2947 1558 2987 non
1596 2932 1784 2987 violet.
1817 2931 2092 3001 Tanquam

383 3084 401 3102 ,
506 3021 682 3094 iustus
701 3025 845 3081 enim
865 3033 1150 3084 exsecutus
1162 3033 1247 3083 est
1271 3025 1616 3090 sententiam,
1649 3034 1904 3095 tanquam
1931 3024 2094 3080 mise-

2201 2013 2517 2085 praeceptis;
2548 2027 2696 2067 mors
2724 2012 2867 2067 enim
2896 2026 2990 2067 eos
3019 2026 3127 2067 non
3164 2012 3435 2075 retinebit,
3457 2028 3583 2068 cum
3615 2010 3773 2066 Adam

2207 2114 2233 2153 κ
2262 2102 2475 2171 viderit,
2512 2118 2633 2160 cum
2667 2101 2883 2158 Christo
2911 2117 3047 2169 esse,
3084 2102 3176 2172 qui
3202 2102 3313 2157 vita
3347 2110 3450 2157 est.
3482 2100 3774 2173 Praecepta,

2210 2196 2404 2266 inquit,
2453 2196 2569 2266 ejus
2615 2201 2741 2250 ante
2769 2195 2947 2250 omnia
2996 2208 3402 2261 conservemus,
3430 2201 3488 2248 et
3514 2195 3776 2264 praecipue

2199 2292 2267 2348 de
2286 2289 2502 2363 jejuniis
2527 2288 2977 2357 Quadragesimaa.
3009 2286 3160 2344 Sicut
3186 2288 3330 2343 enim
3372 2287 3638 2359 plerique,
3668 2288 3778 2358 qui-

2198 2386 2298 2441 bus
2318 2398 2438 2439 cum
2461 2382 2548 2438 hic
2570 2380 2847 2451 jejunandi
2874 2381 3266 2438 sacratissimus
3296 2395 3550 2436 numerus
3593 2381 3778 2437 indici-

2200 2482 2307 2540 tur,
2337 2473 2665 2545 interpositis
2706 2471 3053 2529 hebdomadis
3078 2472 3333 2527 divinitus
3358 2480 3621 2528 statutum
3651 2480 3776 2528 tem-

2198 2584 2299 2639 pus
2319 2568 2525 2624 violant
2544 2563 2903 2631 comedendo,
2934 2580 3044 2620 non
3077 2564 3433 2633 intelligentes
3473 2563 3623 2635 quod
3679 2580 3779 2621 non

2199 2661 2421 2717 minoris
2449 2658 2902 2731 prmvaricationis
2929 2664 3115 2713 contra
3152 2656 3494 2712 interdictum
3522 2655 3786 2724 gustando.

2198 2754 2277 2809 rei
2304 2760 2449 2819 sunt,
2480 2766 2641 2822 quam
2689 2750 2779 2805 ille
2802 2749 2972 2805 Adam
3024 2747 3117 2819 qui
3161 2755 3349 2804 contra
3376 2746 3605 2802 vetitum
3635 2762 3782 2801 man-

2197 2842 2432 2906 ducavit,
2470 2839 2498 2878 ιι
2528 2840 2624 2897 sed
2652 2839 2792 2895 illius
2819 2838 3289 2910 prmvaricationes
3314 2836 3515 2894 Christi
3558 2836 3783 2892 redemit

2196 2934 2405 3005 passio;
2433 2933 2564 2988 istos
2587 2931 2707 3002 quis
2743 2929 2990 2996 redimet,
3035 2929 3127 3000 qui
3168 2929 3615 3000 praevaricatores
3661 2935 3782 2984 sunt

2197 3032 2321 3096 post
2347 3024 2561 3082 Domini
2589 3023 2941 3095 passionem?

1798 3178 1803 3184 -
1867 3139 2137 3202 SERMO
2178 3141 2411 3203 XVIII.

1818 3243 1898 3299 De
1926 3242 2340 3315 Quadragesima
2380 3242 2485 3299 IV.

1964 3333 2358 3392 ADMONITIO.

578 3450 711 3507 Cum
736 3451 787 3506 in
816 3450 1004 3508 codice
1031 3449 1348 3522 Taurinensi
1368 3450 1457 3506 hic
1484 3465 1662 3522 sermo
1691 3450 1992 3522 reperiatur
2012 3466 2159 3522 num.
2189 3449 2259 3503 28
2300 3449 2377 3503 De
2400 3447 2829 3518 Quadragesima,
2858 3448 3191 3522 subsequens
3214 3462 3342 3502 vero
3367 3446 3424 3522 in
3442 3447 3659 3522 duobus
3682 3462 3787 3502 ma-

508 3522 796 3592 nuscriptis
824 3538 951 3578 mox
968 3521 1246 3578 laudandis
1264 3530 1510 3591 repertus
1538 3521 1608 3576 ad
1636 3517 1778 3578 hunc
1796 3521 2046 3576 eumdem
2066 3520 2347 3592 referatur,
2364 3517 2647 3592 utrumque
2668 3526 2855 3592 sancto
2879 3517 3109 3592 Maximo
3136 3527 3322 3573 nostro
3339 3517 3783 3592 adjudicavimus.

506 3586 727 3648 Monere
753 3608 861 3648 non
889 3592 1183 3649 omittimus
1210 3586 1446 3648 editores
1473 3592 1700 3648 eximios
1728 3608 1949 3662 operum
1973 3592 2143 3646 sancti
2171 3589 2451 3658 Augustini
2498 3586 2790 3643 monachos
2803 3586 2860 3643 S.
2889 3588 3057 3643 Mauri
3080 3590 3131 3643 in
3151 3589 3450 3713 ggpendice
3478 3603 3784 3645 sermonum

509 3662 759 3713 eumdem
782 3664 1028 3713 msuisse
1050 3662 1148 3713 sub
1163 3678 1312 3713 num.
1345 3662 1448 3713 Mi”
1480 3661 1554 3713 De
1577 3662 1988 3713 Ouadraaesima
2019 3661 2341 3713 IV.colunt.
2375 3658 2478 3712 189
2503 3657 2632 3713 edit.
2665 3659 2923 3713 Antuern.
2958 3676 3047 3713 an.
3084 3660 3149 3713 Π
3225 3700 3239 3713 .
3271 3659 3361 3713 ubi
3384 3658 3645 3713 iudicium
3665 3659 3784 3713 Ver-

3225 3700 3239 3721 ν

434 3722 437 3725 _
509 3662 759 3733 eumdem
782 3664 1028 3733 posuisse
1050 3662 1148 3718 sub
1163 3678 1312 3718 num.
1345 3662 1448 3717 145
1480 3661 1554 3717 De
1577 3657 1988 3733 Quadragesima
2019 3662 2044 3715 Ι
2061 3657 2341 3733 V,colum.
2372 3658 2478 3733 l89
2503 3657 2923 3733 edi_t._Antuerp.
2958 3676 3047 3714 an.

3271 3659 3361 3713 ubi
3378 3658 3645 3728 judicium
3665 3659 3787 3713 Ver-

508 3732 604 3803 lini
626 3740 683 3803 et
712 3728 978 3803 Vindingii
1007 3741 1373 3801 recensentes,
1406 3749 1512 3788 non
1536 3728 1927 3803 repudiandum
1948 3732 2150 3788 dixere.
2183 3729 2544 3803 hovauienses
2570 3728 2885 3803 dubitarunt
2905 3738 3083 3784 utrum
3109 3730 3168 3785 S.
3193 3730 3492 3803 Augustino
3513 3730 3786 3803 ascriheu-

508 3801 607 3858 dus
633 3801 802 3875 foret;
845 3799 1042 3875 et'jure
1063 3804 1276 3875 quidem
1324 3799 1389 3859 ac
1412 3799 1627 3871 merito,
1658 3820 1777 3858 cum
1820 3803 2142 3875 Maximiana
2170 3800 2382 3875 (licendi
2412 3801 2551 3875 ratio
2592 3800 2773 3875 potius
2828 3800 3042 3855 eluceat
3068 3816 3230 3871 quam
3260 3799 3629 3872 Hipponensis
3672 3800 3783 3871 epi-

507 3873 677 3944 scopi.
707 3872 767 3928 In
787 3869 973 3930 codice
1002 3869 1320 3929 Taurinensi
1349 3869 1636 3930 adnotatur
1656 3889 1957 3929 sermonem
1982 3872 2051 3926 ‘27
2081 3872 2159 3927 De
2173 3870 2583 3942 Quadragesima
2609 3869 2821 3925 deesse.

509 3987 906 4071 Annuusufwu.‘
933 4020 1004 4071 τ-
1029 3986 1218 4071 Merito
1237 3988 1581 4071 quadraginta
1611 3989 1809 4042 dierum
1832 4005 2095 4071 numerum
2120 3994 2166 4057 ο
2197 3995 2457 4057 quantum
2479 3994 2534 4042 et
2578 3986 2647 4041 de
2690 4000 2919 4056 corpore
2946 3985 3275 4055 voluptatem
3311 3985 3324 4033 l
3362 3983 3660 4054 depellunt.
3697 3970 3789 4038 Est

580 4058 836 4132 custodire
871 4057 1110 4132 debemus
1125 4057 1362 4132 jejuniis,
1392 4057 1542 4128 quem
1569 4074 1670 4132 per
1688 4060 1922 4130 exempla
1944 4058 2097 4132 Moy-

580 4128 670 4190 sis,
728 4126 865 4199 lilia:
904 4126 1192 4199 Christique
1233 4126 1546 4199 Saluatoris,
1570 4130 1782 4199 legimus
1823 4126 2095 4185 consecra-
2148 4172 2151 4181 κ

580 4206 708 4269 tum.
745 4194 844 4261 Qui
873 4194 1189 4269 abstinemus
1211 4215 1305 4253 nos
1327 4216 1359 4252 a
1379 4194 1649 4264 carnibus,
1674 4208 1722 4253 et
1739 4200 2039 4269 jejunamus
2061 4219 2094 4255 η

582 4265 731 4334 cibis,
753 4268 1013 4342 imprimis
1045 4279 1257 4342 peccata
1286 4269 1563 4342 fugiamus,
1590 4279 1639 4323 et
1666 4286 1697 4322 a
1726 4265 1862 4324 uitiis
1883 4271 2093 4342 jejuna-

580 4353 711 4401 mus,
745 4336 988 4412 bonisque
1009 4336 1247 4409 operibus
1267 4336 1562 4393 serviamus.

579 4432 752 4491 Omne
778 4434 902 4490 vita:
949 4443 1148 4491 nostra:
1194 4442 1407 4505 tempus
1445 4434 1676 4491 stadium
1705 4436 1971 4505 quoddam
1994 4437 2092 4493 de-

508 4529 698 4585 bemus
723 4536 918 4600 putare
956 4527 1233 4594 virtutum,
1267 4535 1322 4582 et
1358 4527 1426 4582 ad
1466 4528 1686 4584 caeleste
1714 4529 1956 4584 bravium
1978 4536 2091 4584 tota

509 4630 691 4677 mente
718 4621 1067 4677 contendere.
1101 4619 1208 4675 Sed
1235 4620 1339 4677 hoc
1356 4620 1626 4691 praecipue
1652 4622 1705 4676 in
1735 4620 2094 4691 Quadragesi-

510 4726 613 4767 ma:
641 4712 831 4769 diebus
858 4713 1184 4783 implendum
1220 4712 1262 4778 ί,
1294 4713 1386 4781 qui
1429 4712 1767 4768 abstinentia:
1792 4729 1855 4769 ac
1877 4713 2096 4784 jejuniis

512 4802 760 4870 dedicati,
792 4811 1002 4859 tantum
1022 4804 1179 4858 nobis
1227 4802 1293 4857 ad
1322 4803 1577 4859 virtutem
1604 4804 1766 4859 animi
1792 4805 2092 4875 conferunt,

584 4952 630 5064 :t
650 4941 783 5064 Cod‘.
810 4941 936 5009 169,
956 4942 1084 4996 olim
1098 4940 1377 4997 aadiLmet.
1409 4956 1491 4997 ec.
1514 4941 1683 5009 Flor.,
1706 4961 1806 5016 qua
1823 4944 1907 5000 die
1927 4959 2097 5005 autem

634 5029 747 5064 0888
775 5054 789 5064 .

513 5021 797 5162 inﬁmiin}
817 5083 964 5152 cod.,
984 5091 1216 5139 mortuus
1237 5093 1314 5139 est
1340 5087 1597 5158 antiquus,
1613 5095 1662 5140 et
1690 5086 1964 5145 innovatus
1983 5092 2098 5162 jam

515 5156 794 5282 [atumem
823 5225 969 5289 cod.,
993 5226 1063 5279 ad
1080 5226 1320 5281 secunda:
1348 5227 1629 5283 nativitatis
1658 5233 1878 5286 veniam.

583 5296 612 5382 εξ
648 5297 794 5382 Idem
824 5295 965 5382 cod.,
996 5298 1278 5382 nativitatis
1304 5301 1473 5382 gratia
1491 5300 1844 5382 subsequatur.

585 5378 610 5407 ο
649 5368 793 5424 Idem
823 5366 942 5423 cod.
973 5365 1205 5423 aboletur
1230 5365 1366 5424 enim
1390 5372 1631 5425 severitas
1650 5365 1955 5441 iudicantis,
1980 5389 2094 5427 cum

508 5443 565 5496 in
595 5441 818 5495 novitate
838 5454 1091 5494 reversum
1111 5441 1415 5495 sententiam
1430 5458 1531 5495 non
1555 5442 1804 5512 agnoscit.
1837 5443 2088 5496 therum

509 5513 611 5566 nisi
631 5518 854 5566 mutatus
875 5512 1030 5583 fuerit
1058 5521 1194 5566 vetus
1222 5513 1373 5566 homo
1419 5520 1612 5583 noster,
1651 5519 1699 5564 et
1728 5522 1967 5583 sequatur
1989 5530 2085 5567 no-

509 5599 626 5637 uam
655 5582 963 5664 personam,
990 5598 1084 5664 nec
1110 5599 1312 5664 plenam
1355 5582 1578 5664 peccati,
1610 5597 1700 5663 nec
1747 5583 2093 5664 conditionem

404 5710 409 5715 ,
511 5651 877 5735 mortis-vitare
894 5651 1217 5735 poteritﬂqui
1238 5651 1665 5724 non’confugerit
1696 5651 1763 5704 ad
1785 5651 2093 5731 conditionis

514 5725 889 5783 auctoritatem.
920 5724 1007 5778 Ait
1034 5724 1190 5789 enim,
1222 5730 1327 5778 etc.

2197 4087 2376 4134 autem
2407 4077 2674 4147 legitimus
2692 4092 2949 4133 numerus
2978 4076 3066 4131 ille
3090 4075 3297 4145 jejunii,
3329 4082 3384 4130 et
3406 4075 3502 4144 qui
3536 4072 3563 4112 ιι
3593 4075 3648 4129 in
3667 4089 3787 4128 san-

2197 4170 2297 4225 ctis
2324 4169 2630 4223 celebratur
2657 4167 2939 4236 exemplis.
2987 4165 3198 4237 Moyses
3244 4165 3416 4233 legem
3467 4162 3787 4234 acciepturus

2197 4277 2228 4315 a
2273 4260 2413 4328 Deo,
2451 4261 2804 4331 quadraginta
2834 4260 2949 4315 dies
2994 4268 3156 4328 atque
3197 4267 3385 4313 noctes
3431 4258 3639 4326 absque
3669 4257 3786 4311 cibo

2197 4363 2435 4425 potuque
2458 4355 2734 4422 transegit,
2760 4360 2814 4407 et
2833 4352 2900 4407 ad
2927 4350 3322 4422 suscipiendam
3352 4350 3565 4405 Domini
3600 4350 3786 4406 volun-

2200 4456 2365 4503 tatem
2389 4448 2608 4517 jejuniis
2635 4454 2967 4518 prmparatus
2987 4452 3088 4501 est.
3117 4444 3258 4500 Elias
3286 4451 3409 4515 post
3433 4443 3787 4513 quadraginta

2197 4540 2407 4595 dierum
2426 4540 2649 4609 jejunia,
2680 4555 2841 4595 curru
2863 4539 3023 4607 igneo
3052 4537 3120 4592 ad
3144 4550 3395 4606 suprema
3429 4535 3694 4590 cmlorum
3719 4533 3787 4590 de

2196 4631 2302 4686 hoc
2322 4629 2519 4684 mundo
2552 4630 2846 4686 translatus
2870 4638 2971 4684 est.
2999 4629 3118 4699 Ipse
3164 4642 3379 4698 quoque
3421 4625 3684 4680 Dominus
3724 4638 3787 4678 ac

2197 4720 2447 4776 Salvator
2476 4730 2659 4777 noster
2687 4720 3045 4792 quadraginta
3090 4718 3278 4772 diebus
3303 4714 3554 4785 jejunans
3582 4715 3651 4770 de
3676 4714 3788 4768 dia~

2200 4813 2309 4869 boli
2339 4814 2728 4870 teutatiouibus
2769 4811 3137 4883 triumphavit,
3168 4818 3227 4864 ut
3255 4808 3321 4863 ad
3350 4807 3785 4878 prmdicationem

2278 4952 2297 4992 ί
2339 4952 2486 5008 Idem
2527 4953 2676 5020 cod.,
2709 4952 2769 5009 Si
2798 4962 2967 5007 autem
3014 4951 3380 5007 crediderimus
3428 4949 3711 5015 Christum,
3740 4947 3785 5020 si

2199 5026 2311 5096 ejus
2351 5027 2573 5096 gratiam
2603 5016 2693 5080 nos
2722 5024 2945 5095 ﬁdeliter
2989 5024 3282 5086 induamus,
3313 5036 3488 5077 verum
3513 5028 3623 5085 est,
3653 5016 3785 5091 quod

2200 5044 2311 5147 (eius
2351 5044 2573 5096 gratiam
2603 5044 2693 5080 nos
2722 5044 2945 5095 [taemer
2989 5044 3282 5086 inauamus,
3313 5044 3488 5077 verum
3513 5044 3623 5085 eu,
3653 5044 3780 5091 quau

2237 5096 2501 5170 icit_:_nisi
2527 5098 2659 5170 quis,
2687 5102 2789 5151 etc.
2866 5166 2876 5170 _
2914 5164 2924 5170 _
3080 5167 3089 5170 _
3199 5164 3211 5170 -
3438 5159 3495 5170 m
3546 5162 3559 5170 _
3600 5169 3604 5170 ί
3766 5157 3780 5170 _

2272 5176 2297 5213 Β
2338 5165 2482 5220 Idem
2510 5159 2653 5232 cod.,
2701 5182 2814 5220 cum
2844 5164 3009 5219 Adam
3048 5164 3234 5218 vixerit
3279 5178 3393 5217 cum
3433 5159 3661 5223 Christo,
3697 5159 3780 5229 qui

2198 5237 2301 5290 vita
2321 5247 2415 5291 est.
2449 5236 2739 5307 Prwcepta,
2770 5238 2999 5307 inquam,
3028 5235 3142 5307 ejus
3170 5243 3291 5307 ante
3316 5233 3493 5307 omnia
3521 5242 3779 5291 conserve-

2197 5318 2408 5387 mus-e_t
2436 5302 2691 5387 prwcipue
2718 5302 3036 5387 dies-'jejunii
3055 5302 3540 5387 'Quadragesimazgl
3592 5372 3603 5383 .
3634 5371 3667 5387 ﬂ

2202 5325 2327 5371 mus,
2360 5325 2408 5362 ει
2436 5325 2589 5379 ρνωει
2628 5325 2691 5362 ue
2718 5325 2826 5362 ares
2877 5325 3036 5376 ejunu
3067 5325 3508 5387 uuaaragesimw.
3592 5372 3603 5383 .
3657 5371 3667 5382 '

2202 5377 2480 5502 ἇεὲιβὰειη
2510 5326 2655 5444 σοί,
2679 5379 2770 5434 sed
2796 5325 2943 5433 illbm
2969 5385 3447 5446 prtevancanonem
3477 5370 3666 5428 Christi
3692 5383 3775 5424 re-

2318 5457 2355 5501 tl
2385 5451 2576 5502 vassio.

2318 5450 2355 5501 it
2385 5451 2576 5505 passio.

2280 5467 2705 5591 ἒέῗῐῗδῖἰξωτη
2735 5519 3051 5591 implendum
3076 5527 3173 5574 est.

2274 5590 2287 5639 i
2337 5589 2467 5645 Ead.
2499 5591 2652 5653 edit.,
2685 5589 2979 5659 decerpunt.

2272 5660 2296 5698 κ
2337 5659 2467 5717 Ead.
2499 5661 2652 5730 edit.,
2685 5662 2763 5717 his
2789 5658 2983 5717 sanctis
3012 5658 3315 5726 celebratur,
3338 5664 3445 5717 etc.
