4056 6346
232 284 337 352 569
411 250 419 258 ’

1636 270 1863 329 SERMO
1900 270 2033 327 XIX.

3375 271 3488 336 570

235 396 495 469 Evangelii
516 392 630 465 jam
668 390 844 448 victor
885 390 1184 447 accederet.
1228 386 1420 444 Merito
1461 401 1593 442 vero
1639 387 1802 443 etiam
1830 391 1884 451 Α
1907 386 2139 443 tionibus
2162 385 2384 441 fratrum
2412 386 2651 442 membra
2687 386 2960 444 lacerare?
2986 385 3124 456 Quid
3164 388 3403 460 prodest,
3439 391 3489 450 si

237 507 328 550 nos
346 492 482 546 hunc
507 485 712 542 dierum
756 477 1045 539 numerum'
1079 480 1348 538 custodire
1388 479 1641 535 debemus
1664 478 1807 550 jeju-

235 585 349 647 niis,
379 591 534 650 quem
563 591 662 647 per
683 575 812 630 talia
840 574 1087 644 exempla
1137 572 1364 641 legimus
1409 579 1801 627 consecratum.

236 674 568 729 Celebremus
614 681 743 737 ergo
779 666 894 722 dies
930 682 1053 722 cum
1094 664 1242 720 omni
1288 663 1566 719 alacritate
1612 664 1808 719 mentis

238 765 387 837 443
409 756 463 818 'et
489 759 703 831 gaudio,
735 766 791 815 et
829 773 925 814 eos
953 757 1202 814 omnibus
1229 756 1401 827 epulis
1428 762 1483 811 et
1510 755 1806 826 corporali—

238 860 329 912 bus
348 853 548 910 deliciis
567 850 934 922 pmicramus.
967 848 1023 904 In
1053 848 1138 903 his
1165 847 1309 903 enim
1335 847 1602 918 praecipue
1621 846 1809 902 diebus

236 947 298 1002 ad
344 941 663 1015 implendam
735 940 948 996 Domini
1018 940 1350 996 voluntatem
1420 936 1806 1003 accendamur,

236 1036 440 1109 quando
462 1035 696 1090 maxime
723 1048 821 1104 per
848 1032 1227 1089 abstinentiam
1249 1030 1495 1101 voluptas
1514 1029 1691 1085 carnis
1710 1043 1809 1083 ex-

234 1128 528 1200 stinguitur.
560 1125 712 1183 Tunc
739 1126 883 1182 enim
909 1124 976 1180 ad
1004 1124 1308 1189 Dominum,
1340 1130 1395 1178 et
1419 1132 1442 1159 α
1470 1123 1539 1178 ad
1565 1121 1680 1193 ejus
1725 1120 1810 1177 fu-

234 1231 345 1276 tura
369 1218 631 1290 promissa
651 1231 804 1272 mens
816 1216 1003 1287 purior
1020 1214 1255 1282 festinat,
1273 1229 1395 1271 cum
1406 1214 1550 1289 nulla
1570 1212 1809 1284 crapula,

231 1311 367 1369 nulla
391 1310 495 1367 cibi
519 1325 584 1365 ac
610 1317 771 1382 potus
808 1308 1055 1364 satietate
1083 1313 1375 1362 crassatur.
1410 1303 1561 1360 Unde
1589 1311 1647 1360 et
1689 1303 1810 1359 Sal-

230 1413 377 1459 vator
402 1402 455 1457 in
486 1400 779 1471 Evangelio
807 1399 979 1455 dixit:
1013 1398 1277 1453 Attendite
1322 1400 1496 1470 itaque
1543 1395 1719 1461 vobis,
1750 1411 1812 1450 ne

228 1505 496 1570 graventur
510 1510 730 1566 corpora
750 1502 917 1548 vestra
939 1493 993 1547 in
1015 1492 1229 1560 crapula
1243 1500 1292 1545 et
1310 1491 1573 1555 ebrietate,
1598 1495 1647 1543 et
1667 1488 1812 1560 cogi-

232 1587 506 1644 tationibus
553 1585 907 1653 saecularibus,
938 1594 987 1639 et
1014 1586 1339 1655 superveniat
1364 1586 1418 1638 in
1447 1600 1536 1637 vos
1559 1583 1668 1636 dies
1720 1581 1814 1635 illa

229 1678 254 1720 δ
266 1681 530 1752 repentina
555 1696 572 1733 :
597 1688 838 1750 tanquam
861 1678 1071 1750 laqueus
1084 1677 1218 1731 enim
1232 1678 1550 1747 superveniet
1576 1676 1814 1728 universo

1909 479 2271 536 abstineamus
2300 479 2368 534 ab
2415 480 2499 536 his
2539 495 2657 551 qua:
2698 481 2986 552 aliquando
3030 481 3195 555 ω
3222 484 3406 555 licent,
3435 496 3490 542 et

1908 573 2166 629 faciamus
2202 572 2292 627 illa
2331 587 2451 642 qua:
2480 589 2751 644 nunquam
2777 575 2977 633 licent?
3004 575 3146 632 Deus
3189 578 3331 633 enim
3373 578 3493 635 illos

1907 664 2140 720 honorat
2176 670 2231 718 et
2276 663 2447 733 diligit
2473 665 2565 734 qui
2614 665 2797 722 illicita
2844 665 3069 737 fugiunt.
3101 666 3191 724 Sic
3238 683 3397 739 ergo,
3434 677 3494 725 ut

1908 754 2038 820 dixi,
2069 754 2373 825 jejunemus
2404 770 2434 810 a
2455 755 2608 823 cibis,
2650 763 2709 810 ut
2755 757 2926 814 multo
2951 758 3121 828 magis
3139 758 3442 828 jejunemus
3462 775 3493 815 a

1909 848 2077 916 vitiis,
2097 855 2157 902 ut
2183 856 2490 903 sanctorum
2521 859 2546 895 ε
2577 864 2786 905 morum
2816 851 3061 907 ubertate
3080 856 3405 918 saturemu'r,
3438 862 3498 910 ut

1911 949 1967 996 et
1994 941 2046 996 in
2070 939 2248 997 futuro
2288 956 2593 997 mereamur
2625 943 2863 1013 ipsorum
2887 960 3112 1016 operum
3141 947 3497 1005 retributione

1910 1034 2115 1098 satiari,
2138 1034 2277 1089 sicut
2300 1034 2353 1089 in
2383 1032 2675 1103 Evangelio
2704 1035 2962 1104 legimus:
2983 1036 3131 1093 Beati
3158 1040 3245 1111 qui
3264 1041 3497 1094 esuriant

1910 1134 1960 1179 et
1984 1125 2163 1179 sitiunt
2184 1126 2463 1196 justitiam,
2489 1127 2731 1197 quoniam
2760 1126 2863 1197 ipsi
2887 1128 3257 1185 saturabuntur
3280 1130 3497 1204 (Matth.

1911 1218 1988 1288 v).
2016 1216 2167 1270 lllam
2198 1217 2342 1271 enim
2371 1217 2865 1286 compensationem
2901 1219 3071 1289 magis
3108 1220 3309 1291 eligere
3337 1222 3501 1279 debe-

1913 1324 2051 1373 mus,
2084 1316 2145 1363 ut
2174 1304 2200 1345 ιι
2229 1308 2361 1364 cibis
2390 1309 2582 1379 quibus
2619 1324 2719 1364 nos
2746 1309 3094 1378 abstinemus,
3131 1326 3226 1368 eos
3244 1315 3500 1384 pauperi-

1912 1400 2013 1455 bus
2060 1415 2124 1460 ac
2165 1399 2429 1456 debilibus
2484 1400 2805 1470 largiamur;
2848 1400 3140 1457 secundum
3193 1403 3321 1459 illud
3355 1405 3503 1475 quod

1914 1491 2170 1561 scriptum
2193 1499 2275 1545 est
2308 1510 2320 1545 :
2355 1491 2504 1547 Beati
2536 1493 2620 1565 qui
2669 1493 2897 1548 contenti
2926 1501 3046 1563 sunt
3072 1495 3286 1561 esurire,
3330 1506 3385 1551 ut
3411 1497 3504 1553 alii

1915 1583 2234 1653 reﬁciantur.
2277 1582 2420 1638 Satis
2457 1583 2570 1639 Deo
2600 1592 2880 1656 acceptum
2924 1595 3008 1641 est
3034 1600 3250 1654 munus,
3290 1589 3506 1657 quando

1918 1674 2160 1743 indigens
2188 1680 2481 1740 saturatur,
2510 1675 2729 1745 quando
2782 1674 2955 1732 nudus
3000 1676 3257 1743 vestitur,
3293 1677 3507 1748 quando

227 1772 428 1837 arundo,
462 1780 515 1825 et
568 1786 718 1825 nemo
757 1770 968 1840 effugiet
996 1769 1013 1839 (
1042 1768 1165 1822 Luc.
1213 1766 1356 1838 xxi).
1389 1765 1497 1821 Sed
1531 1772 1586 1820 et
1615 1764 1705 1819 illa
1732 1772 1816 1820 est
1848 1775 1890 1836 Β
1919 1765 1997 1820 ira
2028 1781 2134 1820 non
2165 1765 2459 1836 perficitur,
2490 1774 2544 1822 et
2571 1765 2861 1823 iracundia:
2886 1775 3097 1839 tempus
3122 1784 3230 1825 non
3259 1784 3508 1825 reserva-

228 1862 663 1931 Quadragesimae
710 1859 900 1915 diebus
940 1858 1165 1930 grandis
1215 1857 1436 1923 utilitas,
1490 1856 1637 1927 quod
1685 1854 1813 1910 dum

225 1956 379 2011 etiam
408 1969 440 2008 a
471 1950 639 2009 licitis
658 1951 990 2008 abstinemus
1009 1991 1024 2015 ,
1054 1950 1224 2020 magis
1253 1965 1317 2005 ac
1345 1936 1514 2018 magis
1554 1946 1815 2002 admone-

223 2064 340 2104 mur
366 2047 559 2103 illicita
581 2047 772 2102 vitare.
798 2044 900 2113 Qui
928 2045 1071 2100 enim
1101 2044 1429 2099 abstinemus
1450 2058 1550 2097 nos
1576 2057 1605 2095 a
1634 2040 1813 2097 carni—

221 2141 333 2205 bus,
365 2141 570 2213 quibus
598 2140 716 2194 aliis
744 2138 933 2194 diebus
963 2137 1041 2192 uti
1071 2138 1231 2203 licet;
1266 2146 1288 2175 α
1317 2136 1410 2205 qui
1453 2151 1553 2190 nos
1580 2133 1817 2189 abstine-

222 2249 335 2288 mus
371 2249 402 2287 a
446 2233 617 2299 vino,
648 2246 757 2302 quo
808 2230 1086 2286 moderate
1134 2229 1212 2283 uti
1250 2227 1404 2293 licet;
1441 2227 1532 2296 qui
1560 2239 1690 2294 ergo
1713 2225 1816 2279 ista

220 2325 470 2388 vitamus,
505 2339 633 2395 qua:
657 2321 945 2393 aliquando
975 2321 1167 2387 licent,
1199 2319 1458 2390 imprimis
1484 2324 1708 2388 peccata
1730 2315 1815 2371 fu-

220 2418 440 2488 giamus,
473 2431 603 2489 quae
630 2415 851 2471 omnino
872 2415 898 2452 ά
930 2431 1039 2470 non
1070 2414 1253 2470 licent.
1284 2412 1471 2482 Itaque
1498 2412 1543 2466 si
1572 2410 1817 2466 volumus

219 2509 456 2581 iejunare
486 2525 519 2564 a
553 2507 707 2573 cibis,
740 2515 865 2562 ante
893 2507 1074 2563 omnia
1099 2506 1404 2577 jejunemus
1432 2520 1463 2559 a
1482 2504 1643 2559 vitiis.
1677 2501 1817 2570 Quid

220 2604 359 2658 enim
382 2602 615 2675 prodest
642 2611 667 2640 θ
699 2601 952 2673 pallidum
984 2616 1104 2656 esse
1130 2602 1148 2639 τ
1178 2600 1416 2671 jejuniis,
1447 2601 1492 2655 si
1519 2599 1644 2656 odio
1666 2605 1721 2654 et
1741 2599 1819 2653 in-

219 2694 351 2749 vidia
373 2694 650 2751 livescas?
676 2693 815 2761 Quid
844 2694 985 2749 enim
1008 2693 1230 2764 prodest
1253 2694 1436 2749 vinum
1467 2709 1576 2749 non
1603 2693 1833 2757 bibere,

219 2796 267 2842 et
292 2788 593 2844 iracundia:
613 2802 823 2843 veneno
842 2786 1097 2843 inebriari
1113 2788 1136 2841 ?
1150 2784 1288 2854 Quid
1308 2787 1529 2858 prodest
1549 2785 1817 2841 abstinere

218 2893 244 2934 ι
264 2880 523 2938 carnibus
554 2878 623 2935 ad
652 2878 917 2937 edendum
947 2879 1162 2945 creatis,
1194 2886 1250 2934 et
1275 2879 1519 2950 malignis
1547 2879 1818 2935 obtrecta-

1917 1866 2022 1924 tur,
2076 1857 2292 1928 quando
2342 1859 2540 1914 malum
2568 1875 2667 1931 pro
2708 1858 2851 1917 malo
2894 1877 3000 1917 non
3052 1861 3311 1918 redditur.
3356 1861 3508 1920 Tunc

1916 1955 2068 2019 grata
2100 1956 2226 2011 sunt
2248 1949 2361 2004 Deo
2389 1959 2571 2006 nostra
2588 1949 2816 2021 jejunia,
2848 1952 2894 2007 si
2934 1952 3009 2008 illi
3051 1953 3143 2023 qui
3171 1953 3240 2010 de
3275 1954 3510 2011 necessi-

1916 2047 2029 2095 tate
2065 2038 2328 2111 jejunant,
2374 2041 2684 2097 reficiantur
2730 2058 2761 2096 a
2789 2043 2964 2100 nobis.
2999 2042 3152 2100 Tunc
3176 2045 3318 2100 enim
3352 2045 3507 2100 illam

1918 2132 2130 2188 Domini
2170 2134 2492 2189 sententiam
2542 2134 2729 2190 audire
2774 2135 3145 2191 merebimur:
3186 2136 3351 2192 Amen
3393 2137 3508 2194 dico

1924 2225 2084 2292 vobis,
2125 2225 2353 2298 quandiu
2385 2227 2580 2298 fecistis
2600 2228 2692 2281 uni
2719 2244 2784 2282 ea:
2810 2229 3039 2283 minimis
3077 2230 3212 2294 istis,
3238 2228 3363 2283 mihi
3393 2231 3511 2303 feci-

1921 2321 2015 2375 stis
2068 2318 2282 2391 (Matth.
2338 2319 2483 2389 xxv).
2517 2317 2562 2373 0
2614 2319 3054 2389 benignissimum
3106 2321 3389 2377 Dominum
3442 2321 3510 2378 ad

1921 2413 2280 2471 edomandam
2305 2413 2582 2473 hominum
2618 2415 2918 2482 avaritiam,
2957 2415 3050 2486 qui
3097 2415 3198 2472 sibi
3237 2414 3353 2472 dari
3380 2415 3510 2472 dicit

1921 2506 2066 2579 quod
2093 2506 2179 2562 vel
2207 2505 2429 2563 minimo
2458 2507 2681 2579 pauperi
2708 2506 2966 2562 donatum
2989 2504 3186 2562 fuerit!
3223 2503 3386 2559 Vobis
3413 2518 3509 2558 au-

1921 2607 2052 2666 tem,
2085 2597 2298 2668 fratres,
2326 2607 2546 2670 praestet
2572 2599 2783 2655 Domini
2810 2588 3176 2654 misericordia
3212 2594 3228 2635 ί
3266 2601 3325 2651 ut
3375 2594 3511 2664 jeju-

1923 2692 2026 2749 niis
2054 2699 2109 2747 et
2136 2690 2514 2764 elecmosynis,
2545 2690 2704 2746 bonis
2750 2690 3005 2761 operibus
3046 2687 3312 2755 serviatis,
3340 2694 3401 2741 ut
3442 2684 3511 2743 ad

1924 2792 2185 2841 aeternam
2213 2799 2395 2841 veram
2423 2785 2589 2840 vitam
2616 2799 2715 2840 vos
2734 2782 2996 2855 perducat
3040 2783 3156 2856 ipse
3180 2783 3273 2853 qui
3299 2780 3431 2838 vivit
3456 2784 3510 2837 et

1927 2888 2115 2949 regnat
2144 2880 2195 2935 in
2222 2879 2416 2936 saecula
2435 2879 2773 2935 saeculorum.
2799 2877 2990 2935 Amen.

1624 2990 1894 3055 SERMO
1936 2993 2115 3055 XIX.

1588 3097 1668 3153 De
1697 3096 2117 3168 Quadragesima
2159 3095 2223 3150 V.

1686 3189 2081 3247 ADMONITIO.

288 3284 371 3359 Ad
401 3293 700 3359 auctorem;
716 3287 1009 3359 superioris
1035 3287 1463 3359 sermonis‘bunc
1490 3285 1760 3359 pertinere
1799 3282 2381 3359 docueruntmonachi
2400 3280 2465 3359 ξ.
2495 3280 2665 3359 Mauri
2695 3279 2761 3359 it_i_
2790 3279 3085 3359 appendice
3110 3281 3358 3359 serm._S.
3379 3283 3502 3359 _Au-

219 3357 455 3429 gustini,
478 3371 607 3428 pag.
641 3356 745 3411 182
766 3350 891 3413 edit.
927 3359 1184 3429 Antuerp.
1219 3356 1375 3413 1700.
1402 3350 1664 3412 Fatentur
1686 3353 1848 3429 fuisse
1877 3352 2163 3429 Ambrosio
2192 3352 2516 3429 aveteribus
2553 3350 2846 3429 editoribus
2882 3350 3216 3429 attributum,
3243 3352 3512 3429 ejusdem-

220 3421 324 3499 que
356 3421 540 3484 Patris
558 3421 857 3484 sententias
882 3430 1089 3499 aliquas
1111 3421 1425 3498 complecti;
1450 3436 1687 3499 attamen
1711 3440 1809 3499 nec
1824 3424 1965 3499 huic,
1992 3438 2167 3492 neque
2190 3423 2487 3499 Augustino
2517 3421 2856 3499 adjudicant,
2882 3421 3009 3499 quia
3038 3423 3282 3478 neutrius
3309 3425 3509 3496 stylum

218 3496 270 3551 in
298 3513 368 3563 e,o
400 3500 708 3555 inveniunt.
741 3500 877 3555 Cum
919 3496 1099 3557 autem

1177 3492 1335 3555 miter
1361 3498 1571 3555 dicendi
1603 3494 2005 3551 similitudinem
2053 3501 2311 3563 appareat
2342 3493 2614 3563 colligatio
2661 3507 2784 3547 cum
2830 3492 3111 3563 superiore
3157 3492 3427 3557 sermone,
3454 3506 3509 3552 et

218 3561 450 3624 accedat
480 3570 845 3626 testimonium
875 3571 1078 3627 codicis
1107 3561 1470 3635 Taurinensis,
1503 3568 1593 3623 ubi
1622 3568 1697 3622 ita
1745 3565 2054 3621 inscribitur
2086 3561 2100 3617 Ξ
2132 3564 2265 3618 Item
2306 3564 2371 3617 de
2419 3561 2842 3635 Quadragesima
2868 3561 3037 3635 sermo
3076 3562 3175 3629 VI,
3226 3573 3280 3619 et
3307 3565 3509 3624 codicis

218 3639 388 3695 etiam
418 3657 455 3696 χ
486 3625 831 3697 Laurentiani
860 3625 1135 3708 Plutaxtv,
1158 3625 1429 3713 pag.7275,
1453 3625 1587 3696 satis
1614 3638 1891 3709 explorata
1915 3644 1997 3692 est
2022 3636 2181 3701 ratio,
2213 3650 2310 3690 cur
2336 3642 2391 3689 et
2419 3625 2560 3688 hunc
2585 3625 2774 3688 sancto
2795 3625 3029 3689 Maximo
3049 3625 3399 3691 ascribamus.

215 3746 704 3835 Angusrguruu.—
725 3757 950 3835 Causam
970 3758 1151 3835 indicti
1171 3774 1203 3809 a
1228 3754 1431 3835 Christo
1448 3754 1639 3835 jejunii
1662 3754 1821 3835 fuisse
1848 3751 1894 3815 C
1925 3762 2062 3803 mur.
2095 3746 2255 3819 445
2286 3745 2392 3801 Sed
2427 3744 2701 3801 videamus
2739 3760 2859 3814 qua:
2901 3760 3061 3803 causa
3090 3744 3266 3813 fuerit,
3298 3755 3359 3802 ut
3382 3746 3512 3818 jeju-

287 3826 353 3882 S.
389 3826 669 3883 Maximus
712 3827 1014 3893 arbitratur,
1044 3836 1099 3880 ut
1128 3824 1530 3879 immortalitatis
1576 3824 1815 3895 giarium,

289 3916 462 3970 quam
485 3900 681 3970 primus
711 3899 879 3970 Adam
916 3914 1006 3968 per
1033 3897 1484 3970 intemperantiam
1514 3895 1719 3961 amisit,
1750 3910 1826 3948 se-

286 3965 509 4022 cundus
533 3969 699 4022 Adam
733 3965 965 4021 Christus
993 3984 1083 4037 per
1112 3965 1475 4037 abstinentiam
1522 3974 1820 4037 repararet;

285 4057 352 4094 ac
402 4039 582 4109 multa
608 4041 805 4109 profert
843 4037 905 4090 de
940 4034 1158 4109 Artamo,
1202 4036 1265 4091 de
1317 4034 1551 4102 Christo,
1580 4034 1646 4090 de
1672 4034 1821 4101 Eva,

286 4110 357 4166 de
390 4107 584 4161 Maria
611 4107 826 4177 virgine,
853 4108 919 4161 de
945 4107 1163 4163 deserto.

286 4201 352 4256 Si
384 4200 540 4254 bene
569 4198 761 4253 retinet
788 4207 964 4255 vestra
1016 4200 1262 4266 dilectio,
1303 4201 1496 4256 fratres
1543 4201 1823 4267 carissimi,

170 4288 507 4364 superiori
556 4289 821 4347 dominica
887 4293 1292 4363 praedicavimus
1363 4293 1510 4363 quod
1584 4302 1825 4350 sanctam

208 4382 721 4453 Quadragesimam
750 4384 1071 4440 abstinendo
1114 4386 1229 4456 ipse
1258 4385 1514 4441 Dominus
1542 4402 1828 4444 consecra-

208 4483 412 4539 verat,
465 4479 529 4528 et
580 4480 661 4529 tot
687 4475 892 4531 dierum
942 4478 1282 4550 noctiumque
1334 4480 1603 4535 curriculo
1648 4481 1828 4535 cibum

211 4566 457 4623 omnino
491 4579 601 4619 non
628 4566 863 4636 capiens,
895 4585 1058 4624 unum
1087 4584 1150 4626 ac
1179 4570 1408 4625 solidum
1430 4570 1619 4640 jejunii
1653 4576 1666 4623 i
1701 4589 1826 4628 cor-

212 4675 319 4733 pus
348 4655 626 4722 effecerit,
656 4672 763 4727 quo
793 4660 846 4714 in
884 4669 1057 4715 totum
1086 4678 1193 4716 non
1222 4663 1512 4718 observare
1543 4663 1566 4701 ¹ι
1609 4666 1828 4721 sacrile-

212 4766 348 4822 gum
371 4757 467 4805 est
518 4767 531 4801 :
580 4744 649 4804 ex
670 4760 822 4820 parte
849 4752 1051 4807 violare
1091 4761 1372 4823 peccatum
1399 4762 1499 4809 est.
1532 4754 1647 4810 Hoc
1684 4756 1826 4810 enim

212 4847 347 4905 facit
374 4859 558 4903 causa
589 4844 776 4899 salutis
804 4856 1021 4911 nostras,
1065 4853 1125 4900 ut
1153 4862 1270 4901 rem
1298 4847 1485 4902 utilem
1514 4863 1623 4901 non
1654 4848 1825 4903 solum

212 4938 457 4995 doceret
487 4936 688 5003 verbis,
721 4937 815 4993 sed
836 4937 997 4993 etiam
1026 4939 1288 5010 exemplis
1316 4939 1635 5005 instrueret;
1660 4948 1717 4994 ut
1760 4940 1826 4997 iis

210 5034 426 5106 quibus
458 5020 541 5086 ad.
563 5029 724 5089 ﬁdem
755 5030 1037 5099 currimus,
1068 5030 1135 5087 ad
1162 5031 1541 5088 abstinentiam
1570 5032 1823 5101 gradere-

288 5178 317 5208 ⁸
359 5167 524 5222 Edit.
554 5164 722 5219 Maur.
764 5164 963 5218 omittit
990 5164 1077 5219 ad.

290 5240 318 5279 δ
358 5237 511 5292 Ead.
563 5236 717 5301 edit.,
766 5235 873 5291 dies
918 5234 1011 5291 illa
1063 5245 1303 5309 tanquam
1350 5237 1617 5307 repentina
1659 5244 1843 5290 :tan--

209 5328 399 5384 quant,
434 5315 551 5363 etc.

292 5400 311 5417 σο
360 5380 427 5436 In
461 5377 589 5433 ead.
624 5376 754 5450 edit.
806 5377 1148 5450 omittuntur,
1176 5381 1263 5450 qui
1300 5396 1395 5435 nos
1441 5380 1753 5435 abstinemus
1797 5396 1830 5433 a

207 5454 499 5530 vino,_gut_)
529 5446 790 5530 moderate
816 5449 891 5501 uti
911 5450 1045 5530 licet...

284 5522 314 5560 ά
345 5517 514 5599 ⁷
546 5517 712 5599 edit.,
730 5534 989 5599 nunquam
1007 5521 1190 5599 licent.

288 5603 316 5630 ο
362 5588 517 5646 Ead.
543 5588 673 5643 edit.
697 5588 977 5665 interiecta
1007 5590 1173 5665 habet
1199 5591 1302 5665 alia
1334 5609 1346 5645 :
1381 5590 1517 5657 Quid
1537 5596 1673 5648 enim
1703 5609 1828 5665 pro-

1926 3840 2016 3894 nia
2038 3837 2289 3893 Salvator
2317 3836 2596 3904 indiceret,
2628 3844 2683 3892 et
2706 3837 2822 3908 ipse
2848 3836 2946 3892 sibi
2971 3836 3219 3907 primum,
3254 3846 3311 3892 ut
3337 3838 3512 3896 bonus

1926 3914 2145 3993 humani
2180 3928 2392 3997 generis
2433 3926 2671 3983 medicus
2701 3927 2991 3997 jejunaret.
3022 3927 3202 3983 Bonus
3229 3930 3373 3984 enim
3396 3946 3512 3986 me-

1925 4020 2077 4077 dicus
2106 4020 2358 4092 poculum
2401 4018 2546 4089 quod
2581 4032 2726 4087 aegro
2752 4017 2976 4073 daturus
3003 4026 3088 4073 est
3115 4019 3261 4089 prior
3308 4004 3506 4088 gustat,

1927 4120 1985 4168 ut
2017 4112 2268 4183 peritiam
2297 4106 2428 4166 artis
2468 4124 2578 4165 suae
2617 4118 2743 4165 ante
2771 4126 2832 4165 se
2864 4108 2883 4148 ι
2930 4110 3044 4180 ipse
3070 4109 3425 4176 demonstret,
3461 4114 3512 4169 ei

1928 4205 2353 4277 experimentum
2381 4216 2525 4272 aeger
2562 4203 2830 4274 accipiens
2854 4218 3075 4259 securus
3101 4203 3170 4258 sit
3190 4202 3256 4258 de
3296 4196 3508 4275 poculo,

1927 4298 2167 4353 Securior
2193 4296 2260 4351 de
2288 4296 2480 4352 salute.
2512 4294 2715 4350 Deinde
2742 4309 2849 4364 quo
2876 4295 2982 4350 loci
3027 4294 3133 4349 hoc
3174 4295 3348 4365 ipsum
3376 4305 3512 4350 tem-

1927 4406 2027 4461 pus
2048 4388 2238 4460 jejunii
2268 4388 2597 4460 procuravit.
2636 4386 2774 4442 Dicit
2799 4388 2943 4442 enim
2980 4386 3306 4455 evangelista
3345 4387 3511 4442 absti-

1929 4484 2110 4539 nuisse
2138 4482 2421 4537 Dominum
2449 4480 2800 4552 quadraginta
2846 4479 3033 4533 diebus
3081 4487 3135 4533 et
3181 4479 3430 4536 noctibus
3456 4480 3511 4534 in

1928 4574 2165 4629 deserto.
2189 4572 2440 4626 Arbitror
2466 4572 2646 4638 itaque
2670 4585 2888 4625 causam
2917 4570 3055 4623 hanc
3074 4584 3193 4624 esse
3210 4568 3424 4639 jejunii,
3451 4578 3512 4625 ut

1929 4665 2053 4733 quia
2082 4664 2287 4733 primus
2309 4660 2477 4715 Adam
2506 4661 2559 4714 in
2588 4660 2839 4729 paradiso
2860 4661 3178 4715 constitutus
3203 4676 3301 4731 per
3319 4661 3512 4716 intem-

1928 4756 2228 4825 perantiam
2279 4753 2415 4822 gulae
2462 4752 2689 4822 gloriam
2746 4752 3158 4807 immortalitatis
3210 4753 3508 4823 amiserat,

1929 4846 2173 4902 eamdem
2221 4845 2678 4900 immortalitatem
2736 4843 3002 4900 secundus
3050 4845 3217 4900 Adam
3267 4845 3511 4900 Christus

1928 4958 2027 5015 per
2068 4941 2449 4996 abstinentiam
2476 4947 2771 5010 repararet.
2804 4936 2874 4993 Et
2908 4939 3033 5009 quia
3070 4948 3256 4995 contra
3286 4940 3509 4995 manda-

1927 5044 2041 5090 tum
2070 5034 2165 5089 Dei
2190 5043 2409 5106 gustans
2435 5033 2502 5089 de
2531 5032 2815 5089 interdicta
2837 5033 3032 5088 arbore
3057 5043 3338 5104 peccatum
3364 5048 3512 5092 mor-

1851 5165 1905 5227 D
2006 5162 2025 5202 ΐ
2065 5164 2199 5220 Ead.
2231 5164 2381 5228 edit.,
2406 5164 2631 5235 jejunio.

2007 5247 2031 5283 8
2070 5236 2205 5291 Ead.
2238 5235 2390 5300 edit.,
2421 5242 2715 5289 sanctorum
2735 5248 2960 5303 operum.

2008 5305 2032 5344 δ
2072 5307 2204 5363 Ead.
2229 5305 2381 5373 edit.,
2411 5313 2466 5359 ut
2494 5323 2526 5359 a
2555 5303 2699 5358 cibis.

1974 5376 2027 5464 ,ί
2070 5377 2204 5464 Ead.
2229 5376 2391 5445 edit.,
2418 5385 2475 5431 ut
2521 5378 2565 5432 ei
2612 5374 2829 5449 jejuniis
2872 5382 2923 5431 et
2966 5376 3302 5450 eleemosynis
3336 5379 3393 5432 in
3420 5378 3511 5433 bo-

1930 5458 2031 5517 nis,
2058 5458 2161 5507 etc.

2005 5526 2019 5600 i
2070 5520 2475 5600 éliasttempus.
2574 5581 2582 5587 _
2921 5588 2932 5600 _
3313 5588 3345 5600 ,,
3414 5588 3425 5600 ,

2003 5594 2032 5633 ¹ί
2071 5592 2204 5651 Cod.
2234 5588 2395 5650 Laur.
2426 5608 2489 5660 x,
2533 5600 2693 5647 totum
2743 5608 2847 5647 non
2881 5588 3149 5646 observare
3186 5588 3510 5660 sacrilegium

211 5665 332 5737 dest
368 5676 610 5718 vacuare
647 5675 829 5728 corpus
861 5659 927 5714 ab
965 5663 1113 5729 escis,
1140 5670 1189 5719 et
1214 5663 1441 5719 animam
1490 5666 1685 5737 replere
1703 5659 1830 5737 'pec-
1932 5677 2026 5737 est.

209 5736 376 5793 catis.

2017 5736 2033 5775 ι
2068 5736 2216 5793 Idem
2241 5736 2374 5794 Cod.
2406 5735 2661 5792 Laurent.
2696 5735 2807 5804 ipse
2840 5736 2894 5789 in
2914 5740 2962 5788 te
2984 5731 3314 5787 demonstret.
