4056 6346
504 244 606 303 571

1723 241 1781 300 S.
1822 241 2076 298 MAXIMI
2111 239 2562 302 TAURINENSIS

505 363 576 421 tis
611 361 902 427 inciderat,
940 378 1083 421 nunc
1109 359 1403 419 secundum
1431 362 1742 419 mandatum
1772 361 1983 418 Domini
2003 361 2087 430 je-
2113 367 2160 424 Α
2189 360 2430 416 omnium
2477 359 2748 420 malorum
2788 361 2976 434 causa)
3024 362 3180 423 deest
3218 371 3280 422 et
3311 365 3534 426 mulier.
3561 365 3786 428 Poterat

507 453 700 526 junans
725 455 847 509 vita:
869 453 1132 523 justitiam
1163 462 1476 512 mereretur.
1511 452 1626 510 Hoc
1666 453 1808 508 enim
1837 453 1946 524 egit
1973 451 2092 508 Sal-

508 557 697 612 vator,
743 553 802 600 ut
845 545 1029 599 iisdem
1078 545 1314 615 vestigiis
1379 547 1575 616 quibus
1627 546 1858 602 admissa
1895 545 2094 602 fuerint

509 640 730 704 delicta,
759 645 1072 709 purgentur,
1105 639 1210 695 hoc
1238 647 1340 706 est,
1371 640 1494 710 quia
1523 641 1687 694 homo
1715 637 2103 695 manducando-

508 728 846 799 deliquerat,
889 729 1125 797 corrigat
1152 729 1473 785 abstinendo
1507 748 1518 782 :
1559 729 1644 784 vel
1671 729 1794 798 quia
1825 727 2093 799 epulando

513 819 794 874 mulierem
825 827 1178 888 cognoverat,
1213 837 1354 877 nunc
1381 821 1627 876 eamdem
1653 819 1950 891 jejunando
1994 819 2090 876 de-

508 913 719 983 spiciat.
751 913 916 968 Adam
935 915 1075 968 enim
1098 913 1264 969 Evam
1289 915 1499 970 nonnisi
1529 913 1937 986 intemperantia
1961 929 2092 984 pro-

514 1015 737 1062 curante
759 1007 1015 1075 cognovit
1043 1007 1081 1060 ¹.
1113 1005 1359 1073 Quandiu
1390 1013 1566 1061 autem
1597 1005 1790 1061 mansit
1812 1007 1863 1059 in
1893 1005 1997 1059 illis
2020 1005 2098 1059 in-

513 1107 774 1156 temerata
803 1099 1056 1170 parcitas,
1087 1100 1280 1154 mansit
1309 1107 1363 1153 et
1390 1098 1668 1169 impolluta
1691 1097 1966 1165 virginitas
1996 1114 2009 1150 :
2039 1103 2096 1152 et

511 1188 746 1259 quandiu
771 1187 1152 1258 jejunaverunt
1181 1189 1248 1244 ab
1283 1189 1577 1244 interdictis
1608 1189 1802 1258 epulis,
1829 1187 2014 1242 tandiu
2039 1196 2096 1242 et

517 1295 546 1336 a
576 1279 844 1350 pudendis
879 1277 1191 1350 jejunavere
1232 1280 1484 1350 peccatis.
1515 1279 1706 1334 Fames
1751 1279 1895 1334 enim
1923 1278 2095 1334 amica

517 1371 839 1440 virginitatis
876 1379 978 1436 est,
1012 1371 1222 1426 inimica
1252 1370 1503 1426 lasciviae.
1536 1369 1798 1424 Saturitas
1823 1384 1952 1424 vero
1977 1384 2096 1424 cas-

513 1463 722 1516 titatem
752 1459 1003 1532 prodigii,
1035 1462 1204 1516 nutrit
1229 1461 1551 1516 illecebram.
1584 1460 1770 1529 Igitur,
1801 1459 1938 1514 sicut
1959 1459 2092 1525 dixi,

511 1553 620 1609 hoc
658 1553 769 1623 agit
809 1553 1065 1608 Dominus
1107 1554 1171 1609 iis
1195 1552 1515 1624 przejudiciis
1561 1552 1753 1621 quibus
1783 1552 1944 1606 homo
1999 1551 2097 1606 ob-

513 1645 710 1700 noxius
737 1651 960 1714 peccato
1014 1644 1188 1699 fuerat
1221 1644 1500 1700 liberetur.
1543 1641 1838 1713 Propterea
1864 1657 2097 1712 namque

2195 453 2337 510 enim
2366 452 2538 510 Adam
2557 455 2700 511 inter
2722 455 2840 512 illas
2871 457 3108 526 paradisi
3135 459 3488 518 inconcussus
3517 469 3666 520 stare
3693 463 3785 520 de-

2195 547 2366 613 licias,
2395 547 2443 604 si
2470 546 2582 602 Eva
2619 547 2814 604 ibidem
2857 565 2978 606 cum
3020 550 3300 609 diabolicis
3329 561 3354 590 ⁸
3380 552 3654 610 illecebris
3680 571 3784 612 non

2195 639 2400 696 fuisset.
2428 639 2771 696 Conveniens
2794 655 2923 710 ergo
2945 650 3030 696 est
3056 642 3332 700 desertum
3354 644 3542 712 saluti,
3563 645 3654 704 ubi
3683 664 3786 703 non

2195 738 2276 786 est
2304 729 2436 796 Eva,
2477 745 2595 800 qua:
2648 732 2957 802 persuadet,
2991 749 3099 791 non
3127 741 3210 790 est
3247 735 3441 792 mulier
3477 750 3602 809 quae
3645 737 3790 796 blan-

2195 820 2358 878 ditur.
2383 821 2573 876 Videte
2595 837 2710 878 rem
2735 823 2945 890 miram,
2971 823 3028 882 in
3045 823 3297 894 paradiso
3321 841 3444 881 cum
3465 825 3646 882 Mam
3670 827 3788 882 dia-

2195 912 2350 972 bolus
2378 912 2659 978 decertat,
2704 914 2756 968 in
2781 914 2999 972 deserto
3037 930 3163 972 cum
3188 915 3404 974 Christo
3424 917 3680 974 diabolus
3707 919 3790 974 di-

2197 1002 2378 1077 micat,
2412 1003 2611 1074 ubique
2637 1003 2922 1060 insidiatur
2941 1005 3168 1072 homini,
3193 1005 3392 1076 ubique
3421 1008 3788 1078 congreditur.

2198 1094 2304 1168 Sed
2334 1097 2424 1151 ubi
2453 1097 2734 1152 mulierem
2766 1097 2994 1165 invenit,
3013 1098 3180 1154 vincit
3211 1117 3224 1152 :
3250 1099 3340 1154 ubi
3368 1099 3658 1156 mulierem
3682 1118 3792 1158 non

2199 1187 2426 1255 invenit,
2452 1187 2628 1243 victus
2667 1187 2929 1244 abscedit.
2977 1187 3232 1244 Formam
3269 1189 3433 1258 igitur
3459 1189 3612 1246 dedit
3639 1191 3795 1248 nobis

2197 1275 2340 1333 Deus
2369 1279 2424 1334 in
2467 1278 2574 1334 hoc
2613 1279 2778 1342 facto,
2818 1286 2878 1334 ut
2902 1279 3231 1348 jejuniorum
3261 1289 3507 1352 tempore
3539 1289 3796 1352 tanquam

2197 1369 2469 1424 desertum
2511 1369 2818 1428 habitantes
2859 1370 3224 1426 abstineamus
3268 1371 3460 1441 epulis,
3491 1373 3795 1442 voluptate,

2197 1459 2449 1527 muliere,
2498 1475 2565 1514 ne
2593 1459 2952 1529 conjuugatur
2975 1460 3135 1516 nobis
3180 1459 3310 1526 Eva,
3352 1477 3423 1516 ne
3458 1477 3562 1517 nos
3588 1479 3622 1517 a
3647 1471 3798 1521 casta

2199 1551 2578 1607 observatione
2625 1552 2943 1608 illecebrosa
2989 1552 3344 1622 persuasione
3389 1554 3691 1610 subvertat.
3737 1554 3797 1610 In

2198 1643 2412 1700 deserto
2459 1643 2602 1700 enim
2654 1643 3051 1714 quodammodo
3097 1644 3310 1700 videtur
3355 1645 3606 1702 habitare
3632 1689 3650 1713 ,
3703 1646 3800 1716 qui

514 1751 612 1808 per
641 1737 819 1791 omnia
851 1737 1142 1792 secundum
1173 1737 1576 1793 similitudinem
1605 1737 1754 1805 Adae,
1785 1737 1964 1791 omnia
1991 1737 2094 1791 ho-
2124 1752 2172 1814 Β
2198 1735 2634 1806 Quadragesimrc
2676 1743 2920 1806 tempore
2954 1733 3168 1805 jejunus
3215 1743 3271 1794 et
3311 1744 3494 1792 castus
3534 1747 3640 1792 est.
3691 1735 3799 1794 De-

516 1831 688 1885 mines
728 1836 950 1900 peccata
981 1827 1517 1884 dissolveret.‘Adam
1545 1828 1688 1883 enim
1719 1827 1789 1882 de
1821 1835 1965 1882 terra
1989 1827 2099 1880 vir-

515 1923 638 1992 gine
667 1931 824 1981 natus
853 1931 956 1988 est,
981 1931 1035 1978 et
1055 1922 1298 1981 Christus
1328 1921 1397 1978 de
1423 1922 1590 1977 Maria
1617 1921 1823 1992 virgine
1842 1935 2098 1993 procrea-

515 2022 622 2069 tus.
647 2013 792 2070 Illius
822 2021 1122 2069 maternum
1155 2014 1332 2080 solum
1370 2029 1472 2068 nec
1498 2013 1624 2068 dum
1652 2013 1838 2068 rastris
1875 2013 2100 2070 scissum

519 2106 696 2162 fuerat
721 2125 735 2170 ;
759 2107 910 2164 istius
948 2115 1251 2161 maternum
1301 2113 1565 2162 secretum
1595 2120 1868 2175 nunquam
1897 2120 2099 2160 concu-

519 2199 780 2269 piscentia
819 2200 1098 2254 violatum.
1131 2199 1299 2253 Adam
1339 2199 1433 2253 Dei
1459 2199 1710 2254 manibus
1738 2199 2034 2270 plasmatur
2070 2214 2102 2254 e

515 2290 666 2357 limo,
697 2289 941 2348 Christus
963 2291 1058 2346 Dei
1081 2290 1268 2361 spiritu
1297 2290 1558 2346 formatur
1578 2291 1631 2344 in
1661 2299 1836 2346 utero.
1864 2287 2101 2359 Uterque

519 2397 649 2454 ergo
681 2382 854 2437 oritur
883 2399 914 2437 a
963 2382 1074 2436 Deo
1104 2381 1264 2436 Patre
1286 2423 1300 2446 ,
1347 2389 1574 2450 uterque
1613 2381 1820 2450 virgine
1867 2382 2104 2435 nascitur

517 2482 724 2541 matre,
773 2482 1000 2544 uterque
1023 2515 1039 2540 ,
1087 2475 1227 2529 sicut
1261 2473 1590 2544 evangelista
1620 2472 1780 2540 dicit,
1811 2471 1977 2528 Filius
2007 2471 2102 2526 Dei

517 2574 602 2622 est
632 2582 646 2624 :
677 2566 774 2622 sed
799 2564 971 2620 Adam
1001 2573 1246 2625 creatura
1287 2564 1380 2619 Dei
1420 2572 1524 2628 est,
1563 2561 1804 2618 Christus
1833 2579 1962 2618 vero
1984 2561 2105 2617 sub-

517 2656 734 2711 stantia.
765 2653 881 2710 Hoc
920 2668 1046 2723 ergo
1076 2655 1184 2723 agit
1230 2654 1504 2719 Dominus,
1546 2654 1688 2708 sicut
1715 2653 1882 2708 Adam
1911 2669 2104 2708 secun—

520 2743 658 2809 dus,
699 2749 760 2799 ut
797 2743 942 2814 quod
969 2745 1117 2815 prior
1144 2745 1306 2798 homo
1352 2743 1724 2800 manducando
1764 2744 2100 2815 perdiderat,

528 2834 635 2890 hoc
665 2835 802 2890 alter
825 2835 1120 2905 jejunando
1149 2836 1378 2905 recipiat
1401 2876 1416 2901 ,
1463 2851 1526 2892 ac
1572 2835 1743 2903 legem
1774 2836 1828 2890 in
1857 2835 2106 2908 paradiso

523 2926 844 2982 abstinentia
874 2927 1054 2982 datam
1085 2927 1138 2981 in
1167 2927 1382 2982 deserto
1406 2927 1690 2983 custodiat.
1715 2926 1930 2982 Sciebat
1959 2928 2105 2982 enim

519 3025 848 3090 praeceptum
871 3017 966 3072 Dei
987 3033 1095 3072 non
1121 3019 1276 3082 unius
1296 3019 1402 3074 loci
1429 3018 1601 3087 legem
1621 3033 1760 3084 esse,
1784 3018 1880 3074 sed
1901 3017 2103 3074 mundi.

2201 1833 2405 1884 sertum
2433 1827 2596 1898 plane
2623 1824 2897 1897 quoddam
2936 1826 3112 1898 ipsum
3141 1842 3336 1897 corpus
3363 1836 3447 1882 est
3473 1825 3800 1898 Christiani,

2202 1930 2324 1974 cum
2365 1935 2473 1975 non
2504 1919 2744 1990 repletur
2769 1919 2904 1975 cibis
2930 1962 2946 1988 ,
2987 1935 3098 1975 non
3127 1919 3337 1990 poculis
3381 1920 3662 1990 irrigatur,
3700 1920 3802 1978 sed

2202 2010 2406 2066 arentis
2454 2009 2644 2065 inedia:
2687 2009 2937 2082 squalore
2989 2011 3294 2080 negligitur.
3345 2011 3664 2077 Desertum,
3709 2013 3800 2066 in-

2202 2117 2363 2171 quam
2388 2141 2404 2166 ,
2444 2109 2526 2156 est
2555 2113 2754 2172 corpus
2791 2110 3037 2158 nostrum
3061 2143 3076 2167 ,
3121 2119 3246 2160 cum
3295 2103 3628 2160 abstinentia
3657 2121 3804 2162 uiar-

2204 2194 2368 2250 cescit
2396 2193 2575 2260 calor,
2604 2194 2694 2248 siti
2737 2195 2913 2264 pallor
2940 2194 3244 2260 obducitur,
3274 2202 3328 2251 et
3357 2204 3676 2266 contemptu
3709 2213 3804 2254 re-

2204 2307 2323 2346 rum
2356 2290 2521 2346 totius
2565 2289 2800 2344 hominis
2829 2290 3040 2360 species
3083 2290 3285 2346 inculta
3315 2290 3606 2346 sordescit.
3649 2291 3804 2351 Tunc

2203 2380 2450 2437 Christus
2482 2381 2740 2437 Dominus
2774 2381 2980 2436 habitat
3007 2381 3284 2436 desertum
3325 2383 3565 2452 pectoris
3602 2385 3801 2450 nostri,

2206 2487 2332 2528 cum
2381 2479 2620 2526 nostram
2650 2480 2846 2525 terram
2875 2471 3194 2540 squalidam,
3227 2486 3289 2527 ac
3317 2472 3407 2527 siti
3436 2473 3647 2528 aridam
3679 2489 3804 2532 esse

2205 2566 2438 2635 reperit,
2478 2563 2772 2620 secundum
2809 2564 2951 2634 quod
2989 2564 3064 2618 ait
3098 2563 3366 2634 propheta
3393 2563 3561 2619 David
3595 2583 3610 2618 :
3645 2564 3801 2623 Sicut

2191 2658 2260 2716 ,ίη
2283 2668 2424 2712 terra
2454 2657 2678 2722 deserta,
2708 2665 2758 2710 et
2784 2657 2944 2732 inviq,
2966 2664 3016 2709 et
3042 2657 3314 2726 inaquosa,
3345 2666 3396 2710 et
3419 2655 3496 2710 sic
3525 2655 3583 2709 in
3611 2665 3802 2715 sancta

2207 2750 2424 2820 apparui
2468 2747 2559 2800 (ibi
2586 2743 2759 2818 (Psal.
2791 2744 2944 2814 Lxu).
2988 2743 3158 2800 Aliter
3185 2745 3330 2800 enim
3355 2744 3494 2800 sicut
3523 2746 3577 2799 in
3605 2755 3802 2803 sancto

2209 2839 2233 2876 ιι
2264 2839 2316 2893 ei
2363 2853 2621 2908 apparere
2667 2852 2776 2892 non
2822 2851 3110 2906 possumus
3131 2874 3147 2900 ,
3205 2835 3309 2890 nisi
3357 2845 3504 2891 terra
3551 2839 3804 2907 corporis

2207 2929 2374 2984 nostri
2416 2926 2576 2983 fuerit
2603 2927 2815 2983 deserta
2845 2927 3128 2982 mundanis
3161 2936 3185 2966 ε
3229 2927 3466 2993 deliciis,
3512 2929 3653 2983 invia
3681 2929 3802 2984 dia-

2207 3019 2401 3075 bolicis
2427 3017 2896 3088 concupiscentiis,
2923 3024 2979 3072 et
3007 3017 3267 3087 inaquosa
3289 3018 3587 3076 libidinosis
3611 3019 3803 3076 illece-

520 3109 682 3181 446
731 3107 848 3196 Non
914 3109 1056 3164 enim
1133 3110 1356 3165 interest
1408 3111 1712 3166 Divinitatis
1756 3111 2065 3166 mandatum
2089 3153 2106 3180 ,
2135 3133 2180 3196 ο
2210 3113 2341 3168 bris.
2383 3109 2533 3167 'l‘unc
2559 3111 2808 3166 habitans
2848 3107 3098 3165 Salvator
3125 3111 3230 3166 hoc
3253 3111 3525 3166 desertum
3553 3112 3803 3182 corporis

525 3209 704 3256 utrum
731 3193 876 3256 dor'ni
919 3215 989 3254 an
1016 3201 1068 3254 in
1111 3215 1239 3270 agro
1283 3203 1583 3272 custodias,
1639 3219 1759 3258 cum
1807 3203 2006 3274 ubique
2042 3205 2114 3258 sit
2148 3193 2175 3196 ﬁ
2220 3206 2387 3260 nostri
2425 3211 2614 3260 Omnes
2659 3203 2732 3258 ibi
2760 3203 2961 3259 diaboli
2988 3201 3250 3260 factiones
3273 3213 3584 3275 exsuperat,
3611 3214 3666 3260 et
3706 3220 3801 3261 se-

522 3294 616 3367 qui
635 3295 907 3366 prccepit.
934 3293 996 3350 In
1018 3294 1236 3351 deserto
1271 3297 1452 3366 itaque
1479 3297 1726 3353 Salvator
1745 3297 1931 3368 implet
1958 3312 2114 3352 man-

521 3383 706 3440 datum
729 3384 850 3451 Dei,
875 3392 934 3439 et
963 3384 1066 3440 sibi
1090 3384 1258 3440 Adam
1287 3387 1522 3441 salvaret
1557 3395 1849 3456 errantem,
1879 3389 1970 3443 ubi
1997 3387 2114 3444 fue-

523 3483 611 3529 rat
637 3475 707 3531 de
730 3476 1070 3546 possessione
1097 3477 1330 3547 paradisi
1364 3477 1623 3546 dejectus.
1653 3480 1822 3535 Adam
1847 3481 1988 3536 enim
2019 3497 2114 3537 ex-

527 3566 716 3638 pulsus
741 3565 810 3622 de
848 3567 1098 3637 paradiso
1152 3567 1340 3624 inculti
1368 3569 1552 3624 mundi
1593 3568 1806 3625 deserta
1835 3572 2108 3626 sustinuit.

526 3655 588 3712 In
614 3657 832 3715 deserto
851 3674 986 3730 ergo
1008 3660 1238 3730 primum
1267 3661 1468 3716 homini
1499 3662 1644 3717 salus
1669 3661 1988 3730 refunditur,
2023 3665 2111 3719 ubi

526 3765 638 3807 non
661 3758 786 3806 sunt
829 3750 1002 3821 epula:
1021 3791 1039 3819 ,
1082 3752 1174 3810 ubi
1213 3750 1410 3820 desunt
1435 3753 1663 3824 deliciae,
1706 3757 1794 3811 ubi
1826 3756 1991 3827 (quod
2029 3765 2112 3813 est

2217 3304 2421 3353 cretum
2467 3310 2533 3352 ac
2592 3309 2844 3350 securum
2887 3308 2919 3348 ι
2965 3292 3382 3362 cogitationibus
3429 3295 3612 3350 saeculi
3676 3309 3804 3352 esse

2215 3405 2372 3445 suum
2411 3385 2541 3444 facit
2567 3387 2967 3453 habitaculum,
3000 3396 3061 3442 ut
3089 3387 3346 3460 deinceps
3374 3395 3476 3445 nos
3503 3389 3644 3444 intra
3673 3403 3805 3444 nos-

2217 3482 2474 3552 metipsos
2496 3479 2644 3535 velut
2664 3478 2720 3534 in
2743 3477 3034 3535 solitudine
3054 3480 3333 3536 constituti
3361 3481 3580 3536 nonnisi
3604 3480 3806 3556 anim

2213 3573 2563 3643 respiciamus
2589 3580 2646 3628 et
2671 3580 2892 3634 terram,
2921 3573 3028 3628 hoc
3047 3580 3132 3629 est
3157 3588 3264 3628 non
3289 3573 3597 3642 cogitemus
3613 3571 3800 3639 alim,

2211 3666 2312 3720 nisi
2340 3665 2574 3721 caelestis
2597 3664 2750 3734 regni
2777 3662 3085 3732 Dominum,
3107 3671 3163 3720 et
3189 3669 3418 3721 terrena)
3445 3663 3807 3720 resurrectio-

2215 3758 2298 3814 nis
2325 3765 2624 3814 auctorem.
3563 3747 3572 3756 ’

1928 3999 2196 4062 SERMO
2241 3997 2388 4062 XX.

1815 4206 1895 4263 De
1933 4205 2350 4278 Quadragesima
2391 4205 2484 4260 VI.

1964 4381 2354 4440 ADMONITIO.

710 4557 757 4623 ‘7
803 4560 936 4610 Com
979 4559 1121 4607 iures
1151 4567 1268 4606 esse
1296 4551 1508 4606 codices
1543 4547 1700 4603 video
1746 4547 1801 4602 in
1855 4545 2046 4617 quibus
2078 4545 2166 4602 hic
2193 4563 2368 4602 sermo
2397 4556 2586 4606 sancto
2627 4547 2860 4602 Maximo
2905 4546 3229 4610 ascribitur;
3266 4545 3560 4606 VatICanos
3597 4548 3812 4607 scilicet

599 4557 828 4678 3.1268.
857 4571 990 4678 ιθὲι
1036 4629 1090 4677 et
1112 4619 1278 4678 6452:
1311 4619 1656 4675 Casinensem
1688 4617 1790 4671 H7
1814 4631 1937 4678 pag.
1966 4615 2074 4670 209
2111 4632 2142 4671 a
2181 4625 2354 4678 tergo,
2386 4616 2800 4674 Laurentianum
2834 4617 2938 4671 l67
2963 4631 3084 4678 pag.
3126 4616 3228 4672 157
3257 4634 3288 4672 a
3315 4629 3466 4678 tergo
3491 4619 3622 4675 bibl.
3652 4620 3810 4678 olim.

528 4615 828 4692 υθῖἶὶϐὃ,
857 4615 990 4678 4981
1036 4629 1090 4677 et
1112 4619 1278 4688 6452;
1311 4619 1656 4692 Casinensem
1688 4617 1790 4671 ll'l
1814 4615 2142 4692 pag._209_a
2181 4625 2354 4692 tergo,
2378 4616 2938 4692 Laurentini)de
2963 4631 3084 4688 pag.
3126 4616 3288 4692 [51a
3315 4629 3466 4689 tergo
3491 4619 3622 4675 bibl.
3652 4620 3810 4692 oliui2

529 4697 670 4752 aedil.
703 4699 758 4751 in
787 4687 980 4751 eccles.
1011 4687 1350 4757 Florentium,
1379 4690 1782 4760 Vallicellanum
1808 4687 1928 4760 iis,
1952 4687 2346 4760 Lectionarium
2376 4688 2670 4760 Brixiensis
2699 4687 3114 4760 Ecclesize’pag.
3148 4687 3281 4760 298,
3299 4695 3356 4744 et
3383 4687 3508 4744 cun
3547 4703 3669 4760 pag.
3703 4687 3810 4760 160

530 4767 660 4824 bibl.
687 4765 870 4822 Sancti
901 4764 1062 4820 Marci
1083 4763 1446 4818 Venetiarum.
1480 4759 1577 4830 His
1602 4759 1722 4815 addi
1751 4759 1952 4830 poterit
1977 4758 2543 4830 codesﬁliemigianus,
2571 4759 2724 4828 cujus
2747 4757 2998 4814 monachi
3020 4757 3203 4813 Sancti
3232 4757 3402 4813 Mauri
3429 4761 3484 4814 in
3499 4757 3811 4830 appendit!)

533 4849 838 4891 sermonum
865 4835 1034 4890 sancti
1062 4831 1338 4902 Augustini
1370 4847 1490 4902 pag.
1525 4829 1626 4886 180
1651 4827 1778 4885 edit.
1814 4827 2075 4900 Antucrp.
2109 4827 2246 4882 1700
2272 4827 2418 4902 dubii
2447 4830 2516 4886 de
2535 4827 2755 4902 auctore
2777 4830 3041 4902 sermonis
3069 4830 3446 4902 meminerunt.
3479 4827 3615 4886 cum
3643 4830 3811 4898 igitur

533 4905 704 4961 codici
750 4903 1066 4958 Taurinensi
1097 4898 1283 4958 sancto
1313 4898 1545 4972 Maximo
1573 4901 1716 4956 hunc
1759 4898 2237 4972 sermons-mnum.
2280 4898 2355 4972 29_
2377 4916 2497 4955 cum
2545 4900 2701 4972 titulo
2751 4918 2764 4972 ς
2801 4899 2936 4954 Item
2973 4899 3036 4972 de
3079 4898 3495 4972 Quadrageaima
3540 4903 3808 4972 asset-cuti

574 4976 716 5030 Iures
743 4975 833 5028 alii
862 4974 1073 5029 codices
1101 4973 1318 5042 optimm
1339 4971 1458 5026 ﬁdei
1487 4978 1808 5038 consonent,
1837 4970 1957 5042 jure
1979 4969 2080 5038 ipsi
2106 4969 2424 5042 tribuendus
2452 4978 2552 5026 est.
2589 4970 2644 5025 Si
2672 4971 2792 5040 quis
2812 4985 2940 5026 vero
2966 4969 3191 5042 dicendi
3198 4966 3426 5025 fortnam
3453 4970 3684 5026 scrutari
3714 4987 3810 5042 vc-

557 5047 617 5111 it,
650 5045 784 5100 nihil
816 5043 1048 5113 Maximo
1070 5038 1451 5113 inconveniens
1473 5042 1738 5105 oﬂ'endet;
1773 5039 1903 5109 quin
1933 5041 2040 5113 imo
2070 5038 2186 5113 ejus
2223 5041 2491 5110 ingenium
2529 5042 2584 5096 in
2613 5038 2818 5113 optimo
2858 5053 3133 5096 sacrarum
3160 5038 3562 5110 Scrtpmrumm
3589 5055 3692 5096 usu
3722 5041 3811 5094 ad-

535 5109 836 5171 mi'rabitur.
860 5111 1049 5168 Exstat
1077 5112 1130 5166 in
1155 5112 1274 5168 cod.
1308 5109 1495 5168 Perus.
1529 5113 1730 5183 absque
1759 5109 1994 5165 auctoris
2022 5111 2258 5166 nomine.

605 5285 630 5361 έ
656 5322 713 5377 In
735 5271 866 5377 edit.
899 5319 1183 5390 Antuerp.,
1212 5317 1436 5374 insidiis.

604 5394 632 5433 ι’
654 5393 786 5453 Cod.
813 5385 1253 5455 Lanrent.,'sicut
1278 5391 1334 5444 in
1357 5394 1536 5445 sancto
1567 5385 1787 5456 Spiritu.

606 5577 620 5606 ¹
653 5571 770 5627 Hoc
807 5569 909 5625 sibi
948 5567 1065 5622 vult
1103 5564 1368 5620 Maximus
1400 5562 1684 5625 Adamum,
1717 5567 1772 5614 et
1796 5558 1960 5614 Evam
1989 5565 2114 5627 post

533 5651 811 5716 peccatum
837 5655 937 5716 seu
952 5645 1086 5716 post
1107 5651 1263 5716 esum
1280 5630 1687 5716 fruetusnvetiti,
1717 5627 2112 5716 scivisseng

539 5697 690 5771 δεξιῖὸ
731 5710 916 5769 confer
949 5697 1009 5764 S.
1041 5705 1394 5778 Augustinum
1419 5742 1434 5768 ,
1484 5700 1577 5756 lib.
1621 5716 1674 5756 ix
1715 5700 1782 5755 de
1821 5697 2018 5754 Genesi
2047 5697 2115 5752 ad

2130 5285 2149 5300 ⁸
2221 5321 2240 5350 ε
2273 5311 2418 5368 Idem
2447 5311 2594 5378 cod.,
2625 5310 2900 5366 mundanis
2929 5310 3148 5388 delictis.

2223 5558 2379 5625 Litt.,
2411 5573 2565 5631 capp.
2599 5559 2634 5613 '5
2672 5565 2728 5631 et
2754 5557 2830 5631 4,_
2849 5565 2906 5631 et
2930 5555 2987 5613 S.
3021 5555 3280 5631 Thomam
3310 5555 3464 5614 Sum.
3493 5556 3732 5628 theolug.
3757 5573 3798 5625 ι,

2218 5639 2407 5702 quaest.
2441 5627 2533 5700 97,
2561 5637 2662 5684 art.
2693 5627 2746 5696 2,
2769 5628 2833 5684 ad
2855 5627 2891 5684 2
2916 5637 2970 5684 et
2999 5629 3063 5684 ad
3089 5629 3122 5682 5
3141 5641 3350 5708 argum.
