4056 6346
500 319 606 377 575

1704 309 1761 367 S.
1803 309 2049 366 MAXIM!
2080 310 2531 369 TAURINENSIS

3669 314 3772 371 573

500 438 595 503 lis;
625 438 921 505 separatur,
954 429 1167 501 inquam
1186 470 1205 501 ,
1233 428 1406 486 malus
1433 443 1465 485 a
1491 428 1668 498 bono,
1697 429 1803 486 hoc
1829 438 1912 486 est
1945 445 2080 501 .pec-
2109 435 2159 495 Α
2187 448 2313 487 suos
2332 432 2386 487 in
2414 448 2536 488 arca
2566 429 2788 503 recepit,
2820 429 2893 485 ita
2918 435 2973 485 et
2996 442 3096 485 nos
3123 427 3261 485 filios
3290 434 3505 486 nostros
3527 435 3774 500 optamus

500 536 652 585 catur
678 541 707 580 a
728 524 895 594 justo,
924 522 1166 578 diabolus
1203 538 1235 577 a
1273 529 1479 588 sancto,
1522 522 1807 578 haereticus
1844 537 1874 576 a
1917 521 2078 577 ﬁdeli.

502 616 717 672 Relictis
742 614 883 669 enim
919 612 1001 667 his
1041 612 1287 668 omnibus
1324 611 1390 667 ad
1428 611 1829 667 similitudinem
1876 612 2082 681 diluvii,

501 717 753 781 tanquam
801 706 854 762 in
894 705 1057 779 450
1083 705 1359 774 naufragio
1400 706 1599 771 saeculi,
1648 705 1761 760 sola
1801 705 1869 760 ad
1917 700 2089 760 instar

499 814 640 855 arczc
689 797 832 852 illius
879 796 932 851 in
980 796 1147 851 altum
1193 812 1315 852 cum
1358 796 1469 853 suis
1514 796 1801 851 virtutibus
1846 797 2089 851 elevatur

498 889 756 947 Ecclesia.
788 889 921 945 Nam
948 896 1003 945 et
1021 905 1141 957 nos,
1165 888 1267 944 etsi
1293 896 1623 959 peccatores,
1647 887 1711 942 ad
1734 888 2088 944 imitationem

500 979 558 1036 S.
588 980 701 1036 Noe
727 979 1104 1035 annuntiamus
1135 978 1286 1034 vobis
1324 978 1504 1034 mundi
1556 979 1789 1034 futurum
1837 994 1955 1035 esse
1990 995 2087 1034 ex-

501 1071 726 1137 cidium;
777 1079 831 1125 et
878 1070 998 1125 illos
1045 1070 1415 1124 tantummodo
1456 1070 1681 1125 dicimus
1723 1080 1747 1107 ι
1795 1070 2089 1141 periculum

501 1178 774 1229 evasuros,
798 1178 935 1233 quos
959 1161 1155 1232 triplex
1185 1177 1311 1218 arca
1340 1162 1477 1217 intra
1499 1177 1557 1217 se
1581 1161 1786 1231 gremio
1815 1161 2090 1231 religionis

502 1255 794 1311 incluserit.
829 1254 1046 1324 Triplex
1078 1255 1221 1329 enim
1261 1268 1386 1310 arca
1414 1261 1496 1309 est
1524 1252 1782 1320 Ecclesia,
1813 1254 1941 1324 quia
1971 1252 2090 1307 Tri-

500 1346 684 1400 nitatis
712 1346 954 1401 continet
991 1353 1406 1402 sacramentum.
1449 1345 1582 1400 Nam
1619 1361 1739 1401 cum
1769 1345 1895 1401 dicit
1936 1345 2087 1401 Scri-

502 1446 662 1509 ptura
688 1437 1069 1492 bicameratam
1097 1445 1152 1492 et
1179 1438 1576 1494 tricameratam
1615 1452 1734 1493 eam
1764 1437 1945 1503 fuisse,
1977 1436 2085 1491 uti-

500 1542 606 1598 que
651 1528 986 1585 demonstrat
1023 1529 1220 1599 triplici
1258 1530 1561 1585 Divinitatis
1589 1530 1737 1585 illam
1769 1531 1940 1600 gratia
1968 1545 2086 1587 esse

502 1619 829 1676 distinctam.
883 1621 1274 1678 Annuntiamus
1315 1622 1496 1692 igitur,
1547 1622 1686 1678 sicut
1721 1622 1853 1687 Noe,
1903 1621 2087 1677 mundi

500 1712 736 1768 futurum
766 1729 884 1773 esse
926 1714 1277 1785 naulragium,
1310 1721 1366 1771 et
1392 1714 1458 1769 ad
1484 1715 1625 1770 hanc
1652 1713 1870 1769 domum
1898 1714 2088 1770 conlu-

501 1819 630 1877 gere
658 1822 844 1863 omnes
872 1807 1118 1863 homines
1146 1806 1516 1864 admonemus.
1545 1805 1613 1861 Et
1641 1807 1779 1863 sicut
1806 1805 1919 1862 Noe
1949 1806 2087 1861 filios

2192 525 2249 580 in
2294 526 2396 581 ista
2442 540 2566 581 arca
2603 524 2893 595 suscipere.
2926 521 3175 592 Quisquis
3214 522 3357 578 enim
3396 522 3449 577 in
3487 524 3591 579 hac
3616 522 3774 580 domo

2192 618 2305 673 vult
2353 616 2596 672 habitare
2643 615 2941 684 nobiscum,
2975 622 3159 669 noster
3188 622 3271 668 est
3308 612 3468 668 ﬁlius.
3512 611 3622 669 Sed
3650 614 3779 671 dicit

2194 709 2415 780 aliquis,
2463 707 2520 762 S.
2562 707 2673 762 Noe
2716 704 3111 777 prccdicationis
3158 719 3349 760 vocem
3394 704 3451 759 in
3488 703 3779 775 Scripturis

2194 801 2412 856 minime
2439 815 2558 855 esse
2586 798 2926 870 descriptam.
2965 797 3102 852 Audi
3140 796 3321 866 igitur,
3353 795 3469 853 Noe
3497 797 3604 853 etsi
3638 806 3781 855 tace-

2193 893 2287 949 bat
2313 908 2465 960 voce,
2495 908 2659 965 opere
2687 892 3037 961 loquebatur;
3079 890 3271 946 silebat
3300 891 3504 961 lingua,
3548 890 3782 949 fabrica-

2192 985 2339 1039 tione
2387 984 2671 1040 clamabat.
2723 970 3084 1050 Nam'utique
3129 998 3249 1037 cum
3293 990 3617 1053 operaretur
3651 1000 3787 1055 opus

2193 1090 2420 1141 novum,
2461 1082 2517 1128 et
2559 1073 2690 1128 nulli
2728 1073 3013 1142 aliquando
3050 1081 3413 1145 compertum,
3456 1074 3786 1131 admonebat

2192 1175 2415 1223 cunctos
2470 1166 2621 1222 novis
2648 1165 2899 1236 periculis
2928 1181 3063 1220 nova
3095 1166 3440 1221 tabernacula
3468 1170 3781 1238 praeparari.

2195 1255 2536 1326 Loquebatur
2576 1250 2703 1324 ergo
2743 1270 2909 1325 opere
2937 1253 2984 1320 ιδ,
3017 1263 3072 1310 et
3098 1254 3309 1311 dicebat
3348 1256 3476 1311 illud
3515 1259 3789 1327 evangeli-

2195 1362 2317 1401 cum
2346 1345 2556 1401 Domini
2583 1345 2784 1400 dictum
2820 1363 2831 1397 :
2868 1343 2930 1399 Si
2964 1344 3089 1399 mihi
3132 1362 3232 1399 non
3272 1346 3499 1413 creditis,
3545 1346 3790 1418 aperibus

2191 1438 2382 1492 credite
2422 1437 2598 1509 (Joan.
2648 1437 2726 1506 χ),
2792 1445 2846 1492 et
2890 1435 3163 1493 credendo
3211 1439 3507 1508 periculum
3558 1439 3789 1495 evadere

2191 1531 2455 1602 poteritis,
2489 1538 2773 1602 pnestaute
2803 1530 3030 1585 Domino
3060 1537 3246 1586 nostro
3274 1529 3401 1585 Jcsu
3420 1530 3663 1598 Christo,
3693 1531 3789 1602 qui

2191 1622 2325 1677 vivit
2346 1630 2399 1678 et
2428 1630 2613 1691 regnat
2642 1638 2763 1677 cum
2791 1619 2949 1677 Patre
2978 1628 3032 1677 et
3052 1621 3255 1693 Spiritu
3285 1629 3473 1679 sancto
3503 1623 3559 1679 in
3588 1622 3790 1682 saecula

2193 1714 2527 1771 saeculorum.
2561 1714 2748 1769 Amen.

1892 1895 2161 1959 SERMO
2205 1897 2379 1958 XXI.

1784 1999 1864 2054 De
1905 1997 2322 2071 Quadragesima
2368 1998 2501 2053 VII.

1931 2089 2322 2145 ADMONITIO.

574 2187 732 2260 45],
764 2185 1112 2264 διιρςείριχωι
1128 2183 1410 2264 excipit_in
1437 2181 1634 2264 codice.
1652 2180 1967 2264 Taurinensi
1994 2181 2084 2264 hic
2110 2195 2306 2264 sermo,
2339 2194 2446 2249 quo
2473 2179 2527 2233 in
2544 2178 2739 2264 spdicc
2769 2180 3075 2264 inscribitur
3094 2199 3112 2264 _:
3136 2179 3277 2264 ltem
3303 2179 3445 2264 etde
3475 2176 3787 2264 Quadrage-

498 2247 821 2314 simia'sE'nno
841 2247 1056 2311 XXIX.
1084 2247 1265 2325 Atque
1286 2254 1600 2309 adnotatum
1622 2253 1675 2308 in
1697 2252 1886 2325 eodem
1909 2252 2093 2308 codice
2111 2260 2216 2325 est,
2244 2247 2520 2325 sermones
2543 2247 2632 2325 βο,
2659 2250 2716 2304 5|
2731 2292 2748 2325 ,_
2772 2250 2856 2325 52,
2884 2251 3027 2325 55et
3045 2250 3115 2325 {si
3134 2251 3487 2325 intercidisse.
3511 2249 3636 2305 Jam
3655 2247 3787 2307 vero

498 2328 605 2394 hic,

497 2398 612 2455 chis

674 2328 1067 2410 μειη.ρι·ε›ι.ίιιιθ
1090 2314 1381 2410 damma!"
1408 2325 1758 2410 ξιρρξηειὲεεηι
1781 2324 2082 2410 θειοιιψιει
2111 2314 2407 2410 Mersa
2437 2314 2504 2410 ξε
2523 2314 2810 2410 suam
2840 2314 2986 2410 huem-
3007 2321 3503 2410 temaeste?
3532 2337 3787 2410 eum???

683 2391 998 2454 enedictiuis
1027 2391 1459 2465 congregationis
1480 2391 1555 2450 'S.
1588 2393 1775 2449 Mauri.
1807 2392 1873 2448 lli
1901 2408 2076 2463 neque
2104 2391 2409 2457 Ambrosio,
2442 2407 2616 2465 neque
2630 2392 2982 2465 llieronymo,
3008 2392 3508 2465 neque_:_iug_ustlno
3540 2392 3787 2465 tribuen-

498 2467 625 2524 dum
655 2469 1008 2533 arbitrantur;
1052 2460 1160 2522 nee
1191 2460 1367 2521 ta'men
1395 2464 1595 2521 docent
1619 2466 1829 2520 cuinam
1868 2460 2080 2520 demum
2111 2470 2362 2532 acceptus
2399 2460 2587 2516 referri
2614 2460 2855 2533 debeatf
2876 2460 2941 2517 Ut
2979 2460 3159 2533 autem
3184 2462 3419 2533 Maximo
3450 2462 3785 2533 ascribamus

497 2554 597 2594 nos
623 2548 806 2593 movet
833 2537 1031 2618 codicis
1059 2535 1435 2618 Taurinensis,
1454 2535 1606 2618 cujus
1633 2536 1794 2606 paulo
1824 2543 1949 2589 ante
1975 2534 2335 2618 meminimus,
2373 2534 2681 2618 aucto'ritas.

2726 2531 3041 2603 Quanquam
3072 2532 3201 2603 illud
3241 2533 3402 2588 etiam
3430 2532 3683 2597 accedat,
3712 2534 3782 2588 ab

497 2624 565 2665 eo
590 2616 810 2664 auctore
834 2608 977 2678 hunc
1003 2606 1361 2678 compositum
1386 2600 1575 2668 videri,
1604 2600 1767 2678 a'quo
1793 2605 2121 2678 perscriptus
2147 2611 2231 2659 est
2256 2611 2480 2678 quartus
2505 2602 2584 2658 De
2612 2600 3040 2676 Quadrageiima.
3070 2602 3331 2670 Quartum
3353 2612 3539 2659 autem
3571 2619 3605 2658 a
3626 2603 3782 2659 nobis

497 2678 704 2736 editum
730 2678 810 2733 De
840 2673 1249 2750 Quadragesima
1277 2675 1511 2732 Maximo
1541 2691 1660 2733 esse
1675 2673 2093 2745 ‘adju‘dicandum
2121 2673 2473 2731 ostendimus.

498 2795 889 2851 ABGUIBNTUI.
920 2826 993 2837 —
1013 2791 1305 2863 Propositis
1332 2793 1582 2863 exemplis
1612 2800 1909 2863 sanctorum
1943 2791 2083 2845 viro-
2115 2793 2162 2853 B
2188 2789 2418 2860 denique
2447 2789 2616 2845 tribus
2643 2790 2798 2845 annis
2837 2797 2893 2845 et
2935 2804 3033 2845 se:
3062 2804 3275 2846 menses
3302 2790 3501 2847 caelum
3531 2790 3548 2842 ι
3589 2791 3782 2848 clausit

567 2882 680 2945 rum
824 2863 1088 2945 didicimus
1117 2861 1309 2945 fratres
1348 2862 1416 2944 ad
1440 2861 1788 2945 jejunandupt
1817 2862 2082 2945 hortatur;

564 2935 655 2993 sed
681 2944 737 3007 ut
758 2935 963 3007 jejunia
1001 2933 1154 3005 plena
1198 2934 1322 2999 sint,
1358 2933 1543 3005 inquit,
1570 2933 1941 2989 misericordia:
1967 2933 2085 3003 pin-

566 3005 784 3080 guedine
809 3005 1133 3065 saainentur.

510 3141 525 3157 ’
567 3158 734 3215 Adest
776 3160 931 3216 nobis
975 3159 1283 3216 venerabile
1332 3170 1354 3199 ο
1402 3168 1460 3216 et
1506 3158 1823 3215 medicabile
1876 3166 2084 3231 tempus

497 3250 945 3323 Quadragesimte,
985 3252 1267 3319 carissimi,
1308 3266 1411 3323 per
1446 3252 1593 3321 quod
1625 3251 1932 3322 jejunantes
1958 3267 2085 3322 pec-

495 3351 741 3401 catorum
769 3351 1076 3399 nostrorum
1103 3344 1325 3399 vulnera
1360 3358 1551 3399 curare
1591 3343 1867 3399 debemus.
1900 3343 2084 3410 Quan-

460 3482 467 3485 .
496 3444 610 3491 tum
634 3436 704 3491 sit
730 3448 859 3504 ergo
886 3436 1087 3491 bonum
1106 3434 1297 3506 jejunii
1323 3433 1373 3501 ιι,
1401 3436 1660 3506 exemplis
1697 3436 1889 3492 additis
1914 3436 2084 3492 disse-

495 3540 696 3582 ramus.
719 3526 930 3599 Moyses
949 3527 1151 3598 primus
1169 3526 1521 3597 quadraginta
1544 3527 1731 3583 diebus
1754 3542 1818 3584 ac
1837 3528 2083 3586 noctibus

496 3632 617 3674 cum
658 3617 974 3688 jejunasset,
1016 3620 1191 3689 legem
1235 3620 1449 3677 Domini
1491 3630 1514 3658 ε
1552 3623 1748 3677 meruit
1788 3623 2076 3693 accipere:

497 3709 920 3780 impetraverunt
947 3712 1091 3767 enim
1117 3711 1274 3768 unius
1320 3712 1554 3769 hominis
1591 3712 1795 3784 jejunia
1823 3715 1966 3784 quod
1998 3723 2083 3770 to-

498 3799 604 3855 tius
631 3800 818 3870 populi
844 3802 1097 3857 saturitas
1124 3802 1521 3873 desperaverat.
1567 3804 1922 3861 Advertamus
1949 3820 2080 3875 ergo

496 3899 697 3964 quanta
725 3893 795 3948 sit
822 3893 963 3949 inter
1001 3893 1264 3965 jejunium
1292 3903 1347 3952 et
1383 3897 1718 3953 saturitatem
1746 3898 1996 3953 distantia
2031 3898 2074 3953 ί.

478 3983 727 4056 Moyses,
764 3986 855 4057 qui
879 3985 1159 4057 jejunavit,
1184 3987 1467 4043 Dominum
1511 3987 1660 4041 vidit.
1704 3986 1955 4059 Populus,
1987 3990 2080 4060 qui

495 4075 838 4133 manducavit
858 4086 913 4133 et
936 4078 1092 4143 bibit,
1114 4079 1261 4134 idola
1278 4078 1564 4135 fabricatus
1585 4089 1665 4137 est
1687 4080 1880 4151 (Exod.
1906 4083 2074 4154 xxw).

2189 2880 2242 2952 (1
2254 2880 2297 2934 γ
2326 2880 2455 2950 Reg.
2488 2880 2550 2952 ι).
2599 2882 2678 2937 Ad
2715 2882 2875 2953 hujus
2911 2897 3102 2939 vocem
3146 2884 3310 2940 etiam
3355 2899 3656 2955 supernum
3682 2884 3782 2941 de-

2184 2972 2391 3028 scendit
2419 2973 2741 3029 incendium.
2771 2973 2839 3029 Et
2866 2990 2986 3030 cum
3014 2990 3137 3031 eum
3162 2974 3377 3031 Iezabel
3395 2977 3587 3046 regina
3614 2976 3779 3031 vellet

2183 3065 2452 3132 occidere,
2484 3075 2538 3121 et
2564 3065 2725 3139 552
2748 3066 2918 3123 fessus
2946 3068 3045 3123 sub
3073 3068 3265 3123 arbore
3291 3066 3547 3124 frondosa
3566 3068 3772 3139 jaceret

2183 3155 2237 3211 in
2260 3157 2567 3225 solitudine,
2598 3159 2818 3228 angelus
2864 3159 2930 3213 ad
2972 3175 3095 3214 eum
3136 3160 3385 3226 mittitur,
3417 3168 3474 3214 et
3512 3159 3641 3214 dicit
3671 3159 3723 3214 ei
3749 3176 3770 3217 :

2185 3249 2344 3303 Sume
2369 3250 2635 3320 paululum
2663 3252 2814 3321 panis
2853 3259 2903 3305 et
2931 3268 3079 3323 aqua:
3100 3250 3223 3323 (III
3252 3250 3379 3323 Reg.
3413 3251 3550 3320 nx).
3583 3251 3775 3309 Videte

2184 3350 2383 3410 quanta
2424 3342 2494 3395 sit
2532 3342 2625 3397 Dei
2660 3344 2943 3399 clementia
2975 3359 3101 3414 erga
3127 3345 3453 3415 jejunantes,
3485 3346 3767 3401 carissimi.

2184 3431 2300 3487 Non
2327 3430 2624 3488 sufﬁciebat
2646 3430 2769 3503 quia
2792 3435 3040 3502 angelum
3068 3435 3133 3490 ad
3155 3435 3489 3505 jejunantem
3511 3436 3773 3492 Dominus

2185 3523 2404 3579 miserat
2439 3525 2530 3595 qui
2568 3541 2691 3580 eum
2741 3533 2799 3580 ut
2844 3526 3022 3581 cibum
3067 3538 3304 3582 sumeret
3335 3526 3359 3563 ¹ί
3384 3527 3624 3596 juberet,
3679 3526 3772 3583 scd

2182 3616 2344 3671 etiam
2372 3618 2623 3688 prmcepit
2668 3628 2727 3673 ut
2774 3619 2981 3688 longius
3020 3616 3185 3687 fugiat
3213 3629 3653 3690 persequentem.
3685 3622 3771 3676 Ait

2180 3724 2356 3779 ergo:
2392 3709 2550 3766 Sume
2595 3711 2859 3782 paululum
2904 3714 3055 3781 panis
3101 3723 3149 3767 et
3195 3730 3359 3785 aqua.
3403 3713 3769 3783 Quadraginta

2182 3803 2324 3857 enim
2352 3802 2558 3859 dierum
2593 3803 2799 3873 jejunio
2838 3814 3181 3875 perrecturus
3211 3814 3330 3861 erat
3367 3822 3465 3877 per
3493 3806 3764 3863 desertum

2182 3911 2349 3965 usque
2379 3897 2444 3951 ad
2475 3906 2709 3953 montem
2738 3897 2885 3953 Sina.
2918 3898 3163 3971 Nunquid
3189 3901 3332 3955 enim
3364 3900 3646 3967 Dominus,
3675 3900 3767 3970 qui

2181 3987 2372 4042 cmlum
2402 3996 2457 4043 et
2502 3988 2516 4025 ί
2569 3998 2738 4044 terras
2773 3987 2918 4057 fecit,
2959 3991 3111 4059 cujus
3152 3992 3326 4046 omnis
3366 3999 3449 4046 est
3495 4002 3761 4059 creatura,

2181 4094 2288 4133 non
2319 4080 2493 4151 potuit
2521 4080 2571 4134 in
2602 4095 2784 4135 eremo
2812 4096 2909 4151 per
2936 4082 3180 4150 angelum
3216 4083 3497 4152 prandium
3525 4084 3761 4147 mittere,

493 4166 600 4225 Sed
626 4168 752 4238 quid
780 4168 848 4223 de
874 4168 1059 4239 Moyse
1085 4176 1140 4223 et
1166 4168 1457 4227 lsraelitica
1486 4172 1823 4227 multitudine
1851 4173 2075 4243 loquar?
2103 4175 2149 4239 C
2179 4171 2314 4226 sicut
2360 4171 2564 4226 Danieli
2611 4172 2666 4226 in
2711 4172 2886 4227 lacum
2928 4174 3142 4230 leonum
3176 4190 3273 4245 per
3301 4175 3558 4232 Abbacuc
3585 4177 3765 4232 misit?

494 4259 748 4332 Princeps
770 4261 860 4316 ille
882 4261 1102 4316 humani
1139 4262 1352 4328 generis
1392 4261 1561 4316 Adam
1591 4261 1742 4334 (Gen.
1776 4269 1874 4333 ιιι),
1900 4281 2073 4334 quan-

492 4350 580 4405 diu
605 4350 887 4421 jejunavit,
918 4361 944 4399 ε
975 4351 1185 4406 Domini
1229 4367 1451 4407 servans
1490 4353 1797 4409 mandatum
1826 4356 1879 4411 in
1913 4373 2072 4427 para-

490 4438 607 4495 diso
636 4440 753 4496 fuit.
788 4439 887 4496 Ubi
917 4456 1045 4497 vero
1073 4441 1327 4509 comedit,
1360 4442 1562 4512 ejectus
1590 4453 1673 4499 est
1699 4444 1766 4501 de
1787 4447 2069 4517 paradiso;

491 4536 544 4583 et
563 4530 654 4598 qui
676 4530 728 4584 in
751 4531 998 4600 paradiso
1019 4531 1113 4587 Dei
1137 4533 1286 4601 virgo
1306 4532 1499 4600 fuerat,
1523 4534 1725 4604 ejectus
1739 4536 1805 4592 de
1825 4538 2072 4609 paradiso

488 4624 740 4692 cognovit
768 4638 1009 4680 uxorem.
1057 4623 1282 4695 Semper
1305 4625 1445 4680 enim
1468 4624 1652 4694 juncta
1685 4637 1766 4681 est
1805 4630 2072 4686 saturitati

491 4711 517 4750 ιι
543 4714 769 4769 luxuria.
800 4713 970 4784 Ejecit
998 4730 1125 4784 ergo
1152 4728 1250 4772 nos
1278 4716 1344 4772 de
1372 4718 1622 4788 paradiso
1650 4720 1820 4789 cibus,
1850 4721 2073 4778 reducat

490 4805 709 4869 esuries,
737 4805 961 4859 reducat
981 4804 1263 4875 jejunium.
1300 4805 1315 4844 ί
1351 4808 1589 4864 Diximus
1617 4810 1745 4880 quid
1773 4810 1830 4865 S.
1860 4811 2071 4885 Moyses

492 4894 685 4947 meruit
731 4893 1041 4963 jejunando,
1083 4895 1275 4950 deinde
1317 4904 1373 4950 et
1411 4907 1635 4955 cunctos
1672 4900 1964 4957 videamus.
2009 4902 2067 4959 ε.

488 4980 616 5040 Elia:
653 4982 918 5053 jejunanti
963 4986 1125 5040 etiam
1170 4986 1436 5041 elementa
1485 4986 1736 5047 famulata
1780 5002 1922 5048 sunt.
1973 4993 2070 5052 Hic

557 5213 582 5275 ἐι
607 5203 740 5261 Cod.
773 5205 961 5263 Perus.
991 5207 1045 5275 2,
1075 5210 1316 5275 periculis
1343 5229 1601 5270 evasuros.

553 5274 1043 5360 b-podgprbevetg
1070 5274 1392 5360 Loquebatur
1415 5302 1536 5360 ergo
1565 5304 1720 5360 apere
1743 5287 1954 5360 Domini
1984 5293 2065 5346 di-

481 5347 642 5428 centis
672 5362 691 5400 :
722 5345 785 5403 Si
807 5348 931 5428 mihi
953 5366 1057 5428 non
1080 5345 1306 5428 creditis,
1337 5345 1571 5428 operibus
1597 5345 1810 5413 credite.
1842 5359 1941 5418 Hic
1963 5345 2061 5418 de-

480 5418 609 5472 sinit
635 5432 813 5474 sermo
841 5420 896 5475 in
925 5422 1045 5477 cod.
1081 5422 1331 5479 Urhevet.
1363 5418 1419 5479 et
1455 5426 1509 5480 in
1537 5428 1659 5483 cod.
1692 5428 1880 5485 Venet.

551 5487 1036 5583 219.952-5392.“
1064 5493 1368 5583 eadem“
1384 5493 1823 5583 gemerem
1843 5510 2058 5583 ιεῖηρυξε

547 5556 575 5595 δ
620 5557 823 5641 Eadem
868 5562 1023 5641 edit.,
1074 5561 1336 5641 Quantum
1372 5556 1443 5641 sit
1484 5556 1832 5641 ergovbonum
1870 5556 2061 5641 jejunii

479 5639 821 5714 quantumque
864 5635 1047 5706 gratia:
1091 5637 1329 5707 conferat
1372 5633 1508 5689 brevi
1542 5633 1783 5693 sermone
1812 5633 2060 5711 exentplis

481 5699 671 5754 additis
700 5699 1031 5759 disseramus.

555 5777 578 5805 °
608 5768 807 5827 Eadem
840 5774 991 5842 edit.,
1032 5776 1264 5845 accipere
1301 5777 1506 5843 meruit,
1545 5794 1637 5846 per
1668 5795 1823 5849 quam
1857 5784 2057 5854 populis

2176 4262 2282 4319 Sed
2309 4264 2514 4318 sciebat
2542 4265 2682 4320 Deus
2706 4266 3021 4336 prophetam
3058 4282 3212 4320 suum
3248 4275 3549 4322 tentantem
3577 4268 3763 4323 diabo-

2176 4355 2284 4409 lum
2312 4355 2466 4409 aliter
2491 4371 2747 4426 superare
2787 4372 2893 4410 non
2934 4371 3110 4425 posse,
3149 4358 3248 4412 nisi
3291 4356 3484 4427 jejunii
3524 4358 3763 4415 eruditus

2177 4446 2475 4502 insidiantis
2505 4448 2705 4503 inimici
2728 4457 3057 4504 tenlamenta
3084 4451 3388 4521 repelleret.
3417 4452 3606 4507 Daniel
3629 4468 3765 4523 quo-

2175 4552 2280 4607 que
2311 4536 2541 4608 (Daniel.
2584 4540 2692 4609 xiv)
2724 4540 2812 4594 ille
2840 4526 3139 4596 futurorum
3168 4556 3385 4610 gnarus,
3417 4551 3473 4597 et
3501 4543 3762 4599 adventus

2176 4628 2381 4685 Domini
2412 4631 2677 4695 conscius,
2708 4639 2763 4686 et
2788 4632 3083 4689 eversionis
3108 4632 3404 4690 Jerusalem
3431 4634 3759 4691 manifestis-

2174 4721 2339 4776 simus
2366 4722 2703 4791 prtedicator,
2739 4722 2859 4777 ideo
2904 4723 2987 4777 vir
3023 4723 3410 4780 desideriorum
3457 4728 3760 4796 appellatus

2173 4822 2273 4879 est,
2299 4814 2423 4884 quia
2452 4829 2642 4885 panem
2670 4813 2919 4869 desiderii
2946 4832 3052 4871 non
3082 4815 3313 4872 comedit
3339 4826 3395 4872 ct
3416 4826 3605 4888 potum
3627 4835 3759 4874 con-

2172 4906 2511 4976 cupis’centiaa
2552 4921 2659 4961 non
2699 4906 2850 4970 bibit,
2895 4908 3018 4977 quia
3066 4909 3234 4977 magis
3279 4909 3555 4965 Christum
3594 4926 3756 4981 quam

2172 4997 2356 5067 epulas
2384 4995 2736 5053 desiderabat.
2783 4996 3017 5054 Joannes
3052 5014 3268 5070 quoque
3312 5016 3617 5071 prtecursor
3643 5002 3754 5057 Do.

2166 5224 2463 5293 imperaret.
2498 5224 2927 5297 Impetraverunt.

2242 5291 2425 5370 '__Ead.
2457 5296 2585 5353 edit.
2609 5297 2754 5370 addit
2778 5298 2911 5352 inter
2938 5306 3162 5353 ventrem
3182 5314 3392 5353 vacuum
3413 5305 3464 5353 et
3482 5298 3750 5370 pulmones

2166 5364 2332 5441 epulis
2351 5375 2643 5441 azstuanles.
2669 5366 2881 5441 oyses_
2901 5386 3053 5441 ergo,
3074 5370 3180 5441 qui,
3211 5376 3315 5424 etc.

2235 5444 2262 5484 ε
2291 5434 2423 5490 Ead.
2452 5438 2583 5492 edit.
2617 5434 2816 5493 omittit
2846 5434 3073 5494 Domini.

2233 5503 2261 5543 ιι
2288 5504 2421 5561 Ead.
2447 5507 2598 5574 edit.,
2632 5508 2861 5564 lascivia.

2241 5577 2256 5652 ξ
2290 5574 2419 5653 Qad.
2450 5578 2877 5653 edit.,_Di,rimus
2904 5597 3045 5653 ergo,
3078 5588 3184 5653 etc.

2239 5645 2253 5722 ξ
2452 5645 2597 5722 edit.
2619 5650 2745 5722 legit
2773 5645 3000 5705 clausit':
3023 5651 3094 5705 ad
3118 5650 3263 5722 cujus
3293 5668 3487 5722 vocem,
3516 5660 3622 5711 etc.
3648 5658 3653 5662 ”

2238 5714 2260 5751 ⁵⁸
2290 5713 2415 5785 Ead.
2450 5718 2599 5785 edit.,
2630 5713 2944 5776 admoneret.

2244 5786 2258 5823 ι
2293 5784 2424 5841 Ead.
2456 5784 2608 5854 edit.,
2633 5793 2717 5863 qui
2747 5793 2923 5848 caelum
2945 5802 2992 5848 et
3024 5803 3212 5850 (errant
3233 5795 3443 5865 fecerat.
