4056 6346
287 400 385 458 577

1701 397 1934 456 SERMO
1971 396 2155 456 XXIII.

3435 395 3542 456 578

284 517 412 573 mini
442 516 658 571 locustis
687 515 741 569 in
769 528 951 570 eremo
980 522 1034 570 et
1061 514 1257 584 agresti
1285 513 1443 570 melle
1473 514 1723 580 nutritur,
1754 530 1862 570 non
1890 521 1939 580 Α
1966 524 2093 571 tem.
2125 515 2243 571 Non
2269 513 2391 572 dico
2411 513 2798 585 hebdomadas,
2830 529 2937 571 non
2963 513 3252 587 duplicata,
3277 530 3384 572 non
3409 517 3547 573 mul-

285 609 591 664 animalium
621 608 889 673 carnibus,
925 622 1030 662 non
1058 607 1336 663 volucrum
1376 607 1722 664 suavitatibus
1767 622 1865 678 pa-

281 703 467 758 scitur.
491 700 710 756 Poterat
731 701 916 771 utique
934 701 1086 771 juxta
1104 699 1389 756 Jordanem
1412 699 1616 770 positus
1635 700 1863 769 piscium

282 797 383 852 sibi
413 794 670 850 exhibere
698 793 936 858 delicias,
972 792 1066 848 sed
1089 793 1454 863 pmnitentiam
1480 792 1863 861 praedicaturus

283 895 308 927 ι
337 886 569 954 rigorem
592 883 780 954 jejunii
810 884 1059 954 exemplo
1088 899 1184 938 suo
1213 883 1380 952 magis
1417 882 1602 938 debuit
1629 891 1684 938 et
1711 882 1864 938 factis

279 976 566 1032 ostendere
609 992 770 1046 quam
832 991 983 1031 voce.
1034 975 1092 1028 In
1137 974 1427 1042 Evangelio
1471 973 1682 1043 (Manli.
1733 973 1861 1044 xvn)

279 1085 514 1140 quoque,
546 1085 670 1125 cum
697 1067 911 1138 quidam
940 1067 1180 1122 daemone
1209 1067 1395 1137 plenus
1424 1067 1652 1121 Domino
1679 1064 1866 1120 fuisset

280 1158 514 1225 oblatus,
541 1173 699 1227 quem
723 1158 953 1228 apostoli
983 1173 1170 1213 curare
1190 1156 1350 1228 453
1381 1157 1750 1226 nequiverant,
1784 1156 1837 1209 in
1855 1185 1868 1195 -

281 1258 618 1321 terrogantes
672 1250 894 1306 audiunt
921 1265 951 1304 a
981 1249 1208 1304 Domino
1238 1248 1534 1304 istiusmodi
1563 1263 1731 1317 genus
1755 1262 1863 1302 non

277 1355 442 1412 posse
469 1341 588 1410 ejici
614 1341 714 1396 nisi
742 1341 1073 1396 orationibus
1109 1348 1163 1395 et
1201 1339 1438 1409 jejuniis.
1484 1339 1672 1394 Videte
1712 1352 1860 1406 ergo,

277 1431 493 1502 fratres,
523 1443 722 1503 quanta
750 1434 820 1488 sit
842 1433 1164 1503 jejuniorum
1205 1433 1392 1498 virtus,
1420 1441 1473 1487 ut
1501 1432 1551 1487 id
1579 1430 1754 1486 facere
1777 1431 1864 1501 je-

276 1523 428 1594 juiiia
454 1523 668 1578 valeant
695 1522 837 1593 quod
867 1523 1096 1593 apostoli
1123 1523 1492 1592 nequiverant.
1535 1519 1736 1574 Omitto
1763 1535 1867 1574 cae-

277 1621 424 1681 tera;
469 1615 564 1669 sed
612 1614 974 1684 unusquisque
1021 1612 1325 1669 consideret
1370 1620 1568 1682 quanta
1611 1611 1680 1665 sit
1728 1611 1867 1664 inter

274 1704 536 1775 jejunium
566 1714 620 1762 et
655 1705 990 1762 saturitatem
1017 1705 1296 1772 distantia,
1326 1704 1466 1758 inter
1491 1710 1735 1757 ventrem
1769 1716 1863 1757 va-

274 1813 440 1853 cuum
484 1806 540 1853 et
585 1797 866 1864 refertum,
918 1799 1058 1852 inter
1093 1797 1372 1852 rubentem
1424 1794 1614 1850 faciem
1666 1802 1720 1848 et
1768 1809 1862 1848 ora

1967 606 2202 676 tiplicata
2225 606 2446 676 jejunia,
2469 607 2562 662 sed
2581 607 2666 662 vel
2691 606 2930 677 singulos
2948 605 3064 662 dies
3085 607 3286 677 absque
3305 609 3545 664 ciborum

1964 694 2299 754 l>-nimietate
2341 706 2691 754 transeamus.
2733 697 2955 755 Cessent
3005 698 3230 768 lavacra,
3274 702 3418 768 vina,
3461 701 3546 758 vel

1967 806 2176 857 carnes,
2201 807 2307 847 non
2324 789 2468 860 quod
2493 799 2795 846 creaturam
2821 790 2914 845 Dei
2939 790 3238 862 judicemus
3253 807 3371 849 esse
3391 792 3544 848 dam-

1965 883 2230 949 nandam;
2273 883 2437 956 454
2483 883 2577 940 sed
2615 883 2705 952 qui
2753 891 2866 939 toto
2908 900 3048 940 anno
3095 886 3249 942 nobis
3293 887 3542 954 viximus,
3578 905 3583 910 '

1964 975 2154 1029 saltem
2185 975 2268 1030 vel
2294 990 2495 1045 paucos
2521 975 2636 1031 dies
2668 976 2907 1032 vivamus
2927 986 2982 1031 et
3001 978 3248 1034 Domino.
3281 978 3386 1034 Sed
3405 981 3546 1050 jeju-

1963 1065 2052 1121 nia
2081 1076 2280 1133 nostra,
2315 1077 2373 1122 ut
2399 1069 2554 1139 plena
2589 1068 2698 1124 sint
2735 1077 2789 1122 et
2831 1079 2854 1108 °
2903 1070 3140 1137 sull'erta,
3171 1072 3547 1128 misericordia:

1963 1158 2287 1228 pinguedine
2333 1161 2661 1228 saginantur.
2713 1158 2909 1213 Demus
2955 1162 3309 1217 esurientibus
3353 1179 3546 1233 panem

1964 1258 2226 1304 nostrum.
2259 1249 2370 1305 Nec
2398 1248 2425 1287 ά
2451 1258 2701 1320 putemus
2725 1248 2928 1318 jejunia
2957 1250 3071 1305 sola
3101 1251 3344 1307 sullicere
3365 1251 3433 1306 ad
3460 1267 3548 1306 sa-

1965 1341 2142 1396 nanda
2170 1343 2393 1397 vulnera
2435 1350 2800 1412 peccatorum,
2836 1340 2937 1396 nisi
2980 1351 3003 1378 ε
3053 1341 3105 1395 iu
3154 1343 3544 1398 medicamento

1964 1433 2319 1506 eleemosyuze
2363 1442 2692 1490 recreentur.
2724 1432 2993 1503 Jejuiiium
3039 1446 3166 1500 ergo
3199 1442 3344 1488 tuum
3377 1443 3428 1489 te
3456 1450 3546 1489 ca-

1963 1524 2140 1592 stiget,
2183 1524 2278 1578 sed
2320 1524 2553 1580 laetificet
2600 1525 2844 1590 alterum,
2872 1532 2926 1578 ct
2966 1523 3038 1577 ita
3079 1520 3361 1579 fructuosa:
3389 1533 3547 1580 erunt

1964 1613 2223 1681 angustia:
2253 1604 2374 1680 tum,
2407 1614 2452 1668 si
2481 1614 2634 1668 alteri
2677 1613 3011 1668 latitudinem
3051 1621 3321 1682 praestent.
3353 1613 3443 1669 Sic
3464 1615 3548 1683 jc-

1958 1703 2108 1775 juna,
2136 1715 2194 1760 ut
2221 1706 2274 1760 iii
2304 1706 2410 1762 alio
2432 1706 2788 1763 manducaute
2831 1715 2885 1762 te
2914 1705 3191 1776 prandisse
3226 1706 3242 1744 ί
3273 1708 3506 1775 gaudeas
3533 1725 3545 1760 :

1967 1794 2204 1851 Hilarem
2231 1798 2365 1852 enim
2396 1798 2629 1852 datorem
2656 1798 2822 1869 diligit
2859 1796 2999 1852 Deus
3031 1797 3085 1870 (I
3125 1796 3245 1853 Cor.
3288 1797 3386 1868 ix).
3419 1798 3550 1852 Nam

275 1888 553 1959 pallentia,
578 1890 716 1946 inter
744 1906 806 1947 os
828 1888 1070 1960 jejunum
1095 1895 1150 1945 et
1176 1888 1315 1944 labia
1340 1887 1559 1958 crapula
1582 1886 1859 1954 dissoluta,
1894 1901 1938 1962 Β
1966 1888 2324 1946 manducante
2352 1904 2588 1962 paupere
2607 1889 2674 1944 de
2704 1888 2857 1944 bonis
2884 1889 3010 1958 tuis,
3033 1890 3260 1960 prandet
3286 1889 3549 1958 Christus,

275 1979 422 2036 inter
449 1996 762 2054 oppressum
799 1982 970 2054 epulis
1016 1989 1070 2038 et
1117 1981 1306 2037 inedia:
1347 1980 1606 2037 tenuitate
1639 1980 1862 2050 vigilan-

1970 1981 2062 2052 qui
2089 1997 2148 2037 se
2176 1983 2229 2036 in
2255 1997 2491 2053 paupere
2519 1981 2723 2038 esurire
2750 1988 2994 2038 testatur.
3025 1981 3275 2054 Esplicit.

1670 2095 1939 2158 SERMO
1976 2097 2180 2159 XXII.

1558 2197 1638 2252 De
1663 2197 2076 2270 Quadragesima
2107 2198 2271 2254 VIII.

1705 2293 2095 2348 ADMONlTlO.

350 2383 648 2441 Dolendum
673 2385 913 2456 profecto
935 2391 1037 2456 est,
1064 2391 1282 2455 propter
1308 2389 1632 2456 vetustatem
1656 2385 1854 2439 codicis
1894 2385 2205 2440 monasterii
2232 2384 2359 2440 olim
2394 2383 2460 2456 de
2488 2383 2785 2456 Appannis,
2818 2383 3077 2454 majorem
3104 2383 3261 2456 hujus
3287 2385 3549 2440 sermonis

275 2464 495 2528 partem
524 2457 625 2524 legi
657 2453 801 2511 nullo
829 2454 990 2528 modo
1019 2453 1213 2528 posse;
1246 2469 1412 2528 quare
1431 2453 1669 2528 diversis
1686 2456 1737 2528 in
1781 2456 1914 2511 locis
1944 2457 2124 2528 multis
2167 2456 2276 2528 suis
2305 2453 2548 2528 partibus
2568 2453 2913 2528 diminutum,
2933 2453 3378 2528 quemadmodum
3399 2471 3549 2512 accc-

275 2524 478 2599 pimus,
511 2528 668 2584 edere
692 2527 939 2582 eumdem
968 2524 1226 2594 cogimur.
1280 2525 1574 2595 lnscriptus
1602 2525 1799 2581 ibidem
1828 2534 1911 2582 est
1939 2546 1951 2581 :
1984 2525 2118 2582 Item
2146 2537 2195 2582 et
2217 2527 2278 2581 de
2309 2524 2724 2598 Quadragesima
2751 2542 2919 2581 sermo
2957 2524 3089 2579 VII.

274 2683 671 2740 AKGUIENTUI.
695 2713 766 2724 —
788 2680 872 2736 Ea:
893 2681 972 2736 his
994 2696 1107 2751 qua:
1132 2687 1358 2751 prarstat
1379 2679 1461 2732 hic
1487 2680 1868 2751 serm_oiniper-

352 2758 556 2828 fectus,
605 2755 834 2828 nouimus
985 2748 1478 2828 lfaxi'niumuMoysi
1508 2759 1557 2803 et
1596 2748 1867 2828 Elian—nec

349 2820 458 2880 non
485 2823 609 2878 Iesu
645 2824 834 2878 Christi
855 2822 1111 2894 jejunium
1138 2820 1477 2893 prwdicasse,
1505 2829 1560 2874 ut
1588 2820 1769 2892 ﬁdeles
1797 2821 1868 2875 ad

354 2895 693 2968 iejunandum
720 2894 1031 2949 incenderet.

351 3053 612 3122 Quamvis
633 3092 648 3118 ,
704 3051 894 3107 fratres
916 3092 930 3117 ,
982 3058 1097 3106 toto
1135 3050 1256 3105 vita:
1299 3057 1493 3105 nostra:
1523 3056 1766 3120 tempore
1797 3050 1865 3105 ad

273 3147 558 3204 omlestem
604 3144 832 3214 patriam
883 3141 1210 3199 contendere
1239 3140 1556 3206 debeamus,
1606 3140 1657 3195 id
1686 3148 1866 3195 tamen

272 3240 551 3314 praecipue
577 3239 632 3294 iii
659 3238 744 3293 bis
769 3237 969 3293 sanctis
996 3235 1424 3303 Quadragesimae
1453 3234 1640 3290 diebus
1667 3241 1868 3304 quanta

273 3349 571 3409 possumus

275 3445 307 3486 a
359 3429 518 3484 nobis
565 3435 646 3482 est
683 3425 1009 3482 enitendum.
1061 3424 1526 3494 Quadragenarius
1564 3430 1743 3477 autem
1770 3422 1869 3477 iste

1970 2660 2174 2715 vatoris
2223 2659 2393 2714 nostri
2441 2657 2747 2729 exemplum
2787 2657 3109 2722 addidimus,
3155 2658 3268 2728 qui,
3308 2665 3367 2713 ut
3402 2672 3460 2712 se
3485 2657 3550 2711 ad

1971 2748 2246 2819 Evangelii
2284 2750 2364 2804 sui
2405 2758 2731 2820 prmpararet
2760 2749 3224 2820 praedicationem,
3253 2748 3551 2818 quadrage-

1971 2840 2123 2894 nario
2153 2840 2357 2895 dierum
2387 2841 2731 2910 noctiumque
2751 2855 2976 2896 numero
3005 2841 3071 2894 ab
3096 2840 3240 2895 omni
3271 2840 3392 2894 cibo
3421 2840 3549 2895 abs-
3605 2820 3619 2834 ⁸

1973 2934 2133 2988 tinuit
2183 2943 2343 3005 atque
2378 2942 2539 3005 potu;
2573 2933 2716 2988 unde
2745 2933 2892 2988 etde
2920 2933 3198 2988 diabolicis
3240 2933 3552 2987 tentationi-

1966 3026 2067 3082 bus
2098 3025 2322 3095 (Desunt
2344 3026 2396 3079 in
2419 3025 2662 3098 originali
2683 3024 2785 3089 duo
2807 3025 2969 3096 folia;
2993 3023 3175 3077 deinde
3204 3023 3298 3077 hoc
3327 3024 3552 3094 sequitur

1971 3126 2365 3199 fragmentum).

2042 3221 2240 3275 Verum
2269 3219 2396 3289 quid
2425 3217 2647 3288 prodest
2671 3217 2892 3284 homini,
2926 3216 2969 3271 si
2999 3231 3194 3286 corpus
3219 3230 3249 3269 a
3278 3215 3398 3270 cibo
3413 3214 3554 3285 jeju-

1973 3322 2279 3376 net,.mens
2310 3319 2488 3366 autem
2521 3327 2624 3364 non
2648 3310 2889 3378 jejunet?
2929 3307 3066 3374 Quid
3097 3309 3141 3362 si
3170 3323 3200 3361 a
3229 3308 3360 3362 cibis
3389 3307 3555 3361 absti-

1974 3420 2132 3470 neas,
2175 3413 2229 3458 et
2269 3403 2454 3457 illicita
2483 3401 2681 3456 facias?
2708 3399 2763 3455 Si
2793 3399 3080 3470 pupillum,
3116 3398 3163 3452 si
3189 3396 3400 3453 viduam
3424 3412 3551 3467 per-

274 3523 492 3578 dierum
522 3534 794 3585 numerus,
823 3526 882 3574 ut
909 3517 1110 3589 pluries
1140 3517 1412 3574 sanctitati
1442 3522 1632 3571 vestrae
1661 3512 1943 3588 iutima—C
1971 3497 2239 3568 sequeris,
2285 3495 2330 3552 Si
2373 3535 2385 3548 -
2466 3536 2479 3549 ο
2557 3534 2570 3546 -
2652 3534 2666 3548 ο
2746 3531 2760 3546 ο
2841 3531 2853 3543 ο
2935 3530 2948 3543 ·
3030 3529 3044 3543 ·
3123 3530 3136 3544 ο
3217 3529 3230 3543 ο
3312 3528 3326 3542 ο
3403 3527 3416 3540 ·
3499 3527 3514 3543 ο

276 3615 479 3679 vimus,
508 3614 560 3668 in
589 3613 756 3669 sacris
790 3610 1080 3682 Scripturis
1103 3610 1360 3683 mysticus
1389 3617 1471 3664 est
1498 3617 1658 3676 atque
1683 3622 1867 3662 conse-

276 3715 488 3765 cratus.
522 3705 700 3762 Nostis
725 3705 891 3771 enim,
922 3713 982 3758 ut
1002 3719 1142 3773 saepe
1162 3703 1415 3769 diximus,
1444 3700 1501 3755 S.
1532 3699 1774 3769 Moysen,
1809 3705 1867 3750 ut

276 3800 514 3870 scriptas
544 3797 710 3867 digito
759 3796 855 3850 Dei
902 3795 1110 3849 tabulas
1161 3794 1228 3848 ab
1273 3793 1364 3847 illo
1392 3797 1693 3846 mereretur
1722 3788 1865 3842 acci-

275 3907 451 3964 pere,
497 3887 847 3961 quadraginta
891 3885 1097 3941 dierum
1142 3892 1198 3938 et
1242 3882 1482 3938 noctium
1530 3894 1754 3934 numero
1801 3877 1868 3930 ab

277 3980 436 4039 omni
459 3994 585 4034 esca
614 3971 938 4031 abstinuisse
965 3983 1020 4029 et
1049 3981 1198 4042 potu.
1229 3971 1533 4040 Adjecimus
1561 3969 1722 4022 etiam
1743 3967 1871 4022 bea-

278 4082 402 4130 tum
427 4070 599 4124 Eliam
627 4075 749 4139 post
776 4065 1128 4136 quadraginta
1169 4065 1376 4119 dierum
1405 4062 1712 4118 continuata
1732 4058 1872 4128 jeju-

276 4166 379 4222 nia
415 4177 574 4217 curru
620 4161 774 4228 igneo
819 4159 874 4212 in
915 4157 1110 4212 coelum
1139 4171 1258 4211 esse
1288 4155 1620 4208 translatum.
1689 4150 1870 4220 Neque

278 4255 438 4312 hisce
467 4260 672 4309 tantum
697 4294 712 4320 ,
760 4252 854 4308 sed
901 4259 957 4324 et
992 4251 1110 4305 aliis
1144 4249 1339 4305 veteris
1369 4248 1501 4317 legis
1529 4245 1788 4314 exemplis
1818 4243 1869 4297 id

277 4347 788 4406 demonstravimus.
838 4344 1089 4412 Quinimo
1118 4345 1283 4416 ipsius
1313 4341 1522 4398 Domini
1553 4349 1711 4410 atque
1743 4337 1866 4392 Sal—

1972 3684 2122 3739 Tunc
2151 3685 2260 3738 Deo
2289 3690 2439 3749 grata
2462 3721 2477 3746 ,
2520 3687 2682 3747 atque
2711 3684 2927 3746 accepta
2957 3683 3114 3730 erunt
3143 3681 3227 3728 tua
3254 3670 3477 3742 jejunia,
3509 3668 3555 3723 si

1971 3777 2206 3830 alienum
2251 3773 2443 3830 reddas
2490 3769 2637 3840 Quod
2685 3777 2866 3832 tenes;
2915 3768 2959 3822 si
3009 3766 3178 3829 fratri,
3209 3764 3298 3834 qui
3331 3762 3426 3817 tibi
3457 3760 3556 3814 fuit

1974 3868 2251 3931 molestus,
2283 3866 2559 3934 ignoscas;
2591 3861 2637 3916 si
2667 3860 2732 3914 ab
2762 3860 2934 3914 aliena
2985 3873 3152 3913 uxore
3179 3857 3471 3919 abstineas,
3505 3853 3551 3907 si

1976 3958 2303 4030 pauperibus
2344 3954 2411 4009 de
2449 3953 2532 4006 liis
2572 3968 2690 4022 quin
2723 3960 2811 4004 tua
2840 3958 2964 4004 sunt
2994 3948 3234 4017 largiaris
3261 3947 3556 4016 eleemosy-

1979 4067 2078 4106 nas
2110 4049 2330 4120 (Desunt
2357 4049 2410 4101 in
2439 4044 2683 4116 originali
2708 4042 2993 4114 quindecim
3017 4039 3212 4110 linere.)
3242 4037 3370 4094 Hinc
3397 4037 3563 4106 igitur,

1978 4145 2134 4200 vobis
2161 4144 2339 4198 divina
2366 4137 2732 4195 misericordia
2763 4137 3041 4202 concedat,
3059 4142 3118 4188 ut
3140 4125 3377 4204 jejuhiis,
3411 4130 3554 4184 elce-

1978 4239 2235 4311 mosynis,
2269 4235 2575 4303 sanctisque
2603 4231 2857 4302 operibus
2883 4238 3140 4286 aiternam
3169 4226 3333 4284 vitam
3363 4238 3556 4280 conse-

1978 4333 2068 4402 qui
2099 4329 2426 4406 mereamini.
2459 4325 2708 4397 Explicit.

1645 4427 1914 4491 SERMO
1956 4424 2197 4487 XXIII.

1586 4531 1665 4585 De
1696 4529 2103 4599 Quadragesima
2148 4523 2250 4578 IX.

1753 4615 2145 4674 ADMONITIO.

359 4729 521 4801 455
531 4724 780 4783 Occurrit
804 4723 956 4801 nobis
976 4722 1113 4801 alter
1125 4733 1323 4801 sermo,
1346 4716 1402 4771 in
1421 4731 1532 4801 quo
1549 4687 3406 4801 vestigia'antiqgiPpaitjffﬁllsiipnﬁmﬁ13:5.emas
3421 4687 3559 4801 gi}?

359 4756 780 4801 “anucuunu
804 4756 956 4779 ιιυυιθ
976 4756 1100 4776 unm
1127 4756 1203 4776 au
1216 4756 1323 4783 mu,
1349 4756 1398 4771 ι..
1421 4756 1528 4786 “ut.
1559 4756 1771 4780 κωκυ...
1796 4756 2126 4794 ...ηηΓτη-,ῖ-
2153 4756 2208 4788 τη
2229 4756 2238 4758 -
2258 4756 2342 4760 ην,
3101 4763 3112 4773 .
3209 4756 3226 4759 _

283 4820 428 4866 nius,
452 4807 828 4868 agnoscuntur.
854 4792 1102 4848 Plurimis
1121 4791 1265 4846 enim
1287 4787 1490 4842 lacunis
1518 4785 1749 4854 laborat.
1775 4783 1832 4836 lu
1859 4778 2101 4848 originali
2130 4777 2312 4829 titulus
2334 4782 2415 4827 est
2440 4790 2450 4824 :
2488 4770 2618 4824 Item
2640 4767 2767 4822 etde
2789 4763 3200 4834 Quadragesima
3222 4775 3388 4814 sermo
3412 4757 3462 4810 X
3469 4756 3534 4812 II
3539 4807 3553 4821 ,

284 4935 680 4992 Ancuusn'rmi.
708 4962 783 4974 —-
819 4928 1038 4983 Disserit
1071 4933 1249 4979 auctor
1290 4922 1352 4975 de
1399 4919 1596 4989 Moysis
1629 4916 1864 5042 gejunio,
1901 4940 1949 5000 η

359 5013 628 5042 οηΛηοηηιο
665 5012 721 5042 ur
746 5001 892 5042 illum
935 5013 1043 5042 οτηερ
1080 4995 1240 5042 oculis
1271 4992 1567 5042 habeamus.
1672 5003 1690 5040 ι
1729 4999 1865 5040 enim

359 4986 634 5076 monetque
665 5012 721 5056 ut
746 5001 892 5055 illum
935 5013 1043 5068 prce
1080 4995 1240 5076 oculis
1271 4986 1567 5076 (iubeamus.
1594 5060 1604 5071 .
1729 4986 1865 5076 enim

357 5056 679 5146 justus
708 5081 757 5125 et
785 5056 994 5146 sanctus
1024 5064 1384 5146 quadraginta
1428 5061 1537 5146 dies

361 5126 641 5215 tianégit,
699 5141 856 5196 multo
897 5126 1076 5220 mugit;
1105 5153 1137 5189 a
1171 5126 1317 5220 nobis
1348 5126 1704 5220 peccatoribus
1734 5126 1872 5220 idem

357 5197 678 5287 jejunidruni
699 5226 936 5268 numerus
955 5197 1010 5263 in
1034 5197 1448 5276 Quadragesi'ma
1476 5209 1550 5255 est
1567 5197 1870 5254 servandus.

365 5396 577 5451 Sanctae
604 5389 1033 5460 Quadragesimae
1067 5384 1213 5451 dies,
1264 5381 1414 5451 cujus
1441 5377 1598 5433 hodie
1627 5389 1878 5431 curamus

291 5487 614 5553 exordium,
674 5481 945 5554 quomodo
1004 5477 1262 5532 Dominus
1320 5472 1650 5540 Redemptor
1697 5475 1879 5522 noster

373 5653 396 5682 ο
428 5643 566 5698 Edit.
609 5640 778 5695 Maur.
801 5679 814 5704 ,
842 5634 932 5691 sed
960 5632 1310 5704 paenitentiam
1346 5623 1871 5704 pradicaturusndocf

295 5693 724 5784 trinam-rigoris
757 5693 814 5764 et,
841 5693 1050 5779 jejunii,
1097 5693 1451 5772 exemplo'suo
1498 5697 1664 5767 magis
1703 5693 1873 5748 debuit

296 5788 486 5843 docere
515 5800 667 5843 quam
696 5797 830 5836 voce.

376 5837 566 5910 b“Ead.
596 5852 727 5910 edit.
756 5849 946 5908 Maur..
971 5848 1191 5903 ciborum
1223 5841 1426 5898 luriiria
1449 5837 1820 5903 transiganms.

1973 4906 2405 4971 consecraverit,
2455 4917 2562 4972 quo
2600 4907 2760 4970 pacto
2790 4897 2952 4952 etiam
2984 4893 3196 4966 Moyses
3225 4901 3385 4962 atque
3414 4890 3559 4946 Elias

1973 5003 2072 5058 sub
2103 4999 2282 5056 Veteri
2311 4997 2657 5052 Testamento
2685 4987 3138 5045 sanctilicaverint
3157 5027 3170 5050 ,
3198 4985 3424 5048 fratres,
3446 4983 3558 5053 jam

1975 5095 2173 5167 pluries
2193 5090 2346 5146 vobis
2367 5087 2649 5144 ediximus.
2680 5082 2747 5136 Et
2777 5096 2965 5137 revera
2992 5079 3095 5134 illis
3125 5078 3178 5132 in
3208 5076 3560 5146 quadraginta

1977 5186 2183 5250 diebus,
2207 5183 2398 5252 quibus
2419 5179 2631 5250 Moyses
2659 5183 2820 5243 atque
2846 5171 2991 5226 Elias
3011 5171 3064 5225 in
3096 5168 3262 5224 veteri
3290 5167 3405 5236 lege
3422 5167 3561 5236 jeju-

1979 5280 2066 5334 nia
2111 5283 2296 5332 sancta
2344 5275 2666 5333 servarunt,
2714 5264 2878 5320 veluti
2921 5259 3392 5330 Quadragesimam
3418 5257 3560 5326 jeju-

1980 5384 2134 5426 nasse
2159 5407 2172 5431 ,
2216 5373 2377 5435 atque
2406 5361 2540 5417 adeo
2571 5358 2738 5414 sancti
2764 5354 2952 5425 jejunii
2981 5351 3122 5422 quod
3148 5349 3307 5405 hodie
3337 5348 3558 5401 inclina-

1981 5475 2118 5524 mus,
2149 5433 2312 5512 veluti
2343 5463 2524 5525 typum
2547 5451 2931 5521 prailigurasse,
2956 5439 3224 5498 sanctitati
3245 5444 3433 5492 vesti-.1:
3449 5433 3561 5504 jam

2053 5628 2075 5656 ε
2108 5614 2240 5670 Ead.
2269 5613 2422 5678 edit.,
2453 5620 2502 5665 et
2520 5609 2759 5677 stt/farta.

2053 5685 2080 5724 δ
2110 5686 2242 5740 Ead.
2267 5684 2417 5746 edit.,
2451 5680 2563 5734 Nec
2589 5687 2753 5749 putes.

2059 5768 2082 5796 ο
2113 5756 2248 5810 Ead.
2277 5755 2405 5809 edit.
2435 5752 2633 5806 omittit
2656 5751 2728 5800 iii.

2059 5827 2080 5867 ί
2117 5825 2246 5881 Ead.
2275 5825 2428 5891 edit.,
2458 5819 2726 5892 prandisse
2756 5823 2802 5868 le
2825 5809 3104 5886 gaudeam.
