4056 6346
246 354 336 413 581

1637 342 1869 400 SERMO
1905 341 2087 399 XXVI.

3394 346 3499 404 ’582

243 465 387 532 καί,
440 473 600 534 φησι
649 457 815 530 iniqui
860 460 1064 530 pariter
1089 467 1147 515 et
1161 457 1350 531 jejuni.
1376 455 1475 512 Ille
1501 455 1643 512 enim
1672 470 1803 527 pec-
1835 461 1885 521 Α
1912 455 1967 508 in
1994 452 2081 508 bis
2108 452 2296 509 diebus
2338 467 2500 511 servo
2544 471 2653 511 non
2694 455 2889 526 parcit,
2938 456 3157 513 minime
3205 459 3499 530 respiciens

242 570 363 614 care
379 550 664 624 aliquando
688 550 905 616 desinit,
926 552 1021 620 qui
1068 551 1251 607 ebrius
1276 548 1566 619 aliquando
1609 546 1810 603 obdor-

241 648 364 711 mit;
411 644 497 699 hic
548 649 730 697 autem
754 656 941 697 errare
968 657 1076 697 non
1105 651 1301 707 cessat,
1348 641 1440 709 qui
1485 639 1812 694 exercitatus

240 738 396 806 malo,
417 734 634 806 jejuniis
661 749 876 805 semper
903 733 1169 804 invigilat;
1199 732 1341 788 unde
1365 731 1552 786 inutile
1580 737 1636 785 et
1654 731 1812 785 inane

240 839 319 887 est
346 829 451 884 tale
488 825 772 898 jejunium,
804 826 949 897 quod
991 827 1166 883 inedia
1197 825 1438 882 membra
1465 824 1729 887 debilitat,
1757 832 1813 879 et

240 920 462 975 animam
481 932 512 972 a
534 918 841 989 perditione
860 933 973 973 non
1002 918 1215 982 liberat,
1243 917 1311 972 de
1330 930 1440 986 quo
1457 915 1661 985 jejunio
1682 914 1814 971 dicit

238 1017 446 1067 sanctus
467 1008 733 1081 prapbeta
761 1024 831 1065 ex
856 1024 1088 1080 persona
1116 1006 1327 1064 Domini
1354 1026 1366 1061 :
1414 1007 1483 1063 Ut
1509 1008 1634 1062 mihi
1666 1008 1811 1079 jeju-

238 1101 403 1156 natis?
430 1117 533 1154 non
561 1100 666 1155 tale
706 1101 969 1173 jejunium
1018 1102 1169 1173 elegi,
1199 1100 1324 1154 dicit
1370 1099 1623 1153 Dominus
1672 1097 1808 1169 (Isa.

236 1193 397 1263 tvm).
430 1192 508 1249 An
538 1192 741 1265 putatis
784 1193 936 1249 illum
957 1193 1225 1262 jejunare,
1259 1191 1469 1254 fratres,
1499 1191 1588 1262 qui
1637 1190 1810 1261 primo

236 1286 460 1345 diluculo
511 1302 622 1343 non
663 1287 730 1342 ad
784 1286 1074 1345 ecclesiam
1130 1286 1333 1358 vigilat,
1377 1302 1484 1342 non
1531 1287 1809 1341 beatorum

234 1385 515 1449 martyrum
548 1378 666 1433 loca
693 1386 878 1435 sancta
905 1378 1189 1449 perquirit,
1220 1378 1315 1432 sed
1340 1391 1562 1446 surgens
1589 1391 1813 1446 congre-

232 1476 319 1539 gat
358 1468 626 1537 servulos,
680 1468 917 1539 disponit
964 1470 1123 1538 retia,
1154 1484 1316 1524 canes
1344 1468 1612 1539 producit,
1644 1468 1811 1524 saltus

231 1558 485 1628 silvasque
512 1559 809 1629 perlustrat
839 1577 851 1612 :
882 1559 1148 1627 servulos,
1179 1559 1417 1630 inquam,
1464 1574 1647 1614 secum
1690 1574 1813 1628 per-

234 1649 406 1713 trahit,
438 1649 673 1706 fortasse
697 1651 869 1719 magis
894 1651 959 1705 ad
990 1651 1275 1706 ecclesiam
1301 1651 1485 1706 venire
1509 1652 1808 1722 cupientes,

232 1747 283 1796 et
306 1739 671 1810 voluptatibus
700 1742 809 1797 suis
838 1750 1057 1811 peccata
1114 1743 1415 1799 accumulat
1462 1740 1659 1827 aliena,
1713 1758 1811 1797 ne-

1913 546 2057 615 quod
2109 546 2155 601 si
2206 561 2397 602 servus
2441 556 2524 603 est
2550 548 2881 618 conditione,
2906 551 3285 618 gratiatamen
3330 550 3498 610 frater

1911 647 2013 694 est.
2046 638 2255 694 Etenim
2283 640 2530 696 similiter
2556 642 2825 697 Christum
2853 643 3075 712 inducit,
3114 644 3302 700 iisdem
3329 648 3499 717 parti-

1910 733 2054 804 cipat
2080 734 2460 800 sacramentis;
2491 735 2680 790 eodem
2711 737 2803 806 qui
2827 743 2883 792 et
2911 745 2968 791 tu
2993 739 3159 794 utitur
3179 738 3291 795 Deo
3311 737 3491 809 Patre,

1909 840 2005 880 cur
2034 833 2086 880 te
2131 841 2238 881 non
2268 834 2447 881 utatur
2467 836 2524 882 ut
2559 826 2758 883 fratre?
2787 829 2925 884 Sunt
2952 831 3096 885 enim
3124 832 3370 902 plerique
3396 835 3489 903 qui

1909 916 1979 972 de
2003 919 2378 974 venationibus
2401 922 2689 976 redeuntes
2718 923 2886 990 magis
2908 938 3101 978 canum
3129 940 3288 995 quam
3310 940 3494 982 servo-

1910 1022 2030 1060 rum
2058 1023 2239 1063 curam
2265 1018 2477 1078 gerunt,
2503 1019 2559 1065 et
2581 1009 2783 1065 facitmt
2802 1026 2897 1068 eos
2912 1012 3067 1082 juxta
3086 1028 3146 1070 se
3167 1016 3252 1071 vel
3282 1031 3493 1072 recum-

1910 1097 2060 1164 bere,
2082 1099 2166 1154 vel
2195 1099 2448 1166 dormire,
2479 1101 2848 1170 quotidianum
2872 1103 2975 1159 illis
2995 1105 3171 1159 cibum
3192 1102 3218 1143 ἀ
3243 1106 3326 1161 sui
3356 1122 3495 1177 pra:-

1912 1191 2086 1246 sentia
2115 1192 2503 1261 ministrantes,
2532 1194 2623 1263 qui
2655 1201 2831 1248 utrum
2852 1195 2995 1249 servi
3016 1210 3203 1251 eorum
3222 1194 3364 1252 fame
3388 1212 3499 1254 mo-

1912 1281 2118 1335 riantur
2146 1282 2395 1352 ignorant
2425 1300 2437 1335 :
2474 1291 2550 1352 et,
2573 1286 2717 1352 quod
2748 1290 2833 1339 est
2860 1285 3095 1353 gravius,
3124 1285 3225 1342 nisi
3271 1286 3499 1358 diligen-

1910 1380 1997 1428 ter
2019 1372 2103 1427 his
2125 1382 2480 1444 pricparatum
2506 1374 2683 1441 fuerit,
2716 1390 2814 1445 pro
2857 1390 2992 1430 cane
3016 1391 3202 1431 servus
3249 1376 3499 1434 afﬁcitur.

1912 1462 2074 1520 Vides
2103 1466 2246 1521 enim
2276 1466 2329 1521 in
2358 1467 2745 1523 nonnullorum
2759 1466 3006 1522 domibus
3033 1466 3231 1523 nitidos
3273 1478 3329 1525 et
3354 1485 3498 1526 eraso

1913 1573 2005 1612 sos
2024 1573 2188 1612 canes
2207 1559 2530 1626 discurrere,
2559 1559 2804 1614 homines
2822 1566 3001 1613 autem
3046 1559 3309 1628 pallentes
3335 1560 3499 1633 ιω

1912 1659 1968 1703 et
2010 1650 2305 1706 titubantes
2360 1651 2627 1706 incedere.
2686 1650 2777 1706 lsti
2820 1663 2948 1718 ergo
2978 1650 3377 1705 miserebuntur
3401 1651 3500 1706 ali-

1910 1740 2128 1809 quando
2152 1742 2497 1811 pauperibus,
2529 1742 2621 1810 qui
2652 1742 2873 1798 minime
2900 1742 3012 1796 suis
3052 1739 3267 1796 famulis
3317 1741 3497 1796 domi-

230 1831 395 1890 sciens
419 1847 579 1887 reum
609 1848 665 1887 se
690 1832 924 1888 futurum
955 1840 1062 1887 tam
1091 1833 1159 1889 de
1200 1849 1298 1889 suo
1326 1834 1524 1889 delicto
1552 1849 1717 1903 quam
1745 1834 1813 1890 de
1845 1847 1889 1907 Β
1915 1832 2016 1920 bim
2056 1833 2416 1887 miserentur?
2462 1832 2613 1887 Scire
2642 1833 2806 1902 igitur
2825 1832 3103 1896 debemus,
3139 1831 3348 1898 fratres,
3398 1832 3502 1887 hoc

229 1922 523 1996 perditione
577 1924 890 1979 servorum?
919 1923 1053 1979 Tota
1094 1925 1255 1992 igitur
1282 1925 1369 1980 die
1399 1925 1678 1981 venatibus
1710 1926 1811 1980 im-
1848 1922 1853 1927 ’

228 2022 489 2079 moratur;
554 2030 695 2070 nunc
738 2014 1031 2070 clamorem
1102 2015 1509 2072 immoderatum
1562 2015 1809 2083 efferens,

229 2116 361 2159 nunc
379 2105 663 2159 silentium
685 2105 915 2160 latenter
943 2106 1217 2172 indicens;
1240 2108 1394 2163 laetus
1420 2110 1465 2164 si
1494 2108 1695 2182 aliquid
1718 2125 1810 2166 ce-

227 2196 373 2265 perit,
427 2196 607 2251 iratus
654 2198 699 2251 si
750 2197 802 2252 id
846 2198 992 2268 quod
1046 2214 1154 2254 non
1181 2198 1413 2255 habebat
1440 2200 1680 2256 amiserit
1714 2219 1726 2253 :
1757 2211 1814 2257 et

228 2297 371 2346 tanto
396 2289 588 2346 studio
615 2292 772 2359 gerit,
797 2293 950 2362 quasi
973 2291 1092 2347 ideo
1113 2292 1371 2361 indictum
1388 2292 1652 2363 jejunium
1691 2291 1811 2365 fug-

225 2383 291 2439 rit
332 2390 388 2437 ut
430 2390 688 2438 venetur.
747 2382 805 2437 lu
835 2383 917 2438 his
965 2383 1363 2454 ergojluxuriis,
1396 2384 1604 2450 fratres,
1627 2385 1807 2450 dicite,

224 2474 335 2544 quis
382 2473 567 2529 cultus
605 2473 676 2528 sit
702 2473 817 2539 Dei,
840 2489 963 2544 quae
1011 2475 1207 2531 mentis
1230 2475 1401 2544 possit
1425 2490 1544 2530 esse
1571 2476 1810 2547 devotio,

225 2568 310 2639 qui
336 2577 632 2639 propterea
656 2567 883 2637 jejunat,
912 2584 1021 2622 non
1045 2575 1102 2621 ut
1130 2567 1240 2622 Deo
1281 2575 1445 2638 atque
1481 2569 1812 2625 orationibus

224 2668 392 2725 vacet,
426 2675 528 2715 seu
564 2665 622 2713 ut
650 2666 761 2713 tota
790 2657 876 2713 die
902 2659 1106 2713 otiosus
1135 2666 1190 2712 et
1218 2658 1353 2713 liber
1376 2660 1621 2729 proprias
1651 2674 1809 2714 exer-

225 2758 341 2804 ceat
379 2750 731 2819 voluptates?
780 2746 1035 2815 Quamvis
1084 2748 1263 2815 igitur,
1304 2748 1395 2818 qui
1442 2749 1702 2817 ejusmodi
1730 2765 1809 2816 es,

222 2844 379 2921 ‘59
404 2846 599 2912 frater,
621 2858 844 2915 vespere
865 2845 931 2898 ad
961 2844 1176 2899 domum
1203 2843 1393 2898 redeas
1411 2885 1425 2911 ,
1448 2845 1692 2913 quamvis
1712 2844 1809 2900 de-

225 2938 456 2994 clinante
473 2939 597 3008 jam
625 2936 739 2991 sole
759 2935 1070 2998 manduces,
1098 2943 1254 3006 potes
1282 2934 1449 2989 videri
1481 2934 1681 2989 tardius
1721 2949 1810 2990 re-

220 3030 426 3099 fecisse,
450 3047 565 3089 non
592 3040 769 3086 tamen
792 3030 1018 3085 Domino
1034 3028 1324 3099 jejunasse.
1342 3016 1463 3083 Nec
1491 3028 1631 3083 enim
1656 3036 1813 3098 potes

223 3125 390 3181 videri
417 3135 445 3164 ἰ
472 3124 814 3195 voluptatem
857 3129 1002 3177 tuam
1056 3136 1314 3177 exercens
1361 3118 1550 3176 fecisse
1602 3119 1812 3174 Domini

1914 1933 2196 1995 acceptum
2224 1924 2337 1979 Deo
2362 1938 2481 1980 esse
2505 1923 2791 1993 jejunium,
2821 1924 2866 1976 si
2888 1939 2997 1977 non
3014 1924 3193 1978 solum
3224 1922 3499 1978 abstinen-

1915 2018 1991 2072 tia
2020 2017 2343 2086 castigemus
2363 2032 2613 2086 corpora,
2637 2016 2729 2071 sed
2779 2018 2938 2071 etiam
2970 2015 3271 2071 humilitate
3296 2014 3503 2071 anites

1912 2107 2217 2163 induamus.
2274 2107 2455 2162 Simus
2482 2106 2549 2161 ad
2577 2107 2822 2163 servulos
2850 2107 3026 2170 mites,
3081 2105 3263 2160 blandi
3290 2104 3360 2159 ad
3406 2120 3502 2160 ex-

1912 2198 2153 2267 traneos,
2204 2197 2578 2255 misericordes
2608 2197 2675 2251 ad
2702 2213 2989 2267 pauperes,
3018 2205 3300 2265 surgentes
3327 2197 3502 2267 primo

1913 2290 2148 2346 diluculo
2198 2291 2266 2346 ad
2312 2291 2595 2346 ecclesiam
2660 2289 2995 2358 festinemus,
3038 2289 3335 2346 referamus
3388 2289 3502 2345 Deo

1910 2382 2130 2449 gratias,
2180 2383 2414 2452 peccatis
2441 2383 2653 2439 veniam
2681 2382 3033 2452 postulemus,
3079 2390 3329 2449 rogantes
3365 2395 3503 2450 pm;-

1912 2474 2087 2528 teritis
2111 2472 2323 2528 delictis
2354 2472 2758 2541 indulgentiam,
2789 2472 3056 2528 cautelam
3112 2471 3334 2534 futuris;
3383 2478 3501 2526 tota

1910 2563 2000 2618 die
2029 2564 2099 2617 sit
2115 2564 2270 2618 nobis
2291 2564 2503 2619 assidua
2523 2564 2609 2618 vel
2639 2564 2830 2627 oratio,
2856 2563 2942 2618 vel
2964 2563 3145 2618 lectio.
3169 2562 3270 2628 Qui
3296 2562 3504 2617 litteras

1912 2655 2101 2719 nescit,
2127 2663 2372 2710 sanctum
2394 2656 2567 2710 virum
2587 2655 2903 2725 perquirens
2926 2654 3046 2723 ejus
3067 2652 3505 2709 confabulatione

1912 2754 2182 2816 pascatur.
2215 2747 2353 2802 Nulli
2383 2756 2536 2801 actus
2562 2746 2743 2801 δίκαιΙὶ
2786 2753 2943 2800 actus
2989 2743 3292 2799 Divinitatis
3332 2744 3503 2814 impe-

1912 2836 2090 2903 diant;
2142 2854 2247 2894 non
2290 2838 2443 2893 ludus
2483 2838 2677 2893 tabulae
2707 2846 2942 2893 mentem
2971 2845 3183 2903 avocet,
3212 2851 3321 2890 non
3347 2835 3502 2890 volu-

1912 2938 2032 3001 ptas
2053 2945 2246 2985 canum
2267 2946 2457 2986 sensus
2483 2930 2735 2998 obducat,
2766 2945 2871 2984 non
2897 2928 3098 2997 negotii
3122 2926 3500 2997 compendium

1914 3022 2150 3076 animam
2180 3020 2438 3076 aviditate
2468 3029 2760 3091 pervertat.
2791 3019 3060 3090 Quidquid
3116 3018 3259 3073 enim
3306 3024 3504 3088 praeter

1915 3112 2225 3168 mandatum
2248 3111 2344 3166 Dei
2376 3112 2585 3177 feceris,
2610 3111 2857 3181 quamvis
2886 3110 3177 3174 abstineas,
3209 3124 3316 3164 non
3362 3105 3499 3176 jeju-

226 3218 585 3274 voluntatem.
617 3215 743 3271 Hinc
770 3214 912 3270 enim
940 3213 1186 3268 voluntas
1212 3220 1295 3267 est
1322 3211 1554 3276 Domini,
1586 3218 1645 3265 ut
1667 3206 1809 3280 jejn-
1838 3225 1884 3288 ο
1914 3219 2028 3258 nas.
2061 3203 2179 3258 Hoc
2205 3212 2289 3257 est
2326 3204 2471 3257 enim
2500 3203 2736 3257 salutare
2779 3202 3058 3271 jejunium,
3084 3200 3307 3255 utsicut
3335 3198 3503 3253 absti-

224 3322 414 3364 nemus
433 3325 465 3362 a
492 3307 633 3363 cibis
674 3306 876 3375 pariter
898 3312 955 3359 et
978 3319 1008 3358 a
1035 3304 1290 3374 peccatis.
1314 3301 1707 3357 Abstinentiam
1733 3301 1815 3355 in-

224 3399 467 3457 dicamus
492 3398 735 3469 corpori,
765 3404 824 3452 ut
850 3412 882 3451 a
909 3395 1054 3451 vitiis
1080 3394 1254 3464 magis
1281 3394 1517 3449 animam
1548 3390 1816 3448 abstinere

220 3493 515 3562 possimus.
577 3489 810 3545 Frenum
856 3486 1000 3541 enim
1052 3493 1136 3543 est
1186 3484 1456 3555 quoddam
1501 3482 1818 3538 luxuriantis

222 3585 416 3640 anima:
466 3596 666 3653 corpus
712 3580 1053 3637 exhaustum.
1086 3575 1337 3646 Quisquis
1366 3574 1509 3630 enim
1533 3572 1744 3643 jejunat
1761 3581 1817 3630 et

218 3684 434 3748 peccat,
462 3676 669 3731 lucrum
690 3687 942 3728 escarum
968 3670 1161 3725 fecisse
1187 3667 1420 3733 videtur,
1451 3682 1558 3721 non
1591 3664 1811 3732 salutis;

218 3779 277 3825 et
323 3766 606 3840 parcendo
634 3764 805 3835 copiis
852 3764 1089 3833 replesse
1110 3760 1404 3825 cellarium,
1438 3774 1548 3813 non
1576 3764 1815 3810 mentem

214 3863 502 3933 saginasse
550 3857 856 3913 virtutibus.
905 3852 1156 3909 Nonnulli
1204 3858 1384 3906 autem
1414 3848 1443 3888 ιι
1472 3849 1818 3904 immemores

212 3961 646 4027 praeceptorum,
679 3949 753 4003 ita
786 3948 928 4003 circa
957 3959 1147 4001 servos
1173 3958 1299 3999 suos
1346 3950 1400 3997 et
1445 3940 1688 3997 subditos
1716 3939 1816 3995 sibi

106 4018 112 4027 ’
152 4088 163 4099 .
210 4018 555 4118 potestatem
584 4037 965 4095 dominationis
1004 4042 1278 4101 exercent,
1330 4040 1388 4088 ut
1416 4032 1470 4087 in
1498 4032 1582 4087 his
1627 4030 1818 4087 diebus

208 4150 327 4193 non
359 4130 617 4187 dubitent
646 4126 823 4197 ﬂagris
847 4141 941 4181 eos
962 4124 1186 4188 caedere,
1220 4123 1391 4194 pinnis
1413 4121 1648 4185 allicere,
1666 4136 1817 4176 com-

210 4226 455 4299 pedibus
508 4219 836 4292 praepedire;
871 4227 923 4275 et
944 4218 989 4274 si
1034 4215 1193 4284 forte,
1223 4232 1344 4273 cum
1374 4216 1439 4271 ad
1469 4213 1818 4271 reﬁciendum

214 4318 467 4381 venitur,
494 4312 701 4369 tardius
730 4312 973 4367 minister
994 4309 1240 4374 adfuerit,
1268 4309 1449 4364 statim
1478 4323 1602 4364 eum
1628 4307 1820 4363 verbe-

214 4411 373 4468 ribus
404 4407 671 4475 lanciare,
702 4414 755 4459 et
802 4405 949 4475 prius
994 4418 1053 4458 se
1098 4402 1294 4457 satiare
1320 4400 1515 4456 servuli
1560 4399 1819 4468 sanguine

216 4518 387 4575 quam
419 4498 658 4555 convivii
683 4497 979 4568 voluptate.
1026 4495 1227 4550 Horum
1273 4494 1380 4549 tale
1410 4492 1669 4563 jejunium
1716 4498 1815 4555 est,

1920 3305 2076 3351 netur
2102 3311 2298 3364 corpus
2326 3297 2393 3348 ab
2415 3295 2608 3363 epulis,
2632 3296 2703 3347 ita
2734 3302 2793 3347 et
2838 3294 3015 3346 anima
3044 3290 3349 3345 refrenetur
3371 3305 3401 3343 a
3428 3290 3507 3345 vi-

1919 3386 2025 3441 tiis.
2052 3384 2187 3439 Illud
2215 3384 2397 3446 etiam,
2430 3382 2641 3447 fratres,
2690 3383 2756 3436 ad
2780 3383 3166 3452 perfectionem
3202 3379 3391 3448 jejunii
3416 3386 3504 3434 ta-

1916 3477 2141 3533 cendum
2170 3492 2276 3531 non
2304 3484 2409 3541 est,
2440 3483 2499 3530 ut
2519 3475 2612 3544 qui
2641 3475 2991 3537 abstinemus,
3023 3482 3081 3527 et
3106 3471 3327 3525 minime
3350 3485 3508 3539 pran-

1917 3568 2106 3624 demus
2152 3569 2256 3623 hoc
2309 3554 2590 3638 tempore,
2638 3566 2863 3637 prandia
2919 3573 3104 3618 nostra
3150 3560 3406 3616 fratribus
3451 3569 3509 3617 et

1918 3660 2243 3731 pauperibus
2284 3670 2308 3697 ο
2338 3673 2717 3729 prairogemus.
2750 3656 2873 3713 Haec
2911 3656 3057 3710 enim
3084 3663 3168 3710 est
3195 3668 3322 3707 vera
3349 3652 3507 3722 justi-

1918 3753 2013 3820 tia,
2036 3754 2082 3808 si
2108 3763 2161 3807 te
2182 3752 2452 3807 esuriente
2478 3751 2548 3806 de
2577 3751 2697 3806 cibo
2719 3761 2812 3805 tuo
2834 3763 3037 3819 pauper
3057 3756 3349 3811 saturetur,
3370 3752 3429 3800 et
3447 3751 3507 3800 tu

1918 3861 2019 3917 pro
2061 3845 2271 3901 delictis
2318 3846 2423 3899 tuis
2447 3844 2663 3914 jejunus
2691 3842 2975 3898 Dominum
3004 3854 3182 3909 roges,
3212 3846 3269 3893 et
3289 3838 3379 3895 ille
3405 3852 3506 3908 pro

1920 3945 1974 3993 te
2000 3939 2224 3992 satiatus
2270 3944 2478 3992 exoret.
2513 3934 2812 4004 Utrumque
2855 3933 2951 3987 tibi
2999 3930 3265 4002 proficiet,
3314 3936 3369 3984 et
3413 3936 3505 3983 tua

1918 4030 2109 4099 fames,
2139 4038 2193 4085 et
2219 4030 2476 4087 saturitas
2501 4028 2886 4083 mendicorum.
2944 4023 3234 4086 Caeterum,
3287 4020 3380 4090 qui
3424 4018 3508 4075 sic

1920 4123 2172 4188 abstinet,
2203 4131 2262 4177 ut
2291 4122 2423 4178 nihil
2448 4121 2776 4192 pauperibus
2802 4118 2870 4173 de
2889 4118 3002 4174 suis
3023 4116 3194 4186 epulis
3223 4114 3503 4184 largiatur,

1920 4215 2133 4271 videtur
2160 4224 2422 4286 quaestum
2451 4229 2606 4273 suum
2626 4213 2726 4270 sibi
2748 4212 2940 4268 fecisse
2958 4210 3218 4281 jejunium
3245 4214 3303 4263 et
3330 4220 3494 4275 nego.

1920 4309 2197 4367 tiationem
2219 4308 2523 4364 exercuisse
2543 4306 2834 4378 parcendo.
2851 4305 2928 4359 Ad
2942 4305 3045 4358 hoc
3063 4304 3203 4357 enim
3226 4299 3506 4363 abstinuit,

1918 4418 2028 4457 non
2058 4402 2119 4456 ut
2144 4402 2381 4472 placeret
2409 4399 2540 4463 Deo,
2564 4400 2655 4453 sed
2687 4412 2755 4450 ne
2776 4396 3004 4464 amplius
3032 4397 3312 4459 erogaret;
3341 4396 3506 4455 atque

1920 4489 2044 4545 ideo
2072 4491 2213 4545 bona
2241 4490 2582 4558 eleemosyna
2611 4501 2732 4540 cum
2760 4483 2985 4551 jejunio,
3016 4480 3169 4548 quasi
3199 4494 3305 4531 non
3331 4473 3505 4544 quod:-

222 4571 255 4635 ἷ
271 4592 427 4667 quod
460 4592 587 4647 ideo
611 4590 909 4660 jejunatnm
933 4596 1034 4655 est,
1069 4603 1175 4642 non
1205 4595 1263 4640 ut
1288 4585 1592 4640 Divinitatis
1614 4583 1820 4638 miseri-
1849 4607 1898 4667 ο
1922 4583 2045 4639 dam
2072 4581 2454 4649 negotiationis
2474 4594 2643 4647 genus
2669 4585 2783 4667 est,
2808 4583 2864 4667 ut
2894 4584 3000 4627 tam
3050 4584 3210 4642 parce
3237 4571 3511 4667 vitreum-ut

219 4686 473 4745 cordiam
496 4688 837 4753 provocaret,
862 4679 956 4735 sed
986 4686 1045 4734 ut
1073 4680 1367 4733 clamorem
1419 4675 1633 4730 familiae
1673 4674 1820 4742 inge—

221 4775 514 4847 miscentis
543 4772 855 4828 effunderet.
888 4768 1141 4841 Quisquis
1169 4776 1347 4823 autem
1397 4768 1547 4837 cupit
1588 4764 1658 4820 de
1708 4762 1821 4819 Deo

222 4858 662 4925 misericordidm
691 4861 1010 4935 promereri,
1042 4860 1156 4930 ipse
1185 4858 1344 4914 debet
1369 4858 1518 4928 prior
1564 4870 1682 4911 esse
1725 4853 1824 4908 mi-

223 4963 488 5018 sericors.
523 4955 792 5027 Scriptum
840 4959 921 5009 est
950 4951 1136 5006 enim:
1198 4947 1312 5014 Qua
1370 4964 1608 5001 mensura
1661 4946 1823 5001 mensi

225 5052 457 5126 fueritis,
486 5047 666 5103 eadem
693 5060 933 5100 mensura
960 5042 1247 5097 remetietur
1269 5039 1418 5107 (Luc.
1443 5037 1539 5107 vr).
1570 5036 1656 5099 Et,
1681 5036 1824 5106 quod

225 5145 402 5216 magis
431 5139 731 5197 dolendum
758 5147 858 5205 est,
889 5134 1222 5192 Christianus
1250 5133 1497 5189 dominus
1517 5129 1824 5187 Christiano

1924 4672 2248 4727 abstinentia
2281 4686 2377 4727 sua
2399 4669 2694 4724 monachos
2741 4666 3072 4733 clericosquc
3095 4658 3378 4731 prmcedat.
3396 4656 3510 4711 Nisi

1922 4764 2028 4817 hoc
2054 4763 2297 4827 interest,
2323 4761 2466 4829 quod
2499 4759 2572 4812 illi
2600 4759 2704 4812 hoc
2725 4763 2959 4826 quaestus
2980 4769 3140 4807 causa
3164 4751 3384 4814 faciunt,
3411 4763 3513 4803 nos

1922 4853 2155 4909 salutis:
2198 4853 2272 4907 illi
2306 4850 2548 4921 pecunia:
2595 4846 2916 4921 compendio
2966 4846 3171 4899 animas
3216 4847 3511 4909 macerant,

1921 4962 2024 5001 nos
2046 4954 2265 5015 propter
2292 4917 2591 4997 animarum
2637 4917 2860 4998 lucrum.
2883 4946 3066 4994 nostra
3093 4949 3321 5005 corpora
3346 4934 3511 4988 casti-

1929 5051 2138 5106 gamus.
2166 5034 2416 5105 Explicit.

1589 5225 1859 5289 SERMO
1908 5223 2149 5285 XXVI.

1540 5346 1616 5402 De
1650 5344 2061 5416 Quadragesima
2084 5341 2133 5396 X
2142 5341 2221 5396 ιι.

1683 5436 2073 5495 ADMONITIO.
2707 5457 2710 5461 ’

297 5544 793 5621 “Immunem
808 5541 972 5606 hunc,
1008 5536 1161 5606 cujus
1177 5534 1365 5591 titulus
1384 5533 1529 5605 apud
1543 5529 1878 5589 Gennadium
1900 5527 2075 5586 estDe
2090 5526 2291 5598 jejunio
2322 5539 2580 5580 servorum
2603 5522 2702 5577 Dei
2725 5517 2960 5593 generati
2975 5558 2991 5585 ,
3016 5515 3075 5570 in
3102 5509 3372 5569 codicibus
3423 5499 3518 5575 qui

306 5697 331 5723 ³
362 5684 522 5739 Edit.
544 5681 797 5745 Maurin.,
816 5676 1150 5733 voluntatem.

302 5757 333 5797 ι
364 5754 512 5810 Ead.
540 5752 695 5818 edit.,
724 5749 1011 5804 divinorum
1029 5747 1354 5801 animentur“
1395 5749 1504 5799 etc.

309 5839 341 5869 ι
363 5825 511 5881 me.
536 5822 691 5890 edit.,
710 5819 859 5894 quasi
882 5818 1024 5873 ideo.

2004 5663 2034 5703 δ
2063 5663 2194 5721 Ead.
2218 5663 2373 5729 edit.,
2404 5679 2499 5717 sua
2527 5662 2824 5733 precantia.

2012 5746 2037 5774 ε
2056 5734 2191 5791 Ead.
2212 5735 2376 5801 edit.,
2397 5748 2682 5806 erogamur.
