4056 6346
519 326 625 383 585
1381 380 1392 383 Α
1735 317 1792 375 S.
1833 316 2075 373 MAXIMI
2116 313 2562 372 TAURINENSIS
3676 309 3785 362 58$

516 437 762 516 eumdem
805 435 860 491 S.
887 433 1132 516 [niaxij
1155 431 1459 516 adjudicapt
1481 471 1496 497 ,
1533 429 1626 516 ’De
1664 431 1866 516 jejunio
1905 441 1960 484 et
1988 418 3784 516 tie-Quadrqgeg‘imainscribitur.ﬁunt:.agtettiiingodicesﬁalrga)‘:

517 449 762 494 eumdem
805 449 860 491 δ.
893 449 1126 489 maximo
1155 449 1459 502 adjuolcant
1481 471 1496 497 ,
1533 449 1626 485 'ue
1664 449 1721 502 1e
1743 449 1866 486 unto
1905 449 1960 484 ἐι
1988 449 2050 484 ae
2079 449 2844 516 uuaaragestmaomscrwuur.
2879 449 3015 480 Duut
3042 449 3236 504 autem.
3251 449 3289 476 ιι
3311 449 3527 502 υυμιυεο
3551 449 3742 487 οπιιειιι
3762 453 3784 461 -

517 509 681 564 lensis
709 523 856 562 num.
884 503 970 570 61,
1003 502 1060 559 S.
1093 503 1360 575 crucis_i_n
1388 500 1685 575 Jerusalem
1709 449 1777 555 60
1805 514 1964 575 serm.
1991 500 2104 575 ‘47,
2114 501 2256 575 item
2275 501 2331 554 S.
2360 497 2547 554 CI'UCIS
2574 497 2643 552 99
2671 512 2830 552 serm.
2864 495 2950 560 37,
2997 500 3051 548 et
3077 491 3432 575 'ltaurmensis.
3451 506 3615 573 scrin.
3650 491 3670 542 l
3710 489 3785 575 De

519 577 947 649 Quadragesima.
989 574 1120 649 Agit
1151 574 1241 649 hic
1276 572 1542 627 Maximus
1583 572 1650 627 de
1671 579 1824 649 recta
1851 570 2127 649 jcjunandi
2155 571 2451 649 ratione-et
2479 579 2739 649 tempore,
2773 582 2879 649 quo
2907 570 3278 649 praescriptum
3297 570 3700 649 est‘jejunium,
3731 571 3787 649 et

516 631 644 704 illud
671 631 1010 702 commendat
1035 631 1308 716 ‘jeﬁmium
1333 683 1348 706 ,
1399 659 1512 716 non
1543 642 1688 711 quod
1721 631 1883 711 aliqui
1904 631 2184 716 'arbitratu
2219 656 2316 695 suo
2345 639 2448 695 sibi
2477 631 2696 708 eligunt,
2725 631 2820 716 Sed
2844 631 3145 716 quodveri;
3158 632 3361 716 ﬁdeles,
3392 631 3498 685 hoc
3529 639 3614 684 est
3627 632 3784 716 servi

513 701 642 782 Dei,
664 701 959 772 institutum
1011 701 1068 770 in
1105 701 1346 770 Ecclesna
1389 701 1626 783 perfecte
1673 701 2057 780 exsequuntur.
2091 711 2216 766 Haec
2244 719 2326 783 est
2354 701 2878 783 sunima'scrinonis.‘
2917 705 3080 774 igitur
3107 701 3386 783 Gennadio
3415 701 3784 783 consentiunt.
3831 769 3852 778 -

512 772 694 859 qui'de
715 789 932 859 jejuniig
970 796 1018 859 et
1048 786 1110 859 de
1139 772 1545 859 Quadragesima
1569 772 2334 859 eumdem-inscripserunt;“in
2365 781 2597 859 caepim
2621 778 2926 859 jcjunantes
2950 772 3061 859 non
3091 789 3201 828 suae
3230 772 3507 859 indulgent
3538 772 3782 859 vanitati.

510 847 604 912 s'cd
636 847 746 928 De?)
766 847 867 928 per
894 847 1186 912 Ecclesiam
1213 847 1418 925 jubenti
1435 855 1842 928 obtemperant,
1894 862 1947 928 et
1977 847 2228 920 tanquam
2259 852 2443 928 famuli
2471 849 2740 928 Qhristum
2772 847 2961 928 ducem
2991 853 3045 898 et
3072 851 3460 928 praeceptorem
3485 847 3783 928 imitantur.

514 911 840 982 lienedictini
871 911 1116 982 monachi
1146 911 1396 994 congreg.
1430 923 1484 979 S.
1521 911 1688 977 Mau'ri
1718 911 1859 978 hunc
1886 923 2040 994 inter
2077 911 2774 994 sermoncsAmbrosianos
2802 919 2899 994 sub
2927 911 3174 970 numf25
3201 911 3291 994 cit.
3327 913 3459 994 edit:
3494 911 3670 966 Paris.
3696 927 3783 962 an.

515 997 651 1050 14590
683 997 956 1051 ediderunt
983 1039 998 1061 ,
1050 983 1318 1065 multaqu
1347 983 1430 1065 “de
1459 1010 1546 1065 eo,
1577 1001 1631 1046 et
1659 993 1952 1065 praesertim
1983 994 2058 1065 de,
2093 993 2487 1065 nuncupatione
2517 988 2978 1065 Quinquagesiuia:
3007 1001 3114 1039 non
3127 983 3554 1065 anteszeculum
3587 997 3787 1034 nonum

514 1076 764 1136 usurpata
796 1053 1181 1123 disseruerunt.
1233 1053 1338 1120 Nos
1364 1063 1464 1119 lide
1492 1053 1775 1130 Gennadii,
1806 1071 1860 1116 et
1888 1053 2287 1133 descriptoruni
2309 1053 2558 1117 codicum
2581 1053 2726 1127 freti,
2754 1053 2810 1112 S.
2844 1057 3097 1127 episcopo
3127 1053 3446 1108 Taurinensi
3476 1053 3627 1106 hunc
3651 1065 3790 1119 quo-

513 1153 618 1206 que
649 1153 1014 1207 ascripsunus.

513 1226 901 1283 Ancuunxruu.
942 1258 1013 1269 ——
1043 1224 1513 1296 Quinquagesimali
1556 1222 1846 1293 improbata
1885 1223 2086 1296 jejunio
2115 1228 2168 1286 Α
2191 1221 2387 1277 faciant
2401 1218 2714 1291 jejunando,
2745 1233 2865 1274 cum
2895 1217 2998 1272 illis
3020 1215 3284 1287 jejunium
3305 1215 3412 1270 tale
3436 1229 3549 1270 non
3574 1214 3791 1285 prosit?

584 1298 647 1354 S.
679 1297 940 1351 Maximus
980 1295 1156 1350 scribit
1194 1293 1533 1350 contumacia:
1565 1310 1705 1347 reum
1750 1310 1860 1347 esse
1887 1295 1970 1364 qui
2012 1293 2088 1364 ie-

585 1387 697 1440 gem
738 1368 908 1438 'ejunii
937 1366 1393 1437 quadragesimalis
1425 1365 1666 1418 divinitus
1690 1364 1864 1417 datam
1897 1363 2092 1416 rescin-

585 1442 678 1491 ίιιὶι.
717 1388 981 1491 {inprobat
1010 1453 1203 1491 auoaue
1243 1436 1489 1491 ieiunium
1517 1435 1723 1488 illorum
1745 1435 1830 1491 qui
1868 1435 1921 1486 in
1950 1431 2092 1491 Qua-

583 1431 678 1493 ἷιιὶι.
717 1431 981 1508 Improbat
1010 1431 1203 1508 quoque
1233 1436 1489 1508 jejunium
1517 1435 1723 1488 illorum
1745 1435 1830 1505 qui
1848 1435 1921 1508 ira
1950 1431 2094 1496 Qua-

582 1504 875 1580 dragesima
892 1504 1084 1576 septem
1107 1507 1214 1580 dies
1234 1504 1508 1580 prandent,
1540 1513 1588 1557 et
1617 1504 1809 1580 septem
1831 1504 2092 1580 jejunum.

588 1574 737 1634 Unde
763 1574 1002 1631 numerus
1031 1574 1375 1647 quadraginta
1402 1576 1598 1629 dierum
1619 1574 1809 1645 jejunii
1829 1575 2099 1628 exordium

587 1651 757 1721 cazpit.

585 1760 836 1818 Nonnulli
875 1759 1328 1824 Christianorum,
1380 1759 1594 1825 lratres,
1643 1756 2010 1812 existimantes
2039 1771 2096 1812 se

519 1853 821 1912 Divinitatis
866 1860 1132 1923 praecepta
1181 1850 1481 1920 religiosius
1533 1848 1851 1915 observare,
1881 1855 2101 1920 punger-

517 1947 679 2003 missa
724 1944 1011 2000 devotione
1057 1941 1493 2009 Quadragesimae
1519 1982 1535 2008 ,
1577 1939 1727 2010 cujus
1755 1938 1916 1994 hodie
1941 1954 2100 1994 cura-

517 2046 637 2095 mus
665 2034 944 2092 exordium
965 2074 981 2101 ,
1012 2031 1510 2103 quinquagesimam
1538 2045 1597 2086 se
1624 2029 1805 2085 facere
1831 2029 2102 2084 mentiun-

519 2137 626 2196 tur,
678 2144 800 2184 cum
845 2126 898 2182 id
944 2140 1120 2196 neque
1163 2124 1354 2180 divinis
1386 2122 1601 2178 Litteris
1624 2122 1898 2193 jubeatur,
1930 2135 2103 2189 neque

520 2221 780 2277 traditum
827 2219 896 2274 sit
944 2217 1268 2274 auctoritate
1318 2215 1602 2285 majorum.
1653 2214 1778 2270 Sola
1817 2209 1977 2284 igitur
2003 2214 2105 2268 hoc

520 2308 724 2365 faciunt
760 2308 924 2363 animi
951 2306 1401 2378 prmsumptione,
1439 2315 1493 2365 et
1521 2305 1649 2360 dum
1679 2313 1868 2376 putant
1908 2321 1966 2359 se
2011 2303 2106 2357 de-

522 2400 699 2455 votius
727 2413 886 2468 agere
910 2439 924 2464 ,
977 2398 1398 2469 superstitiosius
1425 2405 1830 2452 conversantur.
1883 2395 2020 2449 Dicit
2047 2409 2106 2449 se

522 2492 806 2547 observare
828 2490 1332 2560 Quinquagesimam
1363 2488 1453 2558 qui
1478 2487 1614 2543 forte
1634 2487 2105 2555 Quadragesimam

2197 1316 2452 1383 Quamvis
2479 1317 2622 1372 enim
2651 1317 2917 1371 abstineat
2943 1315 3063 1384 quis
3091 1314 3253 1370 certis
3284 1313 3502 1378 diebus,
3545 1312 3792 1382 quamvis

2197 1409 2438 1464 ciborum
2479 1408 2716 1463 dulciora
2765 1404 3017 1462 alimenta
3062 1421 3171 1461 non
3217 1413 3418 1469 sumat;
3459 1420 3570 1459 non
3608 1412 3793 1458 tamen

2198 1500 2274 1556 illi
2300 1508 2523 1569 accepto
2562 1498 2730 1554 fertur
2759 1497 3190 1565 Quadragesimae
3223 1495 3513 1564 jejunium,
3553 1495 3649 1564 qui
3680 1509 3792 1549 non

2199 1592 2386 1648 diebus
2433 1592 2784 1663 quadraginta
2827 1589 3051 1658 jejunat.
3103 1587 3273 1642 Pudet
3300 1587 3512 1652 dicere,
3553 1602 3714 1642 senes
3738 1594 3796 1640 et

2200 1684 2424 1740 aniculae
2467 1682 2938 1751 Qnadragesimam
2981 1680 3223 1734 faciunt:
3266 1677 3490 1748 juvenes
3520 1686 3575 1732 et
3598 1676 3796 1746 juven-

2199 1776 2330 1831 culzc
2378 1792 2482 1833 non
2526 1774 2745 1829 faciunt.
2797 1771 2954 1826 Omni
2989 1773 3149 1840 igitur
3186 1770 3546 1826 sollicitudine
3577 1778 3797 1838 tempus

2199 1867 2618 1923 sacratissimum
2665 1865 3032 1932 celebremus,
3079 1879 3186 1918 non
3227 1869 3511 1932 praetereat
3540 1876 3640 1915 nos
3678 1859 3798 1913 dies

2201 1960 2403 2028 absque
2434 1957 2671 2026 jejunio,
2723 1971 2828 2010 non
2875 1969 2973 2010 nos
3017 1961 3257 2008 transeat
3301 1967 3404 2007 una
3455 1949 3796 2006 hebdomada

2203 2049 2404 2118 absque
2434 2048 2645 2117 vigiliis.
2692 2047 2785 2102 llle
2825 2047 2970 2101 enim
2999 2045 3125 2100 facit
3155 2043 3630 2112 Quadragesimam
3649 2086 3665 2108 ,
3696 2043 3793 2112 qui

2197 2138 2492 2209 jcjunando
2521 2148 2574 2193 et
2603 2138 2874 2209 vigilando
2904 2138 3143 2194 ascendit
3171 2137 3237 2191 ad
3266 2135 3491 2192 Pascha.
3517 2137 3651 2190 Nam
3682 2135 3795 2190 sic-

2207 2237 2268 2282 ut
2297 2229 2504 2297 reliquo
2542 2244 2684 2283 anno
2723 2227 2970 2297 jejunare
2997 2231 3272 2298 praemium
3319 2236 3428 2293 est,
3462 2229 3536 2281 ita
3564 2227 3617 2280 in
3650 2225 3796 2292 Qua-

2204 2319 2502 2388 dragesima
2530 2335 2638 2374 non
2674 2318 2920 2388 jejunare
2948 2328 3227 2390 peccatum
3256 2327 3366 2384 est;
3396 2318 3483 2372 illa
3514 2317 3658 2372 enim
3691 2333 3795 2371 vo-

2205 2411 2435 2466 luntaria
2462 2419 2587 2465 sunt
2612 2409 2835 2480 jejunia,
2873 2411 2974 2465 ista
2996 2411 3329 2476 necessaria;
3360 2410 3448 2465 illa
3477 2409 3544 2464 de
3569 2409 3797 2463 arbitrio

2207 2504 2466 2569 veniunt,
2518 2504 2618 2558 ista
2667 2504 2734 2556 de
2784 2503 2931 2572 lege;
2981 2502 3046 2557 ad
3097 2503 3184 2557 illa
3234 2503 3538 2568 invitamur,
3584 2501 3652 2554 ad
3695 2500 3796 2556 ista

522 2583 747 2654 implere
787 2583 875 2638 vix
913 2583 1099 2653 possit.
1143 2581 1350 2636 Bonum
1377 2589 1459 2635 est
1486 2579 1700 2649 quidem
1728 2579 1936 2634 cunctis
1966 2587 2104 2633 tem-

2212 2596 2597 2664 compellimur.
2649 2593 2757 2650 Sed
2795 2594 3070 2650 videamus
3119 2594 3276 2666 5.63
3316 2595 3416 2648 iste
3441 2593 3797 2664 quadraginta

522 2677 739 2749 poribus
754 2675 1018 2746 jejunare,
1051 2674 1146 2730 sed
1175 2673 1365 2729 melius
1384 2671 1851 2741 Quadragesimam
1864 2671 2106 2741 jejunare

525 2785 647 2825 cum
675 2767 911 2823 Christo.
956 2765 1104 2821 Hauc
1141 2767 1282 2821 enim
1311 2765 1786 2833 Quadragesimam
1818 2763 1970 2817 nobis
1999 2762 2107 2818 Do-

528 2860 705 2916 minus
751 2875 850 2914 suo
895 2856 1099 2927 jejunio
1145 2853 1708 2921 consecravit.—Quod
1746 2853 1856 2909 dixi
1880 2853 2104 2922 jejunio,

527 2967 637 3007 non
663 2949 908 3020 jejuniis;
954 2963 1116 3002 unum
1153 2947 1297 3000 enim
1335 2945 1596 3015 jejunium
1634 2944 1845 2999 Domini
1870 2943 1985 3007 fuit,
2017 2945 2109 3013 qui

525 3039 852 3098 continuatis
898 3037 1248 3106 quadraginta
1298 3036 1486 3090 diebus
1533 3044 1588 3090 et
1637 3035 1885 3091 noctibus
1931 3035 2108 3089 cibum

525 3130 746 3188 omnino
774 3145 881 3184 non
910 3127 1155 3197 sumpsit.
1204 3125 1453 3196 Quisquis
1475 3142 1604 3198 ergo
1634 3125 1968 3184 Christianus
1990 3142 2114 3182 con-

530 3231 797 3275 secratam
820 3217 1111 3287 jcjunando
1142 3233 1249 3272 non
1286 3218 1584 3288 impleverit
1616 3218 2109 3288 Quadragesimam,

527 3311 983 3382 prmvaricationis
1020 3319 1073 3366 ct
1111 3311 1461 3366 contumacia:
1490 3327 1612 3366 reus
1651 3312 1940 3380 tenebitur,
1970 3311 2113 3382 quod

529 3401 703 3472 legem
732 3401 982 3458 divinitus
1011 3418 1109 3473 pro
1137 3402 1309 3457 salute
1333 3418 1430 3462 sua
1461 3403 1639 3457 datam
1663 3403 1975 3473 prandendo
1999 3405 2112 3473 ipse

529 3492 802 3548 rescindit.
835 3492 1112 3548 Rescindis
1138 3493 1282 3547 enim
1304 3493 1475 3562 legem
1497 3494 1906 3564 quiexemplum
1924 3494 2111 3563 jejunii

530 3581 782 3639 dominici
823 3598 929 3638 non
965 3583 1221 3640 custodis.
1274 3581 1457 3649 Qualis
1483 3568 1612 3638 vero
1641 3592 1820 3638 autem
1847 3581 2110 3639 Christia-

532 3690 630 3730 nus
655 3690 744 3744 es,
765 3691 906 3742 cum,
931 3673 1470 3746 Dominojejunante,
1504 3683 1562 3729 tu
1590 3674 1854 3746 prandes?
1881 3685 1905 3712 ι
1932 3673 2113 3741 Qualis

530 3767 862 3824 Christianus
902 3784 979 3834 es,
1029 3784 1171 3832 cum,
1215 3767 1428 3823 Christo
1477 3769 1776 3835 esuriente,
1819 3777 1877 3822 tu
1905 3768 2113 3824 reﬁcis?

533 3855 628 3913 Ille
654 3874 751 3929 pro
780 3858 951 3914 salute
981 3866 1070 3912 tua
1117 3857 1311 3912 famem
1354 3858 1612 3925 sustinet,
1662 3868 1721 3913 tu
1751 3875 1849 3929 pro
1877 3860 2113 3930 peccatis

532 3951 641 4006 tuis
670 3949 1090 4022 [nﬁzjejunare
1121 3949 1415 4005 formidas?
1467 3949 1636 4006 Dicite
1665 3952 1808 4005 enim
1834 3951 1994 4017 mihi,
2027 3951 2110 4006 in-

533 4039 874 4106 terrogﬁ‘ivos
893 4080 906 4104 ,
939 4039 1029 4108 qui
1060 4039 1112 4092 in
1153 4039 1572 4109 Quadragesima
1602 4039 1904 4110 prandetis,
1935 4041 1980 4096 si
2006 4057 2115 4096 non

534 4129 588 4185 in
607 4130 948 4185 conscientiis
975 4131 1166 4185 vestris
1191 4132 1269 4186 rei
1298 4132 1448 4200 estis,
1477 4133 1640 4203 quod,
1663 4133 1963 4189 abstinente
1989 4149 2120 4189 cun-

535 4228 626 4274 cto
657 4220 876 4290 populo,
903 4237 1000 4276 vos
1027 4221 1127 4276 soli
1160 4232 1347 4278 contra
1370 4233 1695 4295 praeceptum
1722 4223 1933 4279 Domini
1955 4225 2120 4281 devo-

541 4309 704 4368 ratis?
733 4308 789 4364 Si
820 4326 927 4365 non
956 4311 1110 4366 vobis
1137 4313 1303 4368 rubor
1323 4321 1406 4368 est
1426 4329 1546 4370 cum
1569 4315 1725 4370 exitis
1753 4315 1807 4369 in
1829 4316 2117 4386 publicum,

541 4417 609 4458 ne
639 4402 758 4472 quis
789 4403 940 4458 vobis
962 4403 1179 4474 jejunus
1209 4415 1494 4462 occurrat:
1528 4417 1619 4463 aut
1646 4409 1692 4464 si
1719 4424 1827 4464 non
1849 4410 2118 4480 cogitatis,

537 4507 660 4548 cum
689 4493 755 4548 ad
796 4495 1076 4550 ecclesiam
1099 4497 1420 4567 proceditis,
1459 4500 1905 4569 quemadmodum
1931 4499 2119 4571 p'acem

537 4584 792 4654 episcopo
818 4587 1132 4657 porrigatis,
1160 4604 1226 4644 ne
1247 4588 1384 4644 forte
1411 4591 1733 4661 ipsofspiritu
1761 4593 1930 4648 osculi
1954 4593 2120 4648 vestri

536 4691 634 4732 vos
661 4679 951 4747 reprobet?
980 4679 1133 4745 Quod
1157 4680 1202 4735 si
1230 4680 1342 4736 haec
1365 4680 1504 4737 forte
1526 4699 1632 4737 non
1660 4684 1930 4752 cogitatis,
1961 4682 2118 4741 forsi-

539 4776 631 4823 tan
654 4770 999 4825 vehementer
1046 4773 1266 4838 erratis;
1317 4774 1452 4830 scire
1487 4776 1629 4830 enim
1667 4775 1874 4831 debetis
1902 4791 2024 4830 cum
2067 4777 2121 4830 in

540 4858 970 4928 Quadragesimte
1009 4862 1195 4918 diebus
1240 4863 1424 4934 jejuno
1466 4882 1692 4936 pransus
1730 4868 1981 4934 occurrit,
2015 4883 2120 4922 non

539 4951 679 5006 bene
704 4953 770 5006 de
799 4953 890 5007 illo
915 4953 1116 5022 judicat
1143 4942 1233 5024 q'ui
1253 4955 1479 5026 jejunat.
1514 4958 1626 5014 Hoc
1653 4959 1797 5014 enim
1826 4959 1946 5014 ideo
1976 4959 2116 5022 dico,

539 5043 666 5112 quia
713 5043 875 5098 audio
923 5045 1258 5115 complures,
1324 5049 1469 5116 quod
1517 5050 1729 5118 gravius
1770 5058 1886 5115 est,
1941 5049 2122 5104 fideles

541 5133 764 5190 alternis
809 5135 862 5188 in
909 5134 1324 5206 Quadragesima
1354 5139 1705 5194 hebdomadis
1733 5141 2034 5207 abstinere,
2067 5148 2122 5195 et

539 5232 909 5281 consecratum
948 5227 1095 5282 illum
1123 5229 1330 5295 dierum
1376 5246 1655 5285 numerum
1696 5231 1831 5299 gulae
1861 5232 2119 5301 intempe-

2140 3997 2187 4062 C

2209 2685 2416 2740 dierum
2446 2685 2837 2740 sacratissimus
2863 2701 3117 2740 numerus
3145 2685 3285 2740 unde
3315 2685 3513 2739 habere
3542 2683 3569 2722 δ
3610 2700 3797 2754 cmpe-

2211 2779 2281 2832 rit
2302 2777 2603 2832 exordium.
2636 2775 2886 2846 Legimus
2907 2777 3137 2847 primum
3163 2777 3214 2830 in
3242 2775 3423 2831 Veteri
3445 2774 3798 2830 Testamento

2214 2869 2328 2924 Noe
2359 2869 2689 2939 temporibus
2715 2910 2730 2935 ,
2780 2883 2900 2923 cum
2931 2883 3089 2924 omne
3116 2882 3284 2937 genus
3319 2867 3592 2922 hominum
3620 2869 3798 2921 scele-

2213 2969 2329 3016 rata
2357 2961 2612 3028 iniquitas
2653 2967 3000 3029 occupasset,
3042 2967 3124 3014 tot
3150 2958 3357 3013 dierum
3386 2973 3608 3012 numero
3636 2966 3798 3027 pate-

2213 3052 2368 3108 factis
2396 3052 2682 3108 cataractis
2710 3052 2832 3108 cmli
2855 3067 3114 3120 aquarum
3147 3051 3353 3122 pluvias
3381 3050 3668 3105 deﬂuxisse
3686 3092 3700 3114 ,
3743 3058 3797 3106 et

2215 3144 2472 3216 mysterio
2518 3143 2752 3214 quodam
2811 3140 3636 3212 Quadragesimaa'inundatione
3679 3142 3798 3200 orbi

2216 3245 2478 3291 terrarum
2513 3234 2651 3291 facta
2693 3250 2801 3289 non
2849 3242 2956 3288 tam
2997 3234 3254 3288 diluvium
3282 3249 3440 3303 quam
3477 3232 3798 3303 baptismum

2217 3331 2528 3400 contigisse.
2580 3328 2884 3398 Baptismus
2911 3327 3069 3398 plane
3089 3327 3214 3393 fuit,
3273 3343 3370 3398 per
3399 3325 3543 3397 quod
3584 3326 3636 3379 in
3668 3340 3798 3394 pec-

2215 3422 2488 3478 catoribus
2541 3419 2793 3490 iniquitas
2844 3418 3054 3473 sublata
3099 3427 3212 3483 est,
3257 3417 3369 3472 Noe
3414 3415 3622 3486 justitia
3674 3430 3799 3469 con-

2214 3523 2444 3569 servata.
2495 3511 2571 3566 ita
2594 3525 2721 3580 ergo
2769 3519 2824 3566 et
2861 3511 3020 3566 modo
3067 3511 3220 3564 nobis
3269 3509 3523 3564 Dominus
3553 3521 3574 3546 ε
3608 3507 3674 3560 ad
3717 3507 3800 3559 in-

2215 3611 2328 3658 star
2369 3603 2509 3658 illius
2552 3601 2808 3672 temporis
2851 3600 3320 3669 Quadragcsimam
3367 3600 3544 3664 dedit;
3579 3607 3636 3653 ut
3667 3613 3800 3652 con-

2214 3695 2401 3750 stituto
2445 3693 2652 3749 dierum
2697 3709 2942 3758 numero,
2971 3693 3250 3764 patefactis
3279 3693 3458 3756 omlis,
3491 3692 3671 3763 pluvia
3704 3706 3801 3745 nos

2215 3784 2591 3840 misericordia:
2651 3783 2887 3839 cmlestis
2954 3784 3177 3849 irroret,
3229 3791 3284 3838 et
3326 3782 3675 3837 inundatione
3724 3780 3801 3834 fa~

2215 3885 2299 3933 cta
2329 3893 2425 3948 per
2464 3875 2785 3946 baptismum
2833 3875 3027 3931 lavacri
3063 3876 3310 3930 salutaris
3353 3892 3451 3930 nos
3481 3875 3652 3930 imber
3680 3873 3803 3928 illu~

2215 3967 2412 4033 minet;
2445 3975 2499 4021 et
2545 3967 2683 4022 sicut
2722 3973 2852 4022 tunc
2893 3965 3089 4021 factum
3133 3975 3216 4022 est
3239 3981 3499 4036 aquarum
3529 3965 3800 4030 ﬂuctibus,

2225 4059 2593 4127 exstinguatur
2649 4072 2793 4112 nunc
2855 4057 2908 4111 in
2963 4057 3117 4112 nobis
3164 4057 3480 4112 delictorum
3525 4057 3801 4126 iniquitas,

2219 4152 2473 4206 virtutum
2518 4150 2724 4220 justitia
2771 4161 3136 4208 conservetur.
3195 4152 3314 4222 Ipsa
3361 4153 3506 4207 enim
3547 4167 3666 4221 qua:
3706 4151 3803 4206 sub

2218 4241 2350 4307 Noe,
2381 4249 2436 4296 et
2465 4242 2630 4296 modo
2661 4243 2884 4296 vertitur
2912 4243 3083 4308 ratio;
3113 4243 3409 4314 haptismus
3436 4243 3579 4298 enim
3609 4257 3803 4311 pecca-

2215 4333 2330 4393 tori
2375 4333 2630 4388 diluvium
2677 4341 2788 4401 est,
2840 4335 3173 4390 consecratio
3203 4343 3285 4390 est
3314 4334 3474 4388 lideli.
3517 4331 3623 4389 Per
3649 4334 3800 4388 lava-

2222 4439 2372 4480 crum
2393 4425 2534 4479 enim
2561 4425 2768 4479 Domini
2815 4427 3051 4480 salvatur
3067 4425 3304 4495 justitia,
3351 4433 3574 4480 necatur
3603 4425 3804 4494 injusti-

2223 4517 2300 4572 tia
2326 4534 2338 4568 :
2370 4517 2513 4586 quod
2542 4517 2595 4571 in
2618 4533 2724 4572 uno
2746 4517 3041 4587 eodemque
3064 4517 3261 4572 factum
3284 4518 3528 4573 videmus
3557 4517 3804 4587 apostolo

2220 4605 2408 4672 Paulo,
2438 4607 2550 4677 qui,
2593 4607 2898 4678 priusquam
2940 4609 3220 4678 praeceptis
3249 4607 3276 4646 ά
3303 4608 3631 4678 spiritalibus
3661 4608 3804 4662 lava-

2219 4708 2388 4765 retur,
2431 4709 2548 4755 erat
2592 4700 2967 4770 blasphemus,
3016 4711 3349 4772 persecutor,
3395 4710 3448 4757 et
3477 4702 3690 4758 Saulus.
3737 4702 3803 4757 At

2221 4792 2311 4847 ubi
2339 4791 2518 4862 pluvia
2548 4807 2710 4861 super
2730 4808 2852 4847 eum
2883 4793 3081 4848 lavacri
3119 4793 3353 4848 cdalestis
3381 4793 3613 4857 influxit,
3644 4807 3800 4848 neca-

2222 4892 2308 4938 tur
2355 4883 2696 4953 blasphemus
2729 4924 2743 4948 ,
2816 4893 3034 4938 necatur
3084 4893 3420 4955 persecutor,
3481 4893 3710 4940 necatur
3749 4894 3802 4940 et

2221 4973 2444 5040 Saulus;
2471 4973 2768 5030 viviﬁcatur
2786 4977 3088 5046 apostolus,
3119 4976 3417 5032 vivilicatur
3437 4977 3646 5047 justus,
3680 4978 3803 5031 vivi-

2224 5066 2413 5120 licatur
2433 5075 2486 5120 et
2509 5066 2721 5121 Paulus.
2756 5065 2934 5136 Usque
2960 5068 3094 5122 adeo
3119 5077 3294 5123 autem
3317 5067 3545 5138 perdidit
3566 5076 3798 5123 veterem

2225 5171 2344 5210 cum
2377 5158 2582 5211 actibus
2616 5168 2637 5195 ε
2669 5160 2779 5213 suis
2819 5159 3086 5214 hominem
3107 5199 3120 5222 ,
3163 5169 3221 5213 ut
3261 5175 3380 5214 cum
3413 5160 3651 5215 moribus
3679 5175 3798 5214 mu-

2222 5253 2360 5300 taret
2406 5259 2461 5301 et
2508 5264 2722 5303 nomen.
2795 5249 3044 5318 Quisquis
3093 5263 3222 5318 ergo
3267 5250 3320 5304 in
3368 5250 3469 5304 hac
3513 5250 3799 5305 devotione

538 5319 711 5372 rantia
742 5319 971 5391 violare,
1007 5322 1111 5379 hoc
1139 5333 1221 5380 est
1243 5324 1506 5395 prandere
1530 5335 1734 5395 septem
1763 5325 1969 5379 dierum
1999 5341 2112 5380 cur-

2221 5337 2649 5406 Quadragesinue
2687 5341 2956 5397 dominica
3003 5343 3253 5398 mandata
3283 5343 3606 5409 servaverit,
3641 5358 3799 5398 neca-

537 5408 725 5477 riculo,
754 5419 809 5466 et
828 5423 1032 5484 septem
1053 5415 1261 5471 dierum
1289 5417 1463 5486 spatio
1491 5416 1751 5484 jejunare.
1786 5416 1988 5483 Quibus
2013 5418 2113 5473 hoc

535 5499 677 5568 dico,
728 5517 825 5558 cur
866 5505 1027 5560 etiam
1061 5521 1159 5577 per
1195 5507 1316 5562 illos
1359 5513 1565 5576 septem
1599 5508 1712 5562 dies
1745 5507 1981 5564 fraudem
2012 5511 2111 5566 sibi

609 5657 635 5686 ⁸
673 5645 838 5706 Abest
883 5665 914 5706 a
958 5651 1115 5707 codd.
1162 5649 1513 5725 Yallicellano
1550 5661 1604 5708 et
1633 5652 1897 5725 Lugdun.,
1933 5654 2114 5718 Qualis

524 5719 657 5792 hero
686 5759 713 5792 ξ
832 5757 862 5792 .ᾼ
882 5762 898 5792 ε
931 5731 981 5792 tu
1003 5721 1227 5792 prmities
1251 5721 1275 5774 ?

609 5789 635 5830 δ
674 5789 806 5846 Cod.
838 5789 907 5846 89
933 5787 1210 5846 S.'Crucis
1239 5792 1290 5846 in
1319 5791 1450 5858 Jer.,
1484 5795 1656 5866 coepit.

2217 5426 2360 5482 bitur
2390 5430 2440 5483 in
2479 5445 2544 5484 eo
2573 5431 2835 5486 diabolica
2868 5433 3146 5508 impietas,
3187 5433 3478 5504 apostolica
3509 5442 3684 5488 autem
3711 5447 3798 5487 re-

2216 5521 2516 5576 servabitur
2557 5522 2759 5591 gratia;
2809 5530 2864 5578 et
2908 5524 3196 5580 succedens
3243 5523 3637 5595 quodammodo
3676 5522 3792 5593 ipse

2294 5669 2317 5698 ε
2356 5659 2411 5713 1η
2438 5659 2558 5715 cod.
2589 5659 2657 5716 90
2681 5660 2735 5716 S.
2765 5659 2952 5718 Crucis
2982 5663 3035 5718 in
3063 5661 3173 5719 Jer.
3204 5662 3296 5721 ad.

2286 5725 2311 5765 ἀ
2351 5729 2425 5802 I_d.
2448 5731 2602 5802 cod”
2630 5732 2999 5802 spiritualibus.

2288 5807 2312 5838 ο
2351 5798 2482 5856 Cod.
2513 5800 2581 5857 90
2609 5798 2698 5859 cit.
2730 5805 2928 5861 omittit
2956 5805 3081 5866 suis.
