4056 6346
186 258 334 319 .585

1648 245 1876 304 SERMO
1912 243 2117 301 XXVII.

3392 248 3496 305 586

202 414 207 423 ι
233 374 347 437 sibi,
376 369 605 427 momm-
631 381 700 423 εχ
736 381 800 424 ea
840 371 996 440 parte
1022 380 1128 438 qua
1155 354 1543 439 peccator-est,
1576 372 1604 403 ι
1631 364 1808 421 viviti-
1838 368 1888 428 Α
1916 377 2179 418 annorum
2217 368 2461 432 tempore
2500 320 2905 434 qualiscumque
2934 364 3267 422 substantia?
3294 366 3497 425 intelli-

235 475 377 525 catur
400 478 464 519 ex
512 460 601 516 illa
648 468 804 532 parte
849 473 955 531 qua
979 458 1158 530 justus
1184 467 1286 516 est.
1330 457 1808 515 Videamusetiam

234 560 277 617 si
302 556 421 613 alibi
448 555 503 609 in
532 553 826 623 Scripturis
856 552 1012 608 hunc
1051 552 1339 625 mysticum
1380 549 1810 621 Quadragesimae

240 662 509 707 numerum
534 660 824 717 possumus
852 644 1112 701 invenire.
1146 636 1397 714 Legimus
1419 630 1562 713 quod
1592 650 1810 699 sanctus

233 748 434 819 Moyses
460 743 661 819 (Exod.
686 743 798 814 xw)
850 744 904 799 in
943 758 1127 799 eremo
1157 741 1511 812 quadraginta
1548 755 1807 795 annorum

232 837 488 896 curriculo
517 835 671 891 ﬁlios
684 835 848 891 Israel
874 834 1039 908 m
1065 834 1271 891 caelesti
1310 848 1508 889 manna
1536 832 1805 888 nutrierit.

231 931 402 987 Bonus
428 943 555 999 ergo
583 943 857 993 numerus,
891 929 982 999 qui
1008 942 1222 997 semper
1246 926 1439 982 omium
1471 926 1644 996 aperit
1668 942 1680 977 :
1712 924 1812 980 bo-

231 1037 355 1092 nus,
387 1023 601 1092 inquam
622 1060 637 1085 ,
670 1035 961 1088 numerus,
992 1035 1089 1091 per
1115 1035 1276 1091 quem
1312 1018 1520 1089 justitia
1563 1017 1676 1074 Noe
1703 1018 1811 1073 sal-

230 1122 396 1182 vatur,
437 1122 492 1170 et
520 1113 686 1169 Israel
711 1112 805 1168 lilii
847 1112 1179 1182 saginantur.
1233 1110 1385 1167 Unde
1411 1118 1469 1166 et
1497 1125 1595 1167 nos
1623 1109 1811 1165 obser-

227 1220 405 1262 vemus
449 1204 599 1259 hunc
644 1219 929 1260 numerum
952 1245 968 1271 ,
1018 1211 1075 1258 et
1119 1203 1430 1275 aperiantur
1481 1202 1637 1259 nobis
1664 1201 1806 1265 oculi,

230 1309 488 1371 quatenus
537 1306 593 1355 et
641 1298 821 1370 pluvia
863 1313 964 1354 nos
1007 1297 1193 1367 gratia:
1239 1297 1474 1354 caelestis
1503 1296 1726 1364 irroret,
1756 1303 1812 1351 et

224 1391 542 1463 spiritalium
589 1398 1053 1446 sacramentorum
1105 1404 1303 1444 manna
1349 1386 1591 1455 reﬁciat;
1639 1386 1811 1442 instar

203 1480 361 1540 ‘enim
388 1490 604 1555 patrum
631 1490 939 1538 nostrorum
956 1524 972 1548 ,
1018 1481 1121 1537 bac
1155 1481 1535 1537 observatione
1563 1477 1808 1545 Quadra-

221 1577 426 1647 gesimre
469 1583 531 1631 et
573 1573 932 1646 justiﬁcamur
976 1582 1032 1629 et
1080 1575 1349 1645 pascimur
1390 1591 1404 1626 :
1450 1570 1811 1642 justilicamur

221 1668 450 1736 lavacro,
497 1666 773 1739 pascimur
818 1666 1191 1721 sacramentis.
1243 1663 1351 1719 Sed
1397 1662 1542 1718 dicet
1576 1660 1804 1730 aliquis:

1912 457 2089 526 gimus
2115 466 2246 524 ergo
2268 454 2541 525 jejunasse
2569 454 2707 513 ﬁlios
2733 456 2927 526 Israel,
2970 460 3095 530 quia
3123 463 3497 530 cognoscimus

1914 545 2018 600 illis
2063 560 2308 601 escarum
2349 546 2560 616 copiam
2600 544 2835 604 defuisse
2862 556 2918 604 et
2945 555 3075 605 tunc
3100 552 3401 621 sumpsisse
3423 555 3499 608 ei-

1912 636 2041 691 bum
2061 638 2277 706 quando
2302 636 2549 706 largienti
2570 636 2800 695 Domino
2818 640 3123 711 placuisset.
3155 642 3298 699 Satis
3317 654 3497 701 autem

1912 726 2003 783 diu
2048 726 2258 798 jejunat
2300 728 2392 799 qui
2440 744 2561 784 cum
2617 726 2818 787 Christi
2869 733 3146 790 voluntate
3194 751 3255 790 se
3304 735 3495 793 reﬁcit.

1914 816 2096 889 Usque
2124 820 2262 877 adeo
2288 836 2419 877 vero
2448 822 2770 878 abstinentia
2792 823 3019 883 ﬁliorum
3047 826 3211 883 Israel
3240 828 3293 884 in
3315 843 3499 887 eremo

1911 912 2115 982 placuit
2162 911 2459 980 Salvatori,
2509 922 2569 969 ut
2603 916 2954 985 quorumdam
2988 921 3159 975 etiam
3188 921 3330 976 inter
3358 923 3501 992 ipsos

1913 1006 2329 1089 intemperantia
2356 1016 2670 1076 notaretur;
2717 1010 2789 1064 ita
2817 1019 2874 1064 ut
2899 1004 3141 1082 quisquis
3169 1013 3378 1069 avidior
3404 1014 3502 1069 ilu-

1911 1098 2061 1170 plum
2088 1098 2246 1155 mane
2292 1100 2470 1155 cibum
2515 1101 2615 1157 sibi
2663 1102 2983 1172 collegerat,
3033 1107 3122 1162 hic
3166 1108 3266 1163 hac
3307 1108 3502 1177 injuria

1913 1187 2184 1258 feriretur,
2212 1200 2272 1246 ut
2299 1208 2407 1247 non
2432 1200 2540 1247 tam
2567 1193 2746 1249 cibum
2773 1195 2874 1250 sibi
2904 1196 3236 1253 inveniretur
3257 1214 3502 1256 servasse

1911 1295 2074 1350 quam
2121 1297 2333 1339 vermes
2368 1302 2381 1336 :
2437 1283 2644 1339 scilicet
2692 1292 2751 1339 ut
2792 1285 2916 1354 quia
2965 1301 3126 1358 supra
3169 1289 3501 1355 moderatam

1860 1380 1867 1385 '
1912 1370 2265 1429 refectionem
2307 1376 2657 1446 concupierat
2677 1417 2693 1440 ,
2745 1376 2893 1433 velut
2929 1378 3157 1434 stimulis
3182 1382 3502 1451 quibusdam

1897 1463 2259 1520 conscientia:
2296 1466 2349 1520 in
2388 1482 2595 1522 morem
2640 1468 2902 1524 vermium
2930 1467 2959 1508 δ
2989 1479 3291 1540 urgeretur.
3340 1473 3504 1542 Igitur

1913 1566 1971 1612 et
1998 1574 2132 1628 nos,
2181 1557 2407 1625 fratres,
2445 1561 2797 1618 observantes
2845 1561 3279 1634 Quadragesimaa
3326 1569 3506 1636 quoti«

1913 1647 2069 1704 diana
2121 1656 2176 1705 et
2202 1651 2500 1719 ,moderata
2544 1652 2747 1723 jejunia
2779 1696 2795 1720 ,
2836 1663 2892 1710 et
2928 1664 3185 1728 tanquam
3231 1658 3287 1712 in
3322 1674 3506 1717 eremo

222 1758 352 1815 ﬁlios
380 1758 550 1815 πει-εει
597 1758 651 1813 in
703 1772 887 1812 ει-ειηο
916 1756 1134 1827 quando
1162 1769 1362 1811 manna
1405 1752 1634 1809 sagunti
1663 1758 1807 1816 sunt,
1840 1764 1888 1825 Β
1913 1741 2228 1807 constituti,
2269 1743 2401 1798 nihil
2447 1744 2758 1802 deliciarum
2810 1749 3144 1805 stecularium
3187 1751 3504 1820 cogitemus,

219 1851 431 1905 minime
465 1848 762 1919 jejunasse.
812 1847 926 1918 Ego
956 1855 1138 1902 autem
1165 1846 1288 1902 dico
1310 1845 1442 1901 villos
1471 1838 1685 1900 nonnisi
1715 1842 1810 1897 ab-

136 1982 141 1985 -
215 1940 474 1997 stinentize
502 1948 637 1996 tunc
662 1954 904 2005 vacasse,
937 1946 1101 2008 atque
1127 1937 1251 1993 ideo
1277 1936 1514 1993 emiestis
1540 1933 1809 1990 alimonia:

215 2032 431 2102 gratiam
478 2033 763 2088 meruisse.
826 2030 1092 2097 Primum,
1145 2029 1270 2100 quia
1321 2028 1595 2084 desertum
1643 2040 1806 2081 omne

214 2123 465 2194 jejunium
497 2133 616 2192 est;
647 2124 774 2195 quia
805 2124 1052 2179 anxietas
1081 2122 1387 2178 solitudinis
1415 2120 1808 2191 concupiscen-

214 2215 335 2270 tiam
360 2216 584 2287 rcpeliit
619 2231 896 2284 escarum;
940 2215 1136 2271 deinde
1177 2215 1231 2269 in
1261 2229 1447 2269 eremo
1474 2211 1617 2268 unde
1645 2226 1808 2266 accu-

1917 1834 2062 1889 nulla
2089 1851 2186 1891 nos
2204 1836 2561 1907 cupiditatum
2591 1840 2954 1910 corporalium
2974 1841 3203 1897 dulcedo
3231 1842 3504 1898 sollicitet.

1916 1926 2097 1982 Simus
2124 1929 2324 1994 sobrii,
2357 1929 2525 1985 simus
2550 1931 2716 1997 casti,
2746 1931 3009 1988 habentes
3035 1933 3251 2004 quidem
3280 1950 3507 1990 conver-

1915 2021 2180 2077 sationem
2211 2022 2264 2077 in
2287 2021 2540 2089 urbibus,
2583 2024 2958 2095 possideamus
3000 2034 3183 2081 mente
3210 2021 3503 2083 deserium'.

1913 2112 1972 2169 Si
2001 2114 2074 2169 ita
2116 2115 2775 2185 abstinentes‘egerimus,
2817 2117 2922 2171 erit
2946 2125 3006 2172 ut
3032 2118 3267 2174 caelestis
3295 2129 3506 2177 manum

1912 2207 2217 2263 reﬁciamur
2244 2207 2522 2277 alimonia,
2550 2216 2608 2264 et
2634 2209 2793 2266 nullis
2818 2205 3083 2265 vermium
3110 2211 3339 2269 stimulis
3358 2228 3506 2269 com-

212 2315 334 2363 rata:
361 2308 587 2379 epulae?
634 2308 776 2364 unde
808 2308 932 2363 vina
971 2306 1248 2378 pretiosa?
1284 2306 1426 2362 unde
1452 2302 1807 2374 quadraginta
1911 2313 2230 2370 pungamur.

1568 2415 1838 2478 SERMO
1881 2413 2150 2477 XXVII.

1489 2516 1569 2571 De
1598 2513 2015 2588 Quadragesima
2043 2514 2217 2571 XIII.

212 2728 237 2767 -,
272 2683 721 2767 ἆθῦμουιοδί
750 2682 1085 2767 ἓεηθάίριίιξί
1107 2680 1542 2767 (ΞΟ-ηὲξθερὲίοῐξξε
1572 2605 2367 2767 ξῇηῖῌξίὲὶέξιξίθίθρνςηρίεθ
2393 2678 2466 2767 ad
2489 2685 2794 2767 extremum
2832 2689 3042 2737 tomum
3073 2697 3298 2753 operum
3331 2686 3505 2767 sancti

207 2752 475 2811 Ambrosii
529 2769 695 2809 serm.
749 2753 838 2815 55,
870 2753 963 2822 qui
991 2761 1075 2808 est
1123 2752 1190 2806 l7
1218 2752 1298 2806 De

208 2770 475 2811 muros“
529 2770 695 2809 serm.
749 2770 838 2815 ao,
870 2770 963 2822 qui
991 2770 1075 2808 eat
1123 2770 1186 2806 ιι
1218 2770 1298 2806 ue

208 2823 461 2891 Maximo,
490 2825 645 2907 cujus
668 2824 926 2907 eLstylus,
949 2825 1075 2906 etoin
1098 2824 1273 2906 codice

1349 2752 1538 2822 ejuniis
1586 2750 2031 2821 Quadragesinue,
2083 2750 2366 2820 probabile
2418 2751 2570 2822 aiunt
2614 2766 2735 2822 esse
2780 2752 2925 2807 hunc
2975 2750 3281 2809 sermonem
3321 2755 3507 2811 deberi

1347 2820 1785 2894 eutigiauoetiam
1809 2820 2003 2894 nomen
2022 2821 2338 2894 noscendum
2364 2821 2579 2894 prebet.
2612 2820 2949 2894 Ilémigiano,
2975 2838 3134 2892 quem
3163 2824 3238 2878 illi
3269 2825 3506 2890 laudant,

208 2890 473 2967 c_onsonat
504 2890 1066 2967 codexATatirinensis,
1100 2895 1157 2967 in
1190 2910 1300 2967 quo
1319 2890 1555 2967 hagc'est
1577 2892 1751 2967 eidem
1772 2890 2252 2967 sermoniprmﬁxa
2280 2890 2560 2967 inscriptio
2586 2910 2597 2944 :
2632 2890 2787 2967 Ιιεηις
2806 2894 2870 2947 de
2902 2890 3315 2967 Quadragesima
3342 2913 3508 2967 sermo

208 2964 255 3019 Χ
260 2966 376 3041 III.
408 2966 643 3041 Habitus
672 2961 1285 3041 fortasse_in_domiuica
1317 2961 1629 3041 Palmarum
1670 2962 1787 3027 fuit,
1821 2961 2218 3041 ut__conjectura
2249 2978 2308 3017 se
2350 2961 2510 3019 iidem
2540 2963 2791 3018 monachi
2818 2973 3096 3021 assecutus
3121 2961 3342 3036 'putant.
3376 2966 3509 3022 Nam

208 3050 270 3092 ea
297 3037 385 3093 die
414 3038 471 3093 in
502 3036 781 3108 plerisque
802 3033 1056 3092 Ecclesiis
1086 3035 1223 3090 tradi
1254 3036 1556 3106 symbolum
1576 3033 2009 3103 competentibus
2029 3041 2403 3089 consueverat.

207 3153 609 3224 Aaouums'wu.
639 3185 712 3196 —
738 3150 952 3224 Jejunia
992 3158 1047 3203 ut
1067 3148 1226 3224 Elius
1272 3148 1615 3224 observautes,
1656 3148 1807 3202 adhi-

1919 3122 2039 3203 ﬁcio
2061 3147 2227 3203 totius
2254 3146 2441 3202 mundi
2475 3147 2688 3227 species
2716 3147 2969 3202 innovata
2999 3158 3369 3218 consurgeret.
3406 3148 3510 3220 [gi-

277 3223 395 3279 “'5‘
432 3216 955 3309 Pfe‘ibusn‘iaimf?
982 3221 1163 3309 ⁸99⁸2⁸Ἶέ
1189 3219 1592 3309 εοψηέέφςῆθιιε
1617 3235 1811 3274 νεδσνε⁶
1837 3216 1883 3278 C
1917 3246 2006 3293 tur
2025 3246 2081 3293 et
2110 3253 2209 3293 nos
2237 3237 2427 3292 eadem
2456 3216 2575 3306 qua:
2605 3237 2750 3293 Elias
2782 3240 3133 3295 observantes
3166 3216 3396 3309 jejunia,
3419 3216 3511 3297 ad~

271 3312 409 3360 mus,
437 3291 645 3350 'clauem
675 3292 843 3361 Petri,
874 3291 927 3346 id
955 3300 1032 3346 est
1061 3291 1219 3362 ﬁdem
1237 3307 1521 3346 sumamus.

272 3428 525 3502 Propitia
574 3428 896 3492 Divinitate,
945 3440 1073 3482 ecce
1113 3425 1223 3495 jam
1273 3440 1412 3497 pene
1452 3424 1812 3495 transegimus

206 3523 656 3593 Quadragesima:
700 3521 933 3577 indicata
972 3519 1197 3590 jejunia.
1230 3527 1287 3574 et
1314 3526 1584 3589 praecepta
1612 3516 1816 3573 Christi

206 3615 425 3674 Domini
448 3615 791 3671 abstinentia:
811 3613 1098 3670 devotione
1118 3612 1527 3683 complevimus.
1557 3610 1816 3681 Superest

204 3724 370 3776 nunc,
406 3719 472 3766 ut
500 3707 955 3779 quemadmodum
986 3705 1171 3760 famuli
1202 3704 1318 3774 ejus
1347 3704 1563 3776 Moyses
1589 3712 1642 3759 et
1672 3701 1817 3756 Eiias

204 3801 350 3860 hunc
395 3801 828 3858 sacratissimum
857 3813 1144 3853 numerum
1192 3795 1554 3861 observando,
1587 3795 1817 3863 gratiam

201 3902 574 3961 meruerunt;
616 3895 688 3948 ita
711 3902 767 3949 et
789 3906 889 3947 nos
910 3891 1017 3946 hoc
1040 3890 1214 3959 ipsruu
1235 3896 1445 3960 tempus
1466 3888 1819 3945 custodiendo

199 4003 550 4053 mereamur,
576 3987 756 4055 sitque
781 3962 972 4040 similis
999 3982 1363 4037 remuneratio
1389 3981 1442 4035 in
1474 3981 1819 4052 perceptione

195 4081 446 4154 praemii,
481 4091 713 4147 quorum
743 4075 934 4132 similis
959 4074 1113 4129 labor
1140 4080 1223 4129 est
1252 4073 1304 4128 in
1334 4072 1712 4129 observatione
1737 4072 1821 4142 je-

191 4174 364 4248 junii.
400 4169 557 4229 Elias
576 4170 743 4239 enim,
769 4184 895 4229 cum
922 4175 1066 4224 esset
1093 4167 1332 4224 clausum
1358 4166 1607 4222 humanis
1627 4165 1822 4235 iniqui-

193 4264 418 4321 tatibus
448 4261 673 4332 cmium,
695 4268 750 4317 et
776 4261 922 4316 nulla
945 4259 1228 4315 mundanis
1256 4260 1418 4316 rebus
1445 4260 1679 4331 desuper
1697 4260 1818 4330 piu-

198 4358 432 4412 viarum
463 4353 696 4408 stillaret
722 4352 961 4415 ubertas,
995 4359 1159 4421 atque
1199 4350 1378 4405 omnia
1410 4349 1581 4420 longa:
1610 4349 1821 4406 siccita-

196 4451 268 4507 tis
310 4446 582 4520 squalore
621 4445 963 4517 iauguerent,
1012 4452 1069 4500 et
1096 4452 1239 4499 esset
1267 4445 1437 4499 lames
1464 4458 1657 4513 magna
1694 4443 1820 4498 uni-

199 4559 369 4601 verso
393 4540 592 4611 generi
619 4539 879 4603 humano,
911 4536 1167 4608 quoniam
1197 4537 1338 4592 enim
1363 4537 1560 4593 caelum
1583 4536 1821 4607 pluviam

1916 3331 2102 3386 bibitis
2144 3331 2393 3401 precibus
2435 3331 2677 3385 clausum
2707 3331 2903 3386 coelum
2932 3333 3131 3389 nostris
3157 3336 3512 3404 competenti-

1916 3425 2018 3480 bus
2046 3439 2352 3480 reseremus
2373 3442 2386 3490 ;
2410 3431 2677 3493 quatenus
2699 3424 2819 3478 illos
2841 3425 3040 3480 lavacri
3067 3425 3317 3481 salutaris
3339 3428 3512 3483 imber

1918 3511 1945 3552 ἀ
1976 3514 2260 3570 illuminet.
2302 3513 2557 3569 Clausum
2601 3514 2743 3568 enim
2775 3514 2879 3568 illis
2916 3522 3000 3571 est
3028 3516 3244 3581 coelum,
3276 3517 3513 3585 quandiu

1920 3607 2156 3663 nondum
2187 3607 2254 3663 de
2295 3608 2434 3662 cmlo
2476 3606 2709 3676 Spiritus
2735 3615 2953 3662 sanctus
2981 3606 3293 3676 adveniens,
3323 3623 3511 3663 eorum

1919 3697 2084 3755 corda
2116 3699 2280 3770 468
2321 3680 2555 3752 viviﬁcat
2588 3715 2600 3748 :
2634 3696 2934 3752 siccitatem
2977 3697 3374 3768 quodammodo
3415 3715 3513 3770 pa-

1920 3790 2146 3854 tiuntur,
2179 3790 2303 3861 quia
2335 3788 2570 3844 nondum
2601 3789 2772 3857 gratia
2820 3788 3160 3860 baptismatis
3200 3791 3508 3860 irrigantur.

1918 3878 2195 3939 Laborant
2214 3884 2378 3939 etiam
2402 3880 2543 3937 fame
2572 3896 2783 3951 magna,
2815 3882 3071 3951 quoniam
3094 3883 3240 3938 velut
3268 3884 3513 3938 esurien-

1922 3983 2022 4040 tes,
2055 3975 2293 4030 cuelestia
2324 3981 2663 4029 sacramenta
2683 3972 3009 4028 desiderant.
3039 3972 3364 4030 Reseremus
3385 3989 3516 4044 ergo

1922 4067 2026 4123 illis
2054 4069 2269 4132 coelum,
2302 4076 2363 4122 ut
2402 4066 2723 4122 adveniente
2768 4065 2999 4137 desuper
3042 4068 3267 4138 spiritali
3310 4070 3511 4139 pluvia,

1923 4174 2110 4215 eorum
2141 4167 2283 4214 terra
2324 4158 2522 4214 lavacri
2569 4158 2787 4227 irriguo.
2807 4159 3056 4226 satietur,
3095 4169 3151 4215 et
3188 4160 3512 4218 delictorum

1923 4251 2208 4307 sterilitate
2236 4251 2503 4323 deposita,
2546 4251 2808 4323 incipiant
2836 4248 3041 4308 fructus
3068 4253 3371 4321 germinare
3400 4244 3509 4309 vir-

1925 4351 2120 4399 tutum.
2153 4344 2365 4399 Etenim
2406 4344 2639 4400 caelestis
2677 4343 2849 4399 imber
2894 4345 3022 4400 vitia
3063 4353 3405 4415 peccatorum
3433 4348 3517 4403 di-

1924 4437 2047 4505 luit,
2066 4436 2288 4507 justilizc
2317 4439 2648 4492 incrementa
2672 4436 2876 4505 pandit,
2905 4435 3110 4491 decutit
3142 4437 3349 4491 aridum
3380 4454 3513 4493 cou~

1926 4528 2272 4599 cupiscentiac
2326 4527 2624 4597 pulverem,
2672 4522 2905 4579 lzetiﬁcat
2953 4526 3139 4580 utilem
3186 4528 3517 4584 castimonia:

200 4652 316 4693 non
364 4603 567 4698 dabat,
619 4647 722 4687 nec
769 4603 1224 4699 terra—pabulum
1271 4603 1629 4698 germinabat,
1675 4626 1823 4682 Eiias
1848 4603 1905 4667 Ῑ)
1931 4620 2244 4690 puritatem,
2286 4618 2468 4673 obruit
2508 4616 2747 4670 avaritia:
2792 4614 3066 4670 sordidam
3114 4616 3319 4684 ﬁeccm,
3349 4620 3519 4675 nutrit

202 4737 440 4786 sanctus
462 4725 727 4780 reseravit
750 4722 972 4794 jejuniis
999 4722 1110 4777 suis
1139 4720 1355 4786 coelum,
1384 4728 1583 4775 terram
1614 4721 1821 4775 oratio-

202 4822 370 4876 nibus
404 4815 722 4873 fecundavit
751 4812 840 4886 (11
872 4813 1003 4885 Reg.
1033 4811 1206 4882 xvm).
1237 4810 1384 4867 Illius
1421 4812 1566 4866 enim
1612 4811 1827 4867 siccita-

208 4922 321 4970 tem
353 4909 645 4971 convertit
676 4909 729 4962 in
757 4907 1016 4978 pluviam,
1045 4905 1206 4976 hujus
1234 4904 1575 4960 sterilitatem
1601 4903 1828 4960 resolvit

206 5008 260 5062 in
292 4984 562 5079 partumﬁ
593 5008 744 5057 tanta
767 4999 911 5055 enim
939 4997 1055 5068 ejus
1074 4996 1325 5068 precibus
1353 4996 1539 5052 orbem
1562 5005 1826 5052 terrarum

208 5096 485 5151 imbrium
535 5091 756 5160 largitas
801 5088 1062 5161 irrigavit,
1105 5096 1166 5143 ut
1220 5088 1369 5143 arida
1411 5087 1867 5157 revirescerent,-

206 5197 442 5245 mortua
497 5190 865 5253 resurgerent,
911 5180 1223 5250 languentia
1268 5188 1606 5236 sanarentur.
1640 5177 1708 5233 Et
1754 5180 1829 5234 ita

207 5283 383 5337 rebus
416 5279 640 5336 cunctis
668 5276 895 5332 fontium
916 5274 1132 5345 quidam
1160 5281 1371 5329 meatus
1401 5272 1607 5328 infusus
1640 5279 1743 5339 est,
1772 5280 1833 5326 ut

208 5364 613 5446 puriﬁcatione
656 5368 795 5424 facta
825 5378 924 5451 per
949 5367 1190 5438 pluviam
1221 5376 1246 5405 α
1278 5365 1519 5421 omnium
1555 5371 1834 5433 creatura-

210 5478 340 5521 rum
365 5462 515 5519 vitia
556 5461 884 5527 lavarentur,
914 5466 1079 5528 atque
1101 5458 1472 5515 inundationis
1500 5458 1645 5515 illius
1668 5459 1836 5515 bene-

290 5610 319 5639 ι
362 5597 515 5656 Cod.
546 5593 615 5649 90
638 5594 754 5660 cit.,
781 5590 1143 5665 viuiﬁcabijur.

292 5680 322 5713 ο
363 5668 515 5726 Cod.
544 5665 616 5723 90
641 5664 700 5721 S.
731 5662 918 5721 Crucis
939 5665 998 5736 in
1024 5662 1162 5736 Jer.,
1195 5672 1513 5736 argueretur.

294 5754 320 5795 ο
355 5737 544 5801 Codd.
574 5736 820 5805 Lugdun.
850 5745 907 5792 et
931 5735 1231 5802 Valliceil.,'
1260 5734 1487 5791 omnium
1511 5751 1537 5802 ς
1561 5734 1829 5793 editiones

490 5833 768 5909 Panos.
810 5830 1004 5903 LVII.

1929 4718 2187 4765 mternam
2213 4706 2591 4763 misericordiae
2616 4704 2939 4775 largitatem.
2970 4706 3123 4763 Sicut
3142 4709 3286 4765 enim
3316 4726 3520 4782 super-

1930 4801 2179 4857 veniente
2208 4798 2335 4854 Eiiae
2356 4798 2557 4869 pluvia,
2590 4812 2751 4853 omne
2779 4797 3035 4868 pabulum
3061 4806 3205 4854 terra
3234 4800 3518 4872 produxit;

1931 4898 2006 4952 ita
2048 4902 2104 4951 et
2142 4894 2554 4966 superveniente
2606 4890 2805 4947 Christi
2848 4891 3085 4961 lavacro,
3115 4909 3335 4950 omnem
3357 4895 3522 4965 justi-

1935 4990 2063 5044 tiam
2090 4988 2268 5043 anima
2297 4983 2636 5056 germinavit.
2666 4981 2736 5037 Et
2771 4983 2911 5040 sicut
2936 4983 3045 5039 illic
3072 4984 3374 5054 pluviarum
3404 4986 3516 5044 fon-

1934 5090 2016 5137 tes
2066 5080 2421 5149 irrigaverunt
2463 5079 2668 5145 orbem,
2698 5084 2758 5132 ut
2796 5076 3198 5133 viviﬁcarentur
3220 5066 3525 5135 Iberbarum

1935 5174 2259 5251 mortiﬁcata
2285 5172 2396 5242 jam
2419 5172 2628 5227 semina
2652 5186 2668 5226 :
2701 5171 2774 5225 ita
2795 5177 2851 5226 et
2875 5168 2995 5226 fons
3020 5169 3365 5242 baptismatis
3406 5173 3525 5228 irri-

1937 5278 2028 5339 gat
2055 5283 2223 5338 genus
2252 5267 2553 5333 hominum,
2578 5273 2637 5321 ut
2662 5264 2964 5320 animarum
2991 5264 3314 5320 mortiﬁcata
3359 5267 3524 5321 corda

1934 5361 2188 5418 viviﬁcet.
2213 5359 2330 5416 Hoc
2349 5358 2750 5414 observantium
2782 5357 2883 5412 ista
2905 5356 3111 5426 jejunia
3140 5364 3224 5411 est
3252 5342 3525 5417 meritum,

1935 5444 1994 5512 ut
2016 5453 2349 5511 orationibus
2373 5467 2559 5508 eorum
2588 5459 2680 5505 aut
2713 5450 2999 5505 innovetur
3027 5447 3276 5513 mundus,
3306 5459 3401 5499 aut
3430 5443 3524 5498 ira.

1931 5566 2146 5654 omnes,
2174 5586 2350 5642 omnia
2389 5593 2743 5654 creaturarum
2776 5580 2921 5654 vitio.

2003 5660 2028 5699 δ
2058 5650 2193 5721 Cod.
2228 5656 2511 5722 Vallieeli.,
2542 5653 2705 5709 imber
2732 5650 2959 5706 mandet.

3240 5808 3322 5879 19
