4056 6346
551 241 668 301 ’.87

1795 237 1850 291 S.
1895 235 2136 293 MAI!!!
2177 233 2630 292 τΑυωΝεΝειδ

535 369 676 416 .tres
701 357 881 414 denuo
907 361 1282 414 nascantur.
1338 352 1706 410 Reserandnm
1735 353 1898 420 igitur
1923 367 2146 422 compe-
2175 357 2228 418 Α
2253 355 2386 424 xvi).
2411 353 2528 412 lino
2551 368 2806 422 manus
2829 352 3071 418 Petrum
3109 361 3174 410 ut
3219 354 3334 424 ipse
3371 355 3535 412 nobis
3573 363 3838 425 suum

559 453 796 510 tantibus
822 448 1024 506 nostris
1042 455 1126 504 est
1157 446 1378 514 omium.
1407 447 1664 517 quoniam
1704 446 1879 502 adhuc
1903 446 2144 504 clausum

559 552 644 601 est
667 541 812 613 apud
837 540 993 608 illos;
1017 539 1261 598 clausum
1302 547 1386 596 est
1423 538 1572 594 enim
1605 538 1802 594 omium
1849 537 1972 600 illis,
2005 547 2144 608 quo-

556 639 700 693 niam
722 635 1038 709 mysterinm
1059 633 1298 690 nondum
1315 631 1600 703 pervident
1625 631 1919 687 Trinitatis.
1947 629 2144 687 Clauso

555 727 702 783 enim
723 727 828 784 sibi
847 726 1008 793 cmio,
1037 741 1202 797 super
1227 725 1424 782 corium
1456 723 1588 794 quid
1614 731 1824 793 agatur,
1847 725 2099 793 ignorant
2125 743 2136 776 :

553 833 660 876 nec
685 818 828 874 scire
852 825 1082 890 possunt
1117 829 1241 887 qua:
1263 815 1336 872 sit
1352 814 1476 870 Filii
1495 813 1778 885 Patrisque
1803 813 2138 870 substantia:

551 910 661 966 nisi
714 910 876 980 prius'
921 907 1110 965 mundi
1163 909 1435 964 elementa
1489 906 1937 964 transcenderint.
1989 904 2143 962 Tunc

555 1004 698 1060 enim
729 1003 928 1074 poterit
965 1002 1090 1074 quis
1125 999 1403 1058 Trinitatis
1440 1001 1681 1070 aspicere
1715 1000 1896 1055 divina
1939 1007 2141 1070 myste-

554 1100 659 1168 ria,
697 1114 822 1154 cum
865 1099 1034 1155 omlos
1075 1114 1172 1154 sua
1212 1098 1414 1153 virtute
1455 1095 1703 1150 habuerit
1731 1084 1974 1165 apertos,
2005 1095 2144 1150 sicut

552 1191 747 1247 beatus
778 1191 1088 1261 Stephanus
1109 1198 1316 1262 martyr
1343 1189 1602 1244 reseravit
1632 1187 1736 1242 sibi
1763 1187 2021 1258 martyrio
2042 1201 2142 1241 suo

551 1285 738 1348 ctelos,
771 1291 828 1337 et
855 1291 1089 1337 stantem
1117 1280 1251 1337 vidit
1279 1281 1345 1336 ad
1383 1280 1625 1335 dextram
1665 1278 2020 1341 Salvatorem,
2051 1291 2141 1334 δο-

551 1375 788 1431 cundum
815 1372 964 1442 quod
992 1373 1110 1442 ipse
1139 1373 1215 1427 ait
1257 1390 1270 1425 :
1313 1370 1448 1426 Ecce
1473 1370 1618 1426 uideo
1645 1369 1800 1426 caelos
1828 1377 2056 1440 apertos,
2093 1376 2144 1423 st
2168 1377 2176 1382 '

551 1475 777 1522 stantem
815 1464 996 1520 Iesum
1037 1463 1108 1516 ad
1154 1463 1394 1518 dextram
1430 1461 1530 1516 Dei
1571 1463 1707 1534 (Act.
1735 1461 1853 1532 vn).
1885 1460 2028 1530 Ergo
2055 1461 2144 1515 cui

554 1557 724 1614 clausi
765 1563 894 1612 sunt
938 1553 1081 1618 cali,
1132 1553 1402 1624 agendum
1445 1562 1548 1619 est,
1581 1562 1640 1608 ut
1685 1553 1998 1623 aperiantur
2043 1551 2141 1620 illi,

549 1656 820 1719 quatenus
841 1660 1002 1716 super
1014 1646 1181 1701 melos
1199 1643 1472 1704 Christum
1495 1645 1666 1715 possit
1683 1645 1958 1716 aspicere;
1980 1643 2139 1715 ωσι

2249 447 2426 506 bonus
2443 446 2649 517 ianitor
2666 447 2836 515 regia
2861 447 3095 510 adestis
3115 447 3347 521 aperuit.
3365 445 3502 514 Qum
3530 455 3718 504 autem
3735 449 3837 505 ista

2247 539 2416 595 clavis
2443 539 2533 605 sit,
2562 539 2874 608 diligentius
2897 540 3260 609 requiramus.
3289 538 3514 596 Clavem
3555 537 3734 607 Petri,
3775 539 3836 596 0»

2244 633 2372 689 dem
2415 633 2644 689 dixerim
2671 630 2837 698 Petri,
2867 643 2965 702 per
3005 646 3170 701 quam
3207 633 3376 690 caios
3401 633 3642 702 aperuit,
3669 647 3834 703 pcne-

2246 726 2410 780 travit
2457 724 2663 782 inferna
2707 738 2959 791 securus,
3003 725 3178 780 maria
3231 724 3460 783 calcavit
3505 723 3836 794 intrepida.

2247 817 2420 876 Tanta
2441 819 2586 874 enim
2617 819 2929 889 apostolica:
2955 815 3079 876 6H
3107 817 3277 874 virtus
3301 825 3404 880 eet.
3437 825 3498 874 ut
3524 825 3730 874 cuneta
3765 817 3841 872 iih'

2243 907 2514 966 elementa
2541 916 2782 980 pateant,
2813 909 2919 966 hoe
2942 917 3030 966 est
3055 923 3164 966 non
3189 907 3268 964 illi
3293 907 3554 976 ancella
3577 907 3842 964 claudan-

2245 1011 2335 1060 tur
2358 1003 2558 1072 januae,
2585 1017 2697 1058 non
2719 1009 2896 1072 pom
2923 1001 3252 1070 praevaleant
3278 1000 3442 1072 ‘68
3481 999 3703 1070 tartari,
3731 1013 3842 1064 non

2243 1109 2508 1166 aquarum
2535 1095 2734 1152 ﬂuenta
2761 1094 3064 1152 subsidant.
3105 1094 3215 1150 Ista
3261 1100 3444 1152 autem
3479 1093 3602 1163 ipsa
3650 1092 3838 1158 clavis,

2243 1201 2408 1257 quam
2433 1187 2593 1244 ﬁdem
2621 1187 2870 1251 dicimus,
2900 1185 3180 1244 videam
3211 1184 3676 1254 quernum
3700 1200 3839 1245 cetr-

2243 1290 2372 1346 stet.
2397 1289 2455 1338 et
2493 1279 2948 1350 quemadmodum
2989 1279 3219 1336 solidata
3265 1280 3352 1336 sit.
3408 1278 3665 1334 Arbitror
3693 1277 3839 1334 illam

2241 1372 2528 1428 duodecim
2557 1371 2825 1428 artiﬁcum
2846 1372 3166 1440 operatione
3187 1368 3515 1437 conﬂatam;
3541 1367 3839 1433 duodecim

2241 1467 2390 1522 enim
2417 1464 2789 1535 apostolorum
2815 1463 3060 1534 symbolo
3083 1460 3214 1518 ﬁdes
3231 1471 3419 1518 saneta
3436 1472 3709 1531 concepta
3729 1469 3838 1526 est.

2241 1558 2339 1626 qui
2369 1558 2514 1612 velut
2542 1556 2701 1626 periti
2729 1553 2966 1614 artiﬁces
3003 1555 3059 1610 in
3090 1570 3255 1612 mum
3275 1554 3688 1618 convenientes.
3726 1553 3840 1610 uir

2246 1664 2368 1704 vein
2405 1661 2506 1704 suo
2531 1647 2758 1702 consilio
2783 1644 3178 1704 conﬂaverant.
3207 1643 3429 1702 Clavem
3471 1645 3620 1700 enim
3647 1659 3839 1715 quam!»

553 1755 688 1815 nam.
708 1736 944 1806 quandiu
981 1736 1152 1791 clausi
1179 1744 1308 1790 sunt
1341 1736 1571 1802 homini,
1601 1734 1875 1790 Christum
1903 1749 2012 1791 non
2041 1750 2141 1805 po—
2171 1750 2219 1812 Β
2245 1739 2370 1796 dam
2399 1739 2572 1809 ipsum
2613 1738 2919 1810 symbolum
2949 1737 3203 1807 dixerim,
3229 1753 3330 1808 per
3352 1737 3496 1806 quod
3525 1746 3838 1796 rosa-antur

552 1836 660 1884 test
701 1827 880 1882 videre
907 1835 1245 1896 regnantem.
1276 1826 1738 1893 Quemadmodum
1766 1833 1947 1882 autem
1975 1826 2144 1883 claui
2245 1833 2448 1890 diaboli
2475 1833 2732 1898 tenebas,
2761 1841 2820 1888 ut
2845 1833 2942 1888 lux
2965 1831 3166 1888 Christi
3191 1831 3443 1888 adveniat
3475 1849 3488 1884 ε
3518 1831 3837 1902 aperiuntur

551 1921 671 1978 celi
712 1919 988 1990 aperiendi
1027 1927 1154 1974 sunt
1195 1920 1466 1988 inquirere
1504 1927 1740 1990 oportet.
1796 1917 1934 1974 Puto
1962 1928 2142 1975 autem
2245 1924 2588 1982 conscientia:
2607 1924 2791 1980 clausa
2814 1932 3062 1992 peccata,
3084 1931 3144 1978 ut
3159 1922 3380 1992 justiu'c
3405 1920 3654 1991 fulgeant
3675 1933 3836 1991 opas
3866 1935 3873 1940 ·

551 2014 708 2070 aliter
729 2027 825 2068 eos
849 2011 1047 2082 aperiri
1069 2026 1176 2066 non
1205 2027 1382 2081 posse,
1406 2012 1510 2066 nisi
1532 2012 1710 2066 claves
1737 2010 1885 2067 Petri
1911 2012 2143 2080 apostoli
2244 2014 2550 2072 manifesta.
2581 2014 2747 2083 igitur
2773 2015 2890 2071 hmo
2918 2015 3084 2072 clavis
3109 2013 3442 2073 osteiidanda
3469 2019 3560 2068 est
3584 2011 3837 2070 fratribus

551 2105 954 2175 sumpserimus,
986 2119 1122 2173 quas
1147 2103 1378 2159 Domino
1419 2103 1684 2174 largiente
1711 2106 1961 2174 suscepit,
2002 2105 2143 2160 sicut
2245 2109 2444 2164 nostris
2467 2151 2482 2176 ,
2525 2116 2586 2164 ut
2617 2117 2677 2162 et
2715 2107 2820 2176 ipsi
2862 2115 3120 2177 tanquam
3441 2103 3592 2165 Petri
3631 2105 3835 2164 illis!!!

551 2197 667 2270 ipse
694 2197 869 2254 dixit:
905 2195 1020 2252 Tibi
1045 2195 1180 2252 dabo
1233 2197 1402 2253 claues
1439 2199 1588 2270 regni
1631 2197 1878 2254 calorum
1919 2197 2137 2267 (Matth.
2237 2201 2349 2256 sibi
2377 2217 2622 2259 reserare
2649 2210 2706 2258 et
2721 2201 2892 2260 caelos
2909 2201 3125 2273 aperire
3143 2208 3523 2258 coemant.

1887 2311 2158 2374 SERMO
2201 2313 2498 2375 XXVIII.

1841 2410 1922 2468 De
1951 2409 2366 2485 ρασαηςιεειιιι
2389 2412 2478 2470 rt
2490 2413 2553 2468 V.

1976 2522 2368 2582 ADMONI’HO.

623 2621 741 2677 Non
771 2619 954 2684 alium,
987 2616 1090 2672 nisi
1119 2615 1432 2687 episcopum
1461 2616 1848 2671 Taurinensem
1872 2613 2164 2687 Maximum
2197 2615 2356 2686 hujus
2384 2615 2545 2687 fuisse
2571 2616 2837 2672 sermonis
2879 2623 3174 2687 auctorem,
3207 2630 3238 2669 a
3267 2616 3556 2687 monachis
3577 2614 3830 2687 ζευγίιῴ

551 2694 611 2749 in
638 2691 770 2748 edit.
804 2679 1063 2744 Parisien.
1084 2679 1333 2759 operum
1361 2688 1529 2743 sancti
1557 2687 1826 2759 Ambrosii
1865 2699 2029 2759 serm.
2076 2683 2159 2759 l8_
2185 2679 2620 2759 animadversum
2661 2694 2894 2757 esteem
2917 2702 2996 2759 ex,
3025 2679 3188 2759 style,
3219 2692 3339 2741 tum
3355 2696 3426 2759 eg
3449 2684 3578 2759 cod.
3603 2679 3831 2759 Bargul-

553 2761 711 2829 lensi,
741 2761 834 2817 ubi
859 2773 1024 2816 serm.
1072 2755 1411 2829 ﬁl’ejusdem
1457 2759 1632 2829 sancti
1665 2756 1886 2829 Maximi
1913 2771 2026 2827 prae
2051 2771 2109 2812 se
2135 2756 2242 2812 fert
2276 2773 2494 2829 nomen.
2523 2755 2888 2829 Adjungimus
2899 2755 3116 2814 codices
3141 2758 3354 2813 Sancta:
3371 2755 3565 2813 Crucis
3601 2755 3831 2829 inieru-

551 2823 724 2888 salem
767 2830 840 2885 90
888 2845 1036 2886 lium.
1070 2827 1160 2898 55,
1189 2823 1248 2885 et
1272 2826 1342 2882 99
1362 2827 1535 2884 'num.
1565 2827 1656 2895 32,
1706 2837 1762 2882 et
1803 2823 2225 2884 Laurentinum
2251 2843 2290 2884 x
2337 2827 2481 2884 Plut.
2513 2823 2617 2885 ιη’
2639 2823 2764 2900 μὶ.
2795 2823 2920 2896 2ΰο,
2965 2830 3021 2884 in
3043 2829 3240 2899 quibus
3263 2829 3451 2884 ιίωιυθ
3475 2837 3564 2884 θα
3592 2845 3607 2882 :
3638 2825 3720 2882 De
3748 2829 3830 2899 is»

554 2919 737 2977 genus.

556 3017 945 3077 Anconem“.
972 3047 1044 3060 —
1073 3011 1340 3084 Jejunium
1366 3027 1487 3084 esse
1514 3011 1686 3084 aetati
1722 3011 2002 3084 secundum
2044 3010 2143 3068 ba-
2171 3019 2219 3083 c
2249 3011 2511 3072 Iiorimur
2535 3027 2668 3084 ergo
2695 3014 2954 3084 peccatis,
2983 3009 3233 3070 videlicet
3263 3027 3365 3083 per
3389 3011 3664 3068 lavacrum
3695 3027 3710 3064 :
3741 3026 3829 3067 re-

625 3090 866 3166 ρείεπιιιηι
905 3079 2136 3178 probati;trisséfirfrséra‘imrim

2246 3119 2569 3178 generamur
2593 3079 2774 3162 autem
2794 3106 2918 3161 vitae
2937 3079 3036 3176 per
3057 3079 3329 3175 spiritum,
3353 3103 3495 3159 sicut
3513 3104 3586 3158 ait
3606 3102 3828 3173 Aposto-

623 3152 2142 3306 imi'2?,.???.2‘.322.;ﬁ25“.i‘d327:’3tfit:
2247 3152 2334 3306 it.
2363 3216 2378 3252 ς
2407 3191 2673 3306 qua:
2692 3199 2884 3306 ..πρέ
2919 3152 3042 3306 si.
3069 3152 3580 3306 .313,
3603 3195 3829 3306 φιτ.

624 3283 1058 3363 ἦᾶξέᾶἰιῖὰνςᾜα
1086 3283 1401 3348 abstinentia
1429 3295 1814 3365 conscientiam,
1845 3313 1877 3348 a
1905 3303 2144 3365 peccato-
2247 3298 2358 3344 stra
2404 3287 2705 3343 abscondit
2737 3296 2818 3342 α
2859 3297 2886 3325 ι
2923 3301 3042 3342 αθ.
3087 3285 3292 3342 Chia»
3331 3284 3471 3356 (Cet.
3497 3285 3602 3356 Il).
3633 3283 3829 3352 Consa-

626 3389 739 3427 rum
761 3369 998 3427 sordibus
1021 3365 1190 3436 tergit,
1213 3373 1262 3418 et
1288 3365 1491 3435 copiam
1510 3365 1696 3436 gratiae
1722 3364 1940 3420 ccclesiis
1960 3367 2144 3438 imper-

631 3445 772 3498 titur.

623 3555 1015 3619 Tcstimonium
1051 3555 1298 3628 perhibet
1338 3565 1556 3613 sanctus
1584 3557 1874 3628 Apostolus
1902 3557 1969 3614 de
2009 3574 2140 3630 pro—

551 3655 732 3729 phetis
759 3651 942 3708 dicens
989 3668 1000 3702 :
1034 3647 1284 3720 Tentpore
1311 3635 1614 3720 acceptabiii
1644 3651 1885 3730 exaudiui
1909 3661 1974 3714 te,
2011 3652 2141 3706 etin

552 3749 638 3803 die
663 3745 848 3802 salutis
877 3742 1054 3813 adjuvi
1083 3750 1164 3806 te;
1207 3747 1263 3796 et
1289 3739 1632 3809 subsequitur
1660 3741 1772 3812 ipsc
1805 3761 1816 3794 :
1844 3742 1978 3796 Ecce
2005 3758 2141 3797 nunc

551 3849 749 3910 tempus
774 3831 1106 3904 acceptabiie,
1137 3847 1253 3887 ecce
1282 3849 1416 3886 nunc
1443 3834 1551 3888 dies
1577 3832 1760 3890 salutis
1805 3831 1858 3904 (1
1885 3833 2004 3889 Cor.
2037 3833 2136 3905 γι).

553 3929 710 3986 Unde
754 3935 810 3982 et
849 3939 950 3994 ego
995 3923 1254 3980 testiﬁcor
1293 3925 1462 3991 vobis,
1504 3927 1603 3982 hos
1631 3943 1752 3983 esse
1781 3928 1896 3982 dies
1927 3928 2138 3983 redem-

550 4019 774 4092 ptionis,
809 4015 912 4072 hoc
939 4024 1021 4071 est
1047 4023 1258 4086 tempus
1297 4017 1532 4072 ccclesiis
1577 4018 1980 4089 quodammodo
2020 4036 2134 4075 me-

549 4111 757 4178 dicinae,
790 4125 898 4180 quo
948 4117 1191 4180 tempore
1234 4111 1474 4166 omnium
1521 4111 1776 4168 vitiorum
1823 4122 2134 4169 nostrorum

547 4205 728 4262 labem
767 4214 822 4260 et
857 4205 1104 4260 universa
1138 4203 1359 4260 vulnera
1391 4214 1735 4276 peccatorum
1760 4223 1951 4262 sanare
1976 4217 2134 4278 pote-

549 4299 736 4366 rimus,
795 4299 840 4352 si
889 4295 1152 4353 medicum
1210 4299 1510 4355 animarum
1560 4307 1864 4353 nostrarum
1903 4295 2136 4356 ﬁdeliter

2241 3381 2376 3452 ραιτί
2415 3382 2554 3435 enim
2591 3381 2714 3434 estis
2743 3395 2859 3434 cum
2899 3379 2992 3434 illo
3034 3396 3125 3450 per
3166 3379 3478 3448 baptismum
3518 3379 3576 3432 in
3614 3386 3828 3432 mortem

2246 3469 2425 3545 (Rom.
2451 3470 2547 3543 vi).
2578 3466 2885 3527 Occidimur
2913 3469 3058 3526 enim
3084 3463 3504 3540 quodammodo,
3535 3478 3656 3522 cum
3687 3463 3828 3538 desif

2244 3566 2422 3620 nimus
2451 3579 2568 3620 esse
2611 3564 2758 3634 quod
2793 3559 3008 3618 fuimus.
3037 3561 3190 3617 Novo
3217 3559 3360 3616 enim
3389 3557 3608 3632 pietatis
3633 3573 3830 3630 genere

2243 3658 2300 3714 in
2341 3673 2450 3713 uno
2487 3653 2788 3726 eodemque
2829 3651 3052 3712 homine
3101 3671 3248 3712 mors
3298 3666 3557 3724 operatur
3601 3659 3655 3707 ct
3695 3653 3826 3707 vita.

2243 3745 2506 3804 Morimur
2531 3748 2675 3803 enim
2704 3746 2731 3786 δ
2761 3745 3199 3818 concupiscentia
3245 3751 3617 3817 peccatorum,
3655 3737 3800 3797 viviii
3825 3777 3831 3785 -

2241 3847 2397 3897 catur
2426 3837 2559 3894 ordo
2581 3840 2862 3895 virtutum:
2888 3838 2944 3894 in
2978 3855 3085 3894 uno
3115 3850 3135 3877 ο
3163 3852 3396 3907 namque
3423 3833 3718 3904 eodemque
3735 3831 3830 3889 ho-

2239 3931 2388 3986 mine
2412 3931 2626 4003 impius,
2670 3940 2725 3987 et
2753 3929 2962 3985 adulter
2987 3927 3269 3996 occiditur,
3303 3937 3360 3982 ut
3390 3925 3698 3982 misericors
3736 3936 3825 3981 re-

2241 4032 2494 4078 nascatur
2522 4029 2577 4078 et
2610 4032 2810 4078 castus.
2833 4021 3160 4077 lntcrimitur
3189 4013 3515 4084 idololatria,
3543 4025 3601 4072 ut
3635 4013 3827 4085 religio

2241 4122 2588 4185 propagetur.
2605 4111 2921 4169 Fornicator
2935 4121 2989 4169 et
3004 4113 3184 4168 ebrius
3198 4111 3576 4180 exstinguitur,
3595 4117 3653 4164 ut
3666 4109 3828 4162 conti.

2240 4217 2374 4257 nens
2403 4209 2458 4258 et
2500 4203 2712 4258 sobrius
2758 4209 3089 4274 procreetur.
3127 4201 3219 4257 Sic
3247 4211 3376 4270 ergo
3403 4195 3694 4255 mortificat
3720 4193 3828 4253 Dos

2239 4300 2439 4368 minus,
2470 4309 2529 4355 ut
2558 4297 2826 4357 viviﬁcare
2867 4298 3027 4356 iaciat
3057 4321 3072 4359 :
3103 4299 3180 4357 sic
3207 4295 3422 4367 occidit,
3455 4309 3513 4356 ut
3538 4299 3727 4372 prosit,
3750 4295 3828 4372 sic

548 4403 854 4460 exoremus,
886 4396 942 4444 et
962 4398 1229 4460 prmcepta
1257 4389 1374 4458 ejus
1404 4397 1660 4457 tanquam
1689 4389 1926 4458 suscepti
1953 4387 2133 4444 idonei
2165 4395 2214 4452 ο
2241 4391 2515 4456 verberat,
2543 4399 2601 4444 ut
2630 4391 2900 4448 emendet.
2947 4387 3072 4446 ilice
3103 4401 3184 4447 est
3211 4392 3372 4462 igitur
3411 4391 3552 4448 circa
3581 4390 3828 4446 homines

427 4540 442 4547 _
548 4481 767 4538 minime
797 4479 1188 4551 diSpernamus.
1221 4475 1373 4536 Tunc
1400 4480 1541 4535 enim
1567 4477 1846 4546 languidus
1869 4479 2135 4548 {egritudi-
2163 4512 2169 4520 -

543 4574 630 4630 nis
650 4587 761 4629 sua:
783 4571 986 4628 invenit
1015 4572 1360 4640 medicinam,
1383 4571 1429 4625 si
1452 4569 1600 4624 omni
1624 4569 1983 4627 sollicitudine
2013 4587 2128 4628 me-

546 4667 651 4725 dici
693 4669 945 4722 mandata
975 4666 1272 4722 servaverit
1301 4683 1314 4717 :
1360 4659 1506 4734 quod
1533 4664 1579 4718 si
1618 4663 1761 4720 aliud
1793 4664 1974 4733 faciat,
2007 4681 2130 4721 cum

545 4755 691 4814 aliud
722 4757 959 4827 iubetur,
989 4757 1324 4814 increscente
1350 4755 1561 4822 morbo,
1593 4772 1702 4812 non
1747 4757 2004 4822 medicus,
2036 4756 2132 4813 sed

542 4848 925 4918 praevaricator
951 4845 1009 4900 in
1036 4847 1194 4916 culpa
1216 4851 1318 4901 est.
1349 4843 1587 4902 Medicus
1611 4855 1790 4902 autem
1833 4855 1914 4903 est
1942 4847 2128 4904 Domi-

541 4955 642 4995 nus
687 4945 874 4994 noster
899 4935 1056 4994 Jesns
1083 4933 1352 5006 Christus,
1377 4939 1470 5007 qui
1496 4938 1571 4992 ait
1605 4957 1617 4991 :
1652 4937 1767 5011 Ego
1796 4941 2050 5010 occidam,
2081 4951 2132 4996 et

539 5030 805 5102 riviﬁcabo
821 5047 840 5097 ;
857 5029 1166 5100 percutiam,
1191 5035 1242 5082 et
1268 5027 1464 5082 sonabo
1488 5027 1666 5099 (Deut.
1700 5033 1890 5101 xxx“).
1914 5027 2126 5088 Occidit

539 5120 685 5176 enim
716 5117 1114 5190 quodammodo
1144 5126 1433 5186 antemnam
1462 5112 1694 5174 viviﬁcet
1717 5116 1993 5178 Dominus.
2021 5119 2126 5180 0c-

479 5274 486 5290 :
541 5212 673 5268 cidit
717 5211 862 5266 enim
907 5209 1141 5280 primum
1180 5209 1233 5262 in
1281 5210 1435 5265 nobis
1478 5209 1804 5280 homicidia,
1839 5212 2123 5283 adulteria,

535 5301 766 5366 scelera,
805 5295 950 5356 furta
998 5313 1096 5370 per
1140 5299 1486 5370 baptismum,
1522 5309 1578 5356 et
1613 5298 1692 5357 sic
1730 5317 1830 5358 nos
1867 5310 2125 5375 tanquam

533 5411 710 5458 novos
757 5394 1006 5452 homines
1054 5395 1374 5452 aeternitatis
1421 5395 1830 5452 immortalitate
1867 5395 2122 5454 viviﬁcat.

607 5565 635 5596 ⁸
673 5557 809 5644 Cod.
834 5556 904 5614 90
939 5557 998 5614 S;
1028 5555 1222 5616 Crucis
1258 5559 1320 5616 in
1355 5557 1466 5615 Jer.
1497 5559 1646 5616 addit
1673 5575 1790 5614 cum
1816 5557 2022 5616 Christo
2068 5563 2125 5618 in

535 5626 798 5758 urbm
821 5700 891 5756 99
918 5702 977 5759 S.
1001 5701 1189 5760 Crucis
1217 5701 1274 5757 in
1311 5697 1424 5757 Jer.
1456 5699 1589 5772 legit
1609 5700 1902 5772 viviﬁcatur
1930 5717 2122 5757 concu-

2243 4498 2372 4538 suos
2393 4481 2510 4552 ejus
2538 4491 2649 4538 tota
2671 4484 2953 4552 severitas,
2977 4489 3035 4537 ut
3059 4484 3110 4537 in
3145 4483 3232 4537 his
3265 4492 3485 4554 peccata
3514 4483 3823 4556 puniantur,

2239 4575 2418 4629 anima
2433 4573 2594 4647 £69
2603 4585 2967 4632 conservetur:
2985 4575 3337 4630 abstollantur
3349 4571 3664 4631 detestanda
3677 4575 3827 4645 vitia,

2234 4666 2461 4722 virtutes
2495 4667 2710 4736 optimm
2750 4665 3072 4720 nutriantur.
3109 4661 3288 4734 Usque
3325 4664 3459 4720 adeo
3507 4671 3689 4720 autem
3723 4665 3829 4721 hac

2235 4759 2324 4830 pia
2355 4754 2382 4795 ά
2411 4758 2682 4814 occisione
2701 4755 2917 4813 Domini
2945 4758 3211 4814 cernimus
3236 4757 3527 4828 plerosque
3547 4771 3668 4813 esse
3696 4772 3826 4812 con-

2236 4863 2444 4918 versos,
2493 4849 2546 4903 in
2587 4857 2798 4905 tantum
2849 4846 2916 4905 ad
2962 4845 3152 4906 melius
3193 4846 3504 4921 profecisse,
3549 4855 3607 4905 et
3644 4847 3724 4904 sic
3757 4847 3827 4906 de

2233 4939 2480 5010 pessimis
2509 4942 2742 5011 optimos
2774 4941 2964 5004 factos,
3007 4933 3070 4995 ut
3107 4953 3227 4996 cum
3269 4939 3452 4996 videas
3488 4949 3606 5008 eos,
3635 4939 3825 4997 credas

2235 5039 2470 5088 mutatos
2497 5033 2764 5099 homines,
2795 5043 2914 5088 cum
2951 5043 3060 5088 non
3087 5029 3270 5086 vidca‘s
3295 5033 3528 5088 mutatas
3546 5041 3665 5088 esse
3693 5043 3822 5102 per-

2233 5137 2418 5182 sonas.
2449 5123 2720 5182 Intantum
2752 5125 2894 5181 enim
2925 5125 2980 5180 in
3021 5123 3198 5192 nobis,
3229 5121 3373 5194 quod
3401 5121 3549 5194 prius
3585 5137 3823 5190 eramus,

2237 5219 2581 5284 interimitur,
2609 5219 2868 5288 aufertur,
2897 5219 3270 5288 exstinguitur,
3299 5223 3357 5270 ut
3383 5211 3437 5271 id
3457 5214 3606 5285 Quod
3633 5223 3824 5286 postea

2234 5324 2440 5378 sumus,
2467 5307 2643 5367 denuo
2681 5319 2928 5366 renatum
2955 5325 3074 5368 esse
3099 5308 3378 5366 credamus
3411 5325 3423 5360 :
3456 5301 3598 5362 unde
3624 5301 3789 5361 nativi
3805 5342 3821 5350 -

2236 5408 2321 5457 tas
2358 5401 2472 5457 haec
2509 5399 2740 5459 secunda
2765 5403 2962 5474 prioris
2987 5403 3108 5458 vita
3137 5395 3300 5457 ﬁnem
3323 5397 3436 5471 jam
3461 5395 3625 5456 hiisSe
3651 5391 3822 5470 signis

2231 5564 2483 5632 piscentia
2511 5564 2887 5619 desideriorum
2913 5572 3236 5632 sam-

2306 5645 2328 5703 ς
2361 5633 2493 5703 god.
2527 5632 2596 5688 90
2619 5633 2676 5689 S.
2712 5632 2978 5690 Crucisin
3005 5629 3115 5690 Jer.
3141 5631 3343 5703 omittit
3361 5651 3602 5703 nam.

2300 5700 2332 5766 «ἦ
2360 5701 2596 5773 Uterque
2625 5704 2747 5762 cod.
2775 5703 2836 5760 S.
2866 5703 3055 5762 Crucis
3083 5705 3138 5760 in
3160 5699 3300 5776 lem,
3326 5699 3618 5764 occsio-c-
