4056 6346
1659 201 1888 267 SER!!!)
1927 201 2112 266 XXIX.

3423 219 3530 276 590

291 339 416 396 neat.
437 334 586 404 Quod
609 341 788 392 autem
817 333 891 390 ait
922 353 935 388 :
966 329 1078 408 Ego
1102 333 1383 406 percutiam
1411 337 1460 388 et
1483 327 1678 387 sonabo
1704 329 1841 402 (Act.
1873 335 1923 394 Α
1947 327 2185 386 indolem
2208 327 2503 399 juventutis
2530 330 2792 401 acquirat.
2822 325 2890 386 Et
2916 329 3108 388 mirum
3135 329 3191 388 in
3224 334 3441 391 modum
3472 338 3526 394 in

292 431 378 505 Ix).
404 427 626 500 percutit
653 427 809 498 plane
831 427 1114 499 praeceptis
1139 425 1250 483 suis
1286 420 1546 481 Dominus
1587 431 1844 496 peccato-

290 541 369 582 res
391 532 441 578 ut
464 528 643 586 sanet;
673 519 934 576 mandatis
979 520 1223 575 verberat
1256 530 1315 573 ut
1345 516 1621 584 emendet;
1641 513 1844 586 jejunia

289 614 522 690 praecipit,
555 611 737 668 indicit
764 613 1166 673 continentiam,
1185 609 1440 681 judicium
1463 608 1838 673 comminatur,

291 716 338 764 et
365 706 552 760 tristem
580 705 836 774 gehennae
865 713 1066 760 metum
1098 712 1121 739 α
1153 701 1433 758 excutiens
1474 697 1694 754 adhibet
1731 712 1846 753 me-

287 797 511 861 dicinam,
561 801 620 850 ut
666 794 792 850 dum
844 794 1019 849 futura
1069 791 1512 864 pertimescimus,
1557 787 1844 862 praesentia

287 889 613 956 corrigamus.
661 885 752 942 Sic
795 896 1025 957 namque
1061 884 1285 940 Paulum
1323 884 1626 956 apostolum
1652 897 1844 954 percu-

283 979 449 1036 tiendo
474 993 660 1034 sanum
700 976 944 1032 reddidit.
987 976 1119 1032 Cum
1166 977 1310 1031 enim
1353 981 1496 1032 esset
1533 980 1845 1046 persecutor

283 1071 460 1143 impius
487 1078 540 1126 et
566 1069 930 1140 blasphemus,
953 1075 1008 1124 et
1033 1067 1249 1139 quidem
1275 1067 1341 1122 ad
1369 1066 1722 1123 devastandas
1742 1063 1842 1120 Ec-

281 1163 454 1220 clesias
479 1159 796 1217 Damascum
815 1167 1147 1232 properaret,
1170 1159 1346 1215 subito
1373 1155 1590 1226 fulgoris
1610 1156 1843 1212 caelestis

281 1269 391 1310 eum
419 1263 622 1308 terrore
650 1252 933 1322 percussit,
974 1259 1033 1306 ut
1071 1249 1364 1319 evangelici
1392 1247 1689 1318 splendoris
1717 1261 1840 1302 eum

277 1341 384 1400 luce
409 1341 750 1412 perfunderet
781 1359 796 1394 :
828 1347 882 1396 et
917 1339 1211 1396 carnalium
1255 1339 1510 1394 luminum
1555 1337 1840 1393 orbitatem

275 1433 504 1500 mutavit,
538 1441 600 1488 ut
623 1431 978 1502 spiritualium
1007 1430 1286 1486 oculorum
1318 1423 1839 1498 illuminaret'aspe-

271 1532 422 1582 ctum.
467 1522 726 1594 Corporis
771 1521 915 1579 enim
948 1521 1224 1578 debilitate
1272 1521 1577 1590 perterruit,
1617 1528 1675 1575 ut
1720 1518 1840 1574 fidei

270 1615 545 1674 devotione
577 1615 600 1653 ι’
631 1615 878 1672 salvaret.
925 1613 1162 1686 Surgens
1203 1627 1332 1683 ergo
1372 1629 1402 1668 a
1445 1623 1586 1669 terra
1623 1611 1836 1677 Paulus,

1946 439 2055 479 uno
2103 421 2400 492 eodemque
2433 421 2654 479 homine
2697 424 2908 482 delictis
2951 426 3230 494 sanctitas,
3259 427 3527 498 iniquitati

1939 513 2166 584 iustitia,
2197 515 2462 572 senectuti
2487 515 2724 572 succedit
2750 517 2973 574 infantia
3001 537 3014 572 :
3045 533 3296 590 novoque
3327 522 3525 578 nativi-

1944 607 2069 662 tatis
2091 621 2286 676 genere
2311 607 2448 662 alter
2468 614 2550 663 est
2575 609 2668 676 qui
2695 611 3011 676 renascitur,
3041 625 3162 666 cum
3186 612 3302 681 ipse
3329 613 3401 670 sit
3431 615 3524 684 qui

1941 696 2206 768 peccavit.
2253 697 2343 753 Sic
2381 711 2612 767 namque
2654 695 2798 755 Elias
2835 701 3188 771 quadraginta
3223 702 3430 758 dierum
3459 719 3528 760 ac

1941 789 2183 844 noctium
2210 788 2476 844 curriculo
2521 791 2834 846 continuato
2873 792 3099 862 jejunio,
3129 795 3298 852 totius
3337 795 3527 851 mundi

1941 879 2158 952 longam
2194 896 2259 936 ac
2292 880 2513 936 nimiam
2555 881 2851 938 siccitatem
2888 885 3084 940 meruit
3123 885 3371 940 imbrium
3397 901 3530 942 rore

1942 971 2292 1040 restinguere,
2321 980 2378 1027 et
2401 980 2646 1028 arentem
2675 981 2937 1029 terrarum
2963 975 3106 1032 sitim
3136 977 3371 1035 caelestis
3397 975 3526 1048 plu-

1942 1064 2042 1119 viae
2057 1064 2303 1132 largitate
2326 1062 2648 1134 perfundere
2665 1073 2690 1113 ε
2711 1063 2764 1136 (1
2769 1063 2799 1119 Ι
2804 1063 2835 1119 1
2850 1064 2980 1138 Reg.
3001 1067 3078 1138 rx)
3103 1085 3117 1121 :
3144 1068 3287 1139 quod
3303 1067 3524 1138 quidem

1941 1153 1997 1211 in
2027 1154 2247 1224 figuram
2285 1157 2454 1212 nostri
2498 1155 2698 1214 factum
2745 1172 2863 1214 esse
2904 1161 3298 1227 cognoscimus,
3329 1169 3386 1216 ut
3422 1177 3527 1220 nos

1941 1261 2154 1317 quoque
2182 1247 2374 1302 horum
2403 1247 2752 1318 quadraginta
2789 1246 2816 1286 ¹ι
2844 1250 3044 1305 circulo
3071 1250 3277 1307 dierum
3303 1252 3524 1323 spirita-

1939 1339 2047 1394 lem
2097 1341 2435 1411 baptismatis
2481 1341 2714 1412 pluviam
2759 1358 3096 1410 mereamur,
3141 1350 3201 1399 ut
3253 1352 3310 1398 et
3362 1347 3526 1400 totius

1940 1429 2124 1488 mundi
2170 1431 2223 1487 in
2273 1431 2524 1490 fratribus
2576 1434 2772 1492 nostris
2815 1433 3021 1504 jamdiu
3069 1435 3272 1492 aridam
3326 1447 3524 1492 terram

1950 1521 1964 1562 ί
1998 1525 2232 1582 caelestis
2267 1525 2498 1596 desuper
2525 1526 2698 1582 imber
2732 1525 2993 1594 infundat,
3023 1535 3080 1584 et
3106 1527 3322 1596 longam
3349 1531 3525 1596 genti-

1939 1614 2070 1670 lium
2099 1616 2396 1672 siccitatem
2425 1615 2627 1674 lavacri
2667 1618 2984 1674 inundatio!
3023 1619 3274 1675 salutaris
3312 1620 3525 1676 irroret.

269 1708 619 1764 exterioribus
641 1706 857 1778 quidem
879 1705 1050 1764 oculis
1075 1721 1180 1762 non
1202 1706 1420 1761 videbat
1439 1706 1704 1769 homines,
1735 1719 1840 1760 non
1873 1699 1919 1763 Β
1943 1705 2248 1763 Siccitatem
2279 1709 2422 1764 enim
2447 1718 2502 1764 et
2529 1709 2776 1766 ardorem
2803 1712 2995 1766 animm
3021 1727 3132 1767 sua:
3155 1713 3360 1782 patitur
3377 1712 3528 1782 quis-

269 1810 458 1866 aerem,
490 1797 590 1855 sed
624 1800 816 1854 mentis
844 1797 1132 1854 luminibus
1161 1796 1429 1854 Christum
1474 1808 1494 1835 ο
1536 1796 1750 1852 videbat
1777 1795 1843 1852 de

267 1892 416 1950 ccelo.
443 1891 688 1962 Denique
717 1892 980 1947 intantum
1003 1888 1030 1929 ⁸
1058 1892 1107 1947 ei
1134 1891 1335 1962 proluit
1361 1891 1572 1946 Domini
1593 1890 1692 1946 ista
1718 1905 1842 1960 per-

268 1983 454 2047 cussio,
477 1989 539 2037 ut
570 1983 636 2038 de
665 1981 850 2038 Iudaeo
874 1983 1229 2048 Christianus,
1261 1979 1328 2037 de
1368 1979 1682 2052 blasphemo
1711 1997 1846 2053 apo-

265 2075 446 2140 stolus,
478 2076 548 2130 de
577 2074 740 2128 Saulo
771 2073 968 2129 Paulus
996 2075 1274 2142 existeret,
1307 2081 1361 2128 et
1387 2085 1453 2128 eo
1483 2085 1651 2142 usque
1680 2080 1848 2128 muta-

264 2165 335 2221 vit
351 2173 598 2220 veterem
627 2179 748 2220 cum
775 2163 1014 2221 moribus
1035 2164 1328 2229 hominem,
1350 2171 1409 2218 ut
1434 2163 1594 2218 etiam
1617 2170 1848 2218 mutaret

266 2262 319 2312 et
339 2271 563 2312 nomen.
596 2251 864 2313 Habentes
899 2255 1062 2325 igitur
1102 2253 1407 2324 hujusmodi
1441 2253 1728 2320 medicum,
1757 2255 1848 2324 qui

261 2345 616 2418 percutienda
650 2355 825 2412 sanat,
867 2344 1238 2402 mortiﬁcando
1267 2341 1516 2410 vivificat,
1558 2343 1850 2401 subdamur

263 2439 312 2498 ei
335 2451 456 2498 eum
501 2439 656 2496 omni
696 2439 950 2510 patientia
999 2435 1066 2493 ad
1112 2435 1422 2501 curandum,
1453 2443 1513 2490 ut
1545 2445 1568 2473 ο
1595 2433 1849 2506 quidquid

261 2533 316 2590 in
362 2535 522 2589 nobis
580 2531 926 2604 probrosum,
978 2527 1232 2601 quidquid
1284 2524 1492 2585 delictis
1543 2527 1846 2592 sordidum,

261 2621 519 2696 quidquid
551 2620 824 2678 ulceribus
859 2617 1078 2676 fetidum
1105 2635 1224 2676 esse
1251 2617 1605 2691 perspeXerit,
1632 2617 1850 2685 incidat,

259 2721 522 2788 amputet,
552 2722 791 2780 exsecet,
820 2721 900 2782 ut,
926 2711 1144 2768 refectis
1171 2707 1420 2768 omnibus
1439 2709 1638 2766 diaboli
1668 2709 1852 2764 vulne-

259 2805 427 2871 ribus,
461 2808 576 2863 hoc
602 2805 776 2862 solum
819 2803 980 2860 faciat
1005 2803 1059 2858 in
1089 2802 1244 2858 nobis
1279 2815 1558 2859 remanere
1584 2800 1727 2873 quod
1755 2799 1853 2856 Dei

257 2905 359 2956 est.
389 2899 545 2956 istud
572 2905 750 2954 autem
778 2901 1103 2968 praeceptum
1143 2895 1258 2966 ejus
1285 2903 1369 2952 est
1401 2895 1650 2966 primum;
1683 2901 1742 2950 ut
1767 2893 1854 2950 his

257 2993 622 3064 Quadraginta
650 2991 840 3047 diebus
861 2989 1098 3060 ieiuniis,
1125 2987 1477 3058 orationibus,
1502 2988 1698 3059 vigiliis
1717 3001 1852 3059 ope-

1945 1799 2065 1868 quis
2111 1797 2359 1869 baptismi
2407 1801 2578 1869 gratia
2631 1817 2740 1856 non
2792 1803 3014 1870 rigatur.
3063 1800 3268 1858 Horum
3313 1818 3538 1874 quoque

1947 1890 2541 1961 dierum’noctiumque
2581 1891 2788 1962 jejunio
2829 1892 3040 1966 Moyses
3079 1903 3295 1950 sanctus
3334 1895 3533 1950 meruit

1947 1997 2066 2037 cum
2093 1980 2204 2037 Deo
2229 1982 2395 2052 loqui,
2427 1991 2589 2050 stare,
2619 1991 2675 2038 et
2701 1984 3018 2052 consistere,
3044 1993 3101 2041 et
3123 1985 3191 2039 de
3215 2001 3380 2040 manu
3413 1985 3536 2054 ejus

1947 2073 2080 2143 legis
2106 2083 2371 2144 praecepta
2401 2074 2692 2144 suscipere.
2716 2074 2973 2142 Quamvis
2997 2077 3138 2132 enim
3165 2077 3317 2132 illum
3343 2077 3411 2132 ab
3431 2077 3536 2132 ob-

1947 2165 2150 2220 tutibus
2177 2163 2273 2220 Dei
2295 2166 2533 2222 conditio
2562 2166 2794 2222 humana
2822 2168 3182 2233 subtraheret,
3201 2169 3534 2238 jejunioruln

1948 2265 2130 2312 tamen
2156 2255 2325 2325 gratia
2372 2257 2676 2326 proximum
2723 2258 2872 2312 illum
2912 2258 3215 2316 Divinitatis
3259 2261 3535 2316 consortio

1949 2346 2198 2406 faciebat.
2239 2349 2364 2406 Haac
2391 2351 2533 2405 enim
2562 2351 2616 2404 in
2650 2351 2805 2406 nobis
2827 2351 3082 2406 virtutum
3102 2353 3280 2423 portio
3301 2351 3398 2408 Dei
3424 2360 3532 2418 est,

1951 2451 2010 2497 ut
2034 2440 2337 2511 jejunemus
2372 2439 2700 2512 frequenter,
2726 2443 2978 2512 quoniam
3009 2457 3220 2514 semper
3246 2443 3388 2500 Deus
3417 2444 3534 2514 ipse

1947 2531 2174 2602 jejunat.
2215 2529 2272 2585 in
2320 2546 2641 2602 quocunque
2686 2531 2846 2599 igitur
2888 2531 3010 2602 plus
3047 2547 3272 2604 operum
3311 2548 3534 2590 suorum

1952 2619 2129 2678 inesse
2175 2623 2526 2693 perspexerit,
2571 2622 2673 2693 ipsi
2720 2623 2888 2691 magis
2925 2621 3199 2678 familiaris
3233 2624 3452 2682 intimis
3477 2636 3536 2680 ea

1953 2713 2158 2769 amicus
2184 2720 2288 2780 est,
2319 2712 2458 2768 sicut
2483 2709 2758 2782 Scriptura
2781 2711 2952 2766 dixit:
2979 2709 3048 2765 Et
3069 2711 3276 2783 Moyses
3294 2713 3536 2784 loqueba-

1955 2813 2037 2858 tur
2063 2820 2179 2858 cum
2218 2801 2329 2858 Deo
2358 2804 2492 2874 facie
2530 2799 2600 2858 ad
2627 2804 2834 2874 faciem,
2872 2805 3002 2858 sicut
3030 2803 3142 2875 quis
3171 2804 3395 2874 loquitur
3421 2821 3538 2862 cum

1953 2897 2119 2952 amico
2164 2913 2256 2952 suo
2289 2893 2484 2968 (Exod.
2534 2897 2742 2966 χχχιιι).
2783 2893 2938 2950 Unde
2982 2903 3039 2950 et
3081 2895 3336 2953 Dominus
3379 2895 3545 2954 Jesus.

1954 2985 2199 3044 Christus
2224 2987 2635 3044 resurrectionis
2661 2987 2885 3056 gloriam
2913 2997 3280 3059 percepturus,-
3312 2989 3544 3046 virtutes

255 3098 372 3139 ram
388 3084 611 3140 demus.
635 3081 860 3152 Jejuniis
875 3083 1020 3136 enim
1040 3081 1257 3137 lascivia
1279 3079 1522 3152 corporis
1540 3081 1853 3149 castigatur,
1879 3080 1926 3151 α
1955 3093 2080 3136 suas
2106 3077 2457 3151 quadraginta
2485 3079 2690 3134 dierum
2720 3080 3063 3150 noctiumque
3085 3078 3291 3151 jejunio
3316 3081 3540 3139 dedica.

257 3176 606 3231 orationibus
640 3175 832 3229 devota
869 3174 1146 3242 saginatur
1191 3167 1386 3239 anima,
1427 3169 1620 3242 vigiliis
1656 3165 1856 3230 diaboli

254 3263 470 3321 insidia:
506 3264 871 3334 depelluntur.
919 3263 1124 3320 Deinde
1163 3271 1285 3320 eum
1327 3261 1446 3320 istis
1480 3264 1854 3320 mandatorum

255 3355 742 3413 observationibus
781 3354 940 3410 fuerit
976 3355 1084 3412 hoc
1113 3357 1328 3425 tempus
1353 3350 1515 3427 570
1553 3346 1852 3426 impletum,

252 3457 387 3506 tunc
425 3455 665 3521 purgata
711 3456 766 3504 et
801 3447 1018 3516 fatigata
1057 3451 1138 3502 tot
1180 3445 1640 3503 observationibus
1675 3447 1852 3504 anima

251 3540 322 3596 ad
362 3541 701 3611 baptismum
747 3539 970 3594 veniens
1014 3537 1243 3609 Spiritus
1289 3537 1460 3594 sancti
1506 3535 1853 3595 inundatione

245 3630 530 3698 reﬁcitur,
568 3639 622 3684 et
660 3630 918 3701 quidquid
949 3631 1001 3684 in
1030 3643 1095 3686 ea
1119 3629 1452 3686 diversarum
1476 3629 1852 3698 aegritudinum

245 3724 422 3778 ardor
449 3721 842 3783 exsiccavcrat,
873 3721 1108 3776 caelestis
1133 3709 1319 3789 gratiae
1345 3726 1470 3775 rore
1494 3717 1847 3791 perfunditur.

249 3810 274 3862 ἶ
304 3812 478 3871 Unde
521 3825 732 3883 ponens
773 3813 974 3869 veteris
1023 3812 1262 3868 hominis
1302 3810 1662 3881 corruptelam
1698 3824 1853 3867 nova:

1955 3169 2054 3238 vit,
2079 3167 2139 3226 ut
2165 3169 2476 3226 ostenderet
2504 3185 2610 3226 non
2638 3185 2832 3241 panem
2878 3187 2997 3228 esse
3033 3172 3198 3226 vitam
3235 3173 3543 3240 hominum,

1958 3259 1981 3300 ε
2013 3259 2110 3318 sed
2135 3265 2424 3334 pr‘amepta.
2451 3256 2546 3318 His
2573 3262 2756 3331 itaque
2779 3263 2986 3318 dierum
3019 3263 3369 3333 quadraginta
3391 3263 3543 3333 jeju—

1957 3355 2031 3410 nii
2060 3344 2436 3410 reconciliatui'
2461 3351 2622 3420 Deus,
2653 3354 2968 3422 aperiuntur
2986 3351 3129 3419 etnii,
3158 3352 3364 3409 inferna
3386 3368 3540 3410 rese-

1959 3456 2166 3505 rantur.
2212 3447 2457 3522 lgitur’et
2483 3462 2602 3511 nos,
2633 3443 2824 3501 fratres
2849 3445 3203 3513 dilectissimi,
3233 3445 3540 3516 jejunemus

1959 3538 2214 3594 continue
2241 3541 2297 3591 et
2323 3535 2516 3592 devote
2544 3536 2648 3590 hoc
2673 3535 2848 3606 spatio
2879 3529 3151 3605 temporis,
3183 3543 3243 3590 ut
3273 3536 3534 3607 propitie-

1959 3641 2047 3686 tur
2072 3631 2226 3686 nobis
2244 3627 2520 3695 Dominus,
2550 3637 2770 3700 pateant
2787 3627 2944 3685 nobis
2965 3628 3106 3695 celi,
3129 3623 3332 3685 inferna
3351 3638 3537 3689 contra

1958 3735 2058 3775 nos
2080 3736 2188 3775 non
2215 3719 2230 3757 ἶ
2266 3719 2500 3774 valeant.
2531 3713 2782 3788 Explicit.

1620 3895 1890 3964 SERMO
1933 3894 2175 3964 XXIX.

1507 4002 1576 4058 In
1605 4001 1882 4059 .Pascltutis
1909 4003 2231 4060 solemnitate
2262 4001 2310 4056 Ι.

313 4171 501 4244 4⁷1
553 4168 778 4244 Magnus
798 4175 884 4225 est
909 4166 1154 4244 codicum
1181 4179 1310 4244 mss.
1342 4174 1398 4244 et
1423 4163 1690 4244 editurum
1721 4181 2022 4244 consensus
2052 4165 2103 4244 in
2134 4164 2472 4244 agnoscendo
2514 4164 2746 4244 Maximo
2781 4163 3046 4244 sermonis
3091 4163 3264 4244 hujus.
3294 4173 3541 4244 auctore.

225 4229 593 4312 Ρτῗιὸἰιῖθιιὶ
611 4229 805 4312 locum
829 4236 1367 4312 eodici__'l‘aui_'inetrsi
1398 4231 1695 4312 _dabimnst
1715 4237 1769 4312 _in
1809 4253 1914 4305 quo
1942 4229 2448 4312 limcipsi'apposita
2493 4238 2576 4290 cst
2606 4233 2902 4312 epigraphe
2931 4253 2944 4287 :
2981 4229 3182 4312 Itemet
3229 4234 3542 4312 defuso!”

227 4330 425 4372 sermo
447 4300 496 4366 ’1
506 4351 522 4364 .
555 4309 910 4364 Consentiuut
933 4309 1146 4364 codices
1163 4307 1270 4362 duo
1290 4306 1608 4362 Gssiuenses
1644 4300 1736 4374 1⁷04
1758 4314 1811 4360 et
1829 4300 1936 4372 cn,
1963 4316 2017 4362 et
2038 4300 2440 4370 Ariibrosi‘anus,
2462 4300 2728 4374 puemissa
2758 4300 2871 4374 hac,
2889 4303 3233 4374 inscriptione
3258 4303 3452 4374 ziFeria
3474 4303 3540 4359 ιι

226 4382 572 4440 Paschalis.
613 4379 797 4450 Sermo
826 4375 959 4433 beati
990 4377 1211 4450 Maximi
1239 4380 1482 4450 episcopi.
1503 4375 1688 4450 Codex
1709 4371 2298 4450 CistcrcicnsisMontis
2328 4371 2549 4450 Amiano
2578 4376 2725 4450 idem
2743 4373 3024 4450 conﬁrmat
3045 4371 3200 4450 titulo
3225 4391 3246 4450 ς
3276 4373 3348 4450 In
3367 4373 3544 4428 donti-

227 4457 366 4510 nica
399 4456 465 4508 in
502 4459 689 4505 octava
712 4449 948 4514 Pascha,
973 4457 1028 4503 et
1055 4449 1241 4518 incipit
1266 4443 1335 4503 ab
1376 4443 1681 4518 il'lis_verbis
1713 4467 1724 4500 :
1757 4447 2028 4518 Lartemur,
2063 4446 2253 4518 fratres
2273 4445 2547 4518 carissimi,
2574 4447 2634 4518 in
2663 4443 2851 4518 Cﬁristi
2880 4443 3268 4518 resurrectionis
3297 4443 3534 4518 dict-etc.

226 4523 336 4581 liis
361 4523 638 4578 addimus
657 4520 779 4578 cod.
805 4537 843 4576 ιι
871 4519 928 4576 S.
958 4518 1148 4576 Crucis

1234 4519 1372 4573 inor.
1402 4518 1455 4573 in
1485 4515 1762 4582 Laurent.,
1789 4509 2187 4578 Valliccllfxrx,
2224 4516 2570 4583 Ratisponen.
2591 4513 2658 4583 _S.
2700 4512 3038 4583 Emmerami,
3070 4521 3126 4566 et
3151 4511 3365 4583 codices
3391 4509 3544 4583 vati-

187 4633 195 4639 .
225 4577 424 4655 artos
456 4591 626 4656 duos.
661 4577 796 4661 1270
823 4603 880 4661 ες
901 4589 1068 4661 645i.
1089 4589 1338 4644 Editores
1363 4603 1578 4661 ﬁlioque
1605 4577 1951 4661 νὲῑίέίοῐέιηθε
1973 4602 2098 4661 _cu‘“
2140 4577 2511 4661 é'quillofpaﬁ-
2548 4580 2650 4661 1,97
2669 4579 3030 4661 ,(Ξθηεὶθτδὲδηῦ
3061 4595 3265 4661 "empﬁ
3279 4577 3546 4661 animi?“

225 4643 632 4732 ﬁniit—pagi
667 4643 1199 4732 ἷξδέίξρόηῦθίίιίἁε
1228 4643 1448 4732 ίςοιηίν
1476 4643 1609 4732 pag.
1639 4656 1764 4722 475,
1795 4656 2102 4727 Gymnicus,
2145 4643 2444 4708 Galesinius
2463 4643 2626 4706 'hon‘l.
2669 4647 2734 4704 lii
2780 4643 3075 4714 Paschalis,
3118 4643 3546 4706 et'Muratoritts

227 4745 381 4794 tom.
419 4729 825 4800 lV'Aitechtq
854 4730 1106 4786 Galeslnii
1135 4731 1421 4786 lectionem
1442 4729 1613 4784 secuti
1641 4740 1846 4782 sumus.

230 4847 671 4906 Αιιςυιιεκτωι.
697 4840 1095 4908 --Auspicatur
1115 4836 1176 4908 Si.
1200 4836 1379 4908 doctor
1400 4838 1696 4908 concignent
1712 4851 1858 4908 suam
1890 4837 1939 4897 D
2214 4831 2442 4908 congerit
2493 4837 2797 4908 argumenta
2821 4865 2835 4892 ,
2881 4845 2946 4908 es
2981 4830 3164 4908 quibus
3203 4828 3439 4908 Ostendat
3482 4829 3544 4886 in

305 4933 346 4970 α
377 4913 661 4994 portentis
689 4925 750 4964 ac
777 4907 1092 4963 mirabilibus
1121 4907 1202 5031 gf?

305 4991 666 5031 ..ιη-ρειιοηε
693 4979 963 5031 obvenere:
991 4993 1102 5031 ante
1185 4995 1202 5029 ε

301 4975 666 5044 εαὶτεσιίοηε
693 4979 963 5044 obvenere;
991 4993 1102 5049 qua:
1123 4975 1268 5049 illam
1291 4975 1516 5032 divinum
1526 4993 1665 5049 9pm
1685 4975 1825 5049 mari

305 5043 410 5112 rna
444 5049 856 5128 praefulgentem
897 5043 1064 5122 gloria
1103 5045 1472 5103 demonstrant.
1515 5043 1716 5102 Deinde
1741 5045 1828 5105 uta

305 5195 342 5230 ⁸
373 5185 541 5245 Cod.
575 5183 644 5240 90
672 5183 730 5240 S.
759 5179 946 5240 Crucis
977 5184 1030 5238 in
1069 5178 1200 5247 Jer.,
1229 5185 1500 5238 incutiens.

301 5259 340 5300 δ
373 5255 557 5316 Idem
583 5254 704 5312 cod.
733 5253 802 5310 90
827 5253 885 5310 S.
915 5255 1104 5309 Crucis
1130 5255 1184 5309 in
1213 5253 1348 5322 Jcr.,
1379 5257 1608 5322 sanaret.

311 5342 338 5371 ε
372 5328 558 5385 Idem
583 5325 704 5382 cod.
735 5323 804 5379 90
830 5325 885 5380 S.
917 5323 1102 5380 Crucis
1131 5324 1184 5378 in
1208 5323 1316 5379 Jer.
1335 5320 1496 5380 addit
1518 5323 1592 5378 ita
1624 5341 1636 5376 :
1661 5322 1864 5378 uidebat

221 5411 282 5460 et
302 5403 533 5457 catum
562 5397 627 5452 de
648 5396 816 5466 coelo:
856 5461 862 5466 ν

303 5472 336 5512 ά
365 5469 574 5527 Idem.
605 5465 729 5522 cod.
757 5461 828 5518 90
853 5461 912 5519 S.
943 5460 1129 5519 Crucis
1155 5465 1207 5518 in
1237 5461 1344 5520 Jer.
1377 5461 1520 5519 addit
1545 5465 1611 5520 ei.

309 5552 342 5582 ο
375 5539 540 5596 Haec
561 5551 630 5592 ex
648 5533 807 5592 codd.
831 5535 1038 5590 duobus
1064 5533 1158 5589 cit.
1179 5533 1238 5587 S.
1269 5532 1452 5591 Crucis
1482 5537 1534 5588 in
1557 5533 1664 5590 Jer.

292 5613 336 5698 ’τ
361 5609 544 5698 βοά.
571 5606 641 5662 10
667 5605 808 5662 Plut.
832 5621 941 5661 xw.
971 5604 1156 5667 Lauta,
1183 5603 1252 5658 Ut
1279 5605 1534 5674 deponens
1562 5606 1744 5659 ueteris
1771 5605 1864 5661 lto-

1203 4905 1283 4960 nis
1310 4921 1422 4961 oua:
1447 4906 1500 4959 in
1531 4903 1743 4960 Domini
1769 4921 1852 4959 re-

2036 4899 2225 4956 Christi
2265 4896 2649 4956 resurrectionis
2685 4901 2768 4955 die
2807 4896 3056 4972 majorem
3099 4901 3158 4954 in
3195 4896 3401 4956 modum
3429 4911 3546 4956 esse

2033 4972 2410 5036 exsultantium.

2033 5033 2414 5100 Exsultande
2459 5043 2616 5098 nobis
2653 5049 2754 5109 est,
2797 5039 3008 5110 fratres,
3045 5041 3102 5096 in
3134 5041 3237 5098 hac
3261 5033 3350 5096 die
3377 5055 3544 5112 quam

2037 5189 2066 5248 β
2093 5178 2218 5236 Haec
2245 5177 2494 5248 supplent
2519 5173 2678 5248 codd.
2708 5176 2800 5248 cit.
2833 5175 2889 5248 ξ.
2920 5173 3108 5248 Crucis
3136 5175 3190 5230 in
3211 5173 3324 5248 μετ.

2034 5242 2066 5288 ιι
2095 5249 2208 5306 Duo
2230 5242 2326 5304 cit.’
2347 5242 2512 5304 codd.
2541 5246 2600 5304 S.
2631 5245 2818 5301 Crucis
2845 5245 2900 5298 in
2929 5243 3061 5312 ten,
3085 5245 3359 5300 curriculo.

2041 5318 2060 5390 ι
2087 5319 2214 5390 Hinc
2239 5317 2440 5390 addunt
2461 5317 2616 5390 codd.
2645 5317 2736 5390 cit.
2758 5314 2822 5390 ξ.
2851 5314 3046 5390 Crucis
3067 5316 3122 5390 in
3139 5313 3250 5370 Jer.

2041 5389 2056 5441 l
2091 5387 2224 5446 Cod.
2253 5382 2340 5445 90.
2371 5384 2427 5445 Si
2457 5387 2642 5446 Crucis
2671 5387 2724 5441 in
2750 5384 2885 5452 Jan,
2907 5382 3203 5440 salubriter.

2010 5458 2065 5498 ιιι
2091 5459 2262 5517 Codd.
2293 5459 2350 5517 S.
2381 5460 2566 5517 Crucis
2593 5458 2648 5512 in
2673 5455 2786 5512 Jer.
2823 5449 3025 5510 addunt
3063 5455 3182 5509 iniec
3218 5449 3382 5510 verba
3410 5471 3424 5506 :
3451 5453 3542 5510 sed

1967 5543 2243 5659 minax
2259 5601 2326 5657 l0
2353 5601 2630 5666 Μυκη..
2657 5613 2762 5654 non
2787 5593 3122 5666 praecisa".
