4056 6346
259 382 350 442 593

1652 367 1882 424 SERMO
1917 368 2078 425 XXX.

3399 372 3504 428 59-5

260 495 420 569 ptione
437 486 806 545 exsultantium
835 486 1075 558 praecipit
1095 493 1150 542 et
1177 484 1486 552 leuandum,
1512 484 1566 539 in
1593 499 1699 554 qua
1729 483 1814 539 die
1841 489 1894 548 Α
1919 485 2078 559 475
2104 487 2380 555 Dominus,
2415 495 2472 542 ut
2499 489 2845 547 obliviscatur
2871 455 3124 558 hominis,
3152 499 3208 546 et
3244 507 3354 546 non
3386 506 3502 546 me-

259 585 402 642 totius
425 577 602 636 mundi
631 578 824 648 gaudia
852 578 1212 634 celebrantur.
1243 577 1502 632 Omnibus
1532 576 1675 632 enim
1716 577 1811 630 lae-

259 675 451 732 tandum
491 678 594 736 est,
625 679 648 708 ⁸
677 669 803 739 quia
835 669 1084 725 omnibus
1119 669 1366 740 prodest;
1395 668 1602 724 cunctis
1629 668 1813 723 exsul-

257 767 450 824 tandum
488 772 590 828 est,
623 763 749 834 quia
789 761 995 818 cunctis
1024 771 1123 819 -est
1166 763 1423 829 salutare,
1455 769 1512 817 et
1547 761 1668 817 ideo
1703 777 1813 816 non

257 857 524 916 adulatoria
551 865 636 912 est
663 855 981 920 adhibenda,
1021 870 1122 910 nec
1158 853 1336 910 fucata
1365 854 1569 910 laetitia.
1595 853 1622 892 δ
1653 853 1813 920 Quis-

255 954 359 1024 quis
383 951 518 1008 enim
558 950 614 1005 in
651 947 852 1005 Christi
899 948 1296 1004 resurrectione
1339 948 1564 1013 lmtatur,
1607 947 1816 1001 laetetur

255 1045 412 1118 potius
437 1043 559 1114 quia
601 1042 654 1097 in
683 1040 898 1097 Christo
935 1041 1050 1111 ipse
1092 1041 1388 1096 resurrexit
1423 1058 1434 1093 :
1468 1040 1522 1094 in
1552 1039 1642 1094 illo
1670 1039 1816 1094 enim

253 1147 415 1196 nostra
439 1136 635 1208 portio,
667 1146 852 1191 nostra
880 1123 1138 1198 conditio,
1174 1143 1231 1190 et
1257 1137 1494 1189 mortem
1514 1133 1735 1204 pertulit
1761 1139 1816 1188 et

253 1229 442 1288 revixit.
478 1227 549 1282 Et
585 1228 713 1284 licet
743 1239 766 1267 ο
799 1228 952 1284 nobis
993 1227 1170 1284 adhuc
1215 1227 1474 1284 resolutio
1513 1227 1816 1298 corpusculi

249 1331 462 1388 maneat,
501 1321 764 1392 coepimus
805 1328 934 1376 tunc
974 1321 1028 1375 in
1060 1318 1276 1376 Christo
1319 1327 1520 1375 acterna
1557 1320 1667 1374 vita
1703 1319 1816 1388 jam

249 1416 436 1480 vivere;
466 1413 608 1469 unde
635 1414 880 1483 quamvis
912 1412 1253 1482 fragilitatem
1281 1420 1524 1468 nostram
1551 1411 1818 1468 acceleret

247 1510 528 1566 immaturas
567 1507 757 1562 mortis
785 1506 1020 1572 occasio,
1051 1504 1076 1544 ά
1109 1507 1166 1561 in
1207 1501 1488 1562 Salvatore
1522 1513 1704 1561 tamen
1733 1505 1817 1560 di-
1845 1581 1848 1586 _

246 1599 453 1654 dicimus
494 1597 648 1668 prius
693 1611 976 1673 resurgere
1013 1611 1174 1666 quam
1221 1596 1400 1667 perire
1448 1611 1460 1649 :
1501 1604 1627 1651 ante
1672 1595 1817 1651 enim

245 1687 435 1746 futurus
459 1688 624 1742 homo
659 1687 954 1742 resurrexit
981 1685 1036 1740 in
1057 1685 1274 1742 Christo
1301 1702 1462 1757 quam
1489 1687 1657 1741 vitam
1699 1701 1818 1742 sor-
1845 1690 1850 1698 '

245 1781 418 1867 tiretur
442 1779 493 1834 in
518 1779 738 1836 stmulo.
770 1778 890 1834 Non
926 1779 1069 1835 enim
1099 1786 1308 1834 tantum
1337 1779 1414 1834 illi
1441 1779 1702 1836 Dominus
1720 1793 1815 1848 ge-

1916 581 2132 634 minerit
2158 579 2299 635 illius
2325 594 2484 648 quem
2516 580 2630 650 ipse
2658 591 2863 650 gestat;
2895 582 2920 620 h
2950 592 3007 639 ut
3029 599 3188 653 quem
3209 598 3370 638 causa
3395 583 3502 637 mei

1915 673 2229 742 susceperit,
2253 688 2362 728 non
2383 671 2498 741 ejus
2518 689 2676 729 causa
2701 691 2862 745 quem
2877 677 3193 746 susceperit,
3217 690 3302 730 me
3323 671 3503 744 r'equi-

1916 775 2027 831 rat;
2059 781 2186 830 non,
2232 765 2470 834 inquam,
2501 773 2607 820 tam
2647 766 2866 823 immitis
2891 775 2974 823 est
3001 767 3279 830 Dominus,
3306 774 3364 820 ut
3393 782 3503 819 non

1915 857 2100 926 diligat
2143 872 2358 912 carnem
2400 872 2571 921 suam,
2610 858 2847 912 membra
2877 874 2994 923 sua,
3027 859 3230 912 viscera
3262 871 3377 910 sua.
3413 855 3502 909 Ait

1915 956 2132 1003 sanctus
2160 948 2444 1020 Apostolus
2477 965 2488 1000 :
2514 945 2681 1002 Nemo
2711 965 2934 1020 unquam
2963 965 3170 1003 carnem
3205 963 3352 1002 suam
3381 945 3500 1000 odio

1916 1043 2116 1108 habuit,
2136 1043 2226 1097 sed
2247 1043 2410 1096 nutrit
2429 1051 2479 1096 et
2499 1044 2633 1114 [oret
2652 1058 2786 1107 eam,
2809 1043 2939 1096 sicut
2961 1041 3193 1096 Christus
3215 1039 3503 1094 Ecclesium

1919 1136 2136 1208 (Ephes.
2166 1137 2242 1206 v).
2279 1135 2418 1190 Nihil
2447 1148 2574 1203 ergo
2601 1135 2668 1190 de
2693 1135 2852 1190 venia
2879 1115 3248 1204 desperemus,
3286 1132 3498 1196 fratres,

1917 1231 2048 1286 nihil
2069 1230 2135 1286 de
2164 1230 2289 1286 odio
2313 1231 2613 1286 timeamus.
2645 1227 2916 1285 Habemus
2943 1229 3350 1298 praerogativam
3381 1244 3502 1282 san-

1917 1324 2092 1393 guinis
2139 1325 2308 1379 nostri
2353 1321 2404 1391 i;
2437 1323 2490 1378 in
2519 1323 2732 1378 Christo
2761 1324 2903 1378 enim
2933 1337 3060 1378 caro
3089 1331 3270 1377 nostra
3299 1339 3398 1377 nos
3420 1321 3504 1376 di-

1917 1415 2053 1483 ligit,
2082 1430 2264 1470 sumus
2299 1415 2442 1469 enim
2489 1413 2728 1469 membra
2770 1413 2886 1484 ejus
2933 1422 2988 1468 et
3027 1428 3176 1478 caro,
3204 1413 3342 1468 sicut
3373 1412 3504 1468 dicit

1919 1503 2063 1560 idem
2091 1505 2283 1561 beatus
2311 1504 2600 1575 Apostolus
2626 1523 2638 1557 :
2664 1503 2780 1561 Hoc
2799 1522 2934 1559 nunc
2955 1523 3013 1559 os
3041 1521 3106 1560 ea:
3135 1503 3333 1559 ossibus
3354 1504 3499 1568 meis,
3541 1494 3545 1504 ’

1917 1608 1966 1652 et
1995 1615 2116 1652 caro
2145 1597 2208 1652 de
2235 1615 2392 1652 carne
2420 1615 2572 1652 mea:
2597 1609 2975 1654 sacramentum
3003 1597 3100 1654 hoc
3132 1613 3378 1669 magnum
3407 1605 3502 1661 est,
3541 1589 3546 1596 ’

1918 1707 2012 1762 ego
2031 1700 2203 1745 autem
2224 1691 2338 1744 diro
2354 1691 2408 1744 in
2428 1688 2634 1746 Christo
2653 1699 2703 1746 et
2721 1693 2776 1744 iu
2798 1690 3034 1745 Ecclesia
3051 1688 3203 1762 (Gen.
3226 1705 3290 1754 lt;
3308 1686 3502 1760 Ephes.

1919 1781 1994 1850 v).
2029 1779 2371 1836 Exsultemus
2413 1795 2561 1850 ergo,
2593 1781 2802 1848 fratres,
2845 1781 2984 1838 sicut
3023 1781 3098 1836 ait
3124 1781 3418 1850 Scriptura,
3452 1780 3507 1834 in

246 1871 492 1929 nerationi
535 1871 948 1928 resurrectionis
991 1872 1237 1942 prtestitit
1284 1872 1533 1941 gratiam,
1573 1871 1626 1926 in
1667 1871 1820 1941 cujus
1851 1872 1895 1932 Β
1923 1871 2025 1927 hac
2069 1871 2156 1926 die
2200 1871 2414 1928 Domini
2453 1873 2782 1928 cxsultemus
2823 1873 3000 1943 plane,
3031 1873 3156 1944 quia
3199 1887 3322 1927 cum
3368 1871 3508 1926 votis

241 1963 596 2034 generationis
622 1970 866 2032 tempore
898 1963 1210 2030 resurrexit,
1239 1961 1336 2019 sed
1361 1963 1525 2018 etiam
1553 1965 1820 2021 secuturis

241 2061 414 2126 postea
440 2055 662 2125 populis
689 2054 793 2111 hoc
821 2055 1073 2126 providit,
1104 2063 1164 2110 ut
1187 2055 1340 2126 prius
1366 2070 1607 2110 essemus
1633 2055 1702 2111 de
1733 2055 1849 2112 re-'

239 2148 563 2202 surrectione
601 2147 780 2202 securi
819 2161 982 2216 quam
1028 2147 1096 2203 de
1140 2154 1317 2202 morte
1341 2147 1586 2214 solliciti;
1611 2155 1666 2202 et
1693 2155 1820 2202 ante

239 2253 350 2293 cum
377 2237 488 2294 Deo
517 2237 831 2292 viveremus
858 2237 914 2292 in
951 2237 1124 2303 cmlis,
1155 2253 1316 2308 quam
1355 2253 1477 2294 cum
1513 2238 1824 2296 hominibus

237 2345 678 2387 conversaremus
721 2331 774 2385 in
822 2331 1000 2388 terris.
1047 2330 1109 2386 In
1143 2330 1424 2387 Salvatore
1459 2332 1604 2387 enim
1631 2345 1824 2388 omnes

237 2424 648 2492 resmreximus,
677 2439 866 2481 omnes
904 2425 1213 2489 revisimus,
1247 2439 1434 2480 omnes
1473 2424 1543 2480 ad
1581 2424 1822 2481 cmlestia

237 2515 760 2585 transmigravimus;
807 2523 892 2571 est
935 2515 1077 2570 enim
1127 2517 1182 2571 in
1228 2516 1320 2572 illo
1367 2514 1567 2572 Christi
1604 2517 1822 2572 homine

237 2607 654 2678 uniuscujusque
681 2615 925 2663 nostrum
955 2598 1190 2664 ttcarnis
1217 2605 1273 2665 et
1298 2610 1574 2680 sanguinis
1600 2610 1778 2681 portio
1805 2628 1818 2663 :

232 2697 318 2754 ubi
353 2713 486 2768 ergo
523 2698 710 2769 portio
739 2714 857 2754 mea
886 2707 1106 2768 regnat,
1135 2714 1364 2770 regnare
1390 2717 1478 2758 me
1504 2702 1699 2769 credo;
1731 2702 1821 2759 ubi

231 2788 534 2846 dominatur
582 2791 798 2861 sanguis
836 2807 1021 2859 meus,
1064 2807 1152 2848 me
1191 2794 1366 2849 sentio
1408 2793 1704 2861 dominari;
1732 2795 1820 2851 ubi

229 2883 559 2954 gloriﬁcatur
595 2899 723 2940 caro
760 2899 900 2950 mea,
931 2901 1018 2940 me
1056 2885 1346 2955 gloriosum
1384 2901 1503 2942 esse
1519 2883 1818 2956 cognosco.

229 2975 482 3043 Quamvis
509 2975 529 3015 ί
557 2975 704 3030 enim
731 2984 984 3046 peccator
1010 2975 1078 3032 de
1107 2977 1208 3033 hac
1237 2985 1414 3034 tamen
1445 2980 1823 3036 communione

226 3069 408 3138 gratia:
448 3085 566 3126 non
594 3067 816 3136 dil’lldat,
845 3069 970 3140 quia
997 3071 1099 3126 etsi
1130 3083 1350 3142 peccata
1378 3087 1478 3127 nos
1511 3072 1823 3142 prohibent,

226 3163 526 3221 substantia
559 3177 659 3217 nos
687 3163 940 3231 requirit;
971 3163 1074 3220 etsi
1101 3163 1298 3219 delicta
1343 3164 1558 3235 propria
1599 3181 1698 3220 nos
1729 3180 1826 3220 ex-

1927 1963 2205 2020 t‘Domini
2240 1965 2589 2032 gratulamur,
2631 1964 2799 2034 magis
2847 1972 3028 2020 nostra
3076 1972 3204 2032 vota,
3237 1979 3506 2019 curamus.

1925 2055 1948 2093 ¹ι
1977 2055 2115 2122 Quid
2143 2057 2286 2110 enim
2313 2055 2443 2111 dicit
2471 2057 2771 2126 propheta?
2800 2054 2816 2094 ι
2853 2055 2981 2110 Haec
3006 2065 3081 2110 est
3110 2055 3218 2110 dies
3257 2071 3410 2126 quant
3435 2056 3512 2125 {e-

1923 2151 1994 2204 cit
2020 2149 2294 2205 Dominus.
2349 2149 2526 2204 Bonus
2553 2149 2717 2221 476
2741 2151 2897 2220 plane
2925 2149 3062 2216 dies,
3089 2149 3179 2218 qui
3207 2147 3380 2202 lucem
3429 2147 3512 2201 in-

1926 2240 2046 2296 tulit
2070 2240 2359 2308 universis,
2380 2255 2564 2295 verum
2596 2255 2702 2294 non
2735 2238 2891 2308 hujus
2917 2239 3096 2294 smculi
3123 2239 3316 2302 lucem,
3352 2247 3388 2273 ιη
3418 2235 3512 2292 sed

1924 2332 2337 2388 resurrectionis
2375 2342 2618 2398 mternm;
2656 2331 2747 2385 lux
2775 2331 2918 2385 enim
2953 2331 3054 2386 ista
3093 2346 3200 2384 non
3231 2329 3511 2397 caliginem

1926 2425 2102 2481 noctis
2123 2425 2336 2490 detulit,
2361 2425 2457 2480 sed
2485 2425 2675 2480 mortis
2701 2424 2952 2479 tenebras
2973 2422 3286 2493 amputavit.
3311 2421 3511 2489 Bonus,

1925 2519 2160 2588 inquam,
2192 2517 2326 2583 dies,
2359 2527 2414 2572 et
2439 2517 2630 2572 melior
2653 2518 2740 2574 hic
2767 2533 2928 2588 quam
2953 2517 3042 2572 ille
3065 2517 3118 2571 in
3146 2531 3255 2586 quo
3285 2516 3513 2586 primum

1925 2611 2157 2667 mundus
2195 2611 2386 2666 enituit
2429 2612 2563 2666 :ille
2611 2611 2758 2667 eniln
2802 2611 3112 2666 hominibus
3157 2609 3226 2665 ad
3275 2609 3515 2668 laborem

1926 2717 2138 2764 creatus
2179 2717 2280 2774 est,
2316 2707 2405 2762 hic
2444 2706 2617 2763 factus
2656 2715 2740 2762 est
2777 2707 2844 2761 ad
2872 2707 3140 2775 quietem;
3173 2705 3262 2759 ille
3287 2713 3516 2760 mortem

1925 2803 2139 2868 meruit,
2167 2803 2254 2858 hic
2285 2803 2621 2858 formidinem
2652 2802 2843 2857 mortis
2871 2802 3072 2866 evasit;
3099 2801 3189 2856 ille
3215 2801 3374 2857 bonis
3401 2817 3516 2855 ma-

1925 2895 2098 2965 lisque
2113 2895 2412 2950 communis
2433 2901 2535 2959 est,
2558 2894 2645 2950 hic
2667 2894 2916 2964 proprius
2938 2901 3021 2950 est
3043 2887 3312 2962 justorum
3334 2910 3348 2954 ;
3379 2893 3518 2949 illius

1927 2987 2030 3042 diei
2055 2988 2146 3041 lux
2166 2987 2402 3042 tenebris
2423 2996 2448 3022 “
2472 2987 2749 3056 sepelitur,
2772 2985 2931 3055 hujus
2950 2985 3057 3040 dici
3081 2985 3336 3056 splendor
3355 2985 3519 3039 etiam

1927 3081 2230 3150 sepulturas
2255 3079 2554 3144 illuminat;
2579 3077 2646 3132 ad
2675 3087 3005 3148 postremum
3036 3077 3181 3132 illius
3208 3076 3312 3132 dici
3343 3076 3520 3132 lucem

1927 3171 2128 3226 mortui
2154 3187 2261 3224 non
2288 3170 2490 3236 vident,
2522 3169 2684 3237 hujus
2709 3169 2814 3224 diei
2855 3169 3036 3223 lumen
3065 3169 3226 3222 etiam
3255 3167 3519 3222 defunctis

225 3257 470 3322 cludunt,
504 3261 714 3311 natura:
741 3257 1048 3312 communio
1078 3271 1185 3312 non
1200 3257 1454 3328 repellit;
1486 3273 1610 3311 nam
1642 3268 1666 3305 ις
1699 3275 1828 3328 pro-
1851 3261 1896 3322 C
1929 3263 2169 3328 emicuit,
2199 3261 2338 3316 sicut
2366 3262 2440 3315 ait
2467 3259 2731 3330 prOphcta
2767 3278 2779 3311 :
2813 3257 2916 3322 Qui
2941 3259 3184 3312 sedebant
3221 3260 3276 3311 in
3311 3257 3520 3328 regione

223 3359 344 3420 pter
363 3349 672 3406 bonitatem
701 3348 1020 3414 Divinitatis,
1048 3349 1370 3419 peculiarem
1397 3351 1548 3405 nobis
1575 3350 1826 3406 Salvator

221 3442 380 3499 debet
406 3441 689 3508 affectum,
719 3442 926 3498 scilicet
946 3443 1072 3512 quia
1095 3443 1234 3498 Sicut
1262 3443 1404 3500 Deus
1427 3452 1612 3500 noster
1633 3445 1684 3500 in
1711 3447 1825 3516 ipso

221 3545 324 3604 est,
369 3538 449 3592 ita
499 3544 560 3591 et
605 3536 822 3604 sanguis
849 3542 1038 3590 noster
1065 3535 1118 3590 in
1145 3535 1239 3591 illo
1272 3544 1373 3592 est.
1405 3535 1826 3592 Misericordiam

1931 3352 2125 3406 umbra:
2153 3352 2352 3415 mortis,
2386 3353 2476 3405 tua:
2505 3359 2621 3405 orta
2651 3359 2726 3403 est
2751 3359 2775 3385 ο
2811 3352 2884 3403 eis
2914 3348 3091 3421 (Joan.
3121 3347 3221 3417 ιχ).
3254 3346 3520 3400 Lmtemur

1931 3460 2061 3514 ergo
2091 3444 2144 3498 in
2175 3444 2277 3498 hac
2303 3441 2409 3509 die,
2432 3458 2552 3511 qua:
2593 3450 2649 3495 et
2685 3441 2839 3496 vivos
2867 3439 3259 3508 circumfulget,
3288 3446 3342 3491 et
3371 3452 3520 3491 mor-

1935 3546 2054 3592 tuos
2081 3534 2333 3602 viviﬁcat,
2361 3545 2414 3590 et
2445 3545 2699 3590 venturos
2730 3534 3013 3598 illuminat,
3043 3533 3182 3587 sicut
3219 3532 3293 3585 ait
3330 3531 3518 3584 beatus

219 3627 384 3698 igitur
412 3629 556 3684 mihi
581 3629 742 3684 debet
767 3635 1025 3699 pmstare
1066 3628 1344 3695 Divinitas,
1377 3630 1826 3684 necessitudinem
1933 3628 2271 3698 Evangelista
2303 3648 2312 3680 :
2338 3626 2470 3682 Erat
2497 3626 2724 3696 luxirera
2755 3625 2887 3698 quwl
2905 3625 3165 3679 illuminat
3192 3638 3392 3678 omnem
3423 3621 3518 3674 ho-

218 3723 487 3779 exhibere
511 3720 677 3777 debet
705 3719 970 3786 afﬁnitas;
1002 3735 1178 3789 neque
1205 3719 1348 3774 enim
1369 3727 1478 3774 tam
1501 3721 1722 3776 immitis
1745 3729 1829 3776 est
1933 3723 2124 3775 mlitem
2151 3721 2432 3775 venientem
2461 3720 2516 3772 in
2550 3719 2684 3772 hunc
2706 3716 2953 3770 mundum
2985 3713 3163 3786 (Joan.
3189 3715 3250 3782 ι).

1617 3833 1884 3896 SERMO
1927 3835 2141 3896 XXX.

1360 3929 1440 3985 De
1465 3932 1646 3986 eadem
1672 3932 1948 3988 Paschatis
1965 3934 2290 3989 solemnitate
2319 3932 2346 3987 Ι
2353 3931 2402 3986 1.

1679 4021 2068 4076 ADMONlTlO.

277 4119 341 4174 In
374 4112 1028 4186 appendicesermonum
1047 4112 1219 4165 sancti
1247 4109 1702 4186 Augustininum.
1729 4110 1832 4186 164
1850 4127 1882 4167 a
1902 4110 2156 4186 Mau'rinis
2183 4112 2273 4167 hic
2301 4128 2478 4168 sermo
2505 4113 2819 4186 collocatus,
2839 4113 2903 4186 _in
2932 4109 3117 4186 codice
3145 4109 3458 4186 Novariensi
3487 4109 3520 4163 2

199 4180 431 4258 legitur'
451 4180 634 4238 sancti
665 4181 878 4258 Maximi
905 4181 1214 4258 decoratus
1217 4181 1471 4237 nomine:
1505 4182 1662 4258 eique
1691 4183 1910 4258 omnino
1932 4183 2141 4258 _ascri_bi
2181 4193 2462 4258 oportere,
2495 4199 2564 4258 es
2605 4183 2767 4258 stylo,
2804 4181 3086 4258 phrasibus
3129 4180 3520 4258 sententiisque

201 4249 384 4330 plane
405 4264 762 4330 cognoscere
789 4253 980 4330 cuique
1001 4251 1145 4330 licet.
1173 4250 1362 4330 Exstat
1389 4249 1605 4330 quoque
1634 4252 1688 4330 in
1712 4253 1900 4309 codice
1917 4249 2247 4330 _Taurine_nsi
2276 4255 2583 4330 cum__titulo
2611 4272 2622 4306 :
2658 4249 2788 4307 Item
2806 4249 2865 4306 et
2891 4252 2954 4330 de
2979 4251 3186 4305 Pascha
3213 4267 3380 4304 sermo
3421 4249 3518 4317 Vl,

201 4322 370 4399 cujus
400 4323 711 4382 lectionem
734 4338 855 4379 cum
885 4322 1127 4378 Maurina
1149 4337 1310 4394 supra
1338 4322 1555 4377 laudata
1575 4324 1850 4392 collatam,
1880 4323 1998 4393 ejus
2026 4325 2257 4380 maxime
2287 4325 2515 4381 similem
2545 4340 2664 4381 esse
2689 4323 3066 4393 comperimus.

200 4445 633 4501 ABGUMENTCM.
664 4468 735 4479 ——
755 4437 958 4493 Christo
987 4435 1210 4492 Domino
1249 4436 1491 4502 redivivo,
1515 4454 1663 4508 quem
1691 4439 1826 4508 ﬁgu-

248 4532 356 4572 rae
388 4527 588 4603 omnes
617 4510 797 4593 veteris
825 4508 1028 4581 {aderis
1055 4509 1700 4603 promiserantucreaturte
1727 4525 1827 4577 ap-
1857 4543 1907 4603 Β

270 4584 564 4659 plaudunt
593 4577 860 4646 universa},
887 4577 1077 4652 nosque
1106 4577 1484 4650 quodammodo
1517 4578 1748 4632 excitant
1776 4587 1833 4632 ut

2009 4438 2137 4510 Regi
2177 4447 2352 4510 nostra
2396 4438 2730 4509 gratulemur,
2777 4444 2827 4489 et
2877 4437 2994 4488 vin
3034 4433 3331 4487 innocentia
3369 4441 3518 4502 parta

2004 4508 2119 4578 ejus
2141 4508 2308 4578 gloria
2329 4508 2676 4578 perfruamur.

2006 4569 2186 4646 lignus
2216 4577 2304 4632 ille
2329 4569 2535 4645 legalis,
2568 4576 2721 4645 cujus
2749 4572 3116 4629 immolatione
3141 4571 3394 4640 antiquus
3413 4569 3519 4626 He-

2011 4711 2025 4749 i
2060 4709 2194 4766 Cod.
2227 4711 2512 4775 Vallicell.,
2540 4709 2803 4764 Habemus
2827 4709 3221 4781 praerogativam
3248 4709 3518 4780 sanguinis

1933 4782 2098 4838 nostri
2124 4782 2485 4845 substantiam,
2510 4784 2564 4834 in
2593 4780 2816 4841 Christo,
2844 4787 2948 4835 etc.

2006 4855 2020 4904 l
2059 4848 2192 4906 Cod.
2226 4869 2263 4907 ιι
2291 4853 2346 4906 S.
2379 4849 2566 4923 Crucis
2593 4850 2809 4923 Minor.,
2834 4852 2953 4923 quia
2979 4867 3092 4904 cum
3115 4849 3244 4904 votis
3264 4847 3374 4905 Deo
3397 4869 3519 4923 gra-

1934 4924 2171 4977 tulemur.
2205 4923 2338 4978 Cod.
2370 4921 2550 4977 Casin.
2585 4921 2706 4985 104,
2739 4919 2983 4976 Domino.

2007 4991 2034 5030 ιι
2062 4991 2196 5049 Cod.
2229 5009 2265 5049 ιι
2293 4994 2351 5048 S.
2373 4991 2561 5047 Crucis
2585 4991 2796 5058 Minor.,
2831 4990 2969 5056 Quid
2999 5000 3075 5046 est
3104 4991 3198 5046 hoc
3227 4991 3364 5062 quod
3397 4993 3522 5048 dicit

2007 5063 2184 5100 ηηιιοη.
2201 5066 2224 5100 9
2250 5064 2347 5100 na.
2375 5073 2451 5100 ,ιι
2472 5064 2580 5100 ,ιεοι
2603 5079 2752 5100 nasum
2807 5071 2892 5100 nlo
3233 5095 3236 5100 .

1935 5063 2224 5136 propheta?
2244 5064 2351 5146 Hic
2375 5073 2451 5118 est
2469 5064 2580 5144 dies
2602 5071 2910 5146 quamnetc,
3093 5135 3104 5148 .
3233 5095 3236 5100 _

1935 5133 2234 5261 “aegid.
2267 5151 2412 5192 enim
2445 5134 2559 5190 Vat.
2595 5141 2650 5188 et
2673 5132 2852 5260 Casin.
2884 5134 3180 5190 masculino
3207 5147 3406 5201 genere
3427 5135 3522 5188 ha-

2007 5223 2064 5260 ιιι
2089 5223 2212 5261 ηισ.
2759 5257 2764 5260 .

2007 5287 2046 5314 ιιι
2081 5275 2213 5347 Cod.
2260 5275 2375 5330 Vat.
2424 5275 2580 5344 1270,
2619 5277 3004 5331 resurrectionis
3051 5275 3182 5347 ejus,
3230 5273 3520 5347 etcaldetn

1935 5347 2056 5403 cod.
2086 5346 2144 5402 S.
2174 5345 2362 5402 Crucis
2379 5343 2573 5402 Minor.
2597 5347 2742 5402 addit
2769 5348 2902 5418 ejus,
2923 5343 3153 5418 wtern'te,
3173 5353 3301 5409 etc.;
3319 5343 3520 5418 deinde

1933 5419 2278 5489 prosequitur
2311 5437 2324 5472 :
2356 5419 2666 5490 estsiultemus
2696 5412 2837 5490 ergo,
2869 5419 3078 5490 fratres,
3111 5415 3253 5490 sicut
3277 5414 3351 5490 a_i_t
3380 5412 3520 5490 §_cri-

1939 5481 2187 5555 uturafin
2209 5489 2305 5543 hac
2326 5489 2408 5544 die
2428 5489 2657 5544 Domini.
2691 5481 2806 5542 .de
2825 5481 2988 5550 enim,
3015 5496 3118 5539 etc.
3143 5483 3276 5555 Cod.
3299 5481 3514 5544 Vallic.,

1939 5559 2029 5612 sed
2069 5552 2458 5618 resurrectionis
2503 5569 2720 5614 (eterna!
2755 5574 2929 5612 rerum
2974 5557 3136 5610 lucem
3175 5552 3513 5605 demonstrat.

1941 5627 2059 5684 Lua:
2085 5632 2219 5686 enim
2246 5633 2368 5695 ista,
2401 5639 2503 5685 etc.

2005 5708 2032 5735 ¹³
2062 5701 2193 5758 Cod.
2228 5693 2486 5755 Vallicell.
2521 5716 2630 5762 xxx,
2659 5700 2922 5769 repellitur
2952 5711 3052 5769 pro
3079 5693 3344 5769 sepelitur.

2009 5778 2034 5806 ο
2062 5769 2229 5826 Codd.
2257 5770 2376 5826 Vat.
2410 5769 2563 5837 1270,
2585 5771 2692 5825 duo
2716 5763 2898 5824 Casin.
2923 5763 2978 5824 et
2997 5763 3253 5819 ValliCell.
3280 5777 3388 5830 xxx,
3411 5763 3516 5822 illis

1936 5855 2036 5910 pro
2063 5859 2155 5896 ets.
3037 5861 3040 5864 ‘

277 4735 305 4764 ι
336 4721 539 4779 Codd.
561 4719 678 4773 Vat.
707 4715 866 4784 1270,
889 4713 1046 4779 6451,
1071 4721 1127 4770 et
1145 4715 1252 4770 duo
1265 4713 1470 4779 Casin.,
1491 4714 1683 4784 quibus
1697 4729 1830 4768 con-

201 4796 404 4852 formis
428 4801 527 4850 est
551 4789 736 4844 Vallic.
765 4803 872 4852 xux,
898 4786 990 4855 qui
1020 4794 1198 4839 tamen
1219 4785 1382 4840 habet
1401 4784 1536 4854 quod
1565 4799 1662 4854 pro
1684 4784 1826 4854 quia.

275 4867 304 4905 ι’
338 4863 495 4919 Cod.
531 4861 656 4915 Vat.
685 4855 844 4921 6451,
877 4855 1176 4924 Quicunque
1195 4856 1350 4909 enim.
1425 4899 1431 4906 .

280 4948 304 4975 ε
341 4934 534 4990 [idem
567 4929 688 4986 cod.
717 4945 753 4982 ιι
777 4927 832 4982 S.
863 4925 1048 4982 Crucis
1076 4923 1294 4991 Minor.,
1315 4925 1438 4980 Vat.
1466 4923 1627 4992 6551,
1648 4932 1704 4978 et
1723 4923 1831 4978 duo

198 5005 426 5068 Cissim,
455 5002 540 5058 Et
571 5002 685 5055 licet
707 4999 802 5053 nos'
821 4997 1066 5068 adhuc...
1087 5005 1313 5068 maneat.

242 5123 248 5130 .
274 5079 300 5116 ά
341 5063 540 5132 [idem
572 5069 728 5127 codd.
759 5084 794 5123 ιι
829 5067 885 5122 S.
917 5065 1100 5122 Crucis
1146 5065 1365 5132 Minor.,
1395 5076 1452 5118 et
1478 5063 1667 5119 Vallic.
1700 5065 1741 5118 A
1773 5063 1826 5130 9,

197 5149 254 5205 in
293 5147 607 5205 Saluatore
636 5151 804 5195 tamen
833 5137 1124 5201 didicimus,
1153 5145 1258 5192 etc.
1287 5135 1420 5191 Cod.
1451 5135 1575 5190 Vat.
1609 5134 1738 5189 6451
1773 5143 1832 5190 et

197 5215 315 5274 duo
337 5217 554 5273 Casin.
580 5211 781 5266 habent
801 5217 939 5262 tunc.

249 5301 252 5306 '
278 5301 302 5328 ε
337 5288 539 5342 Iidem
561 5281 717 5338 codd.
745 5297 779 5336 ιι
883 5276 1074 5332 Crucis
1098 5276 1314 5338 Minor.,
1337 5276 1461 5331 Vat.
1489 5275 1644 5340 1270,
1668 5273 1826 5341 6451,

195 5367 255 5415 et
279 5361 402 5414 duo
439 5353 668 5419 Casin.,
695 5367 842 5418 caro,
857 5349 1078 5419 sanguis
1094 5356 1151 5419 et
1178 5349 1364 5419 portio.

281 5431 300 5467 τ
337 5415 673 5483 Idem-cod.
699 5439 734 5476 ιι
759 5415 1026 5489 δέοιιιῶε
1062 5415 1213 5489 Μίιιζ,
1248 5415 1490 5481 Quamvis
1529 5418 1684 5489 igitur
1717 5434 1835 5487 ρεο..

197 5509 381 5556 cator.
413 5495 574 5553 Cod.
605 5493 726 5546 Vat.
758 5497 814 5546 et
839 5488 1021 5543 Casin.
1053 5487 1307 5543 omittunt
1337 5497 1524 5541 tamen.

275 5582 302 5618 ιι
336 5569 429 5622 Ita
465 5563 605 5622 cod.
636 5562 756 5616 Vat.
791 5559 947 5614 1270.
1799 5595 1804 5602 ,

275 5639 304 5678 ιι
335 5640 511 5692 Idem
548 5633 672 5688 cod.
707 5649 743 5710 ιι
759 5632 816 5686 S.
843 5629 1028 5686 Crucis
1053 5627 1244 5710 Minor.
1271 5629 1398 5710 legit
1422 5647 1433 5681 :
1459 5637 1514 5682 ut
1542 5645 1690 5710 quem
1709 5646 1833 5710 cqu-

119 5705 126 5711 ’
194 5727 261 5766 sa
293 5710 428 5765 mei
473 5705 786 5772 susceperit,
829 5701 1202 5772 medrequirat,
1227 5715 1331 5752 non
1359 5699 1589 5772 inquam,
1619 5709 1722 5754 etc.
1753 5699 1830 5754 lta

195 5727 261 5766 sa
293 5721 428 5765 mes
473 5721 636 5760 susce
671 5721 786 5767 ent,
829 5721 910 5756 me
947 5721 1192 5772 τωρωι-ιιι,
1227 5721 1331 5752 non
1359 5721 1589 5770 mquam,
1619 5721 1722 5754 esu.
1753 5721 1828 5754 ua

195 5782 371 5836 codd.
411 5777 560 5830 Vat.
595 5721 730 5826 15,70
760 5780 812 5827 et
837 5769 994 5834 6451,
1023 5781 1076 5824 ιιι
1105 5787 1249 5841 quem
1279 5787 1433 5823 causa
1464 5771 1560 5824 mei
1591 5772 1828 5836 suscepit,

195 5868 310 5907 non
338 5863 530 5904 causa
559 5845 667 5914 ejus
695 5860 836 5915 quem
860 5840 1134 5911 susceperit
1162 5858 1241 5896 me
1267 5840 1509 5911 requirat.
