4052 6330
498 366 605 424 595
710 337 715 343 ’

1717 365 1774 422 S.
1816 365 2062 423 MAXIIH
2102 366 2556 426 TAURINENSIS

3678 366 3784 429 596

502 482 768 547 ὺπ-ωοηιιῃ
805 480 1040 555 populus
1067 479 1334 554 Egyptite
1360 480 1633 538 servitutis
1656 480 1844 551 jugum
1872 479 2088 548 ahjecit,
2118 489 2172 547 Α
2195 484 2336 540 sicut
2359 498 2521 538 omne
2538 482 2761 555 quodin
2788 482 2949 539 rebus
2980 482 3249 550 subsistit,
3288 480 3467 541 divina
3502 478 3788 549 dispensa-

505 574 772 645 quomodo
809 574 1142 635 multimodis
1187 575 1542 635 sacramentis
1585 575 1854 631 veriorem
1891 582 2091 630 sancta:

500 664 755 722 Ecclesiae
774 665 1007 723 hostiam
1035 668 1091 722 in
1118 665 1290 736 ﬁgura
1326 667 1409 722 sui
1440 667 1733 734 contineat,
1766 674 1894 723 tunc
1920 666 2091 738 potis-

497 756 693 812 simum
741 758 855 829 ipsa
902 774 1083 815 rerum
1127 760 1355 815 veritate
1404 760 1689 829 probatum
1731 765 1831 824 est,
1876 757 2093 827 quando

502 848 711 907 Pascha
743 860 976 909 nostrum
996 852 1292 909 immolatus
1314 860 1390 909 est
1426 850 1679 914 Christus,
1707 851 1793 923 qui
1822 850 1956 905 sicut
1984 849 2091 905 ouis

498 942 570 996 ad
600 945 908 1003 occisionem
936 944 1117 1007 ductus
1145 952 1243 1011 est,
1287 952 1337 999 et
1375 944 1505 998 sicut
1552 958 1715 1013 agnus
1760 956 1935 995 coram
1976 948 2092 996 ton-

499 1035 653 1090 dente
678 1053 732 1095 se
757 1037 868 1097 sine
907 1052 1049 1105 voce,
1079 1038 1152 1093 sic
1181 1053 1286 1091 non
1314 1036 1516 1106 aperuit
1540 1051 1598 1091 os
1626 1049 1775 1088 suum
1797 1032 1954 1103 (Isai.
1977 1048 2088 1099 un,

502 1123 536 1178 Ι
568 1123 688 1181 Cor.
732 1125 810 1196 v).
859 1125 964 1184 lste
998 1135 1081 1182 est
1108 1142 1277 1196 agnus
1305 1128 1396 1199 qui
1439 1127 1489 1181 in
1530 1126 1686 1181 altari
1713 1126 1887 1182 crucis
1915 1124 2095 1181 hostia

502 1217 622 1271 viva
641 1215 753 1273 Deo
778 1216 924 1273 Patri
946 1235 1046 1293 pro
1068 1221 1225 1274 nobis
1245 1220 1297 1273 in
1319 1219 1539 1274 odorem
1564 1218 1844 1279 suavitatis
1857 1218 2094 1287 oblatus,

503 1312 787 1366 transitum
815 1313 973 1368 nobis
996 1314 1063 1370 de
1089 1315 1311 1383 regione
1340 1312 1542 1368 uman
1579 1312 1770 1367 mortis
1798 1312 1865 1367 ad
1894 1319 2095 1367 terram

503 1405 937 1476 repromissionis
966 1404 1240 1479 patefecit.
1283 1404 1409 1471 iste,
1441 1406 1679 1476 inquam,
1711 1405 1805 1476 qui
1831 1404 1989 1461 simul
2014 1405 2091 1459 vi-

503 1497 665 1553 ctima
703 1501 761 1552 et
798 1497 1069 1565 sacerdos,
1100 1512 1315 1553 omnem
1362 1496 1562 1553 veteris
1599 1496 1887 1553 sacerdotii
1916 1501 1974 1551 et
2006 1510 2097 1551 sa-

503 1590 691 1651 Crilicii
721 1592 966 1647 umbram
989 1592 1133 1646 clara
1156 1606 1292 1648 voce
1315 1591 1626 1652 revelando,
1655 1589 1838 1659 figuris
1858 1595 1913 1644 et
1930 1588 2097 1657 mnis-

503 1685 737 1746 matibus
758 1682 918 1749 linem
941 1684 1197 1756 imposuit
1220 1703 1232 1738 :
1254 1699 1396 1743 novo
1417 1690 1599 1743 autem
1620 1682 1874 1741 Ecclesiae
1893 1681 2095 1753 populo

503 1792 701 1834 novum
745 1777 1105 1834 sacerdotium
1143 1785 1198 1833 et
1240 1792 1441 1837 novum
1480 1775 1802 1836 sacriﬁcium
1841 1774 2092 1844 initiavit,

2197 578 2347 633 tione
2375 576 2611 635 hominis
2636 576 2866 646 imperio
2892 576 3089 642 servit;
3119 577 3199 633 sic
3227 575 3298 635 de
3323 575 3501 631 salute
3550 574 3788 637 humana

2195 669 2446 726 omnibus
2472 684 2579 731 una
2602 667 2893 727 exsultatio
2914 668 3191 725 incumbit.
3216 666 3350 725 Cum
3372 667 3535 736 igitur
3562 680 3666 737 pro
3683 666 3788 725 ho-

2196 764 2340 819 mine
2371 763 2547 821 omnis
2571 770 2818 823 creatura
2850 764 3013 821 tantis
3041 762 3254 823 indiciis
3280 762 3390 819 suis
3413 760 3615 830 gaudia
3632 775 3792 818 non.

2196 863 2353 922 stret,
2378 871 2715 927 consequens
2741 863 2843 922 est,
2874 862 2935 910 ut
2953 856 3023 913 ah
3049 854 3357 913 hominibus
3380 854 3513 924 ipsis
3541 853 3792 912 testimo-

2198 948 2286 1004 nia
2315 948 2437 1005 talis
2457 948 2655 1005 laetitiis
2682 963 2791 1002 non
2815 946 3035 1003 desinit.
3064 944 3407 1014 Prteﬂgurata
3427 945 3593 1003 estin
3614 952 3798 1013 proto-

2196 1040 2373 1109 plasto
2421 1039 2591 1095 Adam
2637 1039 2835 1096 Ohristi
2865 1037 3212 1106 resurrectio,
3237 1036 3365 1107 quia
3385 1036 3527 1095 sicut
3552 1036 3648 1091 ille
3668 1044 3797 1106 post

2198 1148 2450 1204 soporem
2502 1147 2728 1201 surgens
2777 1131 2945 1187 Evam
2999 1131 3068 1186 de
3121 1131 3290 1187 latere
3337 1146 3436 1187 suo
3472 1130 3797 1188 fabricatam

2199 1228 2417 1299 agnovit
2446 1226 2600 1298 (Gen.
2628 1227 2740 1294 rx);
2774 1228 2846 1285 ita
2864 1223 3121 1285 ‘Christus
3147 1242 3178 1285 a
3208 1234 3386 1281 morte
3412 1240 3707 1297 resurgens
3725 1241 3800 1283 ex

2198 1319 2361 1395 478
2404 1320 2625 1375 vulnere
2663 1317 2847 1375 lateris
2891 1318 2974 1373 sui
3017 1315 3301 1373 aediﬁcavit
3327 1315 3649 1375 Ecclesiam.
3681 1315 3798 1372 Noe

2198 1426 2415 1483 quoque
2441 1412 2523 1469 vir
2545 1410 2777 1481 agricola
2800 1425 2922 1465 cum
2941 1409 3241 1479 plantasset
3283 1409 3518 1474 vineam,
3578 1417 3634 1463 et
3680 1408 3797 1466 ine-

2200 1504 2404 1562 briatus
2428 1504 2556 1558 vino
2584 1501 2964 1567 obdormisset,
2997 1501 3378 1572 discoopertns
3393 1501 3606 1570 iaceret
3634 1502 3690 1556 in
3712 1508 3800 1557 ts-

2198 1595 2492 1653 bernaculo
2545 1610 2667 1663 suo,
2714 1602 2771 1651 et
2797 1594 3211 1664 expergefactus
3246 1611 3281 1651 ιι
3308 1608 3524 1683 somno,
3555 1593 3669 1651 ﬁlio
3695 1610 3799 1651 suo

2197 1688 2575 1751 verecundiam
2603 1701 2758 1747 suam
2780 1702 2889 1747 non
2913 1686 3113 1747 uolanti
3135 1685 3481 1743 maledictum
3520 1693 3800 1755 perpetua

2200 1781 2473 1838 servitutis
2486 1781 2791 1850 imponens,
2806 1778 3078 1841 Christum
3097 1778 3418 1850 signiﬁcavit
3438 1795 3453 1832 :
3471 1777 3567 1847 qui
3585 1777 3802 1836 vineam

503 1878 562 1924 ut
588 1869 840 1926 videlicet
868 1885 1065 1926 novum
1097 1871 1279 1925 vinum
1308 1871 1361 1925 in
1397 1877 1544 1926 utres
1569 1884 1741 1925 novos
1768 1869 2092 1925 mitteretur.
2125 1877 2175 1939 Β
2200 1874 2330 1934 fecit
2352 1876 2377 1915 ιι
2410 1874 2721 1938 Ecclesium,
2751 1872 2907 1942 cujus
2929 1888 3115 1933 amore
3142 1871 3339 1942 poculo
3375 1870 3651 1941 passionis
3679 1862 3799 1927 ine;

503 1960 658 2030 Quod
684 1962 728 2019 si
757 1977 984 2031 granum
1012 1961 1263 2018 frumenti
1290 1962 1490 2018 cadens
1524 1962 1581 2017 in
1607 1969 1828 2026 terram,
1866 1968 1924 2017 et
1946 1975 2095 2017 mor-

503 2065 653 2139 tuum
694 2063 805 2111 tam
850 2056 1167 2113 mirabiliter
1208 2057 1388 2112 omnia
1437 2056 1712 2112 innovavit
1749 2052 1972 2127 (Matth.
2020 2069 2093 2119 xx,

460 2153 466 2165 ’
504 2146 665 2219 Joan.
689 2146 812 2219 xu),
836 2147 1006 2203 multo
1026 2148 1195 2219 magis
1220 2148 1275 2202 in
1303 2163 1362 2203 se
1386 2148 1504 2218 ipso
1527 2147 1824 2203 redivivum
1844 2162 1969 2205 cum
1988 2144 2100 2202 fru-

506 2247 597 2295 ctu
623 2238 982 2310 multiplicato
1007 2254 1294 2309 resurgens
1321 2246 1515 2296 cuncta
1543 2236 1873 2305 fecundavit,
1903 2245 1962 2295 et
1988 2252 2096 2293 non

505 2331 662 2404 477
711 2332 887 2393 solam
942 2332 1306 2402 spiritualibus
1353 2331 1688 2389 rationabilis
1722 2339 1865 2387 terra
1918 2331 2098 2385 incre-

505 2425 725 2494 mentis,
773 2425 868 2482 sed
914 2431 969 2480 et
997 2424 1127 2495 ipsis
1154 2425 1385 2480 terrenis
1404 2425 1699 2482 seminibus
1726 2423 1830 2480 hoc
1853 2430 2101 2495 tempore

507 2514 824 2586 ampliorem
848 2522 1168 2585 proventum
1192 2513 1360 2569 dedit.
1389 2512 1540 2570 Unde
1583 2513 1747 2569 modo
1775 2514 1828 2571 in
1858 2513 2101 2583 germina

509 2605 839 2676 erumpentis
866 2612 1021 2660 terra:
1044 2612 1158 2660 tota
1188 2606 1410 2661 hilarior
1430 2605 1616 2673 facies,
1652 2614 1677 2643 α
1704 2606 1978 2661 variorum
1998 2603 2105 2661 fru-

509 2704 693 2752 ctuum
721 2705 938 2767 ornatu,
968 2713 1183 2753 omnem
1208 2698 1467 2754 hactenus
1506 2698 1662 2770 quasi
1705 2706 1975 2754 mortuam
2015 2711 2102 2753 re-

508 2804 630 2844 rum
656 2795 907 2844 naturam
938 2789 1240 2859 resurgenti
1264 2805 1362 2845 suo
1391 2788 1620 2846 Domino
1669 2789 2095 2847 conresuscitat:

509 2876 603 2935 ubi
631 2878 884 2934 arborum
931 2885 989 2935 et
1030 2879 1317 2935 herbarum
1364 2887 1515 2952 grata
1567 2890 1845 2950 venustas,
1889 2881 2102 2937 diverso

510 2968 726 3040 quidem
755 2971 1055 3040 germinum
1082 2986 1328 3039 munere,
1351 2973 1470 3043 pari
1492 2979 1673 3028 tamen
1699 2981 1852 3042 gestu
1883 2973 2098 3039 laetitizc,

509 3054 767 3131 singulari
794 3062 919 3118 huic
948 3063 1277 3119 solemnitati
1327 3063 1520 3119 festina
1568 3065 1822 3119 occurrit.
1858 3064 1933 3119 De
1980 3064 2101 3120 (ιωιί

509 3160 688 3207 autem
718 3169 861 3209 nunc
895 3169 1063 3224 usque
1086 3154 1322 3225 quodam
1348 3154 1512 3210 modo
1539 3154 1702 3225 tristi,
1732 3156 1951 3211 tandem
1972 3172 2102 3211 vero

2202 1968 2427 2031 briatus,
2456 1972 2513 2025 et
2536 1952 2831 2033 ascumptae
2854 1963 3032 2023 camis
3050 1964 3288 2031 tegmine
3312 1961 3572 2030 nudatus,
3598 1976 3630 2017 a
3650 1976 3801 2019 mor-

2203 2060 2313 2116 tuis
2332 2057 2648 2122 restu'rexit,
2680 2056 2822 2117 sicut
2844 2056 2921 2112 ait
2950 2056 3066 2125 ipse
3092 2055 3149 2113 ia
3175 2054 3450 2113 Canticis:
3492 2052 3802 2125 Exspolinvi

2204 2168 2287 2211 me
2307 2150 2485 2207 tunica
2510 2165 2662 2214 mea.
2691 2147 2947 2227 qumodo
2978 2147 3169 2207 ἐκάλεσε·
3189 2144 3285 2201 illa
3304 2144 3481 2215 (Gut.
3513 2143 3801 2215 νηιωύ

2202 2258 2333 2303 vero
2353 2241 2586 2312 qualiter
2612 2246 2669 2295 et
2690 2239 2806 2308 ipse
2835 2238 2890 2299 in
2920 2252 2980 2301 se
3008 2236 3222 2301 Domini
3249 2244 3480 2295 mortem
3507 2245 3565 2292 et
3612 2246 3831 2292 resur‘

2201 2334 2497 2393 rectionem
2523 2330 2852 2401 expresserit
2870 2329 3217 2397 evangelicae
3263 2343 3445 2387 sermo
3472 2338 3662 2398 aperte
3705 2330 3801 2385 del-

2204 2428 2391 2484 clarat.
2423 2425 2557 2496 Quia
2589 2425 2773 2495 igitur,
2804 2421 3021 2489 fratres,
3064 2423 3242 2481 omnis
3268 2417 3517 2481 creatura
3564 2422 3801 2492 quodam

2202 2520 2446 2581 caritatis
2467 2515 2669 2583 cilicio,
2696 2522 2897 2577 nostra:
2922 2514 3084 2573 saluti
3103 2514 3408 2582 eongaudet
3428 2512 3649 2584 (κομι.
3678 2512 3799 2585 xn),

2204 2620 2446 2671 hostium
2497 2618 2582 2669 est
2619 2626 2691 2681 ex
2741 2608 2849 2667 hoc
2875 2608 3033 2669 nobis
3062 2607 3116 2661 in
3147 2622 3306 2667 usum
3353 2606 3571 2663 vivendi
3599 2605 3803 2675 aliqua

2206 2706 2456 2763 trahere:
2507 2718 2577 2761 ne
2618 2700 2923 2761 communis
2966 2698 3209 2759 omnium
3241 2698 3532 2767 laetitiajus
3556 2713 3715 2754 suun
3742 2699 3803 2755 in

2206 2800 2359 2855 nobis
2410 2797 2644 2866 aauttat,
2696 2811 2833 2865 alios
2883 2808 3061 2855 causa:
3105 2794 3269 2850 totius
3297 2806 3509 2850 summa
3540 2792 3594 2847 in
3622 2791 3802 2861 capita

2204 2897 2431 2962 spectat.
2487 2887 2556 2942 Et
2597 2888 2831 2957 primum
2858 2886 3078 2955 quidem
3106 2881 3254 2941 velut
3300 2898 3430 2941 oves
3458 2897 3675 2952 pascua:
3694 2881 3801 2939 Do-

2203 2983 2361 3051 mini,
2389 2982 2444 3036 in
2464 2995 2559 3035 ara
2585 2979 2786 3043 cordis,
2817 2979 2942 3046 igne
2963 2977 3208 3035 caritatis
3226 2976 3414 3038 assati,
3438 2974 3804 3043 nosmetipsos

2206 3074 2494 3131 olferamus
2513 3072 2749 3129 hostiam
2773 3071 3070 3137 viventem,
3092 3075 3336 3127 sanctam
3355 3065 3473 3123 Deo
3496 3066 3799 3137 placentem

2208 3166 2387 3239 (Rom.
2430 3165 2525 3235 xu)
2560 3183 2575 3218 :
2632 3172 2689 3221 et
2734 3164 2935 3234 azymis
2959 3162 3308 3219 continentiae
3344 3156 3665 3215 mortiﬁedta
3684 3157 3802 3228 ian

508 3246 631 3302 laeta
659 3246 796 3303 facie
825 3248 952 3320 quid
984 3248 1180 3315 dicam,
1210 3262 1331 3317 quae
1358 3247 1666 3316 aliquandiu
1689 3247 1802 3317 jam
1830 3248 1995 3303 densa
2016 3264 2103 3305 ca-
2125 3261 2171 3322 ο
2204 3259 2467 3315 habentes
2496 3256 2737 3312 membra
2761 3262 2949 3313 nostra
2980 3268 3101 3326 quas
3127 3262 3255 3309 sunt
3300 3266 3462 3321 super
3491 3258 3713 3318 terram,
3739 3248 3799 3311 id

509 3338 670 3415 ligine
692 3340 912 3395 nubium
944 3339 1202 3410 adoperta
1231 3340 1353 3394 teris
1382 3338 1538 3409 hujus
1560 3341 1791 3410 spatium
1813 3357 1974 3397 omne
1994 3351 2104 3397 tur-

507 3429 692 3499 bavit?
722 3431 789 3485 Et
808 3448 934 3487 ecce
962 3439 1187 3503 repente
1215 3432 1367 3501 quasi
1390 3432 1596 3501 justitia
1626 3432 1694 3488 de
1721 3434 1857 3489 coelo
1904 3436 1958 3489 in
1988 3444 2099 3490 ter-

507 3538 625 3580 ram
651 3525 1013 3596 prospiciente
1042 3525 1177 3578 mira
1198 3525 1463 3580 serenitas
1493 3524 1691 3581 mundo
1715 3526 1939 3595 arridet,
1963 3534 2018 3582 et
2044 3527 2097 3582 in

510 3631 669 3669 unam
710 3616 947 3669 laetitiam
990 3616 1112 3671 coeli
1167 3623 1221 3670 et
1263 3623 1419 3670 terra:
1470 3622 1593 3671 vota
1639 3626 2006 3672 concurrunt:
2042 3627 2100 3672 ut

508 3702 679 3764 Deum
707 3718 761 3763 et
789 3711 1062 3765 hominem
1090 3708 1364 3765 Christum
1409 3711 1684 3766 communi
1740 3711 2099 3767 exsultatione

509 3801 798 3870 excipiant,
831 3802 921 3869 qui
951 3817 1292 3856 communem
1331 3804 1611 3873 utriusque
1663 3817 1853 3872 pacem
1907 3801 2099 3857 allerre

510 3899 756 3959 venerat,
781 3899 835 3946 et
855 3892 1091 3947 medium
1119 3893 1383 3962 parietem
1423 3895 1671 3949 maceriae
1720 3894 1934 3947 solvens
1975 3891 2101 3947 fecit

509 3994 737 4054 utraque
782 4002 947 4041 unum
1003 3985 1215 4057 (Ep/tes.
1250 3985 1329 4057 η).
1382 3984 1517 4043 Hinc
1558 3994 1823 4041 astrorum
1861 3985 2100 4040 omnium

509 4076 703 4144 fomes,
757 4078 1015 4148 splendor
1054 4080 1141 4134 ille
1190 4081 1383 4136 solaris
1412 4096 1562 4135 suam
1592 4079 1783 4135 faciem
1812 4078 2099 4133 admodum

510 4174 753 4237 rogatam
778 4168 889 4239 jam
915 4168 1134 4239 jamque
1162 4179 1443 4240 expurgat,
1469 4178 1523 4226 et
1543 4171 1699 4242 quasi
1738 4186 1833 4226 rex
1881 4170 2100 4241 CODSpi-

509 4275 645 4317 cuus
683 4263 736 4317 in
793 4262 1096 4331 diademate
1124 4264 1317 4334 capitis
1342 4266 1443 4333 sui,
1473 4265 1529 4329 in
1555 4264 1645 4321 die
1669 4265 2102 4335 desponsationis

508 4368 639 4422 sure,
670 4361 727 4410 et
756 4355 812 4410 in
856 4356 942 4410 die
985 4356 1180 4412 laetitiae
1226 4358 1405 4412 cordis
1450 4359 1556 4424 sui,
1588 4358 1903 4428 caeterisque
1931 4360 2102 4416 stellis

508 4445 661 4513 velut
675 4447 964 4517 comitibus
980 4449 1114 4519 suis,
1138 4449 1370 4519 largiora
1397 4450 1613 4515 luminis
1634 4452 1715 4509 sui
1737 4450 1879 4511 dona
1900 4452 2103 4525 impen-

510 4539 606 4595 dit.
640 4540 791 4597 Luna
815 4543 958 4598 enim
986 4545 1055 4599 ab
1075 4544 1194 4615 ipso
1220 4553 1373 4601 ortus
1414 4547 1496 4601 sui
1524 4546 1611 4600 die
1639 4561 1853 4617 semper
1882 4546 1937 4601 in
1959 4561 2096 4618 quo-

2205 3358 2289 3405 est
2318 3347 2757 3419 fornicationem,
2787 3344 3205 3410 immunditiam,
3235 3351 3292 3399 et
3313 3348 3510 3399 cetera
3544 3340 3801 3397 vitiorum

2205 3440 2478 3511 ergastula
2506 3438 2860 3505 declinemus,
2882 3438 3021 3493 etin
3051 3435 3287 3493 statione
3324 3434 3585 3489 virtutum
3611 3430 3802 3489 sedem

2204 3535 2362 3591 nobis
2400 3542 2649 3604 aptemus
2677 3552 2688 3586 :
2722 3532 2950 3589 mortuis
2987 3544 3208 3601 quoque
3236 3528 3493 3599 operibus
3520 3527 3800 3582 obrenun-

2203 3627 2421 3692 tiantes,
2462 3624 2695 3681 fructum
2746 3626 3008 3696 optimum
3039 3630 3099 3679 ut
3128 3632 3273 3679 terra
3313 3622 3459 3679 bona
3488 3616 3800 3686 olferamus,

2204 3718 2565 3788 exemploque
2583 3718 2738 3773 bona:
2766 3716 2979 3773 arboris
3004 3716 3061 3771 in
3082 3714 3231 3769 omni
3251 3713 3497 3771 bonitate
3514 3719 3571 3767 et
3584 3709 3799 3781 iustitia

2203 3808 2584 3869 fructiﬁcemus
2602 3808 2735 3879 (Col.
2760 3808 2860 3877 ιιι).
2886 3807 2962 3862 Ne
2977 3821 3107 3861 vero
3124 3814 3179 3860 et
3206 3805 3423 3860 claritas
3445 3802 3579 3857 solis
3602 3808 3799 3856 nostra:

2204 3901 2341 3957 desit
2369 3901 2788 3965 eonversationi,
2820 3900 2997 3954 luceat
3017 3898 3110 3953 lux
3137 3905 3318 3951 nostra
3347 3909 3532 3950 coram
3554 3891 3792 3947 homini-

2203 3993 2325 4061 bus,
2356 4000 2414 4048 ut
2444 3990 2664 4046 videant
2690 4006 2855 4061 opera
2878 3998 3059 4044 nostra
3080 3988 3225 4043 bona
3253 3994 3311 4042 et
3346 3982 3648 4055 gloriﬁcent
3690 3981 3793 4036 Pa-

2205 4095 2344 4141 trem
2374 4092 2619 4139 nostrum
2656 4082 2749 4152 qui
2796 4082 2850 4139 in
2894 4082 3043 4137 cmlis
3090 4086 3173 4135 est
3201 4078 3416 4150 (Matth.
3438 4077 3515 4149 v).
3550 4076 3607 4130 Si
3632 4075 3794 4146 igitur

2205 4177 2281 4232 ita
2335 4183 2560 4246 agentes
2604 4174 2822 4229 ultimus
2866 4188 2968 4229 nos
2996 4172 3113 4231 dies
3156 4169 3440 4234 invenerit,
3491 4168 3595 4222 erit
3633 4166 3790 4222 nobis

2203 4268 2530 4338 quandoque
2550 4268 2605 4323 in
2634 4266 2858 4337 praemio
2888 4267 3003 4335 ipsa
3022 4277 3311 4333 corporum
3341 4258 3685 4320 resmreetio,
3711 4258 3801 4315 ubi

2205 4377 2321 4414 cum
2341 4358 2578 4414 Christus
2598 4359 2898 4430 apparuerit
2924 4357 3029 4410 vita
3056 4363 3252 4418 nostra,
3298 4361 3415 4405 tunc
3438 4359 3490 4405 et
3516 4365 3608 4404 nos
3636 4363 3801 4419 appa-

2207 4453 2430 4509 rebimus
2451 4468 2567 4508 ctua
2587 4454 2704 4524 ipso
2718 4450 2776 4504 in
2798 4450 2968 4522 gloria
2996 4447 3133 4521 (Col.
3155 4446 3235 4518 tu)
3270 4464 3281 4498 :
3315 4445 3411 4514 qui
3455 4443 3587 4499 vivit
3623 4449 3681 4499 et
3706 4455 3799 4495 re-

2210 4554 2338 4619 gnat
2364 4545 2505 4601 Deus
2524 4555 2622 4615 per
2650 4543 2832 4597 omnia
2875 4540 3068 4596 saecula
3098 4537 3435 4594 seculorum.
3471 4534 3661 4589 Amen.
3694 4530 3800 4585 Ex-

510 4632 635 4687 dam
653 4635 738 4690 sui
763 4636 1046 4707 dispendio
1076 4638 1274 4707 posita,
1306 4639 1373 4695 ad
1412 4639 1687 4709 paschalia
1716 4638 1908 4708 gaudia
1938 4640 2098 4709 pleno
2128 4652 2181 4711 1)
2206 4642 2373 4713 plicit.

507 4737 573 4795 se
594 4723 796 4792 lmnine
824 4734 998 4798 parat.
1028 4726 1100 4789 Et
1123 4737 1187 4785 ut
1210 4738 1405 4791 cuncta
1434 4731 1672 4789 breviter
1716 4732 2094 4801 perstringam,

1876 4823 2149 4889 SERMO
2194 4822 2432 4886 XXXI.

1578 4919 1657 4975 De
1698 4922 1879 4978 cadent
1906 4920 2185 4979 Paschalis
2213 4921 2542 4981 solemnitate
2570 4916 2688 4973 ΙΙΙ.

1942 5012 2334 5071 ADMONITIO.

581 5095 745 5180 419
767 5096 869 5180 list
906 5100 953 5180 is
978 5114 1157 5180 sermo
1185 5102 1240 5180 in
1266 5103 1436 5180 tribus
1451 5106 1833 5180 vetustissimis
1862 5108 2137 5180 codicibus
2168 5108 2439 5180 inscriptis
2469 5106 2643 5180 sancti
2700 5102 2916 5163 Maximi
2964 5104 3201 5161 nomine.
3250 5099 3450 5180 Eorum
3507 5109 3594 5158 est
3631 5103 3803 5180 prior

509 5168 739 5249 abbatis:
766 5168 949 5249 Sancti
980 5171 1247 5249 Dalmatii,
1281 5175 1416 5249 alte_r
1435 5175 1501 5231 de
1522 5177 1819 5249 Appaimis,
1847 5179 2036 5234 tertius
2059 5168 2429 5237 Taurinensis.
2482 5176 2626 5231 Nihil
2656 5184 2949 5249 autemest
2972 5192 3163 5249 causa),
3198 5174 3544 5249 quamobrem
3574 5168 3706 5249 mihi
3734 5175 3804 5229 ab

509 5242 573 5292 iis
603 5255 719 5295 esse
749 5242 1105 5297 recedendum
1134 5255 1334 5315 putem.
1366 5242 1626 5304 Eumdein
1652 5242 1955 5304 sermonem
1988 5252 2183 5307 misere
2219 5250 2574 5321 interpolavit
2607 5249 2696 5303 ille
2716 5248 2900 5305 nescio
2924 5248 3043 5318 quis
3071 5242 3529 5369 Semigelagianus
3550 5245 3799 5313 scriptor,

509 5326 668 5369 auem
700 5313 894 5367 merito
916 5315 1210 5369 concidunt
1228 5320 1476 5369 monachi
1508 5319 1838 5369 Benedictini
1870 5321 1923 5369 in
1947 5323 2153 5369 mnnim
2182 5322 2250 5369 ad
2284 5335 2534 5369 ser-mon.
2560 5319 2657 5369 ΞΗ
2685 5318 2915 5369 annend.
2949 5318 3012 5369 ad
3046 5327 3175 5369 tom.
3317 5331 3466 5369 oner.
3494 5316 3662 5369 sancti
3692 5314 3799 5367 Au-

508 5326 668 5390 ‘luetn
690 5313 894 5390 merito
916 5313 1210 5390 concidunt
1228 5319 1840 5390 monachLBenedictini
1870 5321 1924 5376 in
1947 5323 2153 5377 monito
2182 5322 2253 5376 ad
2284 5313 2534 5376 sermon.
2560 5319 2657 5373 ΞΗ
2685 5318 2915 5390 append.
2941 5313 3012 5372 ad
3046 5327 3175 5373 tom.

3317 5331 3466 5386 oper.
3494 5316 3662 5371 sancti
3692 5314 3802 5367 An-

507 5385 722 5448 gustini.
753 5384 929 5453 Atque
952 5385 1007 5439 hi
1038 5387 1257 5455 quidam
1285 5390 1436 5443 illum
1464 5388 1718 5443 Faustum
1750 5391 2038 5448 Reienscm
2069 5392 2232 5450 fuisse
2254 5393 2634 5464 suspicantur,
2673 5384 2893 5456 verene,
2928 5395 2999 5445 an
3027 5404 3202 5453 secus,
3232 5403 3340 5442 non
3356 5384 3579 5442 laboro.

506 5500 1041 5575 Annuusnwu._——S.
1067 5501 1333 5561 Maximus
1355 5508 1544 5575 fratres
1574 5504 1813 5559 hortatur
1853 5515 1910 5560 ut
1928 5508 2097 5561 exsul-

576 5579 701 5640 tent,
734 5574 857 5645 quia
892 5571 1130 5647 Christus
1150 5592 1306 5647 usque
1334 5571 1404 5647 ad
1432 5576 1641 5647 inferna
1670 5584 1885 5632 mortem
1922 5594 2097 5646 perse-

578 5655 742 5709 cutus,
792 5662 914 5700 suas
963 5646 1160 5700 hostias
1214 5645 1493 5716 suscitavit.
1546 5645 1767 5703 Carnem
1795 5645 2099 5716 ipsumam

577 5727 792 5785 ossaque
829 5717 1076 5783 ostendit,
1122 5733 1185 5770 ue
1218 5715 1436 5785 amplius
1459 5716 1730 5790 quisquam
1758 5715 1872 5774 euut
1920 5734 2096 5773 resur-

582 5848 607 5882 ι
635 5842 776 5902 Edit.
812 5846 1063 5920 Maurin.,
1094 5852 1235 5905 vario
1264 5867 1473 5906 suorum
1496 5855 1750 5924 {iuratum
1783 5862 1991 5909 ornatu.

2283 5509 2483 5561 rexisse
2529 5506 2804 5561 dubitaret.
2860 5505 3084 5560 Thomas
3111 5501 3374 5575 patpattdo
3400 5502 3624 5555 omnium
3642 5498 3803 5568 ﬁdem

2284 5578 2627 5648 conﬁrmavit.

2286 5719 2643 5776 Exsultemus
2665 5719 2719 5773 in
2748 5716 3000 5783 Domino,
3049 5714 3261 5782 fratres,
3299 5716 3354 5771 in
3402 5716 3505 5770 hac
3548 5710 3806 5785 praealti

2290 5853 2317 5893 ιν
2356 5853 2501 5909 Edit.
2531 5856 2782 5922 Maurim,
2805 5856 3006 5910 vineam
3024 5870 3189 5909 suam.
