4052 6330
438 244 581 321 ,599

1670 247 1727 302 s.
1769 244 2014 300 MAXlMl
2051 226 2499 299 'I‘AURINE'NSIS

3633 237 3744 292 600

479 362 689 419 Domini
738 359 1134 415 resurrectione
1173 356 1509 428 depelleret,
1555 355 1836 411 vulnerum
1885 355 2053 426 ipsius
2074 363 2131 421 Ἀ
2158 365 2402 428 ctatum__,
2442 354 2497 410 in
2524 368 2633 428 quo
2670 354 2979 428 scripsimus
3003 353 3079 428 _S.
3112 352 3375 410 Thomam
3399 351 3743 428 apostolum,

442 516 443 521 η
486 450 1031 511 υἱοίιιιὶεθενεοιιιιίιιί
1080 450 1333 506 voluisse.
1398 447 1599 505 Verum
1646 447 1701 503 id
1748 455 1968 518 propter
1995 462 2057 503 se

483 551 690 599 tantum
718 550 971 613 operatus
999 556 1107 595 non
1136 548 1220 595 est
1245 540 1436 595 beatus
1463 539 1770 609 apostolus;
1800 538 1895 593 sed
1913 537 2057 607 quod

482 635 597 704 ipse
622 632 885 687 curiosius
914 640 1041 688 tunc
1069 630 1186 696 fuit,
1218 631 1428 686 cunctis
1455 630 1674 702 profuit.
1706 630 1910 701 Nempe
1935 646 2060 686 cum

481 743 631 781 suam
662 727 717 780 in
748 726 999 781 universo
1026 723 1225 780 Christi
1252 724 1541 781 scrutando
1569 738 1796 796 corpore
1822 724 2063 779 exercuit

481 816 895 873 sollicitudinem
920 856 936 881 ,
975 817 1210 871 omnium
1261 815 1418 871 ﬁdem
1457 812 1808 870 conﬁrmavit.
1864 814 2062 885 Ecquis

446 976 449 979 ἢ
482 898 625 963 enim
655 908 829 963 adhuc
878 908 1083 962 dubitet
1123 907 1347 963 rediisse
1390 908 1458 961 ab
1501 907 1683 962 inieris
1709 906 2060 976 Salvatorem,

452 1072 453 1075 η
484 1018 644 1072 quem
672 1016 782 1056 non
810 1009 1019 1055 tantum
1047 1000 1181 1057 vidit
1200 999 1452 1067 Thomas,
1482 1001 1576 1056 sed
1603 1007 1657 1056 et
1682 1000 1797 1069 ejus
1824 1002 2062 1056 membra

486 1091 753 1162 palpavit,
818 1091 1026 1160 singula
1076 1106 1290 1162 quoque
1347 1099 1613 1146 scrutatus
1672 1099 1754 1146 est
1806 1092 2065 1147 vulnera?

488 1194 515 1221 α
537 1183 793 1250 Quamvis
820 1189 971 1254 ergof
992 1184 1215 1239 modica:
1244 1183 1365 1239 ﬁdei
1391 1184 1486 1250 sit;
1515 1184 1758 1256 quamvis
1785 1185 2066 1241 imbecillis

486 1275 822 1331 Christianus
849 1276 1045 1331 existat
1072 1276 1298 1345 ingenii,
1331 1292 1480 1332 suam
1503 1291 1778 1345 nunquam
1803 1277 2063 1334 sollicitu-

489 1365 669 1420 dinem
698 1366 863 1437 ηε
901 1364 1119 1421 Thoma:
1144 1367 1343 1436 poterit
1369 1382 1684 1439 comparare
1712 1367 2064 1437 inquisitioni,

464 1464 653 1531 atque
699 1456 835 1512 adeo
881 1464 1006 1526 post
1046 1457 1403 1526 cognitionem
1454 1466 1616 1528 atque
1662 1459 2068 1515 conversionem

490 1545 667 1599 nullus
686 1560 849 1601 ausus
875 1554 1017 1601 esset
1043 1555 1247 1617 petere,
1275 1548 1453 1603 nullus
1476 1549 1786 1618 exquirere,
1820 1556 1879 1604 ut
1905 1550 2068 1604 etiam

466 1642 637 1715 htactu
663 1632 932 1691 Christum
961 1636 1016 1690 in
1053 1636 1172 1706 ipso
1215 1634 1428 1694 Christo
1474 1646 1920 1708 perscrutaretur,
1966 1655 2068 1695 nec

490 1744 601 1784 non
630 1728 685 1782 in
718 1727 836 1797 ipso
865 1728 1083 1784 homine
1103 1770 1118 1795 ,
1148 1744 1310 1798 quem
1346 1729 1590 1798 videbat,
1625 1731 1914 1803 humanum
1944 1746 2067 1785 cor-
2102 1732 2146 1790 Β
2172 1705 2208 1803 Ε

490 1833 591 1889 pus
616 1818 878 1873 curiosius
899 1818 1074 1897 adhuc
1093 1820 1430 1889 exquireret,
1454 1819 1699 1889 ejusdem
1713 1820 2066 1876 resurrectio-

474 1923 641 1987 nem,
672 1924 831 1979 quam
861 1923 959 1979 pro
1004 1909 1158 1964 nobis
1194 1908 1307 1979 ipse
1334 1909 1566 1972 tulerat,
1598 1909 1791 1978 injuria
1818 1925 2070 1980 compro-

491 2003 663 2057 baret.
698 2001 893 2058 Beatus
918 2016 1047 2071 ergo
1067 2000 1320 2068 Thomas,
1341 2017 1463 2058 cum
1491 2010 1635 2058 esset
1659 2011 1877 2058 sanctus
1893 2041 1908 2065 ,
1944 2001 2073 2057 ﬁde-

492 2095 558 2150 lis
597 2102 653 2149 et
695 2094 900 2165 justus,
949 2094 1064 2151 haec
1102 2095 1282 2151 omnia
1322 2095 1583 2151 sollicitus
1619 2095 1926 2163 requisivit,
1965 2111 2073 2150 non

493 2188 638 2258 quod
679 2189 745 2243 de
782 2189 947 2260 ipsius
985 2188 1255 2244 dubitaret
1292 2190 1703 2255 resurrectione,
1747 2188 1841 2245 sed
1882 2195 1939 2241 ut
1958 2202 2075 2243 om-

494 2296 616 2337 nem
659 2283 726 2338 ab
767 2282 1015 2338 omnibus
1062 2290 1329 2339 averteret
1374 2283 1754 2354 suspicionem.
1808 2281 1889 2337 Illi
1932 2281 2075 2336 enim

494 2373 564 2429 ad
609 2375 880 2444 pr0priam
935 2373 1094 2430 ﬁdem
1153 2374 1574 2430 conﬁrmandam
1618 2373 1902 2430 suﬁ‘ecerat
1949 2373 2078 2430 illud

495 2464 691 2521 vidisse
718 2480 916 2535 corpus
939 2507 954 2531 ,
1003 2465 1148 2534 quod
1183 2465 1295 2534 jam
1332 2473 1489 2521 antea
1520 2474 1761 2522 noverat.
1815 2464 1922 2519 Sed
1947 2480 2077 2537 ope-

496 2566 649 2613 ratus
694 2565 776 2613 est
825 2558 1014 2622 nobis,
1070 2566 1129 2612 ut
1175 2566 1419 2628 tangeret
1476 2558 1624 2628 quod
1667 2557 1913 2624 videbat;
1945 2566 2005 2612 ut
2031 2558 2078 2612 si

498 2647 638 2704 forte
667 2647 974 2703 incredulus
1002 2648 1125 2716 quis
1152 2648 1390 2713 diceret,
1433 2656 1560 2703 tunc
1598 2648 1773 2723 ipsius
1793 2647 1955 2703 fuisse
1978 2647 2075 2702 de-

498 2738 648 2792 lusos
677 2739 730 2791 in
769 2746 993 2808 aspectu
1032 2738 1230 2793 Christi
1264 2738 1471 2803 oculos,
1509 2753 1700 2793 manus
1729 2747 1907 2794 tamen
1938 2738 2080 2793 illius

501 2822 847 2888 tunc‘fuisse
880 2827 1158 2883 frustratas
1204 2829 1256 2882 in
1309 2828 1552 2897 ejusdem
1591 2837 1738 2886 tactu
1763 2830 1944 2886 dicere
1973 2846 2081 2885 non

500 2927 704 2990 posset.
753 2918 884 2973 Nam
923 2919 977 2973 in
1002 2920 1409 2976 resurrectionis
1445 2920 1877 2977 manifestatione
1904 2929 2082 2992 potest

500 3012 717 3083 quidem
745 3012 813 3068 de
852 3020 1072 3083 aspectu
1117 3013 1238 3083 quis
1280 3013 1525 3070 dubitare
1546 3054 1561 3080 ,
1592 3015 1739 3085 quod
1767 3024 1944 3071 tamen
1972 3032 2080 3072 non

502 3112 683 3177 potest
709 3105 775 3161 de
801 3114 965 3161 tactu.
1017 3106 1274 3162 Veritatis
1300 3108 1443 3162 enim
1473 3104 1641 3176 ipsius
1671 3115 1813 3164 tactu
1842 3109 2084 3165 testimo-

503 3199 595 3254 nio
622 3206 834 3254 constat
880 3200 948 3254 ab
992 3198 1177 3256 inferis
1218 3186 1840 3256 rediisse'Salvatorem.
1871 3200 1925 3257 Si
1956 3215 2084 3270 ergo

502 3288 746 3344 Christus
788 3291 1082 3345 resurrexit
1109 3287 1232 3361 spes
1261 3300 1444 3347 nostra
1465 3331 1479 3356 ,
1510 3292 1649 3360 quis,
1680 3289 1890 3358 fratres,
1921 3292 2083 3364 £83

500 3396 561 3437 se
589 3397 804 3452 quoque
832 3397 941 3439 non
967 3397 1246 3452 resurgere
1274 3383 1494 3438 credat?
1514 3446 1515 3451 η
1537 3383 1593 3438 Si
1620 3384 1770 3438 illum
1800 3400 1831 3438 a
1858 3386 2084 3440 mortuis

503 3473 725 3529 rediisse
752 3474 1017 3531 credimus
1035 3517 1049 3542 ,
1093 3490 1189 3530 cur
1217 3490 1316 3531 nos
1353 3476 1517 3531 etiam
1545 3485 1941 3532 resurrecturos
1966 3492 2085 3533 esse

504 3565 905 3637 dubitabimus?
932 3562 1059 3623 cum
1092 3567 1236 3623 dicat
1273 3568 1462 3624 beatus
1490 3568 1776 3639 Apostolus
1809 3587 1822 3621 :
1859 3569 1920 3624 Si
1949 3570 2085 3623 enim

503 3659 693 3711 mortui
714 3675 816 3712 non
837 3668 1127 3730 resurgunt,
1146 3676 1308 3731 neque
1327 3658 1558 3714 Christus
1580 3662 1861 3715 resurrexit
1888 3658 1942 3732 (Ι
1962 3659 2083 3715 Cor.

505 3740 617 3818 xv).
650 3747 785 3803 Cum
813 3764 942 3819 ergo
966 3750 1207 3807 Christus
1234 3752 1617 3817 resurrexerit,
1648 3753 1845 3807 mortui
1871 3767 2088 3821 quoque

505 3841 931 3908 suscitabuntur;
963 3844 1088 3912 quia
1116 3844 1409 3899 resurrexit
1436 3844 1721 3908 Dominus,
1764 3843 2089 3899 reviviscent

506 3950 721 4003 quoque
750 3942 805 3988 et
832 3934 1046 3988 servuli.
1080 3934 1197 4005 lpse
1226 3935 1483 4000 enim,uti
1509 3936 1671 3990 habet
1690 3936 1829 3989 idem
1857 3935 2088 4005 Aposto-

508 4025 611 4089 lus,
643 4032 725 4078 est
751 4026 1136 4094 primogenitus
1164 4043 1233 4082 ex
1260 4027 1504 4083 mortuis.
1551 4026 1945 4094 Primogenitus
1970 4028 2089 4098 qui-

509 4114 629 4168 dem
666 4129 732 4167 cx
770 4116 994 4169 mortuis
1019 4156 1034 4180 ,
1088 4118 1212 4185 quia
1235 4117 1397 4188 484.
1424 4118 1490 4171 ab
1532 4116 1715 4173 inferis
1743 4118 1947 4188 primus
1974 4119 2090 4188 ipse

510 4207 833 4271 resurrexit;
884 4214 939 4260 ct
979 4223 1099 4262 cum
1151 4208 1267 4277 ipso
1303 4212 1658 4280 n'osquoque
1686 4211 1971 4280 aliquando
2000 4227 2089 4266 re-

510 4296 853 4352 surrecturos‘
888 4312 1009 4354 esse
1061 4299 1394 4354 conﬁdimus.
1428 4300 1453 4337 ι)
1500 4299 1692 4357 Totam
1741 4302 1882 4356 enim
1932 4302 2090 4357 tidem

511 4397 750 4443 nostram
797 4389 850 4443 in
901 4391 1350 4458 resurrectionis,
1396 4406 1517 4461 qum
1564 4400 1950 4462 superventura
1987 4402 2088 4459 est,

510 4465 685 4551 gloria
707 4479 965 4538 debemus
988 4497 1251 4553 reponere
1268 4522 1285 4549 ,
1322 4492 1484 4552 atque
1510 4483 1565 4538 in
1592 4482 1767 4537 futura
1788 4483 1955 4552 magis
1982 4484 2090 4538 vita
2118 4481 2167 4540 D

512 4588 733 4644 sperare
776 4575 843 4630 de
874 4575 1120 4632 Domino.
1174 4576 1341 4632 Recte
1385 4591 1515 4645 ergo
1559 4576 1694 4633 dixit
1720 4578 1911 4633 beatus
1940 4577 2086 4647 Apo-

512 4666 721 4720 stolus:
773 4666 904 4737 Spes
948 4684 1060 4738 quae
1110 4668 1307 4723 videtur
1343 4684 1447 4724 non
1485 4677 1563 4722 est
1605 4685 1721 4738 spes
1748 4667 1925 4740 (Rom.
1951 4668 2083 4750 vui).

514 4755 803 4826 Speremus
830 4773 960 4829 ergo
988 4761 1042 4814 in
1068 4768 1268 4816 teterna
1294 4761 1403 4816 vita
1435 4760 1616 4831 (Deest
1641 4762 1725 4816 hic
1746 4761 1867 4833 fol.)

515 4887 690 4943 Habet
715 4891 786 4945 ibi
805 4893 965 4967 lector
993 4857 1275 4967 sermonem
1292 4902 1348 4947 ut
1372 4897 1532 4967 estin
1556 4896 1777 4967 append.
1810 4896 1880 4967 ad
1909 4896 1950 4950 V
1968 4906 2089 4952 tom.

532 4997 536 5001 ς
562 4974 797 5041 operum
831 4961 892 5016 S.
924 4964 1080 5033 Aug.,
1105 4964 1228 5021 edit.
1257 4966 1492 5019 manucla.
1523 4961 1701 5037 coit'gr.
1733 4966 1793 5021 S.
1824 4965 2020 5021 Mauri.

589 5070 808 5127 Retinet
835 5075 1091 5131 sanctitas
1117 5083 1324 5145 vestra,
1361 5077 1584 5144 fratres,
1626 5080 1957 5150 superiorem
1988 5087 2098 5133 tra-

2160 428 2224 482 ad
2245 422 2666 482 confirmandam
2695 422 2850 480 ﬁdem
2872 426 3128 488 omnium,
3151 432 3274 495 post
3286 422 3749 495 resurrectionem

2158 495 2681 577 doininici_corporis
2718 496 2956 576 membra
2984 492 3231 566 palpasse
3258 502 3344 577 et,
3376 493 3443 548 ad
3474 492 3750 577 repellen-

2159 567 2281 622 dam
2328 562 3159 637 amhiguitatemuniversoruin,
3189 565 3482 637 vulnerum
3520 562 3640 631 ejus
3664 562 3751 615 ei»

2161 637 2387 693 catrices
2413 634 2642 692 scrutari
2668 635 2921 691 voluisse.
2966 634 3083 690 Non
3113 635 3255 689 enim
3283 642 3510 704 propter
3534 640 3710 704 setae
3726 661 3747 704 τ

2164 715 2276 762 tum
2304 707 2409 763 hoc
2436 714 2686 776 operatus
2710 713 2796 776 est
2820 706 3011 776 beatus
3034 700 3331 776 apostolus,
3357 700 3454 776 sed
3473 700 3623 776 (ιιιρᾷ
3643 701 3749 776 sibi
3826 756 3841 773 .

2162 778 2347 849 gessit,
2375 772 2582 849 cunctis
2607 775 2851 849 profecit.
2885 775 3015 849 Cum
3044 772 3189 849 enim
3214 772 3751 849 egercmt_sollicitu-

2164 842 2364 911 dinem,
2397 845 2552 901 ﬁdem
2582 842 2818 901 omnium
2840 844 3193 902 conﬁrmavit.
3225 844 3355 911 Quis
3382 844 3530 898 enim
3553 858 3620 897 ex
3644 842 3753 896 hoc

2168 918 2377 972 dubitet
2397 958 2412 984 ,
2462 916 2688 972 rediisse
2734 932 2765 970 a
2804 916 3032 972 mortuis
3058 915 3412 980 Salvatorem,
3442 912 3602 982 cujus
3626 919 3752 981 post

2166 987 2379 1057 inferos
2413 988 2750 1056 praesentiam
2794 986 3298 1057 agnoscatgoculus,
3336 991 3611 1057 Aattrectet
3634 996 3753 1057 rua-

2167 1073 2267 1127 nus
2289 1096 2305 1119 ,
2355 1051 2549 1125 digitus
2595 1051 2998 1127 perscrut'etur?
3043 1055 3296 1127 Quamvis
3319 1051 3755 1127 _igitur_m_odica:

2170 1126 2292 1182 ﬁdei
2320 1122 2481 1182 homo
2503 1168 2518 1193 ,
2549 1122 2793 1198 quamvis
2833 1122 3112 1183 imbecillis
3130 1122 3379 1198 ingenii:
3402 1122 3750 1198 chris_tianus.

2169 1212 2443 1278 nunquam
2487 1191 2911 1278 Sollicitudinem.
2945 1212 3098 1252 suam
3148 1191 3480 1278 inquisitioni
3529 1191 3755 1278 Thema:

2167 1265 2500 1338 aaquiparare
2536 1268 2817 1338 potuisset.
2865 1267 3147 1338 Nunquam
3180 1265 3324 1321 enim
3351 1271 3478 1335 post
3516 1265 3756 1330 agnitio-

2168 1337 2327 1402 nem,
2357 1337 2845 1408 conversationem,
2878 1337 3146 1408 loquelam
3172 1350 3332 1391 ausus
3369 1340 3754 1408 es_set_pet_ere,

2170 1416 2230 1463 ut
2254 1407 2416 1463 etiam
2464 1415 2609 1463 tactu
2653 1406 2922 1462 Christum
2948 1404 3398 1477 'perscrutaretur
3425 1405 3493 1477 in
3514 1404 3753 1466 Christo,

2170 1487 2226 1554 et
2254 1479 2317 1554 in_
2355 1478 2472 1548 ipso
2518 1478 2737 1533 homine
2782 1493 2941 1554 quem
2968 1475 3249 1554 cerneret,
3290 1475 3527 1530 hominis
3555 1487 3758 1554 corpus

2170 1543 2493 1617 inquireret,
2538 1557 2594 1603 et
2628 1543 3078 1604 resurfectionem
3113 1545 3231 1617 ejus
3260 1553 3508 1617 nontam
3528 1543 3759 1617 mirabi-

2174 1613 2306 1672 liuin
2348 1618 2517 1687 gloria
2553 1618 2845 1685 crederet,
2897 1633 3057 1687 quam
3087 1613 3354 1687 passionis
3380 1613 3576 1687 injuria
3605 1627 3760 1687 eom-

2210 1684 2443 1743 robaret.
2477 1686 2709 1743 Thomas
2737 1704 2864 1751 ergo
2894 1684 3013 1743 cum
3045 1684 3191 1743 esset
3215 1684 3466 1751 sanctus,
3502 1684 3679 1739 ﬁdelis
3701 1692 3760 1738 et

2170 1754 2367 1828 justus,
2400 1758 2514 1828 haec
2532 1757 2711 1814 omnia
2738 1754 2963 1828 sollicite
2993 1757 3271 1828 requisivit
3293 1774 3306 1809 :
3325 1771 3445 1828 non
3473 1754 3621 1828 quod
3643 1755 3760 1824 ipse

2175 1825 2375 1898 aliquid
2401 1827 2701 1894 dubitaret,
2731 1827 2830 1884 sed
2860 1836 2916 1898 ut
2948 1825 3164 1898 omnem
3190 1827 3550 1898 suspicionem
3580 1825 3760 1898 inere-

2174 1895 2416 1957 dulitatis
2452 1898 2780 1953 excluderet.
2843 1897 2977 1952 Nam
3018 1895 3302 1954 suffecerat
3348 1897 3424 1950 illi
3471 1896 3545 1951 ad
3595 1895 3758 1948 ﬁdem

2175 1968 2469 2041 propriam,
2498 1968 2695 2024 vidisse
2721 1983 2880 2038 quem
2909 1976 3167 2041 noverat:
3199 1967 3293 2025 sed
3321 1966 3476 2041 nobis
3501 1973 3760 2041 operatus

2176 2035 2373 2100 es'tfut
2398 2046 2682 2107 tangeret,
2730 2035 2890 2108 quem
2932 2038 3181 2093 videbat:
3230 2045 3288 2092 ut
3311 2036 3358 2092 si
3382 2035 3527 2091 forte
3551 2035 3761 2108 dicere

2177 2125 2317 2174 mus,
2348 2105 2561 2186 delusus
2572 2105 2707 2186 esse
2733 2105 2861 2186 ejus
2876 2108 3062 2165 oculos
3076 2148 3108 2186 ,_
3131 2125 3240 2165 non
3267 2121 3554 2186 possemus
3577 2105 3762 2186 dicere.

2178 2196 2370 2235 manus
2399 2179 2540 2234 illius
2567 2179 2729 2235 fuisse
2753 2176 3050 2235 frustratus.
3089 2179 3148 2234 In
3176 2176 3588 2235 resurrectionis
3615 2176 3759 2229 enim

2178 2249 2610 2320 manifestatione
2647 2249 2714 2304 de
2760 2258 2977 2320 aspectu
3018 2250 3213 2319 ambigi
3259 2255 3470 2320 potest,
3509 2248 3764 2320 detactu

2180 2337 2288 2375 non
2337 2327 2519 2390 potest
2561 2315 2837 2374 dubitarif
2864 2318 3106 2390 Constat
3137 2315 3279 2375 enini
3307 2317 3555 2390 veritatis
3578 2315 3763 2390 ipsius

2182 2386 2490 2447 testimonio
2519 2390 2739 2459 rediisse
2768 2391 2837 2445 ab
2868 2390 3053 2444 inferis
3089 2389 3442 2459 Salvatorem.
3479 2386 3623 2459 Quis
3651 2401 3762 2439 non

2181 2478 2332 2532 spem
2361 2477 2511 2532 suam
2535 2460 2589 2516 in
2608 2458 2822 2517 Christo
2842 2460 3104 2532 collocet?
3130 2459 3261 2532 Quis
3286 2475 3394 2532 non
3422 2457 3588 2532 ﬁdem
3608 2471 3763 2510 suam

2181 2528 2346 2604 p'onat
2373 2533 2428 2586 in
2455 2530 2683 2606 Domino
2709 2575 2742 2606 ,Α
2771 2538 2828 2606 u_t
2843 2528 2980 2606 dum
3012 2530 3159 2584 illum
3187 2530 3253 2606 ab
3283 2528 3497 2606 inferis,
3530 2528 3649 2606 ipse
3677 2541 3763 2606 re-

2181 2598 2368 2670 surgat
2409 2618 2441 2656 a
2485 2598 2747 2656 mortuis?
2795 2600 2930 2656 Dicit
2955 2602 3143 2655 beatus
3170 2600 3500 2670 Apostolus:
3539 2598 3604 2651 Si
3625 2598 3761 2670 enin!

2182 2664 2373 2744 mortui
2409 2688 2523 2744 quau
2563 2681 2868 2744 resurgunt,
2901 2664 3338 2744 neque‘Cltristus
3376 2668 3666 2744 resurrexit
3698 2664 3765 2736 (1

2186 2741 2310 2798 Cor.
2337 2742 2449 2812 xv).
2480 2741 2614 2809 Quia
2646 2738 2775 2811 ergo
2802 2738 3034 2812 surrexit
3059 2741 3329 2804 Christus,
3358 2738 3766 2812 suscitabuntur

2186 2821 2242 2867 et
2265 2809 2463 2867 mortui
2499 2830 2510 2864 :
2539 2812 2662 2882 quia
2688 2809 2980 2868 resurrexit
3006 2810 3281 2877 Dominus,
3313 2818 3368 2865 et
3395 2809 3596 2882 servuli
3624 2809 3765 2882 revia

2186 2883 2411 2938 viscent.
2459 2878 2579 2952 Ipse
2608 2883 2749 2937 enim
2779 2889 2919 2953 estL
2940 2882 3079 2936 sicut
3105 2883 3179 2935 ait
3211 2880 3527 2953 Apostolus,
3559 2878 3765 2948 primo—

2184 2953 2396 3023 genitus
2441 2949 2509 3007 ex
2557 2953 2803 3009 mortuis.
2868 2950 3018 3023 Sicut
3064 2952 3207 3023 enim
3240 2949 3327 3023 est
3366 2949 3508 3023 apud
3537 2964 3765 3023 superos

2187 3018 2329 3078 idem
2356 3022 2744 3093 primogenitns
2778 3023 2841 3093 in
2890 3021 3071 3093 multis
3099 3018 3479 3093 fratribus,_ita
3502 3028 3554 3073 et
3581 3018 3760 3093 abin-

2108 3106 2153 3169 C
2185 3092 2313 3148 feris
2358 3088 2445 3169 est
2484 3088 2878 3169 primogenitus
2924 3106 2991 3145 ex
3035 3091 3313 3169 defunctis.
3343 3088 3766 3169 ⁸Ριιξιιιοεεξιιὶιιιε

2187 3172 2366 3218 autem
2394 3158 2590 3218 dicitur
2608 3158 2751 3231 quis,
2781 3177 2849 3216 ex
2867 3176 2933 3215 eo
2960 3161 3103 3230 quod
3124 3161 3388 3217 secuturis
3414 3161 3533 3215 aliis
3562 3158 3767 3231 primus

2189 3234 2443 3303 gignitur,
2473 3249 2542 3287 ex
2587 3230 2780 3303 interni
2810 3232 3044 3303 tenebris
3070 3233 3125 3285 in
3152 3234 3326 3291 lucem
3353 3230 3768 3303 resurrectionis

2189 3300 2371 3373 partus
2399 3303 2661 3373 ediderit,
2691 3301 2882 3357 Partus
2928 3302 3079 3357 enim’
3097 3303 3352 3361 dicendus
3372 3310 3491 3373 est,
3523 3300 3616 3354 ubi
3640 3314 3769 3373 per-

2186 3371 2483 3449 mutatione
2529 3372 2759 3449 quadam
2806 3373 2981 3449 anima
3035 3374 3219 3427 tartari
3264 3371 3762 3449 legibusmoritur,

2187 3453 2247 3497 ut
2275 3443 2512 3499 redivivo
2542 3444 2784 3512 corporis
2814 3443 2929 3498 usui
2955 3452 3284 3498 renascatur.
3327 3441 3594 3512 Nativitas
3620 3441 3765 3512 enim

2186 3514 2596 3583 resurrectionis
2624 3508 2767 3581 apud
2789 3528 3039 3583 superos,
3071 3529 3217 3567 mors
3243 3511 3486 3582 quaedam
3514 3518 3600 3583 est
3628 3508 3765 3583 infe-

2187 3599 2390 3639 rorum.
2428 3582 2579 3637 Unde
2626 3580 2739 3652 ipsa
2778 3580 3170 3653 morsmortem
3198 3580 3598 3653 quodammodo
3620 3580 3767 3653 pati-

2191 3661 2293 3715 tur,
2325 3654 2448 3708 dum
2484 3654 2534 3707 ei
2574 3653 2628 3707 in
2645 3650 2817 3707 vitam
2843 3650 3523 3708 defunctorummultitudo
3551 3651 3766 3712 subtra-

2188 3724 2350 3778 hitur.
2406 3722 2536 3776 Nam
2578 3722 2716 3778 sicut
2741 3723 2929 3779 beatus
2958 3723 3245 3792 Apostolus
3266 3722 3395 3777 dicit
3416 3718 3765 3792 {Novissima

2190 3804 2360 3849 autem
2402 3794 2613 3848 inimica
2653 3793 2937 3848 destruetur
2986 3791 3125 3847 mors
3171 3792 3382 3862 (lbid.).
3432 3791 3499 3846 Et
3529 3792 3760 3862 iterum:

2189 3864 2443 3935 Absorpta
2465 3872 2542 3918 est
2566 3880 2704 3935 mors
2730 3865 2784 3916 in
2805 3865 3015 3935 victoria
3037 3860 3255 3935 _(Ibid.).
3286 3860 3421 3935 Cum
3446 3877 3577 3935 ergo
3602 3860 3764 3915 absu-

2190 3932 2364 3989 mitur
2408 3949 2553 3989 mors
2597 3934 2652 3988 in
2707 3934 2928 3988 victoria
2954 3974 2968 3996 ,
3012 3932 3333 4001 defectionis
3377 3932 3613 4001 quadam
3655 3944 3767 3985 sua:

2190 4004 2557 4060 internecione
2582 4003 2890 4060 destruitur.
2922 3999 3287 4059 Defectionem
3318 3999 3497 4058 autem
3543 4000 3761 4070 patitur,

2191 4089 2311 4145 cum
2358 4083 2596 4144 potestas
2642 4073 2755 4142 ejus
2801 4074 3008 4145 cunctis
3030 4073 3448 4145 ,resurgentibus
3490 4080 3764 4145 vacuatur.

2192 4140 2483 4199 Videamus
2529 4140 2707 4198 autem
2754 4144 2880 4213 quid
2907 4145 3004 4206 sit,
3030 4140 3177 4212 quod
3205 4140 3308 4207 ait,
3351 4151 3582 4213 mortem
3607 4140 3662 4194 in
3691 4140 3767 4193 vi—

2191 4216 2364 4270 ctoria
2392 4230 2510 4270 esse
2542 4212 2932 4284 consumptam.
2964 4213 3304 4284 Consumpta
3331 4222 3415 4284 est
3435 4212 3595 4284 plane
3622 4225 3767 4284 mors

2193 4285 2247 4337 in
2276 4285 2497 4342 victoria
2525 4301 2620 4340 sua
2647 4327 2663 4352 ,
2701 4280 2826 4340 dum
2854 4283 3123 4339 Christum
3152 4280 3343 4338 inferni
3371 4282 3580 4352 legibus
3604 4280 3769 4352 subji.

2194 4354 2339 4424 ciens
2363 4397 2376 4420 ,
2428 4354 2539 4424 ipsa
2585 4371 2675 4418 se,
2705 4370 2823 4409 cum
2853 4370 2976 4409 eum
3002 4354 3160 4421 vicit,
3191 4354 3388 4424 obruit.
3418 4351 3477 4407 [ιι
3506 4364 3574 4408 eo
3602 4351 3766 4424 enim,

2194 4423 2383 4493 inquo
2412 4421 2588 4489 illum,
2618 4438 2777 4493 quem
2802 4440 2863 4479 se
2889 4439 3170 4494 superasse
3196 4423 3479 4494 credebat,
3508 4421 3764 4494 possedit.

2194 4490 2357 4558 abeo
2384 4496 2523 4550 victa
2548 4490 2669 4559 est]
2720 4510 2840 4549 cum
2881 4490 3193 4549 resurrexit.
3243 4492 3434 4547 Totam
3455 4490 3588 4561 ergo
3614 4490 3770 4545 ﬁdem

2194 4573 2431 4620 nostram
2481 4565 2532 4619 in
2562 4565 2970 4619 resurrectionis
2998 4565 3167 4632 gloria
3194 4564 3463 4618 collocare
3490 4562 3769 4632 debemus,

2195 4644 2251 4690 et
2277 4634 2333 4689 in
2360 4634 2533 4689 futura
2558 4635 2732 4703 magis
2763 4634 2869 4689 vita
2897 4631 3116 4704 sperare
3136 4632 3204 4688 de
3231 4633 3491 4704 Domino.
3511 4631 3603 4688 Sic
3628 4631 3771 4686 enim

2197 4708 2273 4760 ait
2300 4706 2490 4774 beatus
2520 4702 2841 4774 Apostolus;
2897 4702 3027 4774 Spes
3064 4713 3235 4757 autem
3260 4719 3373 4773 qua:
3406 4702 3625 4766 videtur,
3666 4718 3769 4774 non

2159 4807 2170 4822 ι
2196 4785 2274 4830 est
2297 4792 2410 4845 spes
2437 4772 2612 4845 (Rom.
2643 4772 2866 4845 vui).Aln
2894 4773 3071 4828 futura
3100 4774 3260 4842 igitur
3277 4772 3391 4827 vita
3416 4788 3696 4842 speremus
3715 4772 3771 4826 in

2198 4843 2463 4907 Domino,
2507 4859 2627 4913 qua:
2670 4843 2840 4900 solida
2887 4852 3006 4908 est,
3055 4851 3227 4913 atque
3244 4851 3503 4913 perpetua
3534 4859 3547 4893 :
3580 4852 3636 4895 ut
3661 4858 3771 4896 non

2197 4910 2615 4969 miserabiliores
2641 4914 2847 4968 cunctis
2880 4910 3186 4968 hominibus
3202 4910 3227 4978 ,⁷
3245 4910 3359 4967 sed'
3374 4912 3627 4966 meliores
3653 4926 3773 4966 esse

2196 4985 2503 5056 possimus;
2546 4999 2642 5055 per
2686 4983 2971 5056 Dominum
2994 4991 3250 5056 nostrum
3272 4980 3772 5056 JesumChristum,

2199 5052 2291 5125 qui
2316 5054 2446 5108 vivit
2471 5062 2527 5109 et
2546 5052 2741 5127 regnat
2769 5054 2823 5107 in
2850 5052 3044 5109 smcula
3071 5052 3410 5119 seculorum.
3443 5054 3633 5107 Amen.

1840 5190 2108 5251 SERMO
2149 5188 2451 5251 XXXIII.

1628 5290 1707 5345 De
1736 5290 1913 5346 eadem
1942 5289 2217 5343 Paschatis
2240 5286 2559 5344 solemnitate
2592 5284 2656 5339 V.

1950 5378 2341 5436 ADMONITIO.

587 5470 741 5529 Hunc
767 5486 1069 5531 sermonem
1090 5475 1326 5531 nondum
1346 5476 1565 5541 editum,
1596 5489 1629 5529 e
1657 5473 1841 5530 codice
1860 5474 2130 5544 prioratus
2168 5473 2237 5528 de
2275 5473 2548 5544 Appannis
2583 5474 2913 5544 exscriptum
2938 5513 2954 5540 ,
2998 5487 3140 5530 nunc
3175 5472 3408 5544 primum
3436 5472 3660 5529 damus.
3682 5470 3772 5528 Sic

594 5632 620 5661 ⁸
656 5623 790 5697 Cod.
824 5625 1040 5697 Taurin.
1063 5670 1078 5695 ,
1115 5628 1263 5681 Unde
1301 5628 1395 5681 etsi
1442 5628 1637 5682 modice
1674 5627 1796 5697 ﬁdei
1818 5626 1967 5680 homo
2001 5628 2113 5693 sit,‘

508 5686 753 5767 :q’lmmut's
777 5696 1061 5752 imbecillis.

2266 5626 2291 5665 δ
2334 5628 2465 5701 Cod.
2492 5628 2740 5701 fTaurin.,
2775 5628 2956 5685 Totam
2994 5634 3125 5685 enim
3161 5631 3317 5701 [idem
3353 5642 3585 5688 nostram
3613 5632 3669 5686 in
3694 5645 3787 5697 re:

2195 5700 2557 5765 surreclionis,
2590 5717 2705 5771 qua
2732 5710 3093 5771 superuentura
3118 5700 3211 5769 est,
3237 5702 3406 5775 gloria
3436 5702 3671 5761 debemus
3686 5717 3749 5759 re
