4052 6330
248 324 336 381 601

1613 323 1840 378 SERMO
1878 323 2110 381 XXXIV.

3393 328 3502 389 603

246 418 1231 528 angnia.Ae2230dicelin-setjptnsfst
1254 432 1637 528 titulis-tie
1673 424 2080 528 i’ascha‘sermo
2118 438 2262 528 Xli.
2314 440 2451 528 Cum
2479 415 2956 528 vero‘perbrevem.
2983 446 3229 528 quidem,
3248 448 3343 504 sed
3372 462 3499 528 εζητ

248 502 686 587 veni'senteutiis.
717 519 749 559 a
796 502 1028 558 Maximo
1070 503 1233 587 fuisse
1274 504 1635 587 perscriptum
1672 522 1780 562 non
1817 514 2058 565 vetustas
2102 511 2264 567 modo
2312 520 2474 582 atque
2510 502 2801 578 auctoritas
2840 502 3040 587 codicis
3079 502 3357 587 ejusdem,
3373 502 3499 577 "56a

250 575 410 646 stylus
440 574 603 630 etiam
635 572 792 643 plane
816 582 1206 629 commonstrat
1234 572 1397 644 atque
1419 572 1601 630 etﬁcit.

247 692 399 769 5.85
431 694 821 769 Anconem-un.
844 691 1165 769 —_Christus
1187 710 1220 746 a
1248 694 1460 747 mortuis
1482 692 1730 769 rediuivus
1757 710 1813 748 se
1842 699 1892 756 Λ
1923 695 2094 753 ﬁdelis
2142 697 2371 769 populus
2421 698 2612 755 futura:
2656 703 3066 759 resurrectionis
3092 702 3331 758 adinstar
3360 705 3501 760 nivei

310 760 474 831 ipsum
520 760 738 830 praebuit
780 763 1055 833 imaginem
1106 771 1297 817 nostra
1344 763 1728 833 resurrectionis
1770 772 1817 818 et

312 832 694 895 ratovationis,
733 847 847 903 qua:
889 831 954 903 ﬁt
983 835 1037 887 iu
1079 833 1349 903 baptismo.
1390 831 1740 899 Exsultemus,
1765 843 1822 887 ut

314 919 429 955 cum
450 903 563 971 ipso
595 901 841 972 regnante
879 901 1138 973 (mtemur,
1183 903 1229 957 si
1274 901 1338 956 ab
1366 903 1529 973 ipsius
1573 902 1678 973 ﬁde
1714 904 1821 957 vita

242 1000 249 1009 ο
314 989 508 1045 quoque
532 981 708 1026 nostra
726 989 831 1027 non
852 972 1122 1044 discrepet.

315 1151 585 1208 Hodierna
630 1152 895 1223 paschalis
941 1153 1255 1209 solemnitas
1281 1194 1296 1220 ,
1346 1158 1497 1207 tanto
1525 1150 1622 1209 Dei
1651 1152 1821 1208 nostri

244 1253 557 1302 consecrata
602 1245 889 1315 mysterio,
913 1243 1193 1299 dominica:
1221 1242 1628 1299 resurrectionis
1655 1243 1823 1297 virtu-

245 1345 369 1401 tem,
403 1344 457 1391 et
482 1351 580 1407 per
608 1336 831 1404 angelos
860 1335 1074 1400 indicat,
1108 1343 1268 1406 atque
1292 1347 1388 1407 per
1409 1335 1682 1406 apostolos
1708 1351 1824 1392 ma-

243 1425 489 1493 nifestat,
528 1433 583 1480 et
620 1440 716 1496 per
741 1427 992 1482 universa
1023 1425 1354 1483 credentium
1382 1426 1543 1483 corda
1569 1429 1825 1497 perennia

243 1520 382 1575 bona
412 1518 753 1588 multiplicat.
798 1518 898 1574 Hic
944 1533 1073 1587 ergo
1119 1526 1202 1574 est
1228 1519 1343 1575 dies
1369 1534 1530 1589 quem
1558 1519 1684 1576 fecit
1712 1520 1814 1576 Do-

242 1612 421 1667 minus
442 1649 458 1674 ,
503 1611 643 1665 sicut
669 1610 892 1666 audistis
914 1649 928 1675 ,
972 1612 1178 1667 cunctis
1206 1611 1420 1679 celsior,
1453 1612 1681 1669 lucidior
1709 1612 1827 1667 uni-

242 1702 431 1768 versis,
482 1701 536 1756 in
581 1715 691 1771 quo
749 1702 1009 1759 Dominus
1053 1713 1237 1759 noster
1279 1704 1348 1759 ab
1389 1701 1574 1759 inferis
1616 1703 1826 1760 devicta

239 1800 415 1848 morte
443 1793 707 1860 surrexit;
740 1793 792 1848 in
822 1809 930 1863 quo
957 1794 1060 1849 sibi
1086 1809 1280 1850 novam
1309 1795 1547 1864 plebem,
1583 1801 1641 1849 ut
1667 1795 1818 1851 vide-

241 1886 324 1948 tis,
360 1893 554 1941 sancto
583 1886 1003 1954 regenerationis
1029 1887 1221 1957 spiritu
1247 1887 1350 1943 sibi
1377 1887 1733 1959 conquisivit;
1770 1888 1826 1943 in

238 1992 343 2047 quo
376 1975 707 2045 singulorum
752 1976 948 2032 mentis
976 1976 1173 2048 gaudio
1220 1985 1276 2033 et
1309 1978 1671 2035 exsultatione
1697 1994 1823 2051 per-
1870 2017 1874 2021 -

1926 789 2009 845 sui
2053 790 2353 860 splendoris
2399 793 2633 849 candore
2685 793 2977 852 Ecclesium
3010 795 3262 853 lietiﬁcat.
3294 796 3504 855 Gratias

1923 894 2052 950 ergo
2085 864 2311 936 Domi’no
2338 889 2526 938 nostro
2555 898 2714 954 agere
2740 884 3021 954 debemus,
3055 902 3190 957 quos
3219 887 3343 942 dum
3374 904 3499 942 san-

1924 974 1996 1029 cti
2047 972 2264 1030 Pascha:
2311 975 2751 1046 gloriosissimam
2808 978 3201 1037 solemnitatem
3255 979 3500 1045 colimus,

1923 1069 2333 1125 resurrectionis
2354 1111 2368 1136 ,
2418 1085 2538 1142 qua:
2568 1052 2744 1124 futura
2775 1079 2887 1137 est,
2918 1070 3151 1143 speciem
3177 1072 3290 1143 jam
3320 1074 3505 1130 videa-

1923 1175 2062 1215 mus.
2093 1159 2225 1215 Nam
2249 1178 2368 1216 cum
2399 1162 2452 1218 in
2474 1160 2649 1218 futura
2672 1164 2850 1219 saeculi
2870 1164 3028 1235 hujus
3045 1160 3505 1225 consummatione

1925 1251 2231 1307 universum
2260 1266 2541 1323 resurgere
2564 1254 2760 1309 debeat
2789 1255 3079 1312 humanum
3118 1271 3319 1326 genus,
3364 1273 3507 1313 nunc

1920 1341 2031 1414 jam
2062 1342 2117 1397 in
2143 1344 2409 1414 baptismo
2439 1361 2469 1399 a
2496 1346 2732 1417 peccatis
2758 1346 2825 1401 ad
2853 1347 3018 1402 vitam
3045 1350 3292 1418 resurgit.
3322 1349 3506 1407 Susci-

1926 1434 2127 1489 tabitur
2156 1436 2409 1519 tunc’Dci
2430 1438 2658 1507 populus
2685 1446 2808 1510 post
2849 1454 3098 1510 soporem
3120 1481 3135 1506 ,
3166 1440 3505 1499 suscitabitur

1927 1530 2055 1579 tunc
2099 1533 2224 1594 post
2252 1524 2659 1595 inﬁdelitatem,
2711 1545 2742 1583 a
2785 1530 2999 1585 mortali
3047 1538 3172 1586 tunc
3198 1531 3506 1588 liberabitur

1926 1614 2273 1683 conditione,
2324 1634 2465 1674 nunc
2514 1619 2580 1674 ab
2612 1621 2961 1690 ignorantiae,
3008 1638 3113 1692 qua
3150 1622 3507 1693 detinebatur,

1928 1706 2475 1775 eximitur'caecitate,
2511 1720 2826 1767 renascetur
2867 1721 2994 1768 tunc
3035 1713 3103 1767 ad
3130 1714 3505 1781 aeternitatem,
3554 1778 3557 1783 λ

1928 1796 2165 1851 nascitur
2194 1814 2335 1854 nunc
2363 1799 2428 1854 ad
2456 1800 2704 1856 salutem.
2736 1801 3001 1858 laetemur
3021 1819 3170 1874 ergo,
3204 1805 3424 1871 fratres,
3456 1814 3509 1863 et

1929 1892 2259 1948 exsultemus
2283 1896 2336 1948 in
2367 1894 2467 1949 hac
2492 1894 2597 1960 die,
2628 1895 2681 1950 in
2705 1910 2809 1965 qua
2836 1895 3093 1952 Dominus
3122 1890 3306 1955 noster
3330 1914 3510 1953 resur-

1929 1994 2059 2049 gens
2085 1982 2291 2039 cunctis
2318 1999 2505 2054 pacem
2533 1984 2730 2051 intulit,
2754 1992 2993 2056 optatam
3015 1987 3264 2043 omnibus
3283 1988 3511 2043 salutem

238 2066 433 2121 fundit.
479 2064 578 2121 Hic
615 2081 745 2137 ergo
773 2066 888 2122 dies
910 2066 1109 2124 Christi
1138 2070 1547 2125 resurrectionis
1572 2077 1829 2126 aeternam
1858 2075 1907 2135 B
1931 2072 2139 2128 detulit.
2192 2073 2458 2129 laetemur
2493 2075 2615 2145 quia
2644 2076 2822 2143 ilium,
2858 2078 2951 2147 qui
2978 2094 3078 2148 pro
3109 2079 3315 2134 cunctis
3338 2078 3511 2134 fuerat
3545 2082 3569 2098 ’

237 2156 509 2214 defunctis
532 2158 694 2213 vitam
712 2199 728 2223 ,
759 2165 1000 2228 optatam
1021 2160 1406 2232 peccatoribus
1429 2160 1636 2215 veniam
1653 2202 1668 2227 ,
1706 2176 1831 2216 san-

239 2250 338 2304 ctis
372 2263 505 2304 vero
535 2249 1033 2305 immarcescibilem
1062 2249 1245 2306 tribuit
1271 2250 1517 2321 gloriam.
1545 2249 1667 2305 Sua:
1685 2252 1828 2307 enim

237 2339 556 2409 Operatione
585 2339 803 2396 virtutis
832 2340 900 2396 de
929 2341 1191 2409 terrenis,
1238 2342 1431 2412 quibus
1471 2342 1826 2410 adluuremus,

234 2445 332 2485 nos
361 2429 629 2496 suscitat,
680 2431 734 2486 in
775 2430 1005 2487 excelsis
1045 2431 1113 2486 ad
1149 2446 1271 2501 qua:
1295 2431 1516 2488 tendere
1543 2432 1820 2501 debemus,

234 2538 457 2593 semper
486 2538 585 2578 nos
611 2523 862 2591 collocat,
888 2523 1064 2592 j'ustos
1090 2524 1145 2579 in
1174 2539 1270 2580 sua
1298 2524 1500 2594 pietate
1527 2527 1821 2594 construit;

233 2612 284 2668 in
314 2615 412 2669 via
433 2614 621 2670 salutis
648 2615 842 2672 dubios
868 2615 1173 2684 conﬁrmat,
1203 2626 1427 2672 cunctos
1449 2633 1580 2673 vero
1602 2616 1828 2673 damnat

233 2694 565 2763 incredulos.
621 2707 703 2763 Ad
749 2710 853 2765 hoc
900 2709 1044 2765 enim
1092 2708 1339 2765 Christus
1378 2709 1638 2765 Dominus
1664 2710 1828 2767 hodie

232 2798 536 2854 resurrexit
578 2813 610 2853 a
647 2800 904 2866 mortuis,
941 2808 1001 2855 ut
1042 2798 1231 2854 futurae
1258 2801 1665 2857 resurrectionis
1692 2801 1827 2857 ima-

234 2892 443 2966 ginem,
476 2890 827 2965 lgsemtque
854 2891 978 2949 ideo
1018 2892 1280 2949 hodierna
1318 2892 1406 2949 die
1430 2894 1579 2949 vitali
1609 2895 1826 2952 lavacro

1931 2173 2211 2234 mortuus,
2245 2164 2361 2235 jam
2391 2166 2537 2221 illum
2568 2168 2931 2223 resurrexisse
2958 2168 3217 2225 videmus.
3268 2169 3513 2227 Exsulta.

1931 2276 2070 2324 mus,
2100 2259 2224 2330 quia
2255 2259 2401 2314 illum
2428 2259 2542 2329 jam
2568 2259 2634 2319 ad
2664 2258 2838 2317 Patris
2874 2262 3149 2318 dexteram
3178 2263 3368 2319 sedere
3397 2278 3512 2319 cre-

1931 2350 2126 2405 dimus.
2160 2334 2502 2407 Exsultemus
2523 2352 2704 2421 igitur,
2731 2361 2894 2422 atque
2910 2352 3169 2420 laetemur,
3194 2362 3513 2422 resurgente

1931 2441 2176 2506 Domino,
2206 2450 2263 2496 ut
2286 2442 2560 2522 possimus
2581 2459 2700 2498 cum
2723 2443 2839 2514 ipso
2858 2452 3126 2514 regnante
3150 2443 3511 2512 lmtarisQuod

1931 2532 2146 2603 quidem
2180 2534 2488 2591 misericors
2522 2535 2639 2604 ipse
2667 2536 2940 2605 praestabit
2959 2576 2973 2602 ,
3006 2535 3051 2591 si
3080 2526 3245 2590 vitam
3273 2545 3513 2591 nostram

1933 2638 2057 2678 vera
2091 2639 2197 2679 non
2229 2631 2435 2680 tantum
2464 2625 2596 2681 ﬁdes
2621 2626 2857 2694 muniat,
2900 2626 2995 2683 sed
3023 2635 3082 2682 ut
3108 2626 3176 2681 ab
3213 2626 3380 2697 ipsius
3408 2626 3513 2684 ﬁde

1931 2712 2041 2767 vita
2069 2728 2285 2783 quoque
2328 2723 2508 2770 nostra
2563 2731 2670 2772 non
2710 2717 2995 2787 discrepet.
3034 2716 3196 2771 Bona:
3225 2717 3385 2785 igitur
3410 2732 3512 2771 no-

1931 2811 2054 2859 stra:
2078 2805 2501 2863 conversationis
2528 2808 2835 2878 exemplum
2863 2807 3072 2863 cunctis
3099 2806 3383 2865 ostendere
3407 2815 3515 2864 stu-

1931 2897 2173 2954 deamus.
2205 2895 2456 2971 Explicit.

1571 3007 1840 3069 SERMO
1883 3008 2187 3073 XXXIV.

1339 3106 1417 3161 De
1448 3107 1625 3162 eadem
1655 3107 1930 3163 Paschatis
1958 3109 2285 3167 solemnitate
2321 3111 2414 3167 VI.

1683 3220 2073 3278 ADMONITIO.

306 3313 402 3388 Ab
439 3312 655 3383 optimis
702 3312 1009 3388 archetypis
1033 3290 1336 3388 exscriptos
1364 3328 1485 3368 esse
1514 3328 1793 3368 sermones
1840 3313 1897 3369 S.
1929 3315 2185 3388 Maximi,
2218 3317 2309 3388 qui
2357 3317 2416 3388 in
2460 3316 2734 3388 codicibus
2769 3315 3078 3388 §ubalpinis
3115 3318 3381 3388 leguntur,
3403 3317 3514 3385 jam

234 3384 478 3457 vidimus
496 3400 527 3457 ;_
548 3383 936 3457 cognosciun
950 3383 1160 3457 plenius
1202 3398 1269 3437 ex
1308 3398 1557 3457 sermone
1584 3390 1765 3457 potest
1786 3423 1828 3457 ,_
1850 3400 2009 3457 quem
2049 3387 2150 3441 hoc
2180 3383 2329 3457 num.
2355 3384 2427 3457 54
2444 3386 2727 3457 edidimus.
2768 3383 2957 3457 Exstat
2979 3386 3032 3439 in
3057 3383 3331 3457 codicibus
3350 3383 3514 3457 supra

234 3451 480 3524 laudatis
499 3454 566 3509 de
593 3451 867 3524 Appannis
894 3451 973 3507 De
1000 3451 1260 3524 Paschate
1290 3469 1444 3524 num.
1474 3452 1507 3505 6

1575 3465 1629 3506 et
1651 3453 1987 3526 _Taurinensi
2014 3472 2166 3513 num.
2193 3458 2246 3512 7.
2286 3455 2485 3511 Confer
2511 3456 2653 3511 hunc
2678 3472 2800 3511 cum
2829 3455 2975 3511 edito
3006 3471 3037 3509 a
3066 3455 3321 3511 Maurinis
3345 3456 3398 3511 in
3422 3453 3514 3526 sp-

499 3494 755 3580 EEl-mT’s.
790 3494 1069 3593 Augustini
1097 3539 1246 3578 num.
1274 3522 1406 3591 -165,
1434 3523 1485 3577 in
1514 3494 1720 3578 i’ascha
1750 3523 1814 3589 7;
1844 3539 2007 3593 quem
2037 3527 2104 3581 ad
2130 3495 2332 3583 calcem
2371 3525 2530 3596 hujus
2556 3526 2719 3598 legito
2737 3568 2752 3593 ,
2782 3526 2827 3580 si
2847 3540 3176 3597 cognoscere
3198 3494 3516 3591 varietatem

235 3597 401 3652 velis.

235 3687 640 3744 Ancuuexruu.
665 3722 734 3731 —
754 3686 943 3742 Christi
960 3686 1168 3760 Domini
1190 3689 1469 3760 gloriosam
1498 3687 1834 3760 resurrectio-
1862 3691 1910 3754 C
1940 3690 2127 3746 rientis
2155 3689 2555 3746 demonstratur
2583 3690 2872 3746 nascitura.
2904 3689 2962 3744 ln
2991 3689 3116 3745 Adae
3144 3688 3322 3745 aut'em
3349 3689 3515 3760 evigi-

310 3777 434 3813 nem
485 3760 696 3813 diversis
738 3761 793 3829 in
821 3758 1001 3829 ﬁguris
1048 3757 1241 3829 Veteris
1294 3756 1609 3829 Testameuti
1649 3760 1864 3826 prmia

312 3840 535 3900 gnatam
564 3825 956 3900 comprobat}.
992 3828 1289 3896 episcopus;
1321 3825 1523 3880 Christo
1544 3843 1635 3895 per
1651 3825 1838 3881 omnia

310 3897 514 3954 similes
538 3942 551 3963 ,
602 3897 790 3971 inquit,
818 3897 1125 3971 efﬁciamur,
1174 3905 1230 3948 ut
1275 3905 1325 3949 et
1364 3913 1457 3951 uos
1498 3913 1835 3967 appareamus

312 3987 437 4025 cum
468 3970 580 4041 ipso
602 3968 880 4040 ingloria.

312 4063 536 4130 Insigne
575 4060 706 4116 illud
752 4067 809 4115 et
836 4058 1158 4124 maximum,
1192 4058 1409 4124 fratres,
1441 4058 1723 4114 dominica:
1751 4074 1838 4115 re-

230 4153 601 4213 surrectionis
645 4158 1067 4219 sacramentum,
1106 4151 1250 4222 quod
1289 4151 1470 4207 divina
1499 4151 1836 4222 providentia

228 4248 421 4308 etiam
467 4245 521 4300 in
568 4244 875 4301 Iudaeorum
904 4245 1222 4301 venerandis
1249 4244 1641 4311 voluminibus,
1672 4244 1836 4299 variis

230 4353 436 4398 rerum
489 4336 667 4407 ﬁguris
689 4379 703 4403 ,
752 4343 1168 4408 sanctorumque
1213 4337 1596 4408 prophetarum
1643 4335 1836 4391 divinis

230 4430 425 4489 voluit
453 4431 829 4499 praesignatnm
857 4430 1125 4505 oraculis,
1176 4428 1438 4490 hodierna
1484 4428 1572 4484 die
1625 4428 1836 4485 devotis

174 4524 185 4533 ’
232 4522 449 4581 animis
492 4521 840 4577 celebramus.
890 4520 998 4576 Cur
1034 4528 1215 4577 autem
1245 4522 1311 4577 ab
1340 4521 1504 4590 ipsius
1529 4519 1713 4575 mundi
1740 4536 1840 4575 na-

229 4612 453 4673 scentis
480 4611 729 4675 exordio,
778 4620 940 4682 atque
972 4596 1106 4666 alias
1140 4611 1195 4665 in
1222 4610 1393 4666 veteri
1417 4610 1535 4680 lege
1561 4610 1763 4680 pluries
1785 4609 1839 4665 id

230 4705 397 4761 Deus
428 4700 823 4773 pnnﬁguratum
850 4701 1099 4765 voluerit,
1130 4700 1274 4755 nulla
1304 4700 1410 4756 alia
1434 4715 1502 4754 ex
1526 4715 1686 4755 causa
1715 4698 1837 4766 fuit,

230 4794 348 4851 nisi
397 4800 459 4845 ut
495 4789 802 4846 ostenderet
840 4788 985 4859 quod
1012 4805 1109 4859 per
1142 4789 1379 4858 singulas
1401 4788 1583 4844 mundi
1612 4788 1839 4844 labentis

229 4893 446 4941 aetates
490 4882 729 4937 omnium
772 4896 896 4951 spes
939 4888 1246 4936 sanctorum
1286 4881 1355 4934 ad
1389 4880 1537 4934 illum
1583 4878 1847 4951 continuo

230 4977 431 5035 solum
460 4972 742 5039 tenderet,
791 4972 883 5043 qui
927 4981 1009 5028 est
1050 4971 1381 5043 exspectatio
1422 4971 1659 5026 omnium
1705 4985 1837 5040 gen--

1942 3782 2103 3837 lantis
2131 3790 2255 3838 actu
2284 3781 2497 3838 Domini
2527 3782 2695 3837 nostri
2723 3798 2753 3837 a
2783 3790 2957 3838 morte
2985 3782 3311 3853 ﬁgurabatur
3334 3798 3517 3839 resur-

1937 3877 2130 3932 rectio.
2159 3876 2217 3932 In
2246 3875 2358 3932 Noe
2380 3892 2512 3932 vero
2536 3919 2551 3945 ,
2585 3876 2678 3946 qui
2706 3877 2759 3931 in
2789 3891 2955 3946 opere
2982 3890 3121 3931 arae
3149 3890 3215 3930 ex
3245 3875 3361 3946 ipso
3383 3890 3517 3944 quo-

1938 3983 2043 4038 que
2062 3969 2145 4024 sui
2172 3969 2390 4025 nomine
2408 3969 2651 4039 requiem
2679 3968 2735 4023 in
2759 3969 2958 4024 sanctis
2986 3964 3265 4039 signiﬁcat,
3292 3980 3358 4021 eo
3376 3964 3529 4051 quod

1938 4052 2082 4116 essét
2109 4060 2343 4130 agricola
2385 4068 2546 4131 atque
2575 4061 2784 4116 vineam
2822 4061 3173 4131 plantaverat,
3205 4067 3262 4113 et
3285 4057 3396 4113 vini
3418 4074 3519 4128 po-

1938 4153 2061 4208 culo
2090 4154 2385 4209 inebriatus
2414 4154 2466 4208 in
2490 4168 2590 4209 suo
2615 4154 2686 4209 sit
2705 4153 3004 4209 denudatus
3029 4152 3353 4217 habitaculo,
3377 4150 3520 4221 ejus-

1939 4243 2062 4317 dem
2104 4242 2483 4314 Redemptoris
2530 4242 2701 4298 nostri
2752 4241 2915 4312 ﬁgura
2966 4247 3402 4311 repraesentatur,
3430 4238 3521 4307 qui

1939 4333 2301 4407 lacrymabilis
2346 4334 2611 4404 passionis
2657 4349 2768 4389 suae
2816 4334 3076 4404 sanguine
3121 4330 3257 4386 adeo
3294 4337 3377 4385 est
3409 4329 3521 4384 ine-

1937 4423 2164 4489 briatns,
2196 4425 2329 4479 utin
2361 4425 2477 4494 ipso
2503 4424 2587 4479 sui
2616 4424 2858 4493 corporis
2878 4422 3189 4477 indumento
3217 4420 3285 4474 ad
3315 4429 3521 4488 tempus

1938 4516 2009 4571 sit
2037 4515 2364 4581 denudatus;
2396 4515 2451 4569 in
2479 4512 2876 4569 resurrectione
2903 4521 3082 4566 autem
3110 4526 3206 4565 sua
3236 4508 3519 4576 evigilans,‘

1940 4606 2063 4673 illis,
2094 4614 2257 4677 prout
2282 4586 2415 4668 Noe,
2447 4606 2539 4675 qui
2564 4605 2821 4675 mysterio
2850 4602 3157 4674 passionem
3184 4600 3328 4656 illius
3356 4615 3522 4659 vene-

1941 4707 2108 4764 ratur,
2140 4698 2444 4765 benedixit,
2473 4697 2779 4753 irrisoribns
2806 4703 2984 4750 autem
3012 4694 3154 4749 illius
3180 4691 3330 4749 dedit
3355 4692 3523 4748 male-

1939 4789 2247 4845 dictionem.
2283 4788 2446 4857 Virga
2479 4802 2695 4858 quoque
2722 4786 2809 4841 illa
2839 4784 3037 4858 Moysis
3054 4824 3071 4852 ,
3098 4798 3218 4854 quae
3244 4784 3297 4838 in
3323 4791 3522 4841 terram

1941 4881 2179 4951 projecta
2208 4879 2262 4934 in
2293 4878 2582 4934 draconem
2620 4876 3053 4943 convertebatur,
3093 4891 3217 4932 cum
3252 4889 3380 4931 vero
3427 4889 3524 4945 per

1941 4971 2167 5029 caudam
2194 4979 2489 5037 teneretur,
2528 4970 2723 5025 iterum
2750 4956 2961 5025 redibat
2987 4969 3043 5023 in
3068 4967 3301 5036 virgam,
3330 4966 3421 5022 illa
3443 4965 3523 5023 di-

233 5070 409 5125 tium.
441 5065 500 5119 ιιι
528 5072 583 5119 et
610 5065 655 5119 si
683 5064 816 5119 alias
844 5080 911 5119 ex
934 5064 1062 5134 ipsis
1094 5062 1440 5118 Hebraeorum
1479 5063 1839 5118 voluminibus
1866 5077 1917 5137 Ῑ)
1943 5065 2078 5119 vime
2123 5063 2419 5133 majestatis
2457 5061 2787 5118 descendens
2828 5076 2860 5117 e
2898 5061 3038 5118 creto
3065 5066 3303 5131 potestas
3329 5050 3524 5128 signin-

233 5152 533 5217 sanctitati
562 5166 752 5213 vestra:
779 5155 1233 5222 intimaverimus,
1276 5155 1455 5225 placet
1491 5154 1669 5211 denuo
1698 5170 1840 5211 nunc
1942 5154 2186 5220 cabatur,
2216 5169 2335 5225 qua:
2362 5168 2463 5224 pro
2491 5152 2646 5208 nobis
2668 5152 2840 5209 voluit
2860 5167 2980 5209 esse
2998 5152 3274 5218 mortalis;
3305 5157 3524 5221 peracta

230 5252 409 5310 vobis
462 5249 758 5304 enuntiare.
807 5246 864 5301 In
912 5247 1029 5318 ipso
1073 5246 1255 5301 mundi
1298 5247 1565 5302 nascentis
1593 5246 1839 5314 exordio,
1945 5253 2122 5300 autem
2150 5252 2438 5315 assumpta:
2485 5243 2683 5311 carnis,
2707 5244 3107 5314 dispensatione
3134 5244 3188 5299 in
3216 5244 3417 5312 virgam
3444 5256 3524 5297 re-

232 5338 373 5400 cuni
407 5348 583 5396 mater
608 5339 698 5394 illa
720 5339 958 5393 omnium
982 5337 1274 5392 viventium
1296 5336 1406 5391 Eva
1435 5337 1503 5391 de
1527 5325 1842 5393 dormientis
1945 5336 2043 5392 diit
2088 5345 2143 5391 et
2193 5335 2260 5391 ad
2288 5342 2526 5406 paterna:
2554 5333 2852 5404 majestatis
2893 5334 3135 5390 dextram
3177 5347 3237 5389 se
3278 5330 3540 5391 recessit.

232 5435 377 5490 Adu:
410 5438 565 5487 costa
594 5430 854 5501 producta
877 5437 981 5499 est,
1009 5439 1184 5484 mater
1211 5429 1583 5484 universorum
1612 5428 1838 5484 creden-
1948 5428 2024 5483 De
2052 5425 2187 5483 Jona
2207 5426 2445 5495 demum,
2480 5424 2646 5497 488
2673 5439 2832 5494 quem
2875 5423 3186 5494 absorptnm
3214 5419 3375 5491 piscis
3400 5432 3524 5472 evo-

232 5527 387 5584 tium
416 5514 659 5581 Ecclesia
704 5537 774 5578 ex
818 5522 989 5578 latere
1033 5519 1232 5577 Christi
1267 5521 1322 5576 in
1350 5535 1513 5578 cruce
1533 5520 1694 5595 487
1723 5536 1841 5581 mo-
1947 5520 2083 5576 muit
2121 5518 2345 5575 illaesum
2369 5556 2385 5586 ,
2455 5516 2759 5574 evidentem
2802 5515 3063 5572 habemus
3099 5510 3311 5567 Domini
3356 5507 3549 5578 ipsius,

1941 5703 2046 5785 uita
2072 5709 2271 5785 fautum
2289 5714 2556 5785 {periimus
2579 5739 2593 5766 ,
2633 5691 3030 5751 miserabiliores
3072 5700 3244 5743 sumus
3286 5679 3521 5744 omnibus

234 5728 477 5789 periere,
510 5715 737 5789 atquein
761 5714 934 5789 futuro
963 5710 1135 5789 magis
1170 5706 1358 5789 singulo
1379 5704 1702 5789 sperareude
1722 5702 1834 5789 1ξο-
1941 5703 2046 5789 uita
2072 5709 2271 5789 inritum
2289 5714 2491 5789 {peram

1948 5770 2253 5827 hominibus.
2284 5769 2535 5833 Explicit.

232 5775 396 5844 iniria
424 5799 445 5837 :
465 5775 556 5841 sic
577 5775 727 5841 'enint
753 5775 827 5840 ait
861 5781 997 5838 idem
1023 5775 1200 5836 b'eatus
1228 5775 1534 5837 Apostolus:
1567 5776 1629 5830 Si
1657 5776 1711 5836 in
1742 5775 1838 5835 hac
