4052 6330
481 396 583 452 607

1663 389 1723 445 s.
1750 341 2016 461 unum
2055 384 2506 441 TAURINENSIS

3642 378 3756 441 608

482 508 661 563 intulit
689 522 903 578 pacem;
936 521 1140 578 pacem,
1169 506 1404 577 inquam,
1431 506 1584 562 nobis
1615 504 1859 562 Christus
1884 520 2066 559 resur-
2092 507 2139 563 Α
2168 501 2526 571 ingredimur,
2576 500 2809 557 secunda
2829 501 3138 558 coelestibus
3162 515 3548 572 prmparamur.
3599 500 3758 558 Sicut

480 616 610 670 gens
639 599 831 664 intulit,
854 599 977 669 quia
1004 607 1059 653 et
1086 614 1337 669 passurus
1359 613 1549 669 pacem
1575 597 1835 669 proditori
1860 606 1887 634 ι
1906 596 2064 651 disci-

478 691 607 763 pulo
634 690 1036 780 non‘negavit,
1069 697 1161 745 aut
1205 688 1652 761 quemadmodum
1691 688 2065 758 complectitur

479 777 817 847 conﬁtentes,
848 782 942 850 qui
974 782 1052 836 sic
1081 781 1350 836 osculatus
1374 787 1457 835 est
1485 781 1858 848 denegantem.
1892 777 2062 845 Oscu-

480 871 591 927 lum
620 882 800 926 autem
845 871 974 926 illud
1000 870 1149 926 Judzc
1196 870 1492 927 lscharioth
1533 871 1659 925 nolo
1687 865 2005 925 enistimetis
2033 884 2064 923 a
2094 942 2097 947 ν

480 962 709 1019 Domino
747 963 848 1017 nisi
893 963 961 1018 de
1006 964 1267 1018 cbaritate
1313 962 1528 1029 datum,
1560 962 1585 1000 ιι
1627 970 1682 1017 et
1709 970 1833 1016 ante
1861 962 2065 1017 sciebat

483 1054 632 1120 illum
686 1049 1018 1124 proditorem
1073 1054 1329 1109 futurum.
1384 1054 1601 1109 Sciebat
1653 1053 1811 1124 plane
1867 1055 2067 1110 amoris

481 1145 703 1216 pignus;
733 1153 789 1199 et
808 1144 928 1199 ideo
951 1160 1060 1198 non
1083 1145 1323 1214 negavit;
1355 1144 1567 1215 pietatis
1595 1145 1739 1199 enim
1766 1159 1933 1216 genus
1961 1153 2062 1212 est,

480 1251 590 1291 non
637 1249 833 1304 negare
875 1243 1117 1290 extrema
1163 1236 1347 1291 oscula
1393 1235 1662 1304 perituris,
1696 1244 1752 1290 et
1799 1236 1901 1301 his,
1931 1251 2066 1306 quos

479 1328 780 1393 dileximus,
804 1328 1046 1382 ultimum
1069 1328 1389 1398 persolvisse
1407 1328 1678 1383 solatium.
1704 1326 1875 1383 Simul
1901 1328 2064 1384 etiam
2100 1334 2107 1409 ξ

488 1419 610 1489 ipso
638 1417 941 1474 dilectionis
972 1418 1149 1473 ollicio
1189 1433 1309 1473 eum
1338 1417 1508 1473 voluit
1534 1418 1843 1484 emendare,
1884 1426 1941 1473 ut
1966 1418 2064 1473 ad"-

478 1510 717 1585 ~monitus
737 1510 938 1582 pietate
962 1525 1070 1565 non
1092 1508 1366 1565 desereret
1386 1516 1676 1575 amantem,
1697 1525 1803 1564 non
1826 1509 2065 1565 traderet

484 1602 818 1658 osculantem
856 1617 872 1654 :
912 1611 1073 1671 atque
1116 1599 1277 1671 493
1325 1600 1446 1655 ideo
1493 1600 1648 1670 quasi
1696 1600 1764 1655 ad
1805 1600 2065 1668 judicium

482 1682 630 1749 Iuda:
660 1692 785 1748 illud
815 1693 1053 1749 osculum
1076 1693 1257 1748 datum
1286 1700 1387 1759 est,
1412 1701 1471 1749 ut
1493 1695 1539 1749 si
1565 1694 1901 1764 emendaret,
1922 1704 2069 1752 esset

483 1786 632 1856 pacis
656 1786 925 1841 vinculum
952 1785 1243 1855 discipulo;
1288 1785 1334 1841 si
1366 1786 1634 1849 traderet,
1679 1793 1821 1841 esset
1845 1786 2066 1842 sceleris

2165 605 2342 652 autem
2372 597 2654 666 praesentis
2686 596 2945 667 temporis
2982 594 3120 651 festa
3154 609 3254 650 nos
3288 593 3617 658 admonent,
3676 594 3755 650 sic

2166 689 2255 743 ille
2283 688 2377 759 qui
2398 704 2497 760 pro
2526 689 2711 744 mundi
2734 688 2909 743 salute
2933 701 3256 756 congressus
3277 683 3303 723 ¹³
3327 729 3343 753 ,
3372 687 3519 741 sicut
3538 684 3611 740 de
3640 683 3755 739 for-

2167 778 2373 834 tissimo
2402 777 2629 834 Samson
2659 778 2912 847 legimus,
2967 778 3147 848 plures
3170 775 3511 831 inimicorum
3547 771 3565 811 ί
3603 789 3752 829 mor-

2167 878 2287 927 tuus
2316 871 2614 941 interfecit,
2655 886 2815 940 quam
2845 870 2999 925 vivus
3021 869 3313 925 occiderat.
3360 866 3548 923 Refert
3572 874 3754 921 autem

2167 970 2223 1016 et
2252 962 2472 1017 traditio
2499 962 2835 1017 smcularium
2865 961 3168 1015 litterarum
3195 959 3330 1025 hoc,
3376 957 3675 1029 quemdam
3705 958 3754 1012 in

2171 1056 2184 1105 l
2223 1054 2483 1109 exercitio
2512 1069 2685 1124 usque
2708 1051 3018 1109 certaminis
3045 1051 3296 1107 habuisse
3317 1050 3421 1105 hoc
3448 1063 3623 1118 genus
3646 1048 3758 1102 vir-

2166 1147 2296 1202 tutis
2324 1162 2389 1202 ac
2407 1146 2647 1211 roboris,
2709 1146 3015 1219 utqquoties
3051 1143 3246 1199 viriqu
3277 1158 3494 1198 suarum
3524 1141 3759 1196 amicam

2166 1247 2223 1295 et
2258 1238 2523 1295 nutricem
2566 1245 2764 1293 terram
2793 1235 2964 1309 494
2996 1234 3229 1306 impulsu
3266 1232 3565 1289 adversarii
3591 1231 3767 1287 conti-

2165 1331 2349 1400 gisset,
2375 1329 2443 1386 de
2465 1330 2582 1385 solo
2601 1343 2824 1398 surgens
2840 1328 3009 1395 magis
3028 1342 3093 1382 ac
3118 1326 3287 1398 magis
3306 1326 3361 1382 in
3384 1324 3764 1381 adversarium

2167 1423 2510 1494 praevaleret,
2564 1437 2629 1476 ac
2656 1421 2735 1476 sic
2762 1419 2993 1490 dejectio
3019 1418 3307 1491 prostrati,
3355 1417 3571 1473 occasio
3596 1416 3766 1471 liebat

2167 1513 2441 1584 triumphi.
2470 1511 2645 1566 Dabat
2672 1512 2815 1568 enim
2838 1512 2888 1567 ei
2909 1509 3304 1583 quodammodo
3331 1509 3625 1563 inﬁrmitas
3658 1506 3770 1561 for-

2170 1602 2479 1667 titudinem,
2511 1602 2690 1671 lapsus
2740 1602 3003 1672 palmam,
3055 1601 3209 1656 ruina
3255 1599 3561 1655 victoriam.
3622 1597 3769 1653 Puto

2169 1692 2194 1731 ¹ί
2225 1693 2343 1749 hmc
2378 1693 2452 1748 illi
2496 1692 2700 1749 cmlesti
2727 1693 2977 1760 athletas,
3006 1692 3099 1761 qui
3139 1698 3328 1747 contra
3352 1688 3523 1746 Jacob
3566 1690 3771 1759 legitur

2167 1784 2332 1840 fuisse
2355 1785 2616 1850 luctatus,
2669 1791 2845 1839 totum
2881 1784 2992 1839 hoc
3028 1783 3105 1838 illi
3131 1783 3329 1853 justius
3360 1781 3536 1852 aptari
3564 1796 3764 1851 posse;

485 1878 844 1934 testimoniqu
861 1876 1140 1948 proditori.
1160 1876 1250 1931 Ait
1265 1890 1392 1946 ergo
1407 1876 1871 1945 Dominus:Juda,
1890 1879 2063 1935 osculo
2166 1878 2371 1934 ωειίωο
2406 1879 2520 1934 haec
2566 1877 2708 1933 illius
2752 1892 2994 1947 persona:
3032 1876 3214 1933 verius
3249 1875 3564 1931 convenire.
3621 1873 3764 1940 Quia

479 1964 678 2022 Filium
708 1967 872 2021 tradis
896 1966 1118 2021 hominis
1154 1966 1333 2038 (Joan.
1363 1967 1531 2038 xxu)?
1562 1966 1663 2023 Ubi
1691 1976 1775 2024 est
1797 1969 2064 2025 subtilitas

482 2058 791 2125 factionum,
819 2058 904 2113 ubi
932 2058 1161 2114 latentes
1186 2057 1333 2114 doli?
1356 2058 1496 2115 Ecce
1523 2059 1942 2131 deprehenditur
1963 2077 2062 2116 ne-

482 2150 661 2221 quitiae
689 2166 849 2206 omne
876 2158 1164 2216 secretum,
1210 2158 1265 2206 et
1310 2151 1557 2222 proditur
1601 2152 1862 2224 proditor,
1908 2162 2063 2209 aute-

482 2255 639 2311 quam
664 2242 854 2312 prodat
878 2261 890 2295 :
926 2241 1135 2308 Oscula,
1163 2241 1356 2312 inquit,
1389 2242 1586 2299 Filium
1616 2244 1836 2300 hominis
1866 2246 2066 2301 tradis?

480 2335 585 2391 hoc
609 2343 711 2405 est,
737 2338 936 2406 amoris
960 2337 1184 2408 pignore
1209 2336 1401 2393 vulnus
1427 2337 1647 2407 inﬂigis;
1678 2337 1857 2395 oﬂicio
1885 2339 2064 2395 chari-

384 2456 389 2462 -
482 2428 605 2484 tatis
624 2429 934 2497 sanguinem
956 2428 1150 2496 fundis,
1172 2438 1402 2485 mortem
1428 2431 1635 2501 irrogas
1654 2433 1803 2504 pacis
1825 2432 2022 2489 indicio
2044 2434 2068 2488 ?

483 2520 656 2591 Rogo,
676 2537 794 2591 quae
815 2522 913 2576 ista
935 2521 1184 2577 dilectio?
1204 2521 1454 2579 Osculum
1472 2524 1720 2596 porrigis,
1737 2535 1793 2582 et
1812 2527 2068 2583 minaris?

483 2614 603 2670 Non
647 2623 774 2670 sunt
817 2615 917 2671 ista
963 2616 1165 2683 oscula,
1211 2615 1307 2672 sed
1334 2633 1558 2686 venena,
1588 2635 1686 2691 per
1713 2635 1832 2691 qua:
1877 2636 2069 2681 servus

486 2707 782 2775 dominum,
828 2708 1119 2779 discipulus
1163 2709 1497 2779 magistrum,
1529 2710 1735 2793 electus
1762 2712 1941 2782 prodit
1968 2728 2067 2768 au-

486 2808 689 2856 ctorem
698 2842 713 2856 .

798 2933 998 2990 Codicis
1027 2932 1367 2990 Laurentiani
1395 2938 1758 3008 fragmentum.

484 3076 489 3085 ‘
559 3069 822 3126 Laetemur
849 3086 976 3142 ergo
1009 3080 1064 3128 et
1091 3074 1421 3129 exsultemus
1446 3072 1502 3126 in
1522 3071 1626 3128 hac
1652 3071 1758 3138 die,
1784 3072 2066 3138 carissimi,

488 3178 650 3233 quam
676 3178 848 3220 annua
888 3164 1175 3221 devotione
1216 3178 1555 3219 veneramur.
1601 3162 1753 3219 Sicut
1778 3163 1932 3219 nobis
1960 3175 1983 3204 ο
2015 3165 2069 3221 in

2164 1986 2287 2027 cum
2317 1978 2560 2041 tempore
2587 1970 2639 2023 in
2666 1984 2828 2024 arena
2851 1967 3034 2023 mundi
3055 1983 3179 2024 cum
3202 1966 3417 2037 publico
3447 1965 3607 2020 hoste
3629 1981 3765 2019 cor.-

2166 2058 2321 2127 dixit,
2352 2060 2444 2130 qui
2477 2059 2545 2115 ad
2574 2060 2679 2115 hoc
2712 2058 2729 2095 ι
2760 2058 2947 2129 gessit,
2985 2066 3045 2113 ut
3075 2057 3361 2127 gloriosius
3387 2065 3663 2131 surgeret,
3694 2055 3766 2110 ad

2165 2150 2269 2207 hoc
2293 2150 2506 2215 cecidit,
2538 2158 2597 2204 ut
2617 2164 2805 2205 omnes
2834 2149 3055 2215 levaret,
3083 2147 3178 2218 qui
3209 2146 3581 2203 adversarium
3610 2156 3649 2182 ω
3677 2147 3763 2200 el-

2166 2242 2315 2300 fusus
2352 2243 2561 2308 obruit,
2605 2249 2908 2313 prostratus
2943 2241 3117 2307 elisit,
3157 2240 3541 2310 iacentemque
3582 2239 3764 2293 homi-

2166 2352 2291 2393 nem
2319 2336 2560 2406 dejectus
2583 2336 2786 2404 erexit,
2836 2345 2863 2372 ιι
2910 2336 3256 2404 mortemque
3279 2334 3330 2388 ei
3360 2333 3489 2388 dum
3513 2348 3765 2388 succum-

2168 2430 2343 2498 beret,
2374 2428 2621 2500 perculit,
2652 2444 2717 2484 ac
2745 2435 3011 2484 mortuum
3031 2468 3047 2494 ,
3075 2427 3202 2483 dum
3229 2434 3559 2495 resurgeret,
3589 2425 3765 2481 susci-

2168 2521 2321 2576 tavit.
2347 2519 2444 2577 Hic
2469 2528 2554 2577 est
2574 2519 2665 2575 ille
2694 2520 2936 2588 angelus,
2958 2520 3052 2589 qui
3071 2534 3195 2574 cum
3213 2516 3381 2574 Jacob
3401 2525 3566 2573 nocte
3584 2517 3765 2573 lucta-

2169 2624 2255 2671 tus
2282 2622 2390 2680 est,
2423 2614 2562 2670 sicut
2587 2613 2848 2670 habemus
2871 2613 2927 2667 in
2948 2612 3147 2670 Genesi
3173 2631 3184 2666 :
3247 2610 3317 2665 Et
3344 2628 3461 2666 ecce
3487 2612 3581 2677 uir,
3598 2611 3763 2665 lucta-

2176 2708 2331 2763 batur
2358 2725 2473 2762 cum
2498 2725 2557 2762 eo
2577 2723 2736 2777 usque
2762 2723 2916 2761 mane
2932 2748 2949 2775 ,
2977 2714 3027 2761 et
3053 2722 3169 2760 cum
3195 2704 3549 2776 prtzvaluisset
3576 2702 3764 2771 Jacob,

2170 2800 2303 2856 dixit
2320 2800 2367 2854 ei
2386 2799 2599 2871 angelus
2614 2815 2631 2853 :
2649 2797 2862 2853 Dimitte
2874 2816 2981 2863 me;
2996 2800 3111 2870 jam
3129 2799 3268 2852 enim
3281 2796 3516 2851 ascendit
3536 2813 3753 2850 aurora.

2171 2890 2458 2961 Respondit
2502 2889 2665 2944 Jacob
2690 2906 2708 2943 :
2740 2886 2863 2945 Non
2890 2890 3148 2944 dimittam
3177 2898 3224 2942 te
3243 2931 3258 2956 ,
3303 2887 3407 2942 nisi
3432 2887 3762 2942 benedixeris

2171 2982 2315 3037 mihi.
2351 2982 2443 3038 Sic
2471 2982 2730 3038 benedixit
2775 2990 2799 3018 °
2839 2983 3076 3054 angelus,
3104 2989 3153 3036 et
3182 2980 3315 3035 dixit
3339 2980 3388 3034 ei
3426 2994 3446 3034 :
3491 2978 3554 3035 Si
3580 2987 3765 3033 contra

2172 3073 2338 3129 Deum
2366 3076 2516 3148 fortis
2546 3077 2711 3147 fuisti,
2742 3084 2933 3147 quanto
2962 3076 3131 3147 magis
3160 3082 3339 3128 contra
3370 3073 3597 3127 homines
3627 3087 3765 3142 pra:-

2170 3163 2393 3232 valebis;
2436 3174 2486 3221 et
2514 3166 2679 3238 tetigit
2715 3166 2930 3238 angelus
2959 3165 3285 3232 latitudinem
3313 3165 3524 3236 femoris
3557 3174 3586 3215 ιι
3625 3164 3766 3235 ejus,

488 3255 723 3309 futurum
768 3257 930 3312 vitam
977 3266 1033 3313 et
1079 3255 1304 3325 gloriam
1349 3254 1652 3325 pollicetur,
1698 3255 1771 3310 ita
1813 3255 1974 3312 etiam
2014 3257 2068 3311 in
2095 3274 2141 3338 ο
2172 3259 2283 3329 ipse
2309 3274 2426 3312 vero
2447 3256 2774 3311 claudicabat
2801 3256 2929 3328 pede
2948 3253 3101 3329 (Gen.
3128 3256 3321 3326 XXXII).
3344 3255 3483 3322 Quid
3510 3263 3596 3310 est
3623 3255 3766 3309 hoc?

390 3376 398 3391 ι
484 3342 817 3419 praeteritum
863 3350 930 3405 de
976 3348 1164 3405 salutis
1209 3357 1407 3404 nostra:
1447 3364 1609 3421 causa
1656 3356 1711 3405 et
1757 3351 2069 3406 occasiones

456 3457 462 3463 ”
489 3448 808 3507 nascuntur;
833 3455 897 3495 ac
923 3440 1001 3495 sic
1027 3439 1119 3508 qui
1144 3438 1263 3494 ideo
1285 3439 1500 3505 colitur,
1529 3449 1589 3495 ut
1614 3440 1933 3497 misereatur
1956 3441 2068 3511 jam

488 3532 759 3587 misertus.
814 3531 895 3584 Ab
932 3545 998 3585 eo
1040 3544 1171 3600 ergo
1201 3530 1328 3586 iacti
1357 3539 1519 3603 atque
1546 3533 1781 3603 reparati
1807 3549 1948 3588 nunc
1977 3534 2071 3588 im-

488 3606 705 3695 pensius
731 3622 1062 3678 exsultemus
1100 3621 1154 3677 in
1182 3618 1457 3677 beneﬁciis
1484 3612 1624 3689 suis,
1665 3623 1791 3692 quia
1820 3623 2069 3680 meliores

489 3724 614 3771 sunt
642 3716 717 3770 illi
744 3714 877 3780 dies,
909 3713 1102 3782 quibus
1129 3714 1449 3780 liberamur,
1480 3729 1641 3784 quam
1671 3714 1763 3778 illi,
1794 3714 1987 3785 quibus
2014 3715 2069 3769 in

490 3810 612 3864 vitae
642 3807 799 3877 hujus
826 3807 1066 3878 pericula
1095 3807 1368 3862 nascendo
1395 3805 1418 3844 ἀ
1446 3808 1808 3878 perducimur.
1852 3806 1919 3862 Et
1946 3808 2069 3864 ideo

489 3901 749 3970 legimus,
782 3900 925 3971 ‘quia
955 3898 1135 3954 melior
1172 3909 1195 3937 ο
1235 3900 1592 3955 misericordia
1630 3910 1717 3954 tua
1749 3917 1903 3972 super
1938 3902 2068 3955 vitas

491 3991 660 4065 (Psal.
686 3989 838 4059 nxn).
870 3989 1118 4046 Meliores
1146 4004 1273 4059 ergo
1299 3998 1424 4045 sunt
1448 3990 1582 4055 dies,
1607 3990 1802 4060 quibus
1821 3989 1887 4044 ad
1906 3999 2067 4045 teter-

492 4096 616 4136 nam
647 4081 807 4134 vitam
836 4080 1199 4146 renascimur,
1256 4071 1416 4149 quam
1440 4081 1551 4149 illi,
1608 4080 1801 4150 quibus
1831 4082 1883 4135 in
1920 4079 1938 4119 ί
1968 4081 2070 4137 hac

492 4157 777 4242 temporali
813 4186 1179 4241 procreamur.
1211 4170 1487 4240 Siquidem
1525 4172 1733 4241 majora
1771 4178 1895 4227 sunt
1929 4172 2070 4229 dona

492 4265 694 4335 gratim,
728 4280 887 4335 quam
917 4272 1142 4318 naturre.
1168 4262 1226 4317 in
1256 4263 1360 4317 hoc
1387 4264 1600 4332 gemino
1629 4263 1724 4318 Dei
1745 4264 1914 4319 nostri
1941 4280 2070 4335 ope-

491 4371 571 4424 re,
595 4356 666 4411 ibi
694 4371 781 4411 res
805 4355 1038 4421 virtutis,
1069 4355 1157 4411 hic
1183 4354 1422 4410 muneris
1450 4362 1551 4410 est.
1587 4353 1665 4409 ibi
1692 4357 1953 4426 potentia,
1982 4357 2069 4413 hic

2171 3351 2262 3419 qui
2285 3349 2517 3405 vincitur
2542 3348 2842 3416 benedicit;
2889 3359 2947 3405 et
2988 3348 3273 3414 claudicat,
3323 3349 3413 3419 qui
3461 3363 3521 3403 se
3562 3348 3760 3403 vicisse

2172 3440 2443 3496 credebat.
2472 3438 2531 3495 ln
2554 3439 2719 3495 Jacob
2742 3454 2873 3509 ergo
2891 3438 3198 3496 Judaeorum
3220 3439 3470 3510 populus,
3492 3439 3547 3494 in
3572 3439 3767 3507 angelo

2173 3531 2417 3587 Christus
2452 3532 2789 3601 agnoscitur;
2821 3540 2877 3587 et
2915 3540 2974 3587 ut
3000 3532 3233 3588 sciamus
3261 3532 3315 3585 in
3344 3530 3537 3586 eodem
3565 3528 3758 3598 angelo

2177 3634 2203 3673 (ι
2234 3624 2518 3703 Dominum
2547 3623 2730 3692 fuisse,
2762 3625 2837 3679 ita
2865 3623 2997 3680 dicit
3024 3626 3139 3695 ipse
3166 3624 3356 3680 beatus
3381 3621 3551 3678 Jacob
3582 3640 3595 3675 :
3639 3622 3762 3676 Vidi

2178 3714 2454 3770 Dominum
2476 3717 2609 3787 facie
2628 3716 2698 3771 ad
2717 3717 2902 3789 facient
2917 3755 2931 3780 ,
2955 3725 3005 3771 et
3026 3716 3170 3771 salva
3192 3717 3331 3788 facta
3352 3724 3431 3769 est
3450 3716 3629 3768 anima
3646 3730 3763 3767 mea

2178 3805 2338 3878 (Ibid.
2362 3811 2533 3878 xxxi).
2561 3806 2728 3863 Jacob
2753 3822 2882 3878 ergo
2910 3808 3100 3879 angelo
3141 3806 3527 3863 succumbente
3552 3820 3762 3877 praeva-

2176 3900 2292 3955 luit.
2324 3911 2345 3938 τ
2371 3899 2776 3976 Pnevaluerunt
2801 3901 2868 3956 ad
2889 3910 3115 3973 tempus,
3141 3901 3270 3956 etin
3289 3899 3488 3955 Christi
3508 3899 3762 3969 passione

2179 4000 2197 4026 ε
2232 3990 2420 4058 Judaei,
2469 3992 2524 4046 in
2567 3992 2656 4046 illa
2702 3992 3028 4062 refugientes
3072 3993 3090 4028 ι
3122 3990 3243 4073 'diei
3270 3998 3448 4055 nocte,
3480 3997 3536 4044 et
3564 3995 3678 4043 tota
3706 3988 3760 4044 in

2176 4097 2297 4138 eum
2358 4083 2633 4153 impietate
2681 4091 2709 4118 ιι
2757 4081 3010 4138 ferientes
3062 4082 3492 4152 praevaluerunt,
3546 4077 3760 4149 quando

2177 4184 2203 4212 ν
2234 4175 2641 4241 cruciﬁxerunt;
2685 4176 3113 4247 prmvaluerunt,
3161 4174 3375 4244 quando
3422 4173 3755 4231 occiderunt.

2177 4266 2317 4339 Ergo
2342 4284 2462 4324 cum
2487 4270 2705 4325 vicisset
2726 4269 2917 4336 Jacob,
2945 4269 3189 4325 benedici
3221 4277 3403 4324 tamen
3422 4282 3482 4322 se
3502 4282 3534 4321 a
3556 4267 3758 4321 victore

2176 4377 2336 4431 posse
2362 4363 2630 4431 cognovit,
2662 4362 2866 4427 dicens,
2910 4360 3033 4417 Non
3062 4362 3319 4417 dimittam
3348 4371 3424 4427 te,
3467 4360 3572 4415 nisi
3607 4359 3784 4415 ἔκηε-ι.

492 4447 856 4504 misericordia
878 4446 1203 4503 continetur.
1262 4443 1440 4501 Prima
1470 4446 1749 4501 nativitate
1777 4457 1802 4494 Β
1840 4449 2070 4505 terrenis
2100 4443 2147 4502 D
2176 4453 2371 4508 dixeris
2392 4454 2535 4509 mihi.
2553 4453 2719 4521 Quale
2737 4456 3050 4527 mysterium
3072 4456 3126 4510 in
3144 4454 3465 4511 certamine!
3490 4452 3784 4532 lniirmior_

496 4561 591 4679 ί-ιι
619 4589 751 4675 Cod.
783 4591 1030 4648 Ambros.
1062 4591 1204 4679 apud
1249 4589 1468 4658 Murat.,
1500 4589 1755 4661 proditori
1790 4590 2071 4661 discipulo-

498 4677 699 4815 :Tha
727 4733 851 4815 cod,-
883 4733 1179 4815 _Anibros._,
1215 4732 1366 4815 cujus
1388 4732 1561 4815 lectio
1583 4734 1755 4815 varia
1804 4743 1887 4815 est
1929 4732 2072 4815 apud

494 4800 774 4870 Murator.,
796 4804 897 4858 nisi
921 4804 985 4875 de
1012 4804 1264 4875 charitate
1284 4800 1499 4869 'datum,
1541 4805 1645 4860 nisi
1671 4804 1735 4859 de
1760 4800 2072 4875 affectu—da-

502 4881 639 4938 tum;
668 4884 719 4928 et
745 4884 880 4928 certe
908 4874 1101 4928 sciebat
1127 4874 1295 4929 illum.

504 4994 512 5011 τ
571 4953 594 4982 ο
626 4941 855 5016 ϐοάᾱ.ᾼ2
888 4952 944 5000 et
979 4944 1013 4997 4
1042 4942 1099 5012 Sp.
1129 4942 1314 5001 Crucis
1339 4944 1553 5011 Minor.,
1590 4947 1644 5001 in
1674 4947 1846 5016 futuro
1881 4982 1895 4998 .
1926 4984 1941 4998 .
1972 4986 1986 4999 .
2017 4946 2071 4999 in

496 5004 755 5082 praeterito
776 5014 839 5068 de
860 5016 1041 5070 salutis
1059 5009 1249 5072 nostra
1276 5034 1432 5073 causa
1456 5025 1507 5071 et
1527 5004 1819 5071 occasiones
1841 5030 2070 5069 nascan-

497 5093 597 5139 tur.
1432 5124 1435 5127 ,

569 5157 596 5197 ⁸³
623 5156 758 5229 Qod.
789 5156 910 5223 174,
941 5158 1287 5229 producimur.
1467 5227 1514 5229 __
1616 5210 1621 5215 .

573 5241 596 5269 ε
626 5227 971 5284 Οοηοοιιάίιηι
996 5244 1183 5286 omnes
1211 5230 1362 5285 citati
1382 5227 1538 5284 codd.

508 5342 516 5359 τ
576 5298 595 5339 ί
626 5297 758 5355 Cod.
794 5297 1071 5367 Urbevet.,
1100 5300 1155 5355 in
1183 5301 1290 5354 Ιιωο
1313 5308 1563 5367 tempora.

503 5416 516 5460 ί
573 5384 597 5422 ε
783 5369 819 5424 2
844 5369 901 5426 8.
929 5366 1114 5460 Οωξέἰε
1141 5370 1354 5460 Minori,
1381 5366 1564 5422 Prima
1583 5368 1851 5423 natioitate
1871 5378 2071 5424 terrena

498 5445 833 5518 ingredimur,
864 5440 1086 5497 secunda
1113 5438 1394 5495 catestibus
1420 5452 1791 5509 prwparamur.

572 5518 598 5590 ’ᾗ
629 5515 774 5590 idem
790 5514 913 5590 cod.
937 5511 979 5590 2
994 5510 1049 5564 S.
1081 5507 1269 5590 Crucis
1296 5507 1515 5590 Μίηοικ.ἱ
1536 5523 1841 5590 congressus
1868 5520 1963 5590 est.

580 5585 599 5670 ξ
626 5584 760 5640 Cod.
790 5585 825 5638 5
851 5582 908 5659 S.
940 5579 1126 5637 Crucis
1152 5578 1345 5634 Minor.
1392 5578 1601 5644 melius,
1638 5578 1875 5636 moriens
1915 5584 2074 5637 inter-

501 5661 767 5783 fecitCod.
807 5724 843 5777 2
879 5724 1089 5779 Sanctae
1133 5720 1318 5776 Crucis
1348 5719 1570 5789 Minor.,
1619 5722 1676 5779 in
1708 5724 2075 5780 exercitatione

504 5815 714 5923 mimis,
885 5864 1004 5918 Vat.
1040 5862 1173 5919 1270
1201 5863 1409 5921 videtur
1437 5866 1628 5923 abrasa
1654 5882 1761 5924 vox
1790 5867 1877 5922 illa
1907 5867 2032 5923 lia'c.

2253 4592 2269 4630 ι
2303 4592 2435 4649 Cod.
2469 4593 2589 4649 Vat.
2616 4594 2771 4656 1270,
2804 4593 2874 4647 ad
2901 4592 2997 4649 hoc
3021 4594 3190 4649 cessit.

2245 4673 2284 4700 ω
2314 4664 2458 4720 Idem
2486 4665 2609 4721 cod.
2640 4664 2795 4730 1270,
2823 4665 3040 4735 effossus
3067 4679 3166 4735 pro
3185 4664 3397 4735 effusus.

2245 4743 2272 4770 ιι
2302 4735 2379 4790 Ita
2406 4736 2527 4791 cod.
2562 4736 2683 4801 174,
2715 4735 2843 4791 olim
2869 4734 3007 4790 tcdil.
3039 4733 3173 4791 eccl.
3208 4733 3386 4799 Flor.;
3413 4733 3536 4789 cod.
3573 4740 3751 4788 autem

2172 4803 2209 4857 2
2236 4803 2293 4860 S.
2322 4805 2509 4890 Crucis
2529 4806 2741 4872 Minor.,
2774 4815 3085 4879 mortemque
3104 4806 3215 4877 ejus
3237 4804 3360 4859 dum
3383 4804 3747 4871 succumberet,

2176 4878 2412 4946 perculit.
3002 4878 3005 4879 ⁷
3338 4920 3343 4924 .

2244 4946 3145 5033 ῗὲοιὲ-Εὲτβθγεξλεέρηῑεηηιο.
3262 4996 3317 5033 ,γ
3500 5032 3505 5033 ,
3608 5017 3689 5031 ..

2244 5028 2271 5067 ιῒ
2301 5018 2432 5092 Cod.
2467 5018 2585 5092 Vat.
2616 5017 2752 5092 1270
2778 5016 3068 5092 sic—habet;
3092 5021 3232 5092 ejus.
3252 5016 3374 5092 Ipse
3396 5032 3516 5092 vero
3535 5019 3620 5092 qui
3640 5017 3750 5092 uin-

2173 5089 2599 5162 citurbenedicit,
2630 5100 2679 5143 et
2707 5089 2980 5156 claudicat,
3007 5085 3093 5162 qui
3115 5085 3171 5146 ξε
3189 5085 3366 5143 vicisse
3394 5085 3649 5142 credebat.
3683 5085 3748 5142 In

2139 5151 2149 5163 ’
2175 5158 2340 5233 Iacob
2360 5178 2503 5233 ergo,
2530 5151 2635 5233 etc.

2247 5241 2272 5279 (ι
2297 5228 2435 5302 Cod:
2462 5231 2582 5302 vat.
2616 5230 2774 5298 1270,
2800 5231 2965 5286 Deum
2996 5231 3172 5302 fuisse.

2196 5316 2205 5317 ί
2225 5311 2271 5371 ,τ
2296 5300 2353 5356 1n
2369 5302 2489 5357 cod.
2510 5300 2762 5357 Urbevet.
2782 5303 2976 5357 omissa
2996 5300 3249 5371 Suntque
3268 5306 3565 5369 sequuntur
3583 5313 3748 5369 usque

2176 5367 2242 5425 ad
2270 5373 2454 5438 verba,
2483 5373 2689 5438 quando
2717 5373 3035 5427 occiderunt.
3147 5367 3166 5371 “
3345 5367 3362 5369 “
3402 5380 3409 5388 “

2199 5390 2242 5425 ια
2270 5390 2454 5438 verna,
2551 5390 2689 5426 anno
2717 5390 3035 5427 occiaerunt.

2199 5454 2205 5459 ·
2250 5453 2271 5479 ⁸
2303 5443 2436 5514 Cod.
2462 5390 2566 5514 1(ςέ
2591 5450 2822 5514 metrop.
2852 5443 2986 5499 eccl.
3014 5442 3183 5507 Flor.,
3212 5443 3476 5514 uenientes
3496 5440 3687 5496 Judaei.

2251 5515 2268 5549 ί
2302 5513 2435 5585 Cod.
2466 5512 2589 5585 Vat.
2613 5511 2850 5585 i279,'in
2877 5514 2970 5585 illa
2991 5515 3298 5585 refugientes
3318 5513 3457 5585 diem
3480 5521 3641 5585 nocte.

2209 5656 2220 5668 Ι
2245 5591 2273 5619 υ
2296 5583 2381 5668 _lta
2401 5583 2520 5639 cod.
2552 5583 2588 5637 2
2613 5582 2669 5639 8.
2695 5582 2878 5641 Crucis
2907 5582 3122 5651 Minor.,
3155 5585 3207 5637 in
3231 5600 3345 5638 eum
3367 5584 3630 5655 impietate
3651 5596 3746 5635 ste-

2172 5664 2587 5809 υῗθῗιὲᾛᾷκναε.
2638 5726 2775 5809 1270
2801 5728 2980 5794 habet,
3029 5726 3413 5797 cruci/imm.
3452 5724 3594 5799 Ergo
3633 5738 3742 5779 cum

2174 5798 2400 5853 vicissset
2422 5797 2603 5865 Jacob,
2635 5806 2737 5854 etc.
