4052 6330
288 256 397 312 609

1672 257 1904 315 SERMO
1939 257 2190 317 XXXVII.

3469 267 3574 324 610

281 375 602 446 aestimatur,
623 374 765 452 etoad
791 373 1171 432 conferendam
1194 374 1629 433 benedictionem
1653 376 1882 433 idoneus
1908 381 1960 441 Α
1986 380 2201 449 generis
2224 378 2512 436 multitudo
2533 387 2633 436 est.
2664 390 2686 421 ο
2711 380 2849 449 Quid
2869 388 2969 449 est,
2994 381 3230 453 inquam,
3253 381 3416 456 593
3428 385 3574 455 quod

283 470 575 525 invenitur.
629 470 829 542 Aperte
876 469 1120 526 Christus
1173 468 1510 526 adversarios
1560 468 1877 541 benedixit,

281 561 500 631 quando
545 569 600 629 et
649 578 750 633 pro
802 560 1248 619 interficientihus
1302 560 1464 632 595
1522 560 1874 631 supplicavit,

281 654 469 708 dicens
496 671 509 705 :
541 651 758 708 Dimitte
776 653 902 719 illis,
923 646 1107 721 Pater,
1130 652 1250 724 quia
1274 652 1509 705 nesciunt
1535 651 1660 723 quid
1679 651 1877 723 faciunt

282 743 437 815 (Luc.
468 743 639 815 χχιιι).
665 752 691 780 ι
720 742 1004 799 Benedixit
1050 742 1254 808 victus,
1296 741 1388 811 qui
1416 740 1610 796 liberat
1652 755 1875 812 passus;

281 838 575 893 intervenit
614 853 758 904 reus,
791 836 1128 907 absolvitque
1170 834 1486 901 damnatus,
1516 832 1545 872 ι’
1573 834 1698 903 quia
1739 841 1795 889 et
1834 833 1879 889 si

279 947 309 981 a
322 929 579 984 .lvcrsarii
600 929 942 1001 resipiscant,
959 927 1385 998 redemptionem
1411 925 1598 980 tribuit
1617 925 1876 981 interem-

279 1031 425 1091 ptus.
467 1020 605 1088 Quid
634 1021 765 1077 illud
792 1022 955 1076 etiam
984 1028 1088 1089 est,
1117 1020 1260 1090 quod
1291 1028 1413 1091 post
1441 1019 1585 1074 illam
1615 1020 1878 1075 collucta-

280 1114 486 1170 tionem
514 1114 682 1171 Jacob
710 1115 1139 1171 benedictionem
1162 1114 1390 1185 accepit,
1413 1121 1467 1168 et
1487 1114 1710 1189 claudus
1734 1113 1881 1169 ince-

279 1207 399 1261 dit?
426 1206 518 1264 Sic
542 1209 684 1264 enim
715 1208 792 1264 ait
815 1227 828 1262 :
854 1207 925 1262 Et
945 1210 1113 1281 tetigit
1133 1208 1349 1280 angelus
1369 1206 1696 1263 latitudinem
1717 1208 1880 1280 femo-

281 1299 357 1353 ris
384 1300 520 1372 ejus,
549 1309 598 1356 et
626 1300 951 1355 claudicabat
978 1300 1122 1373 pede.
1153 1297 1405 1355 Latitudo
1427 1297 1647 1355 femoris
1666 1297 1877 1355 Judaici

1982 488 2090 527 uno
2119 473 2260 545 pede
2287 473 2661 532 claudicabat?
2699 475 2830 545 hoc,
2874 476 3000 547 quia
3049 476 3117 532 de
3159 475 3344 545 Jacoh,
3395 478 3449 535 id
3492 486 3578 535 est

1981 565 2287 623 Judaiorum
2315 574 2506 636 gente,
2548 566 2763 623 Christo
2792 577 3129 640 resurgente,
3160 584 3286 640 pars
3326 571 3575 638 credidit,

1982 673 2109 730 pars
2138 659 2190 713 in
2234 656 2548 714 infidelitate
2576 659 2904 729 permansit,
2954 668 3009 715 et
3048 675 3079 714 a
3102 658 3326 729 iustitia:
3354 677 3418 717 ac
3452 663 3576 716 vita:

1985 750 2192 805 semitis
2219 749 2558 806 claudicavit.
2588 749 2744 817 Quod
2782 758 2960 807 autem
3006 751 3138 808 dicit
3165 752 3279 823 ipse
3306 754 3532 821 angelus
3558 771 3571 808 :

1984 838 2201 895 Dimitte
2220 858 2321 906 me,
2346 842 2461 913 jam
2489 842 2627 896 enim
2655 842 2887 897 ascendit
2914 859 3134 910 aurora,
3166 843 3270 900 hoc
3307 844 3578 901 indicabat

1984 954 2147 1010 posse
2174 953 2296 995 eum
2322 936 2350 976 ά
2386 954 2417 994 a
2460 946 2636 995 morte
2662 938 2836 1004 vinci,
2860 954 2968 994 non
2994 955 3155 1010 posse
3192 941 3436 997 retineri.
3467 939 3575 997 Sed

1984 1035 2106 1100 post
2134 1029 2278 1084 illam
2311 1038 2335 1068 θ
2359 1028 2594 1100 fugatam
2624 1029 2744 1086 luce
2772 1030 3041 1100 passionis
3068 1041 3281 1088 noctem
3311 1032 3576 1102 promittit

1986 1119 2127 1175 illico
2171 1136 2291 1177 esse
2336 1121 2664 1177 reddendam
2703 1122 3112 1177 resurrectionis
3156 1139 3429 1180 auroram.
3474 1122 3575 1190 Qui

1983 1212 2117 1267 vivit
2140 1221 2198 1269 et
2225 1222 2416 1284 regnat
2442 1214 2497 1270 in
2528 1213 2721 1271 saecula
2750 1213 3087 1270 saeculorum.
3116 1215 3307 1272 Amen.

1605 1411 1877 1475 SERMO
1919 1412 2251 1476 XXXVII.

1356 1512 1437 1568 De
1473 1513 1652 1569 eadem
1688 1512 1968 1571 Paschalis
2010 1516 2337 1572 solemnitate
2398 1517 2502 1574 IX.

1736 1626 2126 1684 ADMONITIO.

355 1715 415 1796 In
444 1716 733 1796 Aneodotis
760 1717 1137 1796 Muratorianis
1161 1720 1395 1796 primum
1422 1719 1475 1796 in
1515 1719 1691 1796 lucem
1721 1720 1901 1791 prodit
1939 1720 2031 1796 hic
2070 1738 2281 1796 sermo;
2314 1738 2415 1796 nec
2458 1723 2514 1778 S.
2560 1723 2793 1782 Maximo
2822 1736 3091 1796 assertus,
3133 1727 3235 1784 nisi
3275 1727 3432 1784 unius
3470 1712 3573 1785 ms:

282 1786 659 1866 i_\mhrosiani_
672 1791 992 1866 auctoritate
1039 1786 1342 1866 hue_'usqu_e
1369 1790 1488 1866 fuit.
1520 1790 1672 1846 Nunc
1672 1786 2153 1866 prmtercodiwm
2185 1786 2591 1866 Tgaugrinensem,
2625 1796 2677 1850 in
2707 1812 2816 1866 quo
2845 1805 2928 1854 est
2954 1786 3135 1855 sermo
3161 1799 3197 1855 9
3224 1816 3345 1855 cum
3379 1800 3572 1855 titulo:

281 1856 419 1941 item
445 1867 495 1941 et
523 1858 847 1941 tle-Pgsclta,
876 1860 1012 1941 duos
1039 1856 1603 1941 codices'Casinenses
1630 1856 1921 1941 τείνει-ἰριυὲ
1972 1878 2167 1941 nempe
2214 1862 2319 1941 '50?
2364 1866 2552 1941 pag]
2579 1856 2617 1920 'a
2669 1856 2937 1941 tergo,‘et
2976 1868 3082 1941 505
3126 1884 3250 1941 pag.
3281 1869 3369 1935 7i,
3400 1871 3493 1941 qui
3522 1877 3576 1926 et

281 1926 340 2007 S_.
375 1926 1001 2007 antistitisjl‘aurincnsis
1031 1947 1226 1987 nomen
1255 1940 1310 2007 et
1330 1932 1740 2007 inscriptionem
1774 1932 1850 1986 De
1872 1926 2464 2007 Pasc/tatepraiferunﬂ
2491 1926 3080 2007 Quamvisvbujusmodi
3109 1926 3575 1996 testimonia-satis

282 2000 416 2083 sint,
438 2009 507 2083 ut
532 2000 590 2055 S.
616 1999 881 2083 Maximus
906 2001 1022 2083 ejus
1044 2010 1238 2083 auctor
1260 1999 1549 2083 habeatur,
1578 2004 1623 2058 si
1651 2003 1772 2074 quis
1786 2011 1993 2083 Atamen_
2021 1999 2259 2071 dubitet,
2303 2006 2348 2060 is
2371 1999 2608 2083 animum
2638 2008 2705 2083 ad
2727 1999 3021 2083 dictionem
3050 2020 3103 2066 et
3145 2010 3212 2067 ad
3238 2011 3429 2066 similia
3456 2026 3575 2083 qua:

280 2069 410 2124 alibi
437 2071 576 2127 idem
598 2073 839 2142 scripsit,
868 2069 1135 2128 advertat.
1168 2072 1276 2129 Nec
1304 2073 1613 2142 Ambrosio,
1642 2069 1743 2129 n'ec
1770 2073 2069 2143 Augustino
2095 2069 2321 2145 usquam
2348 2077 2638 2134 attributus
2663 2079 2873 2149 legitur.
3472 2069 3491 2083 ⁸
3556 2100 3567 2108 “

282 2207 841 2283 Aeculanum—eia:
853 2209 1046 2283 Christi
1066 2211 1438 2265 resurrectione
1459 2209 1681 2283 ostendit
1704 2208 1877 2263 Maxi—
1905 2213 1953 2273 B
1976 2207 2201 2279 jacerct.
2234 2208 2389 2276 Quod
2419 2226 2546 2267 vero
2575 2214 2925 2269 annuntiatur
2956 2215 3124 2271 Filius
3151 2216 3269 2283 Dei,
3301 2195 3459 2272 natus
3487 2225 3573 2273 est

356 2298 473 2335 mus
503 2282 661 2353 fuisse
704 2282 865 2353 in‘eo
911 2281 1476 2353 duplicem_nat_uram,
1523 2282 1878 2353 duplicemque

354 2350 723 2423 operationem.
756 2351 956 2406 Passus
980 2350 1130 2423 enim
1166 2362 1242 2423 es_t
1269 2350 1537 2418 Christus,
1568 2361 1619 2405 et
1644 2350 1877 2406 mortuus

352 2420 410 2477 ut
437 2422 611 2491 homo,
632 2422 913 2477 resurrexit
932 2430 987 2475 ut
1009 2420 1166 2476 Deus.
1200 2421 1265 2476 In
1296 2439 1452 2475 carne
1480 2431 1748 2492 assumpta
1769 2430 1877 2476 tota

353 2494 558 2566 refulsit
581 2493 844 2566 divinitas,
867 2503 915 2546 et
944 2509 1057 2547 cum
1080 2492 1349 2547 divinitate
1375 2510 1495 2546 caro
1538 2509 1686 2547 suam
1714 2509 1875 2565 copu-

357 2564 483 2621 lavit
504 2564 876 2635 inﬁrmitatem.

276 2680 279 2681 ⁷
354 2678 672 2735 Veneranda
695 2678 875 2749 passio
895 2675 1189 2733 Salvatoris
1210 2676 1399 2740 nostri,
1418 2683 1581 2747 atque
1602 2676 1671 2732 ab
1694 2675 1876 2731 inferis

282 2771 404 2842 ejus
432 2770 691 2825 mirabilis
717 2768 950 2836 reditus,
983 2777 1272 2825 attestatur
1310 2768 1545 2823 divinam
1576 2768 1650 2823 illi
1679 2768 1872 2823 huma-

280 2878 518 2935 namque
539 2860 702 2917 fuisse
730 2861 1103 2917 substantiam.
1126 2859 1256 2929 Quis
1285 2861 1427 2915 enim
1458 2859 1665 2915 dubitet
1686 2858 1876 2915 ineffa-

279 2956 467 3012 biliter
492 2969 614 3011 eum
641 2953 833 3009 Filium
860 2953 991 3023 Dei,
1021 2951 1295 3024 filiumque
1321 2968 1443 3009 esse
1470 2952 1734 3021 hominis,
1780 2953 1873 3023 qui

280 3047 461 3120 potuit
505 3053 562 3103 et
589 3052 818 3102 mortem
862 3046 1096 3117 perpeti,
1144 3053 1200 3100 et
1226 3052 1401 3100 morte
1427 3044 1639 3099 devicta
1670 3051 1873 3099 semet-

281 3140 459 3213 ipsum
487 3141 749 3207 suscitare
793 3139 859 3195 de
904 3140 1148 3196 tumulo?
1176 3139 1310 3195 Nam
1338 3148 1588 3211 suscepta
1618 3155 1780 3196 carne
1805 3140 1872 3196 de

279 3234 510 3304 virgine,
531 3248 599 3289 ne
618 3248 779 3304 quam
808 3232 862 3287 in
891 3231 994 3287 fide
1023 3239 1221 3287 nostrae
1243 3229 1595 3287 confessionis
1622 3232 1871 3286 nebulam

281 3334 617 3400 pateremur,
650 3334 765 3382 toto
805 3325 1200 3397 praedicationis
1247 3341 1356 3381 sua:
1404 3333 1868 3395 temporeverum

278 3435 341 3477 se
369 3420 641 3476 revelabat
677 3420 845 3475 Deum
864 3458 880 3486 ,
909 3418 1208 3490 perfectum
1237 3417 1555 3474 ostendebat
1595 3425 1649 3471 et
1690 3416 1869 3471 homi-

278 3527 426 3568 nem.
451 3511 644 3567 Flebat
667 3511 885 3582 quippe,
910 3517 969 3565 ut
991 3518 1178 3565 nostro
1200 3508 1389 3563 dolore
1416 3523 1670 3575 mmrens,
1695 3507 1788 3563 sed
1813 3516 1870 3562 ut

1980 2300 2048 2356 de
2092 2301 2329 2370 virgine,
2379 2310 2531 2359 tanto
2579 2304 2634 2359 in
2675 2306 2934 2362 miraculo
2982 2323 3089 2362 non
3136 2307 3300 2364 debet
3339 2308 3574 2365 humana

1981 2392 2242 2451 fluctuare
2262 2395 2537 2465 fragilitas,
2556 2398 2681 2467 quia
2702 2398 2979 2469 stupenda:
2995 2400 3120 2456 huic
3140 2400 3365 2456 novitati
3381 2400 3570 2469 Deum,

1980 2487 2067 2542 cui
2114 2503 2275 2543 omne
2323 2504 2458 2559 opus
2507 2489 2763 2560 possibile
2791 2499 2891 2558 est,
2923 2490 3245 2548 conﬁtemur
3270 2500 3569 2549 auctorem.

1978 2575 2176 2633 Beatus
2206 2594 2437 2648 namque
2476 2579 2642 2635 David
2672 2581 3118 2652 omnipotentiam
3144 2580 3242 2637 Dei
3279 2580 3337 2637 S.
3369 2580 3573 2654 Spiritu

1977 2671 2255 2727 revelante
2284 2672 2563 2737 decantat,
2607 2673 2828 2730 dicens:
2858 2674 3050 2729 Omnia
3076 2691 3388 2747 quaecunque
3414 2669 3572 2730 uoluit

1980 2760 2264 2831 Dominus,
2298 2767 2419 2837 fecit
2444 2766 2500 2819 in
2555 2766 2679 2821 coelo
2708 2774 2758 2821 et
2804 2767 2859 2820 in
2908 2774 3047 2821 terra
3091 2765 3274 2838 (Psal.
3317 2771 3567 2837 CXXXIV).

1981 2852 2083 2922 Qui
2130 2872 2262 2928 ergo
2311 2857 2437 2912 fecit
2490 2874 2610 2929 qua:
2658 2858 2857 2923 voluit,
2903 2858 3028 2913 fecit
3075 2866 3134 2913 ut
3176 2857 3327 2927 virgo
3380 2857 3567 2913 conci-

1974 2956 2169 3018 peret;
2223 2950 2316 3019 qui
2371 2949 2498 3006 fecit
2551 2951 2732 3005 omnia
2777 2965 2897 3020 qua:
2955 2950 3161 3017 voluit,
3228 2948 3357 3005 fecit
3421 2950 3564 3022 quod

1974 3044 2129 3099 nobis
2191 3042 2208 3082 ί
2267 3045 2597 3100 subveniret.
2659 3041 2888 3112 Omnia,
2952 3044 3167 3115 inquit,
3232 3060 3347 3117 qua!
3412 3044 3571 3100 voluit

1974 3133 2115 3189 Deus
2134 3177 2149 3203 ,
2190 3137 2330 3205 fecit.
2373 3134 2553 3190 Voluit
2583 3150 2651 3191 ex
2689 3135 2855 3190 nihilo
2885 3136 3120 3191 formare
3148 3135 3441 3191 mundum?
3471 3135 3570 3191 fuit

1974 3227 2132 3300 497
2158 3228 2205 3281 ei
2230 3236 2339 3281 tam
2366 3227 2542 3298 magni
2578 3227 2758 3297 operis
2786 3225 3011 3282 effectus
3050 3227 3103 3281 in
3133 3226 3333 3283 Verbo.
3385 3225 3568 3282 Voluit

1972 3323 2248 3378 hominem
2275 3321 2504 3389 ﬁgurare
2527 3321 2595 3375 de
2638 3321 2896 3390 pulvere?
2932 3319 3113 3375 Virtus
3143 3328 3304 3374 tanta:
3332 3335 3441 3375 non
3469 3319 3567 3375 de-

1972 3413 2072 3466 fuit
2092 3412 2375 3466 voluntati.
2397 3410 2580 3465 Voluit
2602 3410 2741 3465 inter
2762 3412 2877 3480 ipsa
2898 3410 3020 3466 cmli
3049 3418 3314 3487 terraique
3342 3410 3569 3480 primor-

1974 3502 2061 3558 dia
2082 3503 2224 3558 virili
2253 3502 2321 3558 de
2342 3518 2571 3574 corpore
2601 3501 2829 3557 educere
2860 3501 3152 3557 feminam?
3180 3517 3210 3557 e
3239 3502 3407 3557 latere
3435 3518 3565 3559 mox

277 3620 377 3662 sua
404 3605 603 3661 virtute
632 3612 822 3676 potens
851 3603 1135 3659 miseratus
1156 3617 1421 3658 czecorum
1446 3602 1715 3670 tenebras,
1742 3601 1867 3657 huic
1896 3599 1942 3662 C
1973 3594 2100 3649 Adte
2123 3602 2298 3650 mater
2344 3595 2565 3652 humani
2595 3595 2808 3665 generis
2837 3593 2948 3649 Eva
2978 3594 3256 3664 processit.
3288 3594 3470 3650 Voluit
3498 3594 3566 3652 de

277 3695 510 3751 necdum
542 3696 802 3751 formatos
830 3694 1060 3751 faciebat
1089 3694 1293 3759 oculos,
1322 3694 1396 3749 illi
1417 3692 1678 3749 reddebat
1706 3694 1869 3749 amis-

274 3802 400 3855 sos;
446 3788 702 3857 navigans
749 3804 871 3857 cum
916 3786 1194 3857 discipulis
1247 3786 1359 3841 suis
1404 3801 1594 3842 somno
1637 3786 1872 3841 hominis

273 3878 581 3934 dormiebat
605 3878 658 3932 in
687 3878 902 3949 puppis,
942 3876 1034 3931 sed
1063 3876 1293 3931 conscia:
1322 3875 1618 3945 majestatis
1645 3876 1870 3946 imperio

271 3972 667 4043 insurgentium
700 3969 957 4025 fluctuum
980 3967 1151 4023 moles
1174 3968 1548 4039 minascesque
1570 3975 1759 4023 ventos
1780 3983 1868 4024 se-

274 4077 414 4119 rena
441 4062 690 4132 protinus
720 4059 1106 4130 tranquillitate
1152 4059 1501 4129 compescuit.
1552 4058 1869 4115 Moriturum

269 4167 360 4216 se,
395 4160 454 4206 ut
483 4149 797 4220 temporalis
844 4149 967 4204 vita:
1004 4150 1169 4204 homo
1208 4148 1499 4219 saepissime
1551 4150 1864 4221 testabatur,

268 4243 374 4303 sed
402 4252 464 4299 ut
488 4251 719 4300 aeternus
745 4243 903 4310 Deus,
931 4242 1119 4314 refugo
1141 4243 1194 4298 in
1215 4258 1443 4314 corpora
1470 4244 1618 4298 vitali
1649 4230 1864 4316 spiritu,

267 4334 345 4393 ad
374 4335 550 4391 lucem
591 4342 834 4391 mortuos
871 4334 1047 4390 redire
1074 4335 1349 4406 praecepit.
1394 4332 1463 4389 Ut
1493 4333 1602 4391 filio
1632 4337 1865 4393 hominis

267 4427 660 4496 ingerebantur
677 4427 918 4483 convicia
950 4427 1459 4498 blasphemantium,
1483 4428 1577 4484 sed
1604 4437 1661 4484 ut
1681 4430 1864 4499 ignara

180 4593 195 4600 ρ
266 4517 579 4576 mortalitas
620 4518 946 4575 inosteusam
991 4519 1245 4575 credendi
1285 4519 1515 4576 disceret
1559 4522 1861 4593 veritatem,

266 4610 427 4681 quasi
448 4610 665 4666 unicum
686 4610 878 4666 Filium
898 4627 1053 4667 suum
1074 4610 1237 4667 Pater
1257 4611 1632 4682 alloquebatur
1651 4630 1682 4669 e
1702 4614 1860 4670 omlo.

265 4699 333 4756 Si
361 4716 490 4771 ergo
518 4701 711 4767 credis,
741 4717 775 4757 ο
804 4704 990 4771 homo,
1020 4702 1254 4774 indigna,
1284 4719 1406 4773 quae
1450 4704 1674 4775 pertulit
1702 4704 1862 4759 Chri-

266 4801 417 4859 stus,
448 4808 545 4848 cur
572 4808 681 4848 non
730 4793 901 4864 magis
928 4793 1105 4849 credis
1150 4794 1392 4849 miranda
1433 4809 1554 4863 quin
1582 4796 1862 4866 prazstitit?

265 4884 351 4940 Ila
379 4900 521 4961 sane
537 4884 1148 4955 incomprehensibiliter
1167 4900 1294 4940 caro
1315 4884 1370 4938 in
1391 4884 1523 4950 Deo,
1547 4892 1604 4941 et
1625 4886 1677 4939 in
1698 4900 1861 4942 carne

1973 3687 2092 3741 viro
2137 3694 2194 3741 et
2221 3686 2418 3741 femina
2448 3687 2728 3757 utriusque
2756 3701 2920 3743 sexus
2958 3686 3207 3742 homines
3234 3686 3419 3743 nasci?
3447 3685 3565 3758 lege

1969 3781 2263 3837 voluntatis
2291 3780 2407 3851 ejus
2432 3780 2663 3851 replevit
2686 3780 2875 3836 orbem
2896 3779 3047 3850 jussa
3095 3780 3413 3836 fecunditas.
3448 3779 3559 3836 Vo-

1973 3873 2090 3942 luit,
2140 3883 2199 3928 ut
2247 3872 2451 3928 dictum
2498 3880 2601 3940 est,
2642 3873 2902 3942 virginem
2931 3873 3158 3944 parere?
3187 3880 3244 3929 et
3271 3872 3563 3947 obumbra-

1973 3966 2117 4021 tione
2144 3963 2446 4035 maiestatis
2487 3964 2627 4033 ejus,
2657 3964 2804 4020 nullo
2832 3964 3056 4033 virginei
3086 3963 3310 4036 pudoris
3338 3964 3559 4034 damno,

1969 4054 2216 4114 Christus
2243 4058 2509 4129 processit
2535 4072 2604 4114 ex
2634 4057 2821 4113 Maria.
2848 4055 2912 4110 Et
2940 4057 3067 4113 inde
3095 4063 3178 4113 est
3205 4058 3352 4128 quod
3379 4052 3561 4129 philo-‘-

1968 4150 2124 4221 sophi
2171 4151 2429 4221 gentium,
2462 4150 2863 4222 prudentesque
2900 4150 3107 4218 mundi,
3131 4151 3223 4221 qui
3252 4150 3432 4207 omnia
3460 4137 3561 4207 sibi

1967 4243 2185 4314 propria
2223 4243 2417 4299 volunt
2440 4242 2831 4314 disceptatione
2878 4251 3151 4307 constare,
3183 4242 3310 4299 dum
3345 4251 3560 4301 terreno

1967 4350 2127 4391 sensu
2158 4334 2341 4390 divina
2367 4333 2684 4404 discutiunt,
2706 4336 2971 4406 sapientia
3018 4351 3112 4390 sua
3141 4335 3468 4407 desipientes
3491 4335 3560 4391 ad

1965 4429 2353 4500 plenitudinem
2383 4444 2492 4484 non
2521 4412 3136 4500 perveniunt’veritatis.
3166 4427 3268 4495 Qui
3297 4429 3435 4484 hanc
3455 4429 3558 4496 igi-

1967 4528 2055 4576 tur
2074 4520 2340 4577 desudant
2367 4522 2568 4576 habere
2596 4521 2919 4586 doctrinam,
2949 4529 3011 4575 ut
3037 4521 3183 4589 quod
3229 4521 3330 4590 ipsi
3360 4521 3555 4589 adven-

1964 4621 2080 4668 tere
2118 4621 2410 4682 nequeunt,
2467 4614 2699 4683 superbo
2725 4620 2993 4667 tumentes
3020 4612 3229 4681 spiritu,
3254 4610 3422 4691 Deum
3464 4619 3557 4665 aut

1964 4720 2073 4759 non
2127 4711 2274 4759 recte
2320 4702 2480 4767 velle,
2522 4709 2615 4757 aut
2642 4718 2750 4758 non
2777 4718 2938 4773 posse
2962 4701 3312 4758 contendunt.
3345 4701 3468 4771 Qui,
3496 4710 3557 4757 ut

1964 4796 2041 4852 ait
2088 4794 2399 4865 Apostolus,
2447 4792 2674 4848 dicentes
2730 4810 2785 4847 se
2830 4810 2941 4849 esse
2973 4793 3231 4865 sapientes
3259 4793 3403 4848 stulti
3427 4795 3572 4865 facti.

1910 4898 1915 4901 '
1963 4897 2110 4953 sunt;
2167 4894 2223 4944 et
2270 4889 2489 4953 iterum,
2545 4895 2858 4942 evanuerunt
2910 4888 2967 4942 in
3013 4886 3407 4959 cogitationibus
3446 4889 3552 4957 suis

264 4977 445 5043 Deus,
478 4983 539 5030 ut
575 4990 752 5045 neque
791 4974 959 5030 Deum
1002 4976 1071 5031 ab
1099 4975 1315 5031 homine
1342 4976 1522 5047 passio
1562 4985 1854 5048 separaret,
1882 4991 1939 5054 ι)
1965 4980 2141 5054 (Rom.
2166 4980 2227 5052 ι).
2258 4978 2390 5046 Quis
2419 4978 2562 5035 enim
2586 4978 2660 5033 ita
2679 4978 2901 5035 demens
2930 4979 2985 5035 in
3011 4979 3105 5034 illo
3133 4989 3397 5051 conceptu
3444 4980 3553 5035 vir—

263 5082 447 5139 ncque
482 5083 581 5139 per
608 5068 881 5123 hominem
905 5067 1046 5125 Deus
1073 5069 1322 5125 humanis
1359 5070 1701 5140 passionibus
1729 5071 1855 5127 sub-

260 5236 283 5321 "
345 5257 370 5285 ιι
390 5248 528 5305 Cod.
548 5247 849 5321 Vallicell.,'
862 5247 1124 5321 Benedicit
1144 5250 1322 5315 victus,
1345 5252 1433 5321 qui
1451 5250 1632 5305 liberat
1654 5267 1852 5321 passos,
1876 5278 1881 5283 τ

266 5318 543 5392 intervenit
569 5336 703 5392 reos,
729 5318 1042 5392 absoluitgue
1070 5321 1345 5375 damnatos
1357 5318 1382 5392 ,‘7
1397 5322 1517 5392 quia
1542 5331 1590 5375 et
1615 5318 1857 5376 adversa-

266 5391 390 5458 riis,
421 5392 465 5444 si
502 5391 837 5515 reslifisoant,
868 5391 1269 5460 redemptionem
1298 5391 1474 5445 tribuit
1498 5393 1852 5463 interemptus.

345 5459 373 5499 δ
402 5458 536 5516 Cod.
618 5462 821 5516 rbevet.
854 5459 1144 5516 conformis
1170 5469 1252 5516 est
1274 5464 1463 5518 textui.
1494 5470 1853 5518 oncterauam

348 5477 373 5499 υ
402 5477 536 5516 υοα.
572 5477 821 5516 urnevet.
854 5477 1144 5516 conlormis
1170 5477 1252 5516 ess
1274 5477 1463 5527 texsui,
1494 5477 1779 5531 pncterqu:

269 5530 331 5589 in
360 5532 444 5606 his
466 5532 673 5606 verbis,
696 5531 1219 5606 quia_et‘adversariis
1239 5533 1292 5606 _s_i
1319 5534 1641 5606 resipiscam,
1670 5544 1779 5606 etc.

352 5613 374 5641 ε
405 5600 539 5674 Cod.
566 5600 717 5674 Vat.
742 5601 879 5656 1270
918 5600 1101 5674 legit}
1148 5600 1285 5674 Quid
1320 5611 1396 5674 est
1420 5600 1529 5674 'Itoc
1565 5604 1701 5674 quod
1729 5603 1857 5674 pede

274 5672 575 5746 claudicat]
595 5675 689 5746 hoc
709 5681 784 5730 est
807 5673 944 5746 quod
967 5673 1031 5727 de
1057 5670 1264 5741 Ja‘cob.,
1291 5671 1442 5746 idest
1470 5673 1531 5728 de
1553 5670 1859 5746 Judworum

198 5742 209 5751 ί
273 5760 488 5857 ὕδωρ
510 5743 714 5827 Omtte
736 5742 1032 5829 resurges“
1054 5759 1183 5833 tum
1222 5742 1460 5817 πεάἱάίτι
1484 5761 1613 5823 υπδ
1639 5745 1696 5817 in
1733 5745 1860 5819 Μ’

1960 5072 2137 5143 gineo'
2158 5085 2343 5129 semen
2382 5078 2588 5140 quierat
2633 5070 2945 5139 humanum,
2994 5070 3085 5128 ubi
3133 5071 3307 5141 agitur
3331 5073 3550 5129 cceleste

1961 5252 2173 5307 delitate
2191 5252 2468 5317 remansit,
2492 5259 2543 5305 et
2560 5267 2593 5305 a
2606 5251 2828 5320 justitite
2847 5252 3044 5308 semitis
3063 5253 3372 5309 claudicavit
3383 5272 3401 5320 ;
3426 5270 3546 5310 cum

1959 5339 2068 5394 quo
2089 5321 2283 5397 codice
2308 5322 2574 5397 convenit
2602 5321 2880 5390 Urbevet.,
2931 5323 3024 5380 sed
3066 5325 3230 5390 addit,
3266 5341 3299 5378 a
3329 5326 3549 5397 justitite

1960 5393 2022 5446 ac
2052 5394 2171 5448 uitta
2192 5393 2409 5448 semitis.
2616 5452 2619 5455 _
2776 5450 2779 5455 ,

1958 5515 1963 5519 .
2031 5461 2057 5501 ἀ
2086 5462 2229 5535 Cod.
2255 5463 2356 5519 174
2376 5472 2608 5535 metrop.
2635 5465 2984 5535 ech.‘Flor.,
3010 5482 3186 5523 amore
3211 5466 3364 5520 vinci.
3411 5516 3415 5520 .

2032 5544 2055 5572 ε
2085 5533 2254 5590 Codd.
2282 5535 2408 5609 Vat.
2434 5533 2571 5590 1270
2593 5544 2648 5590 et
2693 5533 2976 5604 Urbevet.,
3015 5536 3145 5590 Post
3181 5536 3327 5589 illam
3358 5536 3541 5609 fugant

1961 5604 2123 5677 lucent
2151 5607 2407 5677 passionis
2430 5614 2578 5677 nocte
2601 5609 2875 5677 promittit,
2913 5617 3017 5661 etc.
3366 5604 3371 5605 ί
3426 5604 3461 5641 Ὗ

2034 5674 2054 5718 τ
2089 5674 2223 5733 Cud.
2259 5675 2442 5733 Casin.
2475 5674 2772 5745 505,'nobis
2800 5677 3052 5755 omnibus.
