4052 6330
467 267 578 336 δη)

1689 273 1747 330 S.
1788 271 2036 329 MAXIM!
2070 267 2530 331 TAURINENSIS

3649 265 3759 323 θη

459 393 810 472 meum?
825 393 1040 463 Quanta
1070 391 1318 449 vecordia
1364 395 1418 449 in
1441 393 1538 450 illo
1565 389 1827 450 nascendi
1855 407 2056 468 genere
2087 399 2132 459 Α
2161 411 2220 454 se
2238 395 2467 452 invicem
2493 395 2682 467 impari
2701 401 2973 478 potestate
3002 392 3223 453 distare.
3251 385 3396 447 Misit
3421 381 3588 445 Pater
3628 405 3760 462 pro-

462 489 788 562 generalitas
811 486 1054 543 mortalis
1083 485 1418 553 obtenditur,
1473 493 1534 541 ut
1590 501 1754 557 opere
1794 483 2060 558 Omnipo—

467 584 628 640 tentis
647 597 748 652 pro
783 581 896 636 vita
923 579 1264 650 pereuntium
1307 587 1499 650 partus
1525 577 1780 636 salutaris
1809 575 2060 633 eilioruit.

465 675 576 732 Sed
595 675 822 729 fortasse
837 669 1072 742 perﬁdus
1087 671 1348 739 occurrit,
1376 679 1431 726 et
1450 669 1580 726 dicit
1601 687 1616 724 τ
1644 683 1806 725 nemo
1831 684 2065 738 unquam

470 767 545 823 ita
566 774 650 822 est
667 774 847 821 natus.
872 764 1042 820 Nemo
1060 778 1274 830 revera,
1296 763 1422 836 quia
1445 762 1642 820 nullius
1661 771 1859 833 praeter
1880 771 1907 798 σι
1929 760 2070 816 hanc

469 873 598 917 caro
619 859 771 916 unita
793 873 915 915 cum
933 856 1048 914 Deo
1077 867 1179 914 est.
1212 853 1353 926 Quid
1379 855 1650 913 incassm
1697 853 1951 911 dubitas?
1977 851 2070 922 qui

471 953 622 1011 solus
642 951 793 1008 dedit
815 950 1126 1007 hominibus
1153 951 1299 1006 nasci
1321 963 1419 1021 per
1439 947 1716 1020 coniuges,
1737 945 1884 1003 solus
1903 943 2074 1000 voluit

477 1044 695 1117 prodire
721 1043 788 1100 de
814 1044 1044 1114 virgine.
1073 1041 1390 1098 Mirabiliter
1416 1049 1578 1097 natus
1597 1048 1681 1097 est
1701 1037 1966 1106 Christus,
2016 1041 2072 1091 et

477 1136 842 1194 obstinatione
869 1134 1073 1206 periida
1098 1149 1208 1191 non
1230 1131 1408 1190 credis
1433 1131 1636 1188 Deum?
1660 1129 1800 1198 Quid
1840 1130 2069 1193 faceres,

479 1228 526 1284 si
579 1227 850 1283 communi
881 1233 1023 1281 esset
1067 1223 1188 1294 lege
1232 1223 1560 1294 conceptus?
1603 1219 1786 1277 inanis
1834 1233 1963 1289 ergo
2021 1225 2078 1274 et

479 1318 645 1374 stulta
675 1317 918 1373 causatio
947 1326 1049 1380 est,
1083 1317 1285 1372 nullum
1317 1315 1392 1370 ita
1422 1313 1584 1370 fuisse
1633 1321 1839 1378 natum,
1871 1311 1962 1382 qui
1990 1325 2078 1366 sa-

481 1413 817 1468 cramentum
846 1406 1090 1462 fecunda:
1136 1391 1376 1475 virginis,
1417 1404 1562 1476 quod
1609 1404 1826 1459 unicum
1869 1401 1970 1457 Dei
1997 1409 2080 1456 est

487 1515 652 1571 opus;
686 1514 861 1570 neque
890 1499 1090 1554 habere
1119 1506 1244 1552 ante
1278 1513 1336 1553 se
1366 1498 1562 1568 potuit,
1590 1508 1694 1554 nec
1715 1505 1840 1567 post
1863 1511 1925 1552 se
1949 1494 2080 1551 reli-

483 1591 601 1662 quit
645 1590 974 1660 exemplum.
1027 1587 1179 1644 Unde
1209 1599 1264 1645 et
1292 1599 1369 1654 tu,
1403 1590 1593 1658 frater,
1624 1590 1669 1644 si
1695 1589 1968 1659 sapienter
1995 1587 2080 1642 in-

484 1683 874 1754 comprehensa
901 1681 1133 1752 rimaris,
1155 1681 1300 1752 quod
1320 1682 1592 1752 singulare
1620 1683 1888 1752 pervides,
1920 1680 2084 1737 crede

2166 488 2342 561 prium
2372 485 2589 553 Filium,
2611 501 2720 542 non
2743 501 2773 540 a
2801 501 2860 540 se
2882 483 3267 550 discedentem,
3299 481 3394 538 sed
3415 480 3484 536 ad
3508 496 3611 536 nes
3655 497 3760 535 no-

2167 559 2278 638 stra
2335 595 2434 652 pro
2489 580 2663 636 salute
2693 579 3020 635 venientem.
3050 575 3212 634 Venit
3240 585 3422 633 autem
3449 573 3548 631 Dei
3577 559 3780 642 Filius,

2170 689 2279 727 non
2302 681 2361 727 ut
2374 671 2638 728 mittentis
2653 677 2856 726 tantum
2873 667 3450 741 Patrisexsequeretur
3461 665 3768 738 imperium,

2171 767 2266 826 sed
2307 777 2364 824 ut
2409 783 2749 824 communem
2777 775 3066 840 perageret
3100 763 3455 822 voluntatem.
3480 759 3649 818 Venit
3677 760 3772 816 Dei

2176 859 2360 931 Filius,
2391 879 2502 918 non
2517 863 2608 934 qui
2630 859 2696 918 de
2717 861 2837 918 loco
2861 861 3116 918 transiret
3134 857 3202 916 ad
3219 855 3420 924 locum,
3443 855 3540 916 sed
3560 855 3616 911 in
3644 854 3769 909 loco

2179 969 2288 1024 quo
2311 953 2473 1010 vellet
2499 954 2764 1026 propositi
2811 953 2890 1010 sui
2919 969 3113 1009 munus
3140 949 3406 1024 impleret.
3453 945 3526 1002 Et
3579 961 3772 1002 revera

2178 1047 2367 1115 Deum,
2399 1063 2521 1104 cum
2545 1045 2743 1117 ubique
2773 1061 2987 1118 semper
3005 1047 3095 1112 sit,
3128 1053 3291 1115 atque
3336 1043 3518 1098 omnia
3562 1037 3773 1110 gremio

2178 1138 2478 1210 majestatis
2507 1154 2614 1194 sua:
2645 1137 2903 1204 includat,
2937 1135 3064 1194 illuc
3105 1145 3287 1192 tamen
3335 1135 3435 1201 ire,
3466 1142 3560 1188 aut
3591 1131 3777 1187 venire

2177 1231 2434 1298 creditur,
2460 1232 2548 1286 ubi
2575 1248 2633 1287 se
2661 1231 2905 1288 revelare
2933 1227 3202 1300 dignatur.
3235 1225 3380 1295 Hmc,
3428 1223 3618 1290 frater,
3674 1221 3780 1278 nisi

2180 1323 2283 1380 iide
2330 1323 2592 1396 sequaris,
2651 1321 2796 1378 nulla
2842 1319 3097 1378 mundani
3143 1336 3334 1376 sensus
3356 1320 3570 1374 ratione
3599 1311 3784 1372 conci-

2179 1417 2318 1488 pies.
2343 1415 2573 1470 Tantum
2599 1415 2742 1470 enim
2773 1415 2923 1470 abest
2943 1416 3010 1469 ab
3031 1415 3284 1484 Operibus
3304 1412 3401 1466 Dei
3425 1409 3784 1480 intelligentia

2180 1506 2428 1562 mortalis
2479 1505 2700 1573 ingenii,
2744 1512 3004 1576 quantum
3033 1503 3234 1558 distare
3261 1509 3442 1573 potest
3469 1500 3539 1556 ab
3561 1501 3786 1555 aeterni-

2183 1605 2296 1653 tate
2343 1596 2658 1650 mortalitas.
2702 1595 2809 1650 Sed
2852 1593 3053 1664 optima
3107 1591 3316 1649 homini
3339 1590 3479 1646 ratio
3506 1598 3608 1657 est,
3642 1592 3786 1644 utin

2187 1690 2272 1745 bis
2299 1703 2418 1758 quae
2443 1701 2552 1742 non
2599 1694 2778 1756 potest
2817 1693 2996 1742 urente
3023 1684 3332 1754 complecti,
3382 1681 3541 1739 cedat
3585 1681 3791 1737 mentis

486 1775 745 1834 diVinIIm-
777 1775 1021 1848 Denique
1055 1792 1179 1832 cum
1227 1793 1260 1831 a
1305 1777 1581 1848 diSCipllliS
1609 1777 1741 1842 suis.
1771 1777 1890 1847 quis
1917 1781 2078 1837 esset.
2117 1789 2162 1850 Β
2185 1780 2413 1836 auctori.
2439 1777 2592 1833 Scire
2621 1791 2751 1846 ergo
2779 1776 3058 1842 debemus,
3081 1774 3364 1840 carissimi,
3406 1773 3533 1844 quia
3589 1767 3792 1826 nativi~

485 1877 546 1928 et
570 1870 639 1926 ab
657 1869 965 1926 hominibus
985 1869 1318 1937 crederetur,
1349 1868 1602 1926 Salvator
1620 1869 1939 1940 inquireret,
1965 1869 2086 1922 hea-

487 1961 730 2020 tissimus
755 1967 886 2018 tunc
924 1959 1119 2018 Petrus
1145 1971 1356 2019 sacrata
1379 1977 1516 2020 voce
1542 1960 1822 2033 respondit
1847 1960 2036 2017 dicens
2069 1977 2080 2012 :

493 2053 572 2111 Tu
597 2073 653 2110 es
681 2051 918 2112 Christus
944 2049 1117 2111 Filius
1137 2053 1238 2112 Dei
1258 2059 1354 2113 uiui
1386 2057 1603 2130 (Matth.
1632 2059 1766 2126 xvi).
1793 2055 1955 2124 Ecce,
1977 2053 2088 2108 fra-

494 2152 626 2233 tres,
656 2145 896 2217 loquitur
923 2147 1104 2218 lingua
1132 2149 1366 2205 hominis
1387 2149 1532 2221 quod
1570 2165 1664 2206 cor
1691 2149 1928 2204 hominis
1947 2147 2095 2217 igno-

494 2231 670 2295 rabat.
699 2237 962 2310 Loquitur
989 2241 1289 2312 apostolus,
1321 2241 1466 2314 quod
1496 2257 1603 2298 non
1633 2239 1988 2296 meditatione
2007 2235 2088 2294 di-

494 2325 647 2398 dicit,
677 2332 774 2390 sed
801 2335 1136 2392 revelatione
1155 2335 1424 2406 cognovit.
1453 2333 1606 2392 Unde
1630 2336 1776 2392 enim
1807 2335 1972 2392 sciret
1993 2343 2098 2389 ter—

497 2435 664 2480 renus
691 2425 1042 2498 mortalisque
1062 2425 1226 2484 homo
1249 2427 1707 2499 iucomprehensa:
1727 2425 2095 2499 generationis

500 2529 776 2585 arcanum,
809 2517 910 2573 nisi
940 2525 994 2573 et
1023 2517 1188 2574 Pater
1213 2520 1347 2592 ipse,
1379 2519 1531 2591 cujus
1557 2535 1718 2576 verus
1745 2528 1863 2576 erat
1908 2517 2094 2584 Filius,

501 2619 614 2665 non
663 2610 954 2666 revelasset
1002 2623 1034 2666 e
1080 2611 1260 2668 casio?
1315 2619 1376 2666 ut
1402 2612 1477 2666 ait
1524 2609 1591 2666 ad
1613 2611 1762 2666 illum
1791 2609 2094 2664 Dominus:

505 2694 698 2754 Beatus
726 2717 799 2768 es,
832 2699 1016 2756 Simon
1056 2699 1162 2756 Bar
1182 2699 1344 2772 Jona,
1381 2701 1504 2775 quia
1533 2721 1636 2758 non
1667 2720 1788 2757 caro
1813 2711 1861 2755 et
1889 2699 2101 2772 sanguis

505 2791 750 2846 reretavit
790 2789 954 2864 498
1003 2793 1112 2860 tibi,
1153 2793 1247 2850 sed
1278 2797 1438 2850 Pater
1462 2814 1600 2851 meus
1639 2798 1727 2869 qui
1757 2797 1809 2850 in
1850 2797 1987 2851 caelis
2028 2803 2103 2849 est

509 2875 724 2953 (υἱώ).
755 2879 912 2948 Quod
939 2884 1082 2938 enim
1109 2883 1412 2960 przecipuus
1450 2885 1820 2958 apostolorum
1869 2885 2102 2943 Redem-

511 2978 722 3047 ptorem
745 2971 1012 3047 [omnium
1045 2976 1153 3033 vivi
1177 2975 1274 3034 Dei
1302 2977 1495 3036 Filium
1516 2979 1666 3046 dicit,
1693 2987 1928 3053 paternae
1957 2977 2010 3034 in
2039 2993 2106 3035 eo

510 3063 1109 3123 deitatis'substantiam
1129 3065 1447 3137 conﬁtetur;
1479 3069 1624 3142 quod
1669 3070 1916 3126 eumdem
1944 3069 2104 3126 Chri-

509 3163 658 3214 stum
687 3160 1021 3230 pronuntiat,
1047 3159 1279 3216 materni
1309 3161 1485 3236 inesse
1512 3161 1758 3232 corporis
1787 3159 1977 3216 asserit
2015 3175 2108 3214 ve-
2133 3189 2180 3252 ο

511 3246 750 3306 ritatem.
779 3245 872 3307 Sic
897 3265 1086 3307 revera
1114 3251 1458 3308 beatissimus
1487 3247 1680 3307 Petrus
1728 3259 2012 3322 utramque
2051 3251 2105 3304 in

513 3341 732 3401 Christo
762 3351 1008 3401 naturam
1033 3346 1134 3402 sub
1156 3357 1261 3400 una
1282 3353 1367 3401 est
1387 3343 1748 3416 appellatione
1773 3343 2106 3414 complexus,

515 3443 579 3494 ut
629 3437 914 3494 ineii'abilis
955 3440 1198 3511 mysterii
1225 3447 1622 3496 sacramentum
1650 3437 1969 3496 brevissimo
1997 3453 2110 3493 ser-

518 3541 681 3586 mone
733 3527 997 3596 delibans,
1052 3545 1228 3601 neque
1281 3531 1554 3600 geminata
1599 3529 1882 3595 divideret,
1935 3541 2112 3598 neque

518 3623 672 3679 unita
691 3621 1062 3679 confunderet.
1093 3622 1163 3678 Ut
1190 3631 1371 3678 autem
1401 3623 1610 3694 plenius
1633 3621 2036 3678 adverterernus
2058 3620 2112 3674 in

519 3705 804 3771 Salvatore
824 3729 1002 3784 neque
1028 3727 1058 3768 a
1082 3708 1194 3770 Deo
1219 3714 1512 3781 hominem,
1539 3727 1716 3784 neque
1740 3711 1910 3769 Deum
1930 3711 1996 3766 ab
2016 3709 2116 3765 ho-

527 3807 672 3888 mine
724 3805 1100 3877 separandum,
1148 3807 1226 3862 ait
1263 3803 1682 3877 gloriosissimus
1708 3805 1964 3874 magister
1994 3801 2114 3858 iidei

527 3897 728 3956 Paulus
759 3897 1057 3970 apostolus,
1087 3893 1307 3956 dicens:
1358 3897 1503 3954 Misit
1549 3897 1686 3954 Deus
1725 3893 1922 3952 Filium
1968 3907 2116 3950 suum

529 3991 727 4064 factum
773 4007 839 4046 ea:
892 3991 1124 4057 muliere,
1176 3993 1370 4064 factum
1415 3989 1508 4046 sub
1550 3991 1661 4063 tege
1691 3988 1833 4062 (Gal.
1867 3988 1968 4058 lli).
2000 3985 2117 4041 Non

529 4083 720 4155 utique
743 4081 920 4140 factus
948 4093 1030 4139 est
1053 4077 1232 4139 Filius
1248 4083 1344 4140 Dei
1372 4087 1432 4138 ut
1460 4081 1785 4149 mitteretur,
1815 4078 1911 4136 sed
1960 4077 2026 4132 ad
2065 4071 2117 4130 id

533 4176 683 4250 quod
708 4177 901 4232 missus
927 4183 1031 4240 est,
1059 4173 1198 4230 illius
1225 4173 1395 4231 iactus
1420 4183 1504 4231 est
1524 4169 1777 4228 hominis.
1796 4169 1957 4226 Salva
1977 4168 2120 4223 enim

538 4267 722 4326 divina
746 4271 1076 4342 proprietate
1099 4275 1320 4333 natum},
1380 4271 1626 4323 naturam
1670 4268 1724 4321 in
1781 4281 1840 4320 se
1887 4261 2124 4332 suscepit

535 4359 849 4431 humanam,
899 4375 1009 4418 non
1038 4359 1178 4418 facta
1216 4357 1552 4428 confusione,
1585 4359 1680 4415 sed
1723 4357 1967 4413 unitione
1997 4371 2123 4426 per-

535 4451 700 4511 fecta.
725 4441 889 4524 Misit,
908 4447 1102 4524 inquit,
1130 4448 1324 4508 Filium
1347 4463 1524 4520 suum,
1546 4451 1692 4506 misit
1714 4465 1820 4506 non
1841 4447 2126 4506 crcaturali

2187 1879 2355 1929 tatem
2407 1869 2823 1942 passionemque
2865 1863 3190 1922 dominicam
3218 1877 3327 1922 non
3355 1861 3514 1920 nobis
3543 1857 3662 1932 ejus
3690 1859 3791 1915 de-

2188 1967 2268 2024 dit
2315 1962 2574 2030 conditio,
2615 1961 2712 2018 sed
2751 1961 3021 2019 voluntas.
3087 1957 3260 2014 Nostri
3299 1957 3555 2014 nimirum
3606 1954 3793 2022 exegit

2187 2073 2353 2117 causa
2407 2057 2630 2127 negotii,
2677 2055 2952 2112 Christum
2973 2053 3258 2109 Dominum
3285 2050 3555 2122 pudorem
3581 2045 3794 2104 ventris

2191 2169 2301 2208 non
2347 2150 2621 2207 declinare
2675 2147 2914 2212 feminei,
2947 2146 3254 2202 sordentem
3283 2143 3477 2216 pannis
3507 2140 3794 2197 infantiam

2191 2247 2424 2319 perpeti,
2447 2251 2782 2302 crescentem
2803 2257 2900 2313 per
2927 2255 3110 2298 moras
3127 2248 3448 2311 exspectare
3481 2221 3794 2309 pueritiam;

2194 2329 2662 2396 convalescean
2682 2333 3019 2404 temporibus
3039 2345 3200 2400 agere
3210 2331 3572 2401 juventam,
3593 2335 3653 2383 et
3669 2341 3798 2383 cum

2197 2429 2346 2488 omni
2371 2427 2633 2499 patientia
2661 2423 2869 2482 Judaici
2897 2424 3092 2479 furoris
3121 2421 3344 2492 injurias
3365 2420 3648 2490 caedesque
3673 2433 3802 2490 per-

2199 2521 2374 2578 ferre,
2411 2519 2597 2590 Neque
2625 2534 2758 2574 vero
2787 2511 3070 2588 superﬂua:
3101 2513 3390 2570 voluntatis
3409 2521 3551 2577 erat,
3574 2515 3669 2566 aut
3695 2525 3799 2564 va-

2201 2628 2335 2679 cuae,
2361 2621 2419 2667 ut
2447 2611 2543 2666 Dei
2571 2609 2738 2664 Filius
2767 2601 2864 2679 per
2893 2616 3168 2662 tantarum
3190 2604 3456 2661 dedecora
3485 2603 3800 2674 passionum

2203 2704 2432 2760 materia
2483 2697 2838 2756 humanitatis
2884 2706 3190 2755 moreretur
3215 2697 3291 2752 .in
3315 2695 3496 2760 terris,
3518 2695 3613 2766 qui
3640 2691 3806 2768 499

2205 2795 2413 2855 ctelesti
2444 2795 2497 2850 in
2525 2810 2692 2864 regno
2722 2802 2946 2863 paterna
2968 2789 3168 2846 deitate
3213 2788 3446 2857 vivebat,
3493 2786 3599 2844 nisi
3651 2785 3804 2843 nasci

2207 2889 2360 2946 illum
2391 2887 2613 2944 remedii
2638 2886 2812 2942 nostri
2833 2883 3130 2942 necessitas
3149 2881 3464 2954 ﬂagitasset.
3495 2878 3635 2951 Quid
3657 2881 3806 2938 Deus

2208 2981 2277 3039 ad
2296 2981 2555 3038 carnem?
2581 2979 2710 3054 quid
2740 2979 3112 3038 immaculatus
3132 2975 3201 3034 ad
3229 2977 3483 3035 crucem?
3503 2977 3630 3048 quid
3643 2985 3810 3034 aeter-

2210 3092 2311 3131 nus
2363 3075 2432 3130 ad
2486 3074 2755 3130 mortem?
2795 3069 2990 3130 Essent
3017 3065 3234 3142 quidem
3259 3069 3358 3126 Dei
3387 3067 3519 3126 Filio
3543 3064 3708 3125 verba
3734 3081 3811 3124 ac

2209 3169 2451 3234 vulnera,
2503 3163 2792 3236 omniaque
2841 3163 2988 3220 illata
3029 3157 3292 3236 passionis
3321 3161 3610 3234 cpprobria
3639 3173 3808 3231 repu-

2212 3258 2396 3328 tanda,
2445 3255 2548 3316 nisi
2574 3257 2824 3314 universa
2853 3274 2969 3328 quae
3013 3271 3202 3328 passus
3227 3264 3309 3312 est
3330 3251 3654 3310 resurrectio
3682 3267 3812 3308 mox

2212 3358 2398 3409 secuta
2427 3357 2685 3408 curasset.
2739 3349 2870 3418 Quis
2899 3365 3028 3420 ergo
3056 3349 3130 3405 ita
3157 3346 3428 3418 desipiens
3459 3343 3812 3403 retractando

2213 3443 2535 3503 decolorare
2564 3451 2871 3514 praesumat,
2917 3439 3062 3512 quod
3109 3439 3397 3498 cruciﬁxus
3425 3451 3511 3496 est
3538 3435 3812 3507 Christus,

2212 3537 2305 3608 qui
2324 3545 2405 3594 tot
2423 3535 2710 3594 virtutibus
2735 3533 3002 3606 tantisque
3023 3533 3292 3589 miraculis
3312 3531 3614 3590 mirabilior
3638 3530 3812 3586 factus

2215 3635 2297 3685 est
2319 3644 2417 3684 sua
2449 3627 2736 3697 passione?
2775 3626 2906 3694 Quis
2934 3626 3010 3682 illi
3041 3626 3342 3681 triduanum
3364 3619 3697 3695 exprobrare
3725 3639 3819 3678 au-

2215 3721 2341 3777 deat
2368 3719 2531 3793 500
2558 3717 2914 3789 sepulturam,
2947 3715 3100 3788 cujus
3136 3731 3258 3771 cum
3288 3715 3622 3787 sempiterno
3653 3713 3815 3770 Patre

2218 3826 2543 3884 permanens
2567 3809 2846 3866 aeternitas
2865 3807 3223 3880 praedicatur?
3251 3805 3364 3863 imo
3389 3805 3511 3877 quis
3554 3824 3664 3864 non
3693 3815 3816 3863 toto

2217 3911 2440 3972 stupore
2493 3902 2722 3974 mipetur
2762 3899 2969 3955 inferna
2998 3899 3147 3954 illum
3178 3891 3342 3954 fuisse
3369 3893 3673 3968 dignatum,
3723 3897 3818 3967 qui

2218 3998 2417 4053 virtute
2443 3995 2664 4068 propria
2691 4005 2748 4052 et
2766 3993 2837 4051 ad
2868 3997 3030 4052 vitam
3078 3995 3254 4066 potuit
3282 3993 3458 4052 redire
3505 4001 3633 4065 post
3668 4007 3819 4050 mor-

2220 4095 2351 4158 tem,
2382 4097 2436 4143 et
2461 4087 2656 4146 omium
2678 4085 2704 4126 ιδ
2731 4103 2841 4142 non
2885 4085 3146 4142 dubitavit
3191 4085 3488 4144 ascendere
3513 4093 3641 4158 post
3679 4077 3819 4141 inie-

2222 4179 2353 4238 ros?
2395 4179 2462 4234 Et
2490 4179 2634 4247 ideo,
2684 4178 2895 4246 fratres,
2931 4180 3059 4234 illud
3081 4197 3242 4234 unum
3265 4181 3421 4235 nobis
3449 4188 3534 4235 est
3559 4179 3818 4248 salutare,

2225 4279 2284 4329 ut
2339 4274 2624 4330 metientes
2677 4269 3061 4342 nosmetipsos,
3103 4279 3158 4325 ct
3186 4271 3422 4342 pectoris
3449 4271 3621 4326 nostri
3646 4283 3824 4340 angn-

2225 4369 2329 4429 sta,
2379 4380 2498 4434 quae
2547 4363 2685 4418 ultra
2713 4361 2931 4419 modum
2961 4377 3021 4418 se
3043 4361 3295 4428 oiierunt,
3325 4356 3674 4433 castigantm,
3702 4359 3826 4416 veri

2229 4449 2345 4523 Dei,
2377 4453 2574 4526 quibus
2601 4451 2897 4526 potentiam
2923 4451 3234 4525 probamus,
3265 4469 3570 4532 sequamur
3599 4447 3656 4508 in
3699 4439 3826 4512 om;

540 4545 837 4607 conditioni
882 4545 1204 4617 subjectum,
1233 4543 1332 4601 sed
1359 4543 1592 4632 naturali
1619 4543 1845 4599 caritate
1895 4551 2127 4597 concor-
2157 4573 2208 4632 Ι)
2231 4547 2390 4606 nibus
2417 4549 2770 4618 voluntatem,
2799 4547 2892 4618 qui
2919 4545 3053 4602 vivit
3081 4555 3156 4618 et
3183 4554 3372 4616 regnat
3419 4546 3475 4602 in
3503 4547 3699 4604 saecula
3724 4560 3828 4604 εω-

543 4639 690 4700 dem.
718 4641 838 4714 ipse
863 4641 1007 4696 enim
1033 4637 1291 4695 Dominus
1319 4635 1396 4692 ait
1425 4657 1436 4692 :
1461 4630 1576 4710 Ego
1605 4645 1653 4691 et
1679 4631 1838 4690 Pater
1857 4649 2017 4690 unum
2040 4649 2130 4688 su-
2161 4630 2186 4632 ⁷
2236 4640 2498 4696 culorum.
2523 4639 2715 4696 Amen.

544 4749 660 4793 ntus
699 4729 880 4809 (Joan.
911 4731 993 4808 ι).
1026 4729 1127 4802 Qui
1157 4745 1286 4805 ergo
1318 4743 1482 4788 unum
1534 4739 1680 4799 sunt,
1710 4747 1819 4788 non
1845 4737 2074 4804 possunt
2102 4747 2132 4784 a

1851 4784 2121 4894 “stimo
2163 4784 2536 4896 xxxviii.

1682 4929 1764 4986 De
1784 4931 1964 4988 eadem
1991 4931 2271 5000 Pass/tatis
2299 4933 2624 4988 solemnitate
2650 4932 2722 4988 Χ.

625 5089 1020 5165 Ιξιπιδφιαιυθ
1041 5085 1249 5165 editum
1268 5099 1302 5165 ξ
1323 5085 1616 5165 [aratoris
1644 5101 1952 5165 sermonem
1980 5017 2481 5165 gitlitéiigitnvltgeres
2521 5091 2735 5165 codices
2765 5101 2874 5149 tres
2899 5088 3252 5150 Taurinensis
3291 5111 3413 5150 cum
3439 5090 3600 5150 titulo
3635 5112 3648 5148 :
3695 5091 3828 5165 Item

555 5163 618 5218 de
639 5161 845 5236 Pascha
871 5161 1042 5236 schno
1069 5161 1140 5229 Χ,
1169 5161 1476 5236 Casinensis
1495 5161 1600 5218 305
1620 5179 1744 5236 pag.
1779 5164 1866 5236 i5,
1899 5170 1954 5218 et
1980 5162 2388 5236 Ratisponensis
2411 5165 2593 5236 Sancti
2623 5163 2969 5236 Emmerami.
3003 5165 3061 5220 in
3110 5166 3422 5222 his‘duobus
3441 5163 3830 5236 posterioribus

553 5235 726 5318 sancti
751 5233 967 5317 ὣςεωὶ
987 5247 1192 5318 nomen
1215 5235 1492 5318 conceptis
1513 5233 1690 5293 verbis

555 5317 665 5372 tur,
689 5316 893 5362 omisso
915 5316 1154 5362 auctoris
1181 5316 1415 5367 inpuniae.

558 5403 951 5471 Attenuatum.
977 5434 1050 5446 -—
1078 5399 1144 5455 In
1164 5402 1538 5471 resurrectione
1564 5398 1755 5455 Christi
1773 5412 1954 5471 unum,
1974 5397 2142 5471 inquit

629 5474 691 5546 S-
717 5467 1000 5546 Παιάνων
1027 5480 1184 5546 ’σφω
1209 5463 1432 5546 idin-tm
1452 5474 1654 5546 iam
1673 5480 1750 5546 ee
1775 5463 2022 5546 suam"!
2042 5463 2144 5546 ἐφ·

561 5561 566 5568 ’
625 5544 838 5618 tanta.
863 5535 1014 5618 atque
1539 5541 1676 5618 diem
1705 5535 2143 5618 dedit,

627 5616 718 5670 sed
746 5617 878 5672 hunc
905 5609 1164 5686 praeludis
1195 5615 1491 5687 Im
1534 5611 1825 5682 specialiter
1868 5611 2008 5680 fecit,
2055 5609 2141 5680 qui

635 5765 665 5794 ⁸
690 5756 826 5813 Cod.
843 5755 1021 5812 Casin.
1053 5753 1180 5820 505,
1201 5762 1390 5824 prater
1418 5750 1572 5804 hunc.

1851 5242 1958 5302 tur,
1987 5233 2085 5289 sed
2125 5231 2184 5288 in
2210 5233 2400 5290 codice
2429 5234 2691 5291 Vaticano
2731 5232 2896 5304 6451,
2925 5245 3047 5306 pag.
3079 5236 3172 5305 ii,
3200 5236 3340 5291 idem
3365 5231 3547 5296 Sermo
3573 5231 3830 5291 (103(πίιή-

2320 5405 2562 5472 perpetuo
2615 5399 2816 5472 fulgens
2840 5471 2843 5472 ν
2871 5416 3063 5456 rumine
3100 5394 3500 5472 vicissitudinem
3525 5415 3630 5456 non
3654 5397 3838 5472 napi!

2321 5469 2662 5593 ﬁguram.
2696 5469 3030 5526 'Credutitate
3084 5481 3236 5528 rectae
3281 5469 3406 5543 fidei
3452 5469 3702 5544 mysteria
3755 5478 3834 5522 te-

2509 5557 2553 5593 s.
3048 5571 3056 5582 -

2315 5571 2637 5680 ﬂgitium
2661 5610 2972 5678 festivitate,
2997 5571 3189 5670 ﬁ'atres
3211 5611 3498 5680 carissimi.
3526 5625 3636 5682 qua
3655 5603 3834 5690 Domi-

2249 5765 2252 5768 '
2326 5745 2360 5787 ι’
2383 5746 2521 5804 God.
2543 5745 2752 5812 ϐοείη..
2779 5763 2885 5803 non
2912 5745 3176 5803 dubiam
3197 5747 3526 5804 om.
