4052 6330
511 268 618 329 6Ιῦ

1747 265 1804 322 S.
1847 259 2096 320 ΜΑΧΙΜΙ
2137 256 2596 318 TAURINENSIS

3699 261 3804 320 6l6

514 385 902 445 turbabantur!
949 385 1126 455 Atque
1180 385 1302 441 ideo
1359 384 1539 440 omnia
1589 383 1815 438 latronis
1862 387 2106 436 anteacta
2135 381 2184 445 Α
2212 377 2332 446 quis
2360 393 2548 434 revera
2577 377 2645 432 de
2671 375 2946 448 petitionis
2975 383 3259 430 cunctetur
3299 373 3517 444 effectu,
3578 377 3670 432 ubi
3719 395 3809 434 re-

511 483 714 539 scelera
738 479 894 535 unius
922 479 1174 532 meritum
1195 476 1550 532 confessionis
1579 473 1833 537 absolvit,
1875 481 1929 527 et
1950 471 2108 543 quid-

513 574 641 646 quid
690 574 846 640 longa
892 578 1052 626 aetate
1106 570 1428 640 deliquerat,
1477 567 1799 624 brevissimo
1849 578 2105 621 sermone

511 651 728 722 delevit.
764 673 789 700 ιι
813 662 922 718 Nec
967 661 1232 717 latrocinii
1280 677 1400 716 eum
1423 661 1505 716 sui
1527 659 1669 730 apud
1692 659 1860 713 Deum
1890 655 2110 724 sanguis

513 755 806 819 damnavit,
855 754 981 824 quia
1028 753 1227 809 Christi
1267 753 1584 822 sanguinem
1614 765 1840 820 regnum
1885 747 2112 804 credidit

514 865 652 913 esse,
687 865 796 904 non
824 863 1058 920 ptenam.
1091 847 1248 914 Quod
1280 845 1501 913 factum,
1533 843 1813 908 carissimi,
1859 843 2108 896 universo

514 943 542 982 δ
575 943 853 997 hominum
883 941 1066 1011 generi
1087 940 1383 1012 profecisse
1418 957 1525 996 non
1573 939 1791 994 dubium
1825 946 1926 992 est.
1977 935 2109 991 Nam

517 1036 636 1104 quis
663 1035 728 1089 de
759 1033 852 1089 Dei
884 1034 1076 1104 gratia,
1108 1033 1356 1088 absoluto
1378 1033 1608 1096 latrone,
1635 1031 1907 1102 desperet,
1937 1029 1982 1084 si
2032 1037 2112 1082 ta-

518 1143 641 1180 men
688 1125 1086 1195 supplicantum
1116 1140 1307 1196 preces
1334 1124 1558 1178 latronis
1587 1122 1878 1178 credulitas
1927 1121 2116 1176 subse-

518 1220 750 1289 quatur?
806 1217 1078 1272 Habemus
1129 1225 1180 1273 et
1231 1216 1374 1272 aliud
1408 1227 1430 1255 ε
1462 1213 1803 1284 magnificum
1833 1213 2114 1269 dominica:

517 1310 736 1382 pictatis
761 1309 1091 1380 exemplum,
1125 1324 1235 1378 quo
1267 1323 1481 1363 omnem
1512 1305 1806 1363 mortifera:
1855 1304 2114 1374 despera-

519 1403 680 1459 tionis
731 1401 1068 1458 formidinem
1123 1400 1458 1472 deponentes
1497 1399 1564 1455 de
1593 1397 1846 1454 ineffabili
1877 1397 2115 1453 Redem-

520 1496 694 1568 ptoris
722 1495 894 1551 nostri
915 1493 1245 1564 indulgentia
1276 1492 1627 1548 confidamus.
1659 1489 1793 1545 Cum
1815 1490 1956 1544 enim
1979 1504 2109 1544 con-

521 1590 806 1646 demnatus
835 1587 861 1627 ¹¹
893 1589 961 1644 ab
994 1587 1172 1659 impiis
1213 1587 1477 1659 penderet
1523 1585 1772 1640 Christus
1827 1585 1881 1638 in
1931 1597 2113 1650 cruce,

521 1681 780 1754 furorque
809 1681 1061 1737 Iudaicus
1083 1681 1329 1736 illuderet
1352 1679 1642 1745 Crucifixo,
1685 1678 2113 1747 omnipotentem

2211 469 2445 526 medium
2495 468 2704 524 miseris
2747 468 2919 524 bonus
2941 469 3115 539 poscit
3143 484 3174 524 a
3201 469 3384 525 bono?
3415 469 3692 537 Nesciunt,
3728 474 3810 527 in-

2210 563 2346 635 quit,
2378 563 2500 636 quid
2530 563 2750 635 faciunt.
2783 561 3039 617 Sciebant
3061 561 3277 630 quidem
3303 561 3471 617 Indici
3492 564 3810 632 sanguinem

2209 672 2270 714 se
2312 657 2538 712 fundere
2587 655 2910 722 innocentis,
2967 655 3062 710 sed
3091 655 3408 710 nesciebant
3438 664 3662 726 peccata
3694 671 3813 710 om-

2211 753 2358 806 nium
2390 751 2482 806 illo
2512 766 2705 806 cruore
2734 749 2922 805 deleri.
2951 748 3208 804 Sciebant
3236 748 3588 804 acerbissimo
3618 764 3676 803 se
3697 767 3816 805 cru-

2217 847 2296 902 cis
2317 846 2576 915 supplicio
2605 845 2797 915 punire
2825 843 3118 911 Christum,
3143 841 3237 898 sed
3264 843 3579 897 nesciebant
3609 842 3702 897 Dei
3737 842 3816 896 Fi-

2213 937 2342 992 lium
2371 937 2702 1008 triumphare
2730 952 2830 1007 per
2877 951 3115 992 crucem.
3177 935 3434 991 Sciebant
3464 947 3488 983 8
3520 952 3644 990 eum
3694 952 3816 990 esse

2213 1032 2565 1096 moriturum;
2623 1029 2719 1085 sed
2761 1029 3058 1085 rediturum
3106 1044 3136 1083 a
3191 1029 3418 1084 mortuis
3466 1028 3814 1095 ignorabant.

2216 1120 2370 1178 Unde
2397 1122 2611 1192 egregie
2833 1137 2863 1176 a
2894 1121 3122 1177 Domino
3150 1121 3351 1177 dictum
3395 1130 3478 1176 est
3512 1139 3524 1174 :
3561 1119 3818 1174 Nesciunt

2215 1215 2338 1286 quid
2359 1214 2576 1286 faciunt.
2609 1213 2934 1270 Nesciebant
2957 1212 3202 1285 profecto
3229 1212 3400 1268 Judzni
3423 1213 3509 1267 illa
3542 1211 3568 1249 ιι
3595 1229 3690 1268 sua
3717 1213 3819 1265 isn—

2213 1307 2388 1378 pietas
2433 1314 2646 1376 quanta:
2685 1313 2828 1361 esset
2871 1305 3233 1361 ministerium
3289 1306 3523 1376 pietatis.
3586 1305 3657 1358 At
3687 1320 3821 1358 vero

2217 1401 2478 1456 Dominus
2535 1400 2747 1456 virtutis
2775 1416 2884 1456 sum
2911 1400 3014 1456 sibi
3042 1399 3311 1464 conscius,
3343 1414 3560 1454 errores
3590 1399 3822 1454 misera-

2218 1503 2305 1550 tus
2360 1494 2646 1557 humanos.
2703 1494 3014 1565 plenissime
3061 1493 3238 1548 sciens
3277 1493 3538 1562 supplicia
3581 1491 3672 1546 illa
3702 1507 3823 1560 qua:

2217 1593 2528 1655 quantaque
2574 1583 2769 1652 gaudia
2822 1593 3197 1656 sequerentur,
3230 1583 3661 1651 crucifigentium
3694 1581 3827 1637 faci-

2219 1694 2342 1746 nus,
2373 1686 2428 1733 et
2457 1679 2596 1732 inter
2619 1686 2886 1733 tormenta
2908 1678 3172 1750 benignus
3197 1678 3448 1742 absolvit,
3474 1686 3824 1748 mortemque

522 1771 738 1828 Patrem
769 1790 868 1845 pro
918 1771 1355 1829 interfectoribus
1393 1771 1503 1825 suis
1550 1771 1663 1840 ipsa
1714 1770 1853 1823 inter
1897 1767 2116 1822 vulnera
2150 1765 2195 1825 B
2221 1787 2370 1828 suam
2403 1771 2567 1826 vitam
2595 1772 2767 1827 voluit
2795 1787 2914 1827 esse
2960 1773 3282 1837 occisorum,
3315 1780 3372 1826 et
3419 1771 3825 1826 damnationem

527 1875 551 1903 ε
566 1866 686 1937 pius
700 1865 1019 1933 suffragator
1042 1865 1253 1928 orabat,
1290 1862 1476 1918 dicens
1503 1881 1514 1916 :
1540 1862 1718 1926 Pater,
1740 1861 1935 1914 dimitte
1958 1859 2114 1929 503

523 1957 667 2012 illis:
698 1958 934 2012 nesciunt
971 1957 1094 2028 quid
1124 1953 1565 2028 faciunt(lbid.);
1597 1962 1651 2009 et
1691 1969 1812 2009 cum
1862 1953 1914 2006 in
1952 1967 2116 2006 manu

525 2057 670 2106 esset
699 2049 815 2119 ejus
844 2049 1088 2104 vivorum
1118 2057 1567 2117 mortuorumque
1590 2047 1873 2117 judicium,
1908 2046 2116 2099 veniam

525 2149 707 2198 tamen
741 2140 760 2180 ί
795 2142 1146 2214 pereuntibus
1167 2141 1518 2213 precabatur;
1543 2140 1637 2198 sed
1663 2155 1746 2207 ea,
1777 2148 1836 2194 ut
1864 2139 2118 2205 arbitror,

525 2236 759 2306 ratione,
811 2244 870 2290 ut
899 2234 1266 2290 indubitanter
1294 2233 1626 2300 ostenderet,
1659 2242 1714 2289 et
1739 2249 1798 2288 se
1848 2231 1964 2301 ejus
2011 2240 2118 2284 tam

526 2325 791 2383 nefarium
816 2327 1062 2384 relaxare
1083 2326 1361 2392 delictum,
1389 2334 1444 2381 et
1473 2342 1502 2379 a
1532 2342 1632 2381 suo
1663 2325 1782 2380 illos
1807 2322 1965 2378 Patre
2010 2339 2118 2377 non

526 2433 647 2474 esse
674 2420 1032 2486 damnandos,
1065 2419 1260 2490 quibus
1290 2419 1406 2490 ipse
1434 2419 1712 2490 parcebat,
1741 2419 1786 2472 si
1816 2426 1994 2472 tamen
2053 2416 2122 2471 ad

525 2526 725 2569 nomen
754 2511 974 2580 Christi,
1002 2513 1282 2584 repudiata
1306 2511 1552 2584 perfidia,
1581 2512 1953 2568 convenirent.
1986 2510 2119 2565 Nam

2225 1864 2342 1921 fieri
2397 1865 2568 1921 voluit
2613 1865 2996 1921 occidentium.
3053 1865 3289 1920 Rediens
3329 1875 3508 1920 autem
3540 1867 3609 1919 ab
3640 1865 3829 1919 inferis

2223 1961 2300 2016 sic
2322 1975 2449 2015 suos
2475 1959 2755 2029 requisivit
2775 1959 3071 2030 apostolos,
3098 1966 3156 2012 ut
3185 1959 3361 2013 inesse
3387 1958 3490 2012 sibi
3542 1966 3596 2011 et
3626 1968 3828 2027 poten-

2225 2051 2357 2106 tiam
2405 2051 2724 2114 divinitatis,
2773 2058 2828 2106 et
2874 2051 3155 2106 veritatem
3186 2050 3364 2105 carnis
3392 2047 3728 2104 ostenderet.
3764 2046 3831 2100 Et

2224 2142 2366 2206 ideo,
2391 2142 2583 2198 fratres
2613 2143 2899 2207 carissimi,
2934 2141 3150 2197 Christo
3177 2157 3208 2195 a
3229 2141 3460 2196 mortuis
3509 2146 3832 2209 resurgente

2223 2233 2489 2301 laetemur,
2512 2248 2838 2302 carnemque
2869 2232 3017 2288 illum
3045 2248 3197 2288 suam
3224 2233 3290 2286 ab
3323 2232 3511 2287 inferis
3539 2245 3832 2286 revocasse

2224 2326 2526 2393 credamus,
2567 2336 2625 2382 ut
2671 2328 2940 2397 possimus
2995 2334 3049 2382 et
3075 2327 3387 2396 apostolica:
3409 2326 3619 2394 gratias,
3649 2335 3703 2379 ct
3734 2324 3831 2379 do-

2225 2422 2435 2476 minicae
2463 2421 2879 2478 resurrectionis
2925 2420 3284 2478 desiderabile
3335 2419 3672 2476 consortium
3703 2434 3832 2489 pro-

2229 2515 2427 2569 mereri
2467 2513 2506 2568 ί.

1953 2626 2222 2689 SERMO
2263 2627 2396 2689 XL.

1604 2728 1682 2783 De
1710 2727 1892 2782 eadem
1922 2725 2200 2782 Paschatis
2231 2729 2557 2784 solemnitate
2581 2728 2722 2784 XII.

1993 2843 2384 2900 ADMONITIO.

602 2938 1005 3007 Perelegantem
1033 2936 1178 2992 hunc
1203 2950 1512 3010 sermonem
1543 2936 1610 2992 de
1633 2935 1898 3010 Paschate
1920 2953 2043 3010 cum
2073 2939 2297 3008 reliquis
2327 2939 2382 2994 S.
2418 2939 2636 2995 Maximi
2660 2941 2866 3010 primus
2892 2956 2960 2996 ex
2984 2941 3170 2997 codice
3194 2942 3550 2998 Ambrosiam
3581 2947 3632 3000 in
3656 2945 3833 2998 lucem

529 3010 871 3083 protulit,iut
918 3016 1261 3083 compertum
1305 3016 1408 3070 est.
1448 3007 1807 3083 _Mura_tor_ins.
1842 3007 2028 3083 Fidem
2073 3007 2232 3083 tanti
2253 3011 2455 3083 codicis
2500 3021 2554 3066 et
2583 3007 2804 3066 edi—toris
2834 3027 3091 3081 augemus
3119 3014 3426 3070 testimonio
3457 3016 3574 3070 cod.
3636 3015 3836 3070 Tauri-

528 3077 729 3149 itensis,
755 3082 843 3136 ubi
871 3077 1364 3152 exstat’iuscriptus
1390 3097 1402 3132 :
1440 3077 1571 3132 Item
1593 3079 1658 3132 de
1687 3077 1898 3133 Pascha
1920 3097 2087 3135 sermo
2110 3081 2252 3136 XII.
2285 3082 2404 3152 Ipsa
2436 3095 2749 3138 sermonum
2796 3077 2967 3138 series
2997 3085 3064 3138 ab
3095 3101 3204 3139 uno
3235 3083 3384 3140 fonte
3425 3087 3666 3141 eumdem
3708 3103 3838 3141 ma-

528 3168 661 3209 nare
689 3151 944 3207 ostendit.

528 3266 1223 3339 hausturum—Sanctus
1272 3265 1539 3339 Maximus
1573 3267 1820 3339 explicat
1869 3269 2127 3339 quomodo
2156 3269 2203 3333 (ἶ
2236 3270 2454 3324 humani
2494 3270 2707 3338 generis
2753 3269 3023 3325 labentem
3066 3280 3294 3324 renovat
3343 3277 3696 3334 senectutem,
3743 3269 3836 3324 di-

597 3345 796 3410 semper‘
839 3355 998 3394 novus
1020 3338 1306 3393 credendus
1343 3340 1410 3392 sit
1437 3338 1535 3410 Dei
1561 3337 1767 3410 Filius;
1799 3337 1984 3392 deinde
2011 3340 2122 3393 dis-

599 3409 722 3468 serit
761 3411 826 3464 de
863 3411 1108 3481 mysterio
1127 3411 1268 3464 illius
1291 3409 1616 3473 humilitatis,
1642 3409 1706 3462 de
1732 3426 1901 3475 cruce,
1933 3410 1998 3463 de
2027 3428 2122 3464 no-

599 3485 755 3548 mine,
789 3481 852 3535 de
881 3482 1273 3536 resurrectione.

606 3639 1042 3713 Annuaquidem
1073 3637 1248 3705 nobis,
1303 3635 1498 3692 fratres
1534 3636 1814 3701 carissimi,
1845 3635 2127 3692 dominiczc

532 3733 947 3790 resurrectionis
973 3731 1238 3786 festivitas
1263 3729 1424 3793 redit,
1476 3729 1572 3785 sed
1619 3729 1708 3784 ubi
1739 3729 2017 3798 religionis
2045 3738 2128 3784 est

531 3825 751 3888 veritas,
786 3839 982 3879 novum
1006 3838 1222 3893 semper
1243 3829 1327 3878 est
1349 3821 1594 3878 fidelibus
1617 3831 2039 3888 sacramentum,
2066 3831 2125 3877 ut

529 3919 604 3973 ait
627 3915 963 3973 beatissimus
993 3913 1190 3969 Paulus
1222 3932 1233 3966 :
1279 3913 1462 3967 Vetera
1485 3915 1824 3980 transierunt,
1849 3917 1989 3987 facta
2009 3924 2129 3968 sunt

531 4010 705 4063 omnia
755 4025 891 4063 nova
917 4005 1006 4080 (II
1036 4006 1155 4061 Cor.
1189 4005 1266 4077 v).
1293 4004 1403 4062 Nec
1426 4005 1696 4062 immerito
1719 4021 1934 4076 semper
1956 4023 2128 4062 novus

531 4099 834 4157 credendus
862 4106 946 4154 est
976 4097 1071 4153 Dei
1108 4097 1294 4163 Filius,
1327 4098 1417 4167 qui
1462 4098 1662 4153 nullam
1709 4097 1872 4153 sentit
1901 4107 2127 4168 prteter-

532 4192 774 4248 euntium
823 4199 1127 4260 temporum
1166 4197 1529 4255 vetustatem;
1581 4206 1753 4245 novus
1796 4191 1995 4260 quippe
2024 4200 2124 4256 est,

533 4280 742 4346 fratres,
769 4281 821 4336 in
843 4296 951 4351 quo
974 4281 1116 4335 nulla
1139 4280 1314 4336 aetatis
1342 4281 1570 4336 mutatio
1591 4292 1693 4344 eSt,
1722 4297 1820 4336 nec
1841 4281 2127 4350 aliquando

536 4376 680 4431 aliud
705 4376 860 4431 novit
885 4389 1022 4440 esse,
1053 4391 1216 4446 quam
1247 4383 1404 4428 natus
1431 4381 1530 4428 est.
1565 4372 1707 4428 Deus
1750 4373 1890 4428 enim
1941 4389 2132 4442 proce-

532 4467 664 4524 dens
695 4467 763 4523 de
790 4467 926 4535 Deo,
957 4475 1016 4521 ut
1063 4466 1360 4522 nativitatis
1415 4480 1522 4519 non
1580 4465 1742 4518 habet
1790 4472 2020 4533 tempus,
2054 4465 2128 4519 ita

533 4561 693 4617 linem
716 4577 823 4616 non
847 4563 1028 4631 potest
1056 4558 1259 4614 habere
1289 4557 1526 4621 vivendi,
1553 4565 1610 4610 ut
1633 4557 1708 4610 ait
1735 4557 1802 4610 ad
1851 4571 1974 4610 eum
2021 4556 2133 4625 glo-

2229 3373 2387 3419 cente
2413 3365 2573 3419 beato
2599 3363 2799 3418 David:
2830 3362 3024 3418 Emitte
3038 3362 3290 3434 Spiritum
3320 3371 3482 3424 tuum.
3513 3373 3561 3416 et
3584 3361 3836 3416 creaban-

2233 3463 2336 3520 tur,
2369 3463 2416 3508 et
2448 3454 2723 3510 renovabis
2746 3457 2933 3527 faciem
2983 3464 3134 3509 terra:
3156 3452 3326 3522 (Psal.
3354 3454 3487 3525 cm).
3517 3453 3832 3508 Renovatur

2229 3549 2482 3602 nimirum
2512 3548 2676 3604 facies
2699 3557 2858 3604 terra:
2888 3549 3141 3615 hominis,
3194 3565 3314 3604 cum
3365 3557 3573 3603 vetusta
3630 3548 3835 3603 diaboli

2231 3641 2551 3709 captivitate
2573 3639 2840 3710 deposita,
2875 3656 3070 3696 novam
3091 3640 3218 3695 novi
3250 3639 3410 3708 Regis
3462 3639 3636 3693 induit
3668 3639 3838 3693 liber-

2233 3741 2423 3787 tatem.
2458 3732 2629 3802 Ipsius
2647 3749 2880 3802 namque
2910 3733 3124 3788 Domini
3146 3733 3412 3788 sententia
3437 3741 3540 3796 est,
3573 3732 3836 3788 dicentis:

2233 3824 2294 3881 Si
2315 3843 2399 3880 ros
2421 3824 2592 3880 Filius
2615 3825 2926 3889 liberaverit,
2955 3844 3070 3881 vere
3089 3827 3238 3880 liberi
3259 3827 3402 3879 eritis
3434 3825 3617 3896 (Joan.
3640 3825 3836 3892 m).Et

2234 3925 2402 3983 recte,
2438 3919 2720 3983 carissimi,
2753 3917 2900 3973 solus
2938 3917 3032 3972 Dei
3088 3917 3252 3973 Filius
3272 3925 3586 3988 peccatores
3615 3917 3835 3983 liberat,

2234 4010 2362 4078 quia
2391 4010 2539 4065 solus
2568 4009 2703 4065 liber
2736 4018 2820 4066 est
2864 4026 2894 4063 a
2940 4018 3184 4080 peccato,
3218 4017 3276 4063 ut
3317 4009 3430 4078 ipse
3472 4009 3538 4062 de
3563 4023 3620 4062 se
3645 4009 3836 4064 testari

2231 4100 2480 4170 dignatus
2523 4112 2608 4157 est
2649 4117 2747 4172 per
2798 4100 3138 4172 prophetam,
3192 4100 3421 4155 dicens:
3477 4098 3674 4152 Factus
3717 4117 3837 4154 sunt

2233 4193 2383 4248 homo
2405 4196 2516 4248 sine
2537 4195 2797 4266 adjutorio
2818 4197 2952 4248 inter
2973 4203 3200 4248 mortuos
3222 4193 3350 4247 liber
3372 4192 3545 4262 (Psal.
3566 4192 3836 4260 Lxxxvn).

2237 4286 2364 4341 Sine
2387 4287 2655 4356 adjutorio
2685 4287 2868 4357 utique
2916 4295 3043 4342 tunc
3071 4285 3281 4340 videtur
3309 4284 3548 4350 effectus,
3575 4301 3697 4339 cum
3727 4301 3839 4338 sa:-

2236 4377 2411 4432 viendi
2442 4378 2497 4431 in
2525 4394 2648 4433 eum
2677 4378 2949 4448 acciperet
2997 4376 3145 4432 furor
3173 4375 3426 4432 Iudaicus
3478 4383 3836 4446 potestatem.

2235 4468 2453 4524 Exstitit
2477 4485 2608 4527 vero
2635 4471 2775 4526 inter
2797 4478 3040 4526 mortuos
3087 4469 3244 4534 liber,
3286 4469 3410 4538 quia
3461 4470 3600 4523 inter
3641 4483 3839 4522 omnes

2236 4561 2492 4616 mortales
2519 4562 2665 4617 solus
2695 4577 2885 4617 causas
2932 4561 3193 4617 moriendi
3225 4577 3332 4616 non
3364 4562 3570 4616 habuit.
3601 4559 3862 4632 Propter_

531 4655 859 4711 riosissimus
887 4653 1194 4724 patriarcha
1229 4651 1402 4710 David
1427 4669 1438 4704 :
1469 4649 1510 4704 T
1511 4668 1544 4704 ιι
1575 4661 1747 4705 autem
1769 4651 1904 4705 idem
1931 4669 2130 4723 semper
2161 4661 2210 4722 ι)
2234 4653 2376 4722 quod
2405 4662 2459 4708 et
2477 4654 2618 4709 victa
2649 4670 2747 4725 per
2774 4669 2898 4710 eum
2924 4671 3070 4709 mors
3099 4654 3332 4708 retinere
3359 4669 3482 4707 eum
3513 4669 3619 4707 non
3651 4652 3836 4722 potuit

533 4766 606 4814 es,
638 4758 687 4802 et
707 4750 831 4802 anni
860 4749 930 4801 tui
953 4764 1057 4801 non
1085 4745 1326 4816 deﬁcient
1354 4744 1526 4817 (Psal.
1553 4745 1650 4814 Cl).
1676 4743 1743 4798 Et
1795 4761 1903 4799 non
1951 4744 2124 4800 solum

538 4839 651 4909 ipse
697 4841 861 4894 homo
899 4837 1161 4904 Christus,
1213 4838 1457 4906 quicum
1488 4838 1601 4892 Deo
1641 4837 1812 4893 factus
1833 4847 1914 4892 est
1941 4854 2123 4902 unum,

537 4947 752 5002 semper
780 4939 863 4986 est
890 4946 1087 4994 novus;
1119 4929 1214 4984 sed
1243 4944 1456 4999 semper
1476 4929 1645 4984 videri
1672 4929 1846 4993 datur,
1879 4929 2130 4999 spiritua-

537 5023 668 5080 lium
689 5037 948 5093 aquarum
979 5023 1238 5085 fomento,
1267 5029 1323 5076 et
1346 5023 1584 5078 cmlestis
1612 5023 1733 5077 fidei
1783 5024 2129 5078 nutrimentis

609 5188 636 5218 ι
665 5177 810 5261 Idem
843 5177 965 5261 cod.
990 5176 1137 5243 Vat.,
1171 5174 1284 5230 Nec
1313 5177 1640 5234 latrocinium
1656 5182 1736 5236 sui
1757 5182 1894 5253 apud
1918 5181 2131 5235 Patrem

540 5257 833 5322 sanguinis,
864 5257 967 5304 etc.

611 5321 637 5360 δ
668 5320 810 5395 Idem
841 5320 961 5395 cod.
994 5318 1140 5395 Yat.,
1162 5319 1400 5395 uniuerso
1431 5322 1878 5395 humanorgeneri.

613 5403 635 5432 ε
667 5391 812 5474 Idem
839 5391 962 5474 cod.
994 5390 1140 5455 Vat.,
1165 5389 1213 5442 Il
1223 5390 1430 5446 abemus
1452 5402 1501 5446 et
1530 5389 2130 5466 aliud'permagniﬁcum

538 5465 832 5529 dominicw,
859 5470 964 5518 etc.

609 5534 635 5571 ιι
669 5533 813 5589 Idem
859 5535 980 5589 cod.
1015 5535 1163 5604 Vat.,
1203 5536 1574 5590 condemnatus
1605 5534 1839 5588 Christus
1869 5535 1932 5587 ab
1962 5536 2132 5604 impiis

609 5606 780 5660 nderet
808 5607 863 5659 in
885 5623 1052 5660 cruce.
1295 5655 1298 5658 .

539 5623 780 5681 penaeret
808 5623 863 5659 in
885 5623 1052 5661 cruce.
1295 5655 1298 5658 .

575 5755 587 5758 _
614 5687 638 5715 ε
668 5674 812 5758 Ide-tn
834 5675 959 5732 cod.
993 5677 1139 5758 vat,
1165 5678 1310 5743 illis;
1340 5678 1462 5758 quia
1501 5676 1736 5729 nesciunt
1758 5675 1882 5746 quid
1905 5677 2132 5748 faciunt;

538 5755 589 5814 et
617 5763 730 5803 cum
751 5749 803 5802 in
824 5764 980 5803 manu
1011 5749 1123 5820 ejus
1150 5757 1303 5815 esset,
1359 5755 1464 5804 etc.

2236 4754 2625 4815 resurgentem.
2658 4745 2846 4802 Videte
2875 4753 3076 4810 autem,
3124 4745 3406 4807 carissimi,
3457 4751 3715 4813 quantum
3765 4745 3835 4798 sit

2237 4835 2291 4890 in
2321 4834 2518 4891 Christi
2550 4837 2850 4891 humilitate
2878 4837 3214 4907 mysterium,
3239 4836 3328 4904 qui
3360 4851 3480 4889 cum
3507 4843 3739 4889 aeternus
3765 4835 3833 4888 sit

2237 4927 2304 4982 ab
2331 4936 2554 4993 :eterno,
2577 4939 2633 4984 et
2661 4928 2919 4983 Dominus
2941 4928 3323 4993 univcrsitatis,
3348 4943 3625 4981 servorum
3651 4935 3832 4979 tamen

2236 5038 2460 5079 suorum
2488 5023 2734 5094 perﬁciat
2755 5023 3082 5078 libertatem.
3121 5021 3334 5076 Gaudet
3384 5019 3612 5089 injuriis,
3646 5019 3831 5073 exsul-

2316 5181 2334 5220 ί
2368 5180 2553 5236 Codex
2583 5180 2852 5245 Vatican.,
2894 5181 3095 5233 veniam
3130 5190 3298 5233 tamen
3351 5175 3681 5248 peccantibus
3707 5194 3828 5245 pre-

2237 5252 2483 5318 cabatur;
2524 5251 2614 5306 sed
2647 5269 2729 5314 ea,
2761 5261 2817 5304 ut
2845 5250 3089 5315 arbitror,
3124 5247 3431 5314 ratione,’ut
3479 5247 3832 5302 indubitanter

2237 5325 2547 5392 ostenderet,
2577 5331 2624 5375 et
2647 5338 2702 5376 se
2728 5322 2801 5375 eis
2836 5331 2939 5374 tam
2968 5323 3227 5392 nefarium
3267 5320 3534 5375 relaxasse
3561 5319 3824 5372 delictum.

2240 5391 2530 5448 Uniformis
2552 5400 2635 5447 est
2653 5392 2773 5448 cod.
2799 5391 3122 5447 CasinenSis.

2313 5475 2337 5512 8
2368 5463 2500 5520 Cod.
2531 5462 2736 5526 Casin.,
2767 5461 3014 5516 Sciebant
3037 5463 3172 5516 enim
3201 5478 3334 5514 eum.

2309 5535 2331 5571 ¹¹
2363 5534 2496 5589 Cod.
2528 5533 2650 5588 Vat.
2684 5533 2884 5588 omittit
2904 5550 3016 5587 sua.

2316 5604 2328 5641 ί
2366 5605 2508 5660 Idem
2539 5603 2655 5660 cod.
2691 5603 2838 5667 Vat.,
2866 5602 2966 5667 Qui
2995 5621 3109 5658 cum
3136 5602 3315 5668 Patre,
3343 5611 3392 5657 et
3413 5600 3612 5672 Spiritu
3641 5607 3827 5666 saneta

2238 5676 2352 5732 vivit
2381 5685 2429 5730 et
2457 5684 2638 5750 regnat
2658 5676 2711 5731 in
2740 5675 2930 5730 stecula
2956 5676 3287 5750 saeculorum,
3317 5674 3501 5736 Amen.
