4052 6330
272 330 370 395 M7

1700 333 1932 394 SERMO
1966 333 2098 393 XLI.

3419 344 3528 406 618

275 455 350 512 tat
372 444 696 517 opprobriis,
717 445 876 518 505
903 445 1185 517 omnisque
1211 447 1261 503 ei
1281 446 1583 518 triumphus
1608 446 1665 503 in
1684 463 1844 506 cruce
1871 457 1920 515 Α
1948 448 2110 522 506
2131 449 2308 506 hostia
2346 451 2440 508 vili
2478 454 2656 525 aliqua
2691 465 2854 527 atque
2899 465 3156 514 consueta
3201 468 3376 516 morte
3402 477 3530 519 suc-

272 545 368 604 est,
393 535 814 607 admirandoque
830 535 1051 592 remedii
1072 550 1270 606 genere
1291 537 1565 594 diabolum
1593 539 1846 609 patiendo

271 635 505 699 superat,
536 635 592 683 et
616 628 890 684 hominem
917 628 1197 684 moriendo
1226 630 1476 686 viviﬁcat.
1511 629 1639 697 Quae
1666 632 1847 687 omnia

270 735 366 793 pro
386 719 538 774 nobis
559 716 874 788 Unigenitus
896 720 990 776 Dei
1007 719 1206 791 pietate
1224 736 1507 792 aggressus
1525 731 1628 792 est,
1650 724 1849 780 virtute

269 812 538 877 sustinuit,
568 812 870 868 humilitate
897 811 1142 882 perfecit.
1191 813 1282 869 Ait
1309 814 1376 870 de
1416 815 1518 871 hac
1545 815 1849 873 humilitate

270 903 430 961 Isaias
446 903 711 974 propheta
745 922 758 956 :
787 905 934 960 Sicut
974 921 1137 976 agnus
1179 923 1354 961 coram
1382 908 1621 962 tondente
1646 925 1703 962 se
1739 910 1850 964 sine

268 1011 403 1058 uoce,
434 994 510 1048 sic
536 1011 640 1048 non
677 996 879 1065 aperuit
902 1012 958 1050 os
986 1013 1134 1051 suum
1160 997 1216 1050 in
1255 997 1542 1053 humilitate
1564 1015 1659 1054 sua
1689 999 1843 1070 (Isai.

269 1083 400 1155 Lm).
429 1083 599 1151 Quam
620 1085 884 1156 speciosa,
908 1085 1119 1152 fratres,
1144 1088 1480 1158 comparatio
1519 1089 1620 1144 ista
1638 1131 1654 1156 ,
1686 1100 1849 1161 atque

265 1174 609 1231 accommoda
634 1175 880 1230 veritati!
907 1173 1056 1232 Sicut
1076 1179 1218 1233 enim
1237 1195 1359 1235 cum
1381 1179 1634 1236 tondetur
1659 1195 1846 1251 agnus,

268 1264 439 1321 nescit
492 1264 790 1320 reclamare
841 1266 1117 1334 tondenti;
1150 1268 1225 1322 ita
1277 1284 1400 1324 cum
1447 1269 1842 1340 crucifigeretur

265 1354 530 1424 Christus,
560 1372 668 1412 non
697 1357 896 1412 restitit
923 1359 1249 1416 vulneranti.
1278 1360 1549 1431 Spoliatur
1575 1377 1766 1433 agnus,
1795 1371 1850 1418 et

261 1449 416 1516 silet;
441 1449 706 1505 occiditur
731 1448 998 1517 Christus,
1021 1459 1078 1506 et
1105 1460 1266 1511 tacet.
1296 1453 1579 1510 Silentium
1607 1456 1752 1525 agni,
1771 1457 1849 1510 la-

259 1541 448 1611 nigero
470 1541 698 1599 detonsa
727 1542 948 1608 vellere,
970 1544 1246 1601 hominem
1274 1548 1456 1603 vestit.
1489 1548 1848 1606 Taciturnitas

259 1632 460 1715 Christi
482 1634 689 1689 cunctis
717 1633 1056 1692 credentibus
1082 1644 1297 1692 aeterna:
1325 1639 1511 1693 salutis
1538 1639 1848 1694 indumenta

257 1726 529 1798 praetexit.
562 1724 686 1781 Non
728 1728 948 1798 aperuit,
981 1727 1186 1798 inquit,
1219 1746 1276 1783 os
1303 1731 1358 1784 in
1392 1730 1680 1785 humilitate
1707 1748 1800 1785 sua
1825 1748 1843 1785 :

1949 541 2260 608 cumberet;
2302 543 2397 599 sed
2422 553 2482 599 ut
2523 545 2618 601 Dei
2675 557 2836 619 atque
2863 548 3140 604 hominum
3179 549 3446 607 mediator
3472 553 3528 608 in

1949 633 2127 688 medio
2157 634 2278 690 cteli
2308 643 2364 691 et
2393 644 2548 692 teme
2594 646 2858 710 susceptae
2885 642 3074 696 mortis
3119 641 3400 711 perﬁceret
3442 661 3528 700 sa-

1949 736 2306 784 cramentum.
2364 729 2566 785 Auctor
2593 730 2774 800 itaque
2825 733 2950 787 vitae
2991 742 3175 788 nostra
3222 735 3534 792 conditione

1951 825 2035 873 est
2053 826 2316 886 mortuus,
2344 830 2403 876 ut
2431 838 2531 878 nos
2551 822 2693 877 illius
2725 823 3004 894 privilegio
3030 826 3349 884 viveremus.
3389 827 3529 884 Cru-

1951 908 2143 967 cilixus
2171 926 2300 982 ergo
2329 921 2413 968 est
2467 912 2564 969 Dei
2610 914 2796 980 Filius,
2828 933 2936 972 non
2983 926 3043 973 ut
3088 934 3219 974 crux
3259 918 3530 976 Christum

1950 1001 2197 1073 foedaret,
2228 1005 2322 1061 sed
2351 1016 2409 1060 ut
2429 1015 2769 1062 sacramento
2795 1008 2992 1066 Christi
3013 1027 3144 1066 crux
3157 1021 3357 1067 nostrze
3378 1011 3530 1068 ﬂeret

1950 1094 2158 1164 insigne
2185 1096 2442 1153 victorias.
2477 1097 2718 1168 Denique
2769 1115 2868 1156 nos
2913 1117 3137 1172 omnes,
3189 1105 3279 1174 qui
3331 1105 3529 1160 Christi

1953 1187 2292 1243 confessione
2344 1189 2667 1258 gaudemus,
2699 1192 2872 1247 crucis
2911 1193 3186 1261 signaculo
3213 1195 3525 1262 gloriamur.

1952 1281 2133 1353 Neque
2159 1299 2288 1339 vero
2331 1284 2634 1340 Christiana
2674 1287 2794 1355 quis
2839 1293 3021 1356 potest
3066 1289 3255 1360 militia
3297 1292 3529 1360 censeri,

1951 1373 2054 1429 nisi
2077 1374 2219 1430 lideli
2244 1389 2406 1429 manu
2436 1376 2691 1431 vexillum
2714 1377 2949 1432 erexerit
2975 1357 3256 1432 Crucitixi:
3279 1377 3360 1435 0b
3391 1357 3532 1436 hanc

1951 1467 2126 1521 crucis
2175 1475 2428 1536 mortem,
2457 1469 2594 1524 sicut
2636 1469 2848 1539 legitur,
2895 1471 3150 1526 exaltavit
3191 1458 3532 1544 omnipotens

1951 1558 2220 1614 Christum
2251 1576 2428 1628 suum,
2458 1577 2766 1633 nomenque
2815 1563 2890 1617 illi
2920 1580 3082 1635 super
3128 1580 3287 1620 omne
3335 1583 3532 1623 nomen

1949 1650 2119 1705 dedit.
2152 1651 2305 1706 Dedit
2335 1653 2410 1706 illi
2423 1668 2620 1708 nomen
2650 1669 2812 1724 super
2849 1669 3008 1710 omne
3035 1672 3251 1718 nomen,
3295 1673 3416 1712 cum
3445 1660 3531 1715 di-

1950 1743 2082 1797 tioni
2117 1744 2479 1813 potestatique
2520 1744 2636 1814 ejus
2664 1746 2898 1800 caelestia
2929 1747 3161 1816 tradidit,
3193 1749 3447 1804 mundum
3480 1761 3534 1806 et

257 1814 310 1872 id
329 1823 436 1882 est,
465 1815 606 1886 quod
629 1816 770 1871 inter
793 1817 1081 1887 opprobria
1108 1826 1163 1874 et
1187 1819 1473 1876 maledicta
1503 1821 1669 1876 tacuit
1688 1819 1844 1876 Chri-

1953 1832 2156 1888 inferna
2186 1825 2515 1904 subjecit,'ut
2556 1836 2630 1890 ait
2675 1836 2790 1906 ipse
2835 1814 3128 1892 Salvator:
3173 1836 3363 1892 Omnia
3409 1841 3533 1894 mihi

253 1914 386 1972 stus,
412 1921 524 1961 non
554 1906 658 1961 fuit
701 1907 950 1973 miseriae,
982 1907 1077 1963 sed
1121 1909 1350 1974 virtutis.
1382 1909 1497 1965 Tali
1527 1911 1672 1967 enim
1715 1927 1843 1981 pro-

249 1997 435 2069 posito
465 1997 558 2052 Dei
588 1997 751 2052 Filius
778 1998 1037 2054 mundum
1065 1999 1442 2071 redempturus
1489 2003 1736 2071 advenit,
1783 2012 1844 2058 ut

250 2088 516 2159 superbos
561 2089 880 2156 humilitate,
914 2097 1264 2146 contumaces
1303 2091 1586 2160 modestia,
1617 2092 1842 2147 maledi-

253 2192 446 2236 centes
464 2181 679 2236 silentio
708 2181 1088 2252 triumpharet.
1118 2181 1197 2236 Ita
1211 2198 1362 2249 sane,
1387 2191 1442 2237 et
1463 2183 1686 2252 legitur:
1716 2181 1842 2236 Cum

251 2271 664 2340 malediceretur,
683 2289 786 2328 non
802 2271 1204 2344 maledicebat_(l
1223 2272 1451 2344 Petr.n).
1467 2273 1576 2328 Nec
1590 2273 1835 2328 dubitan-

251 2361 378 2418 dum
415 2363 551 2429 hzec,
577 2362 793 2432 fratres,
818 2363 942 2433 quia
969 2363 1289 2420 maledicere
1313 2380 1437 2420 vera
1467 2365 1842 2421 benedictione

249 2455 464 2511 sciebat
496 2472 508 2508 :
543 2471 717 2525 neque
745 2455 888 2510 enim
920 2455 1147 2510 terrenis
1175 2457 1380 2511 moveri
1406 2465 1646 2526 poterat-
1668 2457 1840 2512 male-

251 2547 432 2615 dictis,
465 2549 558 2620 qui
585 2549 990 2604 benedictiones
1017 2559 1242 2604 venerat
1279 2557 1537 2618 praestare
1578 2549 1646 2604 de
1682 2550 1840 2606 coelo.

249 2637 315 2696 Et
347 2650 502 2698 recte
525 2641 798 2712 Sapientia
835 2640 932 2695 Dei
958 2639 1205 2696 Christus
1232 2642 1376 2696 nulla
1404 2641 1845 2698 maledicentibus

250 2737 550 2793 maledicta
576 2737 860 2802 referebat,
892 2736 1016 2806 quia
1046 2751 1207 2792 omne
1223 2735 1564 2792 maledictum
1584 2736 1844 2806 patientia

251 2843 634 2901 repercussum
688 2832 741 2886 in
788 2845 942 2886 suum
990 2829 1130 2884 redit
1185 2837 1480 2884 auctorem.
1538 2827 1846 2882 Humiliavit

251 2920 444 2992 itaque
484 2936 540 2977 se
572 2920 836 2990 Christus,
865 2929 923 2975 ut
968 2921 1042 2974 ait
1069 2919 1376 2989 Apostolus,
1409 2921 1575 2992 factus
1605 2918 1843 2972 obediens

253 3028 416 3087 Isque
466 3015 534 3069 ad
575 3025 811 3084 mortem,
857 3023 1071 3070 mortem
1101 3023 1270 3068 autem
1302 3014 1466 3067 crucis
1495 3011 1711 3086 (Philip.
1747 3012 1838 3081 ll).

1948 1929 2138 1984 tradita
2177 1937 2294 1982 sunt
2322 1947 2354 1982 a
2385 1928 2544 1983 Patre
2571 1945 2680 1984 meo
2707 1931 2759 1983 in
2787 1929 2912 1984 caelo
2940 1939 2988 1984 et
3035 1932 3088 1984 in
3119 1940 3255 1984 terra
3304 1931 3532 2001 (Matth.

1947 2021 2044 2091 χι).
2075 2022 2154 2076 An
2186 2038 2294 2076 non
2316 2021 2528 2076 videtur
2548 2029 2734 2076 tenere
2759 2038 2920 2092 super
2939 2031 3132 2077 cuncta
3175 2022 3530 2090 dominatum,

1946 2127 2017 2166 an
2065 2128 2175 2167 non
2218 2113 2418 2167 habere
2463 2112 2854 2182 principatum,
2905 2128 3086 2182 quem,
3134 2113 3272 2168 sicut
3319 2113 3531 2182 legitur,

1946 2211 2195 2256 creatura
2223 2203 2399 2256 omnis
2425 2201 2565 2256 ﬂexo
2601 2210 2820 2257 curvata
2859 2218 2999 2274 genu
3021 2204 3201 2257 tremit
3229 2212 3284 2258 et
3310 2205 3533 2274 suspicit

1947 2293 2336 2362 imperantem?
2363 2292 2603 2362 Denique
2633 2294 2900 2348 nonnullae
2925 2293 3035 2363 jam
3068 2302 3274 2365 gentes,
3301 2310 3422 2350 cum
3445 2297 3530 2349 in-

1951 2385 2033 2433 ter
2053 2392 2111 2431 se
2131 2377 2440 2432 diversitate
2469 2378 2681 2432 vivendi
2710 2385 2761 2432 et
2790 2379 3091 2447 linguarum
3126 2380 3389 2434 varietate
3418 2379 3530 2433 dis--

1948 2468 2178 2534 sideant,
2212 2469 2263 2522 in
2295 2467 2632 2523 confessione
2655 2476 2834 2523 tamen
2855 2468 3051 2523 Christi
3079 2485 3187 2524 uno
3216 2471 3416 2540 pariter
3438 2486 3532 2525 ore

1949 2560 2307 2626 concordant;
2339 2568 2394 2614 ct
2441 2561 2564 2614 licet
2593 2560 2756 2630 aliqui
2803 2577 2871 2616 ex
2900 2561 2980 2616 eis
3008 2561 3259 2620 suasione
3297 2562 3530 2632 pessima

1947 2651 2156 2724 de'cjus
2178 2669 2206 2707 a
2239 2653 2394 2708 nobis
2422 2652 2728 2723 discrepent
2759 2653 2958 2708 deitate
2977 2692 2992 2717 ,
3023 2655 3301 2710 nobiscum
3353 2663 3532 2710 tamen

1948 2751 2006 2797 et
2028 2758 2243 2813 passum
2266 2743 2434 2809 illum,
2461 2751 2516 2798 et
2546 2743 2766 2798 rediisse
2787 2759 2817 2797 a
2844 2745 3071 2798 mortuis
3099 2745 3440 2800 confitentur.
3466 2746 3532 2801 Et

1926 2833 2068 2890 'ideo
2090 2851 2206 2900 nos,
2230 2835 2580 2904 dilectissimi,
2602 2836 3053 2891 resurrectionem
3069 2835 3266 2892 Christi
3291 2852 3533 2906 regnmn~

1947 2941 2052 2995 que
2096 2925 2374 2981 credentes
2398 2967 2413 2992 ,
2444 2927 2604 2981 castis
2632 2925 2903 2982 mentibus
2928 2934 2983 2981 et
3011 2935 3198 2983 sancta
3246 2928 3534 2984 devotione

1947 3011 2211 3080 lzetemur,
2242 3021 2525 3081 quatenus,
2554 3011 2698 3080 quod
2723 3012 3042 3067 universitas
3063 3013 3252 3078 credit,
3284 3029 3382 3069 nos
3397 3029 3533 3084 quo-

254 3105 443 3178 Usque
473 3107 541 3163 ad
593 3115 823 3164 mortem
880 3123 938 3164 se
982 3106 1154 3162 crucis
1197 3105 1472 3174 humiliat,
1503 3118 1572 3159 ne
1614 3102 1846 3158 omlestis
1873 3092 1916 3155 (ἶ
1948 3117 2052 3173 que
2082 3119 2188 3160 non
2211 3103 2514 3160 discredere
2543 3100 2648 3158 fide
2681 3111 2736 3158 et
2763 3103 3017 3174 operibus
3043 3103 3420 3176 approbemus.

1666 3234 1932 3298 SERMO
1977 3236 2141 3297 XLI.

1339 3339 1420 3396 De
1447 3339 1625 3394 eadem
1645 3337 1920 3393 Paschalis
1948 3339 2272 3394 solemnitate
2297 3336 2350 3392 X
2354 3336 2471 3393 111.

1720 3449 2108 3508 ADMONITIO.

326 3557 582 3621 Optimus
610 3556 664 3611 in
693 3555 877 3613 critice
916 3558 1172 3621 magister
1217 3548 1542 3604 Muratorius
1567 3563 1723 3621 unius
1753 3548 1953 3621 codicis
1985 3547 2326 3621 Ambrosiani
2372 3546 2702 3621 testimonio
2724 3546 2958 3621 innixus,
2989 3545 3134 3621 hunc
3166 3560 3471 3621 sermonem
3499 3566 3530 3605 a

252 3614 506 3686 tenebris
529 3636 741 3683 erutum
767 3627 824 3682 S.
855 3614 1086 3680 Maximo
1115 3621 1361 3683 asseruit,
1393 3628 1448 3674 et
1474 3635 1596 3674 cum
1625 3619 1744 3674 aliis
1771 3619 2010 3688 ejusdem
2036 3619 2270 3673 auctoris
2299 3617 2608 3689 publicavit.
2641 3615 2738 3673 Hic
2758 3617 2898 3672 idem
2922 3616 2978 3670 in
2997 3614 3188 3672 codice
3217 3616 3531 3682 Taurinensi

252 3697 464 3772 legitur
491 3699 776 3769 inscriptus
799 3715 812 3751 :
831 3695 910 3750 De
943 3694 1146 3748 Pascha
1162 3708 1327 3747 sermo
1348 3689 1429 3743 XI
1439 3688 1522 3744 ΙΙ.

250 3836 661 3915 Alcumenam.
711 3831 1229 3915 frlsaite‘primum,
1253 3831 1435 3915 deinde
1462 3829 1677 3884 Davidis
1707 3832 1852 3885 testi-

326 3908 526 3986 moniis
572 3904 847 3986 propositis
875 3902 1173 3986 capioseque
1192 3902 1482 3986 explicatis,
1513 3916 1606 3986 n‘os
1635 3917 1850 3986 quoque,

327 3980 414 4031 ait
445 3970 978 4040 sanc'tus'Maximus,
1008 3970 1247 4042 religiosa
1275 3970 1384 4025 Deo
1439 3978 1615 4025 nostra
1647 3970 1852 4042 'gau'dia

237 4081 244 4090 -
327 4049 655 4117 deferamus,
676 4052 836 4117 atque
864 4042 1064 4096 Pascha
1079 4045 1132 4097 in
1158 4042 1353 4112 azymis
1373 4043 1682 4096 sinceritatis
1703 4049 1753 4096 et
1772 4058 1854 4096 ca-

327 4113 536 4174 stitatis
563 4113 888 4168 celebremus.

331 4206 737 4276 Prophetarum
791 4205 1090 4277 praecipuus
1135 4204 1478 4262 beatissimus
1533 4203 1712 4272 Isaias,
1761 4204 1851 4274 qui

243 4297 531 4373 mysteria
559 4297 872 4367 nativitatis,
901 4298 1309 4354 resurrectionis
1329 4297 1610 4353 dominica:
1636 4297 1850 4352 intona-

245 4395 358 4460 vit,
408 4390 488 4445 ait
532 4390 672 4447 inter
715 4398 908 4447 caetera
943 4409 956 4444 :
999 4389 1236 4458 Laetare,
1287 4389 1488 4461 calum,
1544 4401 1592 4446 et
1633 4392 1852 4446 exsultet

246 4497 449 4551 terra;
475 4493 745 4555 erumpant
770 4491 967 4539 montes
987 4483 1381 4555 jucunditatem,
1418 4493 1468 4538 et
1511 4485 1664 4538 colles
1697 4485 1826 4554 justi

248 4582 419 4644 tiam,
455 4578 576 4650 quia
599 4579 835 4632 misertus
887 4586 965 4632 est
1009 4577 1146 4632 Deus
1172 4579 1361 4649 populo
1407 4594 1498 4632 suo
1518 4617 1533 4644 ,
1563 4587 1612 4631 et
1641 4577 1850 4631 humiles

244 4669 452 4747 pepuli
475 4670 555 4723 sui
571 4669 862 4724 consolatus
884 4666 1148 4737 est(Psal.
1175 4671 1322 4740 xcv).
1359 4666 1476 4723 Hoc
1503 4668 1847 4738 praeconium,

1957 3846 2179 3902 regnum
2202 3831 2565 3890 universitatis
2592 3833 2817 3905 accepit.
2854 3830 3077 3900 Laetare,
3107 3833 3296 3903 inquit,
3331 3833 3529 3900 caelum,

1956 3932 2006 3978 et
2033 3924 2249 3979 exsultet
2291 3935 2446 3980 terra.
2471 3923 2718 3980 Exsultat
2766 3925 3016 3980 nimirum
3061 3924 3281 3980 humani
3323 3925 3532 3992 generis

1958 4022 2120 4082 terra,
2153 4033 2270 4088 qua:
2290 4018 2548 4087 sanguine
2571 4019 2706 4088 Agni
2730 4018 2964 4074 caelestis
2987 4032 3204 4089 aspersa
3231 4032 3337 4072 non
3362 4018 3533 4074 solum

1957 4107 2196 4163 redditur
2222 4109 2496 4180 paradiso,
2526 4109 2620 4165 sed
2640 4119 2928 4180 regnatura
2972 4124 3093 4166 cum
3121 4109 3351 4164 Domino
3376 4123 3533 4164 voca~

1957 4209 2046 4258 tur
2074 4203 2140 4257 ad
2169 4203 2381 4259 caelum.
2413 4202 2660 4260 Exsultet
2687 4213 2742 4261 et
2761 4219 2888 4260 caro
2917 4214 3119 4270 nostra,
3151 4218 3269 4273 qua:
3303 4218 3431 4259 vere
3455 4212 3535 4264 es'.

1959 4301 2121 4360 terra,
2170 4295 2422 4365 quoniam
2451 4295 2745 4364 glorificata
2783 4311 2882 4367 per
2924 4293 3198 4350 Christum
3224 4293 3534 4350 societatem

1959 4387 2259 4444 Divinitatis
2286 4388 2529 4444 emeruit.
2557 4388 2869 4460 Erumpunt,
2898 4388 2994 4454 ait,
3022 4395 3217 4442 montes
3237 4387 3534 4459 jucundita~

1962 4489 2080 4547 tem,
2128 4489 2177 4533 et
2226 4480 2384 4534 colles
2405 4481 2685 4551 justitiam.
2741 4478 2851 4534 Hos
2885 4485 3100 4533 montes
3134 4477 3405 4544 collesque
3445 4476 3534 4545 qui

1960 4572 2266 4630 excitantur
2285 4571 2350 4625 ad
2389 4571 2599 4639 gaudia,
2629 4571 2960 4642 patriarchas
2985 4570 3089 4626 dici
3127 4585 3236 4625 non
3281 4570 3534 4626 inconve-

1960 4664 2169 4718 nienter
2196 4664 2504 4734 accipimus,
2536 4664 2674 4719 sicut
2701 4673 2757 4718 et
2782 4664 2836 4718 in
2865 4662 3030 4718 David
3061 4670 3252 4718 sancto
3280 4663 3531 4731 legimus:

244 4733 490 4826 'fra'tres,
522 4760 590 4816 ad
619 4761 717 4815 hos
755 4733 1156 4830 quammaxime
1193 4733 1463 4829 pertinere
1491 4733 1625 4824 dies,
1655 4759 1858 4814 festivi-
1882 4733 1936 4796 D
1960 4755 2271 4811 llluminans
2299 4733 2353 4810 tu
2397 4756 2702 4810 mirabiliter
2749 4773 2782 4810 a
2827 4754 3082 4811 montibus
3123 4757 3333 4810 mternis
3363 4754 3532 4826 (Psal.

245 4864 552 4921 tatemque
579 4850 940 4922 praenuntiare
966 4851 1294 4920 paschalem,
1317 4859 1373 4906 et
1392 4866 1461 4906 ex
1479 4851 1646 4921 ipsius
1673 4851 1860 4906 lectio-

247 4952 344 5008 nis
376 4947 716 5002 advertimus
729 4947 888 5011 serie,
907 4953 962 5000 et
987 4960 1056 5001 ex
1077 4945 1530 5016 consequentibus
1549 4945 1855 5002 edocemur.

245 5040 444 5096 Recte
470 5037 632 5109 igitur
662 5053 802 5093 nunc
823 5036 1062 5092 caelestia
1081 5036 1136 5090 in
1162 5051 1374 5092 omnem
1405 5036 1642 5091 hetitiam
1663 5051 1860 5107 provo-

245 5139 489 5196 camur,
517 5128 730 5199 quando
761 5125 1074 5196 Unigenitus
1093 5126 1368 5192 Altissimi,
1399 5127 1643 5184 contritis
1667 5126 1861 5183 inferni

241 5221 448 5293 portis
503 5217 822 5288 deiectoque
861 5218 1077 5275 diabolo
1097 5261 1114 5288 ,
1141 5218 1497 5275 maestissimis
1546 5219 1859 5274 mortalibus

245 5309 472 5381 gaudia
500 5309 670 5364 beatae
715 5310 1088 5380 perpetuitatis
1132 5311 1356 5366 invexit.
1389 5311 1670 5377 Quomodo
1701 5312 1856 5382 507

245 5403 461 5458 autem
487 5408 704 5473 poterat
728 5416 836 5456 non
864 5401 1099 5470 gaudere
1137 5403 1332 5458 coelum
1373 5418 1494 5458 cum
1522 5402 1729 5457 videret
1757 5402 1862 5457 Do-

246 5495 486 5551 sninum
510 5505 668 5548 suum
689 5501 910 5564 peracto
937 5494 1124 5550 salutis
1155 5503 1349 5550 nostrae
1374 5495 1559 5566 praelio
1591 5495 1660 5549 ad
1680 5497 1861 5550 sedem

242 5585 581 5656 maiestatis
607 5601 734 5651 suae,
767 5593 823 5641 et
848 5585 916 5641 ad
955 5585 1231 5641 dexteram
1257 5585 1429 5642 Patris
1475 5586 1664 5642 sedere
1689 5587 1861 5642 victo-

244 5680 434 5743 rem?
459 5677 668 5735 Gaudet
693 5680 888 5736 caelum
933 5679 1078 5751 quod
1121 5679 1380 5753 Dominus
1407 5695 1552 5740 suus,
1584 5680 1861 5749 proposito

247 5780 524 5858 quaterna:
548 5770 840 5826 voluntatis
887 5772 1104 5841 impleto
1123 5813 1136 5836 ,
1165 5788 1226 5827 ac
1255 5770 1507 5843 triumphi
1536 5770 1619 5826 sui
1646 5769 1862 5834 merito.

528 5863 804 5929 Ριτιιοι..
845 5866 1008 5929 LVII
1017 5909 1037 5929 .

1959 4850 2122 4918 Lxxv)
2149 4866 2162 4914 ;
2193 4858 2248 4904 et
2272 4848 2398 4903 alibi
2435 4867 2447 4902 :
2489 4847 2694 4902 Montes
2721 4849 3107 4903 exsultaverunt
3131 4856 3188 4902 ut
3227 4848 3413 4901 arietes
3432 4889 3447 4913 ,
3489 4855 3536 4902 et

1960 4941 2114 4996 colles
2142 4941 2272 4994 sicut
2299 4940 2424 5011 agni
2460 4940 2626 4994 ovium
2655 4937 2831 5010 (Psal.
2887 4937 3076 5010 exul).
3107 4933 3242 4994 Nec
3269 4937 3536 4992 immerito
3628 4968 3634 4972 -

1944 5031 2087 5091 .iusti
2109 5032 2306 5102 quique
2333 5038 2544 5086 montes
2572 5038 2952 5102 nuncupantur
2975 5038 3031 5086 et
3049 5030 3232 5094 colles,
3256 5030 3348 5100 qui
3365 5038 3538 5085 terre-

1963 5140 2045 5180 nte
2073 5123 2494 5180 conversationis
2518 5123 2738 5179 humilia
2766 5123 3149 5194 relinquentes,
3176 5124 3244 5178 ad
3262 5123 3538 5194 superiora

1962 5217 2194 5273 caelestis
2218 5217 2340 5271 vita:
2385 5215 2506 5270 ﬁdei
2532 5230 2642 5271 suae
2668 5216 2926 5271 verticem
2971 5217 3320 5285 sustulerunt.
3351 5214 3514 5270 Justis

1961 5308 2097 5364 sime
2126 5309 2305 5377 itaque
2323 5307 2661 5364 venerabiles
2687 5308 3005 5379 patriarchae
3031 5322 3302 5363 assumere
3341 5305 3536 5375 jucun-

1962 5399 2183 5455 ditatem
2211 5416 2457 5456 sermone
2497 5401 2818 5473 prophetico
2847 5407 3276 5457 commonentur.
3300 5397 3536 5463 Quorum

1963 5493 2164 5563 proles,
2195 5493 2248 5548 id
2270 5501 2353 5549 est
2398 5491 2641 5548 Christus
2667 5491 2948 5560 Dominus,
2970 5491 3160 5546 mortis
3202 5503 3326 5553 suae,
3357 5502 3536 5542 resur-

1965 5585 2321 5654 rectionisque
2349 5586 2623 5657 mysterio,
2645 5586 2805 5640 etiam
2820 5582 3074 5655 praeteriti
3095 5580 3272 5636 sarculi
3296 5578 3539 5634 Patribus

1965 5679 2132 5732 vitam
2161 5672 2356 5732 refudit
2389 5678 2658 5732 amissam.
2683 5674 3054 5731 Jucundantur
3095 5669 3415 5727 omnimodis
3439 5685 3540 5740 pa-

1969 5768 2235 5837 triarchas,
2264 5784 2496 5844 quorum
2521 5767 2590 5826 de
2616 5766 2856 5841 germine
2883 5749 3042 5820 natus
3079 5763 3174 5820 Dei
3201 5763 3370 5820 Filius
3416 5762 3544 5822 uni.

3171 5856 3261 5936 20.
