4052 6330
444 292 451 299 '
515 267 620 327 019

1749 255 1803 311 Β.
1849 253 2095 309 MAXIM!
2135 250 2590 309 TAURINENSIS

3634 246 3818 304 πω

518 398 730 441 ursam
762 378 942 436 mundi
973 379 1163 435 faciem
1203 375 1483 432 diabolicis
1507 372 1706 428 dudum
1739 342 2104 441 impietatibus
2131 366 2182 428 Α
2211 371 2346 429 stus,
2379 366 2425 421 si
2450 364 2682 430 sobrius,
2714 363 2759 418 si
2800 361 2997 432 justus,
3027 362 3073 418 si
3095 361 3376 434 paciﬁcus,
3405 362 3449 419 si
3496 362 3692 433 plenus
3723 360 3824 418 fra-

520 474 877 543 sordidatam.
932 469 1258 535 immacldati
1304 468 1469 543 508
1536 465 1781 535 carperis
1836 464 1919 523 sui
1971 477 2112 525 novo

520 583 713 627 cruore
738 565 980 629 detersit.
1012 562 1081 621 Et
1107 561 1254 633 ideo,
1284 560 1500 629 fratres,
1534 559 1662 629 quia
1694 558 1865 617 laetari
1891 557 2128 625 omium,-

452 699 471 739 ,ε
520 661 793 719 exsultare
820 666 1042 727 terram,
1074 664 1288 717 mentes
1314 655 1590 725 collesque
1624 652 1858 722 gaudere
1886 664 2116 720 cognos-

464 754 473 822 ξ
522 753 716 819 cimus,
742 767 843 811 nos
867 766 1087 822 quoque
1114 750 1367 818 religiosa
1391 748 1502 805 Deo
1529 752 1716 805 nostro
1746 744 1938 814 gaudia
1965 743 2114 799 defe-

517 857 731 909 ramus;
762 842 1099 903 celebremus
1118 840 1325 897 Pascba
1347 839 1580 904 Domini,
1612 846 1672 895 ut
1697 837 1772 894 ait
1798 835 2109 907 Apostolus:

456 930 467 1002 ξ
519 930 648 991 Non
676 937 731 989 in
774 936 1024 1007 {amento
1052 933 1271 1009 malilite
1318 940 1369 989 et
1412 930 1669 1001 nequitia,
1700 928 1790 984 sed
1829 929 1885 983 in
1916 928 2113 997 azymis

518 1026 835 1083 sinceritatis
866 1034 894 1069 ι
921 1035 971 1081 et
999 1025 1256 1089 castitatis
1297 1022 1352 1094 (ι
1380 1020 1499 1081 Cor.
1532 1024 1610 1090 γ).
1642 1020 1980 1088 Celebrabis,
2009 1019 2116 1074 fra-

519 1126 625 1191 ter,
669 1117 877 1175 Pascha
920 1119 973 1175 in
1022 1118 1225 1188 azymis
1270 1115 1596 1175 sinceritatis
1643 1121 1697 1168 et
1733 1113 2018 1175 castitatis,
2070 1113 2114 1166 si

518 1226 710 1277 sensus
737 1212 812 1269 tui
843 1212 1151 1269 redolentes
1179 1210 1503 1271 dominicum
1536 1222 1753 1277 panem,
1783 1206 1930 1262 nullo
1959 1207 2113 1261 vitio-

518 1317 642 1361 rum
681 1301 973 1384 fermento,
1005 1304 1152 1365 nulla
1180 1296 1381 1359 diaboli
1427 1300 1741 1370 aspersione
1786 1299 2113 1357 coalescant.

518 1390 834 1455 Celebrabis
861 1393 1089 1459 Pascha,
1116 1401 1170 1449 et
1208 1392 1467 1449 claritatis
1488 1389 1604 1460 ejus
1632 1389 1920 1461 splendore
1946 1390 2116 1460 fulge-

518 1482 626 1552 bis,
657 1484 703 1539 si
731 1484 786 1543 in
814 1487 979 1545 corde
1008 1492 1101 1543 tuo
1125 1482 1287 1541 nullae
1310 1484 1550 1539 tenebrae
1594 1482 1941 1551 cogitationis
1969 1481 2116 1537 adul-

520 1578 654 1639 tera:
698 1577 835 1637 tanti
864 1577 1186 1635 sacramenti
1230 1576 1409 1633 lumen
1456 1577 1768 1635 obscurent.
1799 1574 2115 1633 Celebrabis

2218 470 2389 521 ternm
2415 458 2664 518 caritatis
2707 457 3013 519 advenerit.
3058 456 3230 521 Nemo
3280 455 3427 515 enim
3479 463 3669 527 potest
3716 457 3825 512 vita

2218 552 2629 621 inemendabili,
2658 550 2826 608 corde
2852 549 3223 622 inipcenitens,
3245 556 3442 609 etcum
3460 548 3685 607 diabolo
3706 565 3828 606 see~

2217 646 2394 703 larum
2422 645 2624 703 habere
2648 643 3007 709 consortium,
3037 650 3095 698 et
3120 656 3244 698 eum
3270 640 3491 699 Christo
3519 644 3829 699 sanctitatis

2221 741 2502 803 celebrare
2528 739 2863 812 mysterium.
2891 738 3237 809 Deponamus
3284 736 3473 806 itaque
3511 751 3680 792 otnne
3723 736 3827 792 ini-

2220 833 2448 904 quitatis
2470 832 2815 900 fermentum,
2845 838 2906 887 ut
2944 830 3219 901 possimus
3240 842 3377 885 vere
3402 829 3703 900 participes
3730 829 3830 884 liu-

2217 926 2308 998 jus
2325 942 2447 983 esse
2466 927 2682 994 ltetitim,
2713 925 2784 981 ad
2808 939 2972 996 quam
2998 938 3099 996 per
3115 922 3379 996 Spiritum
3391 928 3666 992 sanentur,
3693 938 3829 978 voce

2224 1021 2560 1094 prophetica,
2590 1025 2808 1076 montes
2834 1022 3208 1074 coerceantur
3233 1022 3292 1071 et
3314 1015 3516 1082 colles,
3566 1014 3639 1069 ad
3665 1029 3829 1084 quam

2224 1113 2392 1175 etiam
2415 1111 2608 1166 omium
2641 1110 2900 1165 invitatur
2927 1114 2984 1164 et
3029 1114 3197 1164 terra.
3230 1105 3364 1175 Quis
3390 1106 3537 1162 enim
3558 1105 3637 1161 ita
3666 1119 3831 1160 sensu

2223 1203 2407 1260 hebeti
2430 1206 2650 1272 stupet?
2679 1201 2810 1267 Quis
2832 1200 2907 1255 ita
2936 1199 3127 1257 mersis
3154 1200 3207 1254 in
3236 1204 3437 1254 terram
3465 1196 3641 1254 oculis
3671 1204 3829 1251 tene-

2225 1299 2385 1355 brosa
2432 1304 2612 1351 mente
2638 1301 2873 1351 emeatus
2911 1301 3016 1362 est,
3045 1292 3138 1362 qui
3183 1307 3290 1347 non
3318 1291 3435 1348 haec
3484 1290 3655 1346 totius
3683 1287 3832 1344 orbis

2223 1398 2352 1446 vota
2392 1390 2541 1445 omni
2587 1403 2712 1444 cum
2742 1386 3103 1444 exsultatione
3147 1384 3514 1449 concelebret,
3547 1382 3601 1438 in
3632 1381 3833 1453 quibus

2225 1483 2480 1540 remissio
2499 1488 2871 1552 peccatorum,
2894 1476 3324 1548 regenerationis
3342 1472 3514 1545 gratia
3530 1514 3546 1541 ,
3572 1473 3833 1544 redemp-

2227 1574 2391 1631 tionis
2418 1573 2754 1645 mysterium,
2783 1568 3197 1629 resurrectionis
3223 1567 3418 1638 gloria,
3446 1575 3505 1623 et
3528 1580 3658 1638 spes
3682 1572 3835 1621 aster

522 1664 735 1733 Pascha
766 1670 821 1729 in
848 1669 1049 1741 azymis
1075 1668 1341 1734 veritatis,
1374 1667 1517 1735 siad
1561 1666 1858 1727 Ecclesium
1900 1666 1998 1723 Dei
2025 1683 2119 1722 ca-
2156 1664 2201 1722 Β
2229 1667 2416 1722 uitatis
2445 1663 2679 1720 arridet?

1912 1781 2186 1845 SERMO
2230 1782 2431 1843 XLII.

1596 1880 1674 1936 De
1697 1881 1877 1936 eadem
1911 1880 2190 1937 Paschatis
2223 1881 2552 1937 solemnitate
2581 1876 2743 1937 XIV.

1982 1989 2382 2047 ADMONITIO.

605 2083 683 2139 Ne
709 2083 897 2139 eadem
918 2081 1203 2138 scribendo
1233 2083 1432 2138 nostris
1459 2080 1751 2136 lectoribus
1779 2082 1994 2137 molesti
2021 2081 2209 2151 simus,
2234 2081 2470 2137 monitos
2495 2080 2713 2151 eosdem
2744 2081 3026 2151 volumus,
3060 2078 3206 2151 hunc
3234 2085 3291 2135 et
3314 2078 3411 2149 qui
3435 2078 3682 2151 sequitur
3710 2094 3812 2137 ser

523 2124 1611 2227 priuignqu
1631 2124 2110 2227 cb‘diceﬁbigalos
2127 2124 2481 2227 adiuratorio
2504 2124 2734 2227 tginuly
2756 2124 3029 2227 392mg.
3063 2146 3248 2218 luisse,
3275 2124 3599 2227 egstareq'ue
3629 2150 3683 2205 in
3710 2124 3816 2209 Eu

524 2225 655 2289 dato
679 2225 864 2285 codice
891 2218 1212 2285 Tauiineusi
1232 2240 1380 2281 num.
1408 2223 1499 2291 ΞΟ,
1524 2230 1578 2280 et
1603 2221 1855 2280 adnotari
1878 2218 2071 2278 deesse
2098 2238 2381 2279 sermones
2406 2220 2494 2285 2i,
2522 2219 2611 2289 29,
2643 2221 2733 2289 25,
2765 2220 2834 2274 24
2855 2230 2909 2277 et
2930 2218 3019 2274 25.

525 2338 916 2395 Aeculanum.
943 2366 1012 2377 —
1034 2333 1296 2389 Humana?
1315 2336 1585 2406 sapientia
1613 2351 1770 2389 ausas
1802 2334 1975 2406 divina
2004 2351 2125 2404 per-

594 2409 1151 2489 scrutetttistngstsria
1179 2405 1506 2489 refelluntur,
1561 2405 1906 2489 et_quidquid
1940 2414 2124 2460 contra

597 2480 790 2537 Christi
812 2478 1154 2542 nativitatem,
1170 2479 1289 2549 uiue
1310 2478 1565 2549 rationem
1584 2519 1601 2545 ,
1623 2478 2123 2549 ignontiniosamque

593 2551 705 2624 ejus
757 2561 1010 2614 mortem,
1070 2545 1395 2619 apponebant
1430 2547 1622 2601 ethnici
1636 2545 1663 2613 ,⁷
1705 2550 1929 2619 graviter
1976 2545 2121 2624 refu-

601 2619 759 2674 tatur.
1986 2619 1999 2631 ’

598 2710 1005 2782 Redemptionis
1028 2718 1227 2764 nostras
1248 2711 1584 2780 mysterium,
1615 2708 1810 2764 fratres
1832 2709 2120 2776 carissimi,

533 2803 681 2877 quod
705 2803 773 2857 de
801 2801 942 2858 caelo
988 2800 1213 2855 veniens
1249 2800 1477 2856 salutem
1506 2807 1749 2855 nostram
1780 2808 2035 2871 operatur
2076 2802 2129 2856 in

529 2895 711 2962 terris,
744 2901 892 2947 tanta
936 2907 995 2946 se
1043 2889 1326 2960 majestate
1374 2898 1628 2960 tantaque
1679 2890 1988 2960 dignatione
2026 2893 2131 2948 cir-

530 2983 780 3050 cumfert,
809 2990 865 3038 ut
892 2982 1063 3037 virtus
1092 2981 1208 3052 ejus
1246 2990 1302 3038 et
1328 2984 1531 3040 veritas
1551 2983 1761 3038 occulta
1797 2984 1869 3039 sit
1889 2983 2129 3056 perfidis,

2235 2333 2604 2389 immoderatis
2628 2333 3109 2407 disceptationibus
3136 2333 3249 2392 suis
3276 2343 3465 2407 partus
3491 2333 3708 2399 feminei
3739 2333 3818 2390 de

2233 2427 2467 2509 spiciunt
2495 2426 2789 2494 vilitatem;
2819 2443 2921 2482 nos
2959 2442 3092 2483 vero
3115 2427 3399 2484 illuminati
3431 2427 3532 2484 fide
3554 2408 3846 2498 v'irgitutlitI

2234 2519 2375 2576 uteri
2399 2519 2723 2590 suspicimus
2764 2527 3187 2576 sacramentum.
3229 2518 3477 2575 Christ
3506 2519 3649 2575 enim
3692 2516 3852 2573 Deus

2235 2628 2300 2670 ac
2320 2612 2579 2668 Dominus
2606 2620 2793 2667 noster
2822 2612 2894 2666 ita
2922 2612 2974 2666 in
3004 2612 3321 2682 semetipso,
3342 2611 3487 2683 quod
3515 2610 3767 2669 habebat
3783 2611 3854 2667 de

2234 2702 2415 2770 Patre,
2447 2712 2502 2759 et
2521 2702 2668 2774 quod
2696 2703 2763 2759 de
2790 2712 2966 2759 matre
2990 2704 3255 2767 sumebat,
3288 2701 3539 2758 ineﬂ'abili
3569 2702 3855 2760 societate

2235 2782 2506 2863 devinxit,
2545 2805 2601 2851 ut
2650 2796 3037 2853 incarnationis
3065 2794 3183 2869 ejus
3228 2795 3579 2867 profundum,
3612 2794 3853 2866 repulsa

2234 2889 2426 2961 procul
2480 2890 2784 2962 sapientum
2817 2888 3136 2961 prudentia,
3183 2888 3497 2960 simplicitas
3543 2887 3857 2960 inspiceret

2236 2980 2601 3055 parvulorum.
2637 2981 2877 3055 Denique
2918 2989 2978 3036 ut
3006 2980 3072 3037 ad
3110 2981 3390 3051 sequentia
3417 2979 3719 3046 veniamus,
3777 2980 3859 3035 ri-

530 3074 819 3129 manifesta
849 3071 1210 3130 credentibus.
1277 3071 1349 3129 Ut
1390 3073 1535 3131 enim
1571 3073 1717 3146 quod
1755 3081 1839 3131 est
1885 3083 2140 3161 sanctum.
2159 3093 2205 3157 ρ
2237 3071 2368 3128 dent
2406 3080 2593 3142 gentes
2621 3074 2767 3147 quod
2795 3073 3081 3130 crucifixus
3110 3083 3194 3129 est
3220 3072 3486 3145 Christus,
3518 3089 3618 3129 non
3649 3074 3860 3133 inten-

534 3165 781 3222 fldelibus
807 3166 1117 3233 innotescit,
1149 3165 1226 3221 ita
1252 3180 1369 3221 rem
1414 3164 1541 3221 fidei
1575 3164 1760 3221 videre
1799 3181 1911 3221 non
1950 3173 2133 3237 potest

532 3258 774 3332 perﬁdia.
825 3259 887 3315 in
912 3259 1287 3316 examinandis
1323 3274 1558 3329 namque
1605 3260 1925 3319 coelestibus
1968 3260 2137 3317 rebus

533 3352 678 3407 omni
706 3352 973 3422 sapientia
1020 3349 1315 3408 infatuatur
1341 3352 1603 3420 humana,
1650 3358 1813 3424 atque
1848 3368 2013 3415 omne
2036 3368 2136 3411 cor

536 3444 769 3500 mortale
790 3443 1071 3514 torpescit,
1100 3452 1159 3499 ut
1186 3444 1263 3499 ait
1282 3444 1703 3513 gloriosissimus
1729 3445 1920 3500 doctor
1935 3442 2138 3507 Paulus

537 3535 815 3613 apostolus
848 3554 860 3588 :
908 3535 1185 3613 Sapientia
1211 3535 1365 3609 huﬁts
1408 3536 1589 3595 mundi
1625 3537 1847 3597 stultitia
1892 3544 1970 3597 est
1996 3536 2135 3610 apud

536 3626 783 3701 Deusta
810 3625 930 3689 Cor.
962 3627 1043 3702 v).
1073 3628 1201 3701 ipse
1250 3630 1414 3687 etiam
1463 3630 1727 3693 Dentium
1775 3647 1841 3695 ac
1887 3629 2139 3693 Salvator

536 3729 726 3776 noster
770 3722 958 3777 mundi
999 3720 1161 3791 hujus
1199 3722 1521 3792 sapientiam
1550 3724 1850 3793 reprobans
1874 3722 2089 3778 dicebat
2120 3741 2134 3777 :

539 3813 701 3891 509
723 3811 933 3868 Gratias
958 3813 1048 3868 tibi
1079 3831 1199 3886 ago,
1239 3813 1417 3881 Pater,
1438 3816 1561 3886 quia
1595 3814 1912 3870 abscondisti
1960 3817 2068 3872 haec
2105 3833 2140 3870 α

538 3894 855 3976 sapientibus
903 3915 952 3959 et
987 3905 1358 3977 prudentibus,
1416 3915 1466 3960 et
1506 3908 1748 3963 τευθιααί
1794 3924 1857 3962 ea
1908 3908 2140 3979 parvulis

544 3993 762 4064 (Matth.
789 3994 886 4064 ιι).
918 3994 1116 4049 Discite
1158 3995 1343 4064 itaque
1385 4010 1484 4067 per
1510 3996 1646 4062 haec,
1694 3995 1910 4065 fratres,
1953 4014 2137 4052 sacra-

542 4093 727 4140 menta
750 4087 871 4139 vita:
898 4096 1097 4141 nostra;
1128 4102 1235 4141 non
1255 4088 1646 4159 philosophicis
1674 4091 2005 4160 assequenda
2044 4091 2132 4147 do.

542 4176 751 4245 ctrinis,
780 4176 876 4231 scd
904 4178 1249 4247 parvulorum
1279 4179 1623 4255 simplicitate
1671 4181 1963 4246 credenda,
2015 4182 2141 4253 quia

545 4268 818 4339 profundo
840 4268 935 4323 illo
959 4267 1055 4323 Dei
1085 4271 1257 4329 nostri
1296 4284 1602 4343 magnoque
1621 4272 1846 4343 judicio,
1874 4274 2019 4343 quod
2057 4290 2144 4331 sa-

546 4360 819 4431 pientibus
846 4358 1115 4425 conditur,
1144 4362 1371 4431 parvulo
1391 4363 1679 4419 revelatur.
1713 4363 1974 4420 Parvulus
1998 4366 2141 4421 enim

2237 3163 2428 3220 dentes
2468 3167 2591 3234 quia
2650 3182 2749 3236 per
2794 3180 3006 3221 crucem
3068 3165 3211 3221 illius
3257 3165 3488 3223 mundus
3535 3166 3859 3239 intremuit,

2235 3254 2451 3313 ciamus
2503 3265 2587 3311 est
2622 3256 2739 3313 dies
2782 3265 2859 3325 et,
2902 3256 3051 3327 quod
3080 3257 3242 3313 nullis
3279 3266 3438 3314 antea
3476 3257 3701 3325 contigit
3740 3273 3857 3312 sae-

2236 3346 2405 3411 culis.
2449 3341 2589 3407 eteli'
2637 3347 2923 3404 Dominum
2975 3346 3184 3403 inferna
3247 3348 3515 3405 viderunt.
3561 3348 3861 3417 Adjiciunt

2238 3441 2426 3508 etiam,
2453 3440 2734 3496 dicentes:
2767 3439 3052 3509 Quomodo
3077 3439 3325 3498 Christus
3351 3450 3532 3497 vester
3554 3448 3610 3495 ut
3633 3439 3801 3497 Deus
3823 3458 3860 3499 a

2238 3534 2396 3591 vobis
2442 3535 2660 3601 colitur,
2708 3536 2803 3607 qui
2850 3536 3029 3593 timuit
3056 3536 3233 3595 mori?
3261 3534 3327 3595 Si,
3347 3550 3477 3606 ergo
3517 3534 3661 3597 nosti
3708 3537 3860 3606 quia

2240 3626 2387 3689 mri
2416 3627 2590 3685 timuit
2616 3625 2886 3694 Christus,
2915 3643 3015 3685 cur
3060 3629 3303 3697 ignaras,
3323 3644 3437 3687 eun
3476 3626 3861 3696 ﬂuuiana!

2241 3718 2488 3790 mysterii
2512 3716 2679 3774 fuisse
2702 3719 2849 3788 quod
2871 3720 3087 3775 timuit?
3106 3719 3309 3776 Timuit
3335 3720 3549 3789 cpidum
3569 3716 3860 3787 ϐδτίθωε,

2241 3808 2342 3867 sed
2374 3802 2435 3865 ut
2453 3811 2645 3867 timere
2673 3819 2767 3867 aut
2793 3811 2980 3878 vellet,
3013 3819 3110 3873 aut
3148 3819 3351 3883 posset,
3383 3813 3543 3891 510
3567 3809 3637 3869 de
3665 3812 3860 3871 uestri

2242 3899 2377 3963 illud
2395 3904 2640 3974 corporis
2668 3903 2979 3963 infimitate
3021 3905 3283 3976 suscepit.
3317 3904 3447 3963 lude
3487 3905 3635 3961 enim
3661 3904 3862 3961 timuit

2244 3994 2389 4050 unde
2427 4002 2484 4050 et
2524 3996 2769 4062 esurivit,
2800 3996 2949 4053 unde
2994 3997 3165 4054 tristis
3208 4003 3346 4060 erat,
3381 3995 3523 4050 unde
3559 3993 3858 4064 dormivit,

2245 4087 2390 4144 unde
2412 4087 2610 4155 doluit,
2643 4088 2786 4145 unde
2835 4086 3003 4145 flevit.
3045 4088 3203 4156 Quod
3249 4087 3357 4145 hoc
3400 4088 3481 4144 rei
3526 4087 3646 4145 est?
3682 4078 3863 4144 Vides

2246 4176 2521 4237 Christum
2553 4181 2831 4237 timentem
2854 4182 3017 4253 mori,
3045 4190 3102 4237 et
3130 4197 3242 4239 non
3268 4181 3464 4252 aspicis
3488 4195 3609 4244 eum
3651 4180 3861 4236 trium-

2248 4270 2397 4345 phali
2423 4286 2585 4327 manu
2622 4271 2849 4343 captiva:
2890 4272 3080 4329 mortis
3106 4271 3282 4343 spolia
3307 4270 3722 4329 detrahentem?
3755 4270 3863 4327 Vi-

2248 4359 2345 4416 des
2391 4362 2537 4431 quod
2575 4363 2752 4417 timuit
2795 4371 3047 4432 mortem,
3077 4372 3134 4419 et
3176 4363 3357 4420 videre
3385 4364 3656 4421 detrectas
3696 4366 3862 4436 quod

546 4450 761 4516 dicitur,
790 4468 898 4507 non
939 4452 1025 4508 cui
1052 4460 1184 4508 astas
1212 4454 1281 4525 sit
1330 4452 1669 4527 imperfecta,
1701 4456 1795 4513 sed
1824 4456 1916 4525 qui
1944 4463 2145 4530 myste-
2171 4481 2227 4541 η
2250 4463 2523 4510 mortuum
2547 4456 2860 4511 suscitavit?
2887 4454 3009 4524 Qui,
3046 4456 3345 4526 peragratis
3364 4455 3568 4529 inferis,
3595 4456 3857 4539 sibinaet-

547 4543 644 4599 riis
665 4544 839 4599 nescit
854 4543 1126 4599 contraire
1145 4544 1355 4600 divinis.
1379 4542 1449 4599 Et
1474 4553 1621 4603 recte
1649 4547 1904 4618 parvulus
1934 4563 2140 4604 nuncu-

543 4641 705 4705 patur
754 4636 845 4705 qui
889 4635 1160 4691 voluntati
1206 4636 1303 4693 Dei
1330 4638 1415 4694 sui
1450 4654 1562 4695 non
1608 4648 1764 4712 parat
1802 4648 2139 4711 argumenta,

546 4726 645 4784 sed
667 4727 844 4783 iideut.
879 4727 1244 4783 Absconditur
1267 4744 1398 4800 ergo
1436 4732 1691 4804 sapienti,
1749 4750 1816 4789 ne
1859 4733 2143 4791 manifesta

548 4815 752 4884 videat,
782 4818 927 4886 quod
958 4819 1189 4888 superbe
1215 4830 1271 4875 et
1298 4820 1671 4891 imprudenter
1696 4825 1896 4892 elatus,
1936 4826 2057 4898 plus
2083 4841 2141 4881 se

549 4918 742 4975 sapere
770 4922 933 4975 quam
970 4907 1143 4963 Deum
1173 4924 1352 4979 posse,
1381 4912 1675 4968 contendit.
1716 4913 1785 4968 Et
1828 4915 1952 4971 ideo
1988 4931 2139 4988 quaa-

549 4998 755 5055 stiones
783 5001 1057 5057 srecularis
1092 5002 1372 5071 sapientia:
1406 5003 1729 5076 refutantes,
1755 5016 2034 5065 teneamus
2076 5009 2137 5089 ii-

549 5088 673 5146 dem
714 5106 835 5162 quae
874 5090 1111 5162 parvulis
1140 5095 1429 5164 reveletur,
1460 5097 1835 5156 incunctanter
1862 5088 2145 5157 credentes

550 5182 870 5271 operatione
897 5185 1104 5242 caelesti
1131 5185 1396 5257 virginem
1442 5192 1777 5263 concepisse,
1808 5201 1977 5271 atque.
1997 5192 2143 5248 edito

549 5268 663 5329 ﬁlio
688 5274 953 5345 virginem
985 5279 1249 5338 mansisse
1270 5291 1395 5357 post
1420 5290 1655 5354 partum.
1681 5284 1792 5339 Nec
1834 5268 2143 5341 dubitemus

548 5377 677 5421 una
698 5375 884 5423 natum
912 5369 979 5426 de
1000 5371 1230 5442 virgine,
1260 5389 1420 5444 quem
1449 5376 1565 5430 sola
1601 5376 1760 5444 digne
1804 5377 1979 5446 potuit
2010 5390 2134 5447 par-

547 5459 723 5516 turire
743 5462 1043 5533 virginitas.
1065 5464 1133 5522 Et
1151 5468 1258 5524 hoc
1276 5477 1380 5535 est,
1404 5469 1684 5534 carissimi,
1703 5469 1758 5523 in
1771 5485 1879 5542 quo
1900 5485 1932 5523 a
1952 5469 2137 5525 mundi

536 5551 706 5628 hujus
744 5559 1083 5629 sapientibus
1126 5559 1518 5633 discrepamus,
1549 5562 1674 5635 quia
1702 5561 1782 5617 illi
1820 5560 1877 5619 in
1916 5559 2135 5623 Christo

617 5714 908 5789 ινιιμω
936 5715 1406 5787 Ιθείιοικήιιωο.

2251 4545 2354 4619 ipsi
2380 4546 2544 4601 vitam
2584 4546 2817 4603 reddidit
2839 4556 2964 4620 post
2990 4549 3334 4619 sepulcrum?
3364 4548 3483 4605 Noli
3516 4562 3648 4620 ergo
3693 4549 3861 4607 illum

2240 4638 2529 4711 despicere
2556 4650 2849 4706 mortuum,
2874 4643 2967 4713 qui
3004 4644 3342 4714 sepulturam
3385 4658 3541 4703 suam
3567 4658 3859 4705 resurrec-

2255 4730 2401 4787 tione
2429 4730 2715 4801 gloriiieat.
2746 4730 2825 4788 De
2849 4741 3022 4790 matre
3050 4735 3194 4790 enim
3224 4736 3391 4791 traxit
3431 4727 3586 4819 quod
3608 4743 3859 4795 mortem

2252 4829 2595 4892 susceperat;
2624 4838 2658 4879 a
2684 4822 2845 4879 Patre
2874 4823 3066 4880 detulit
3083 4825 3230 4897 quod
3249 4833 3521 4885 mortuum
3533 4827 3856 4887 suscitaret.

2252 4910 2492 4981 Surgens
2520 4920 2703 4973 autem
2748 4915 2816 4971 ab
2844 4915 3054 4988 inferis,
3099 4926 3159 4974 ut
3205 4919 3517 4979 ostenderet
3533 4920 3637 4977 sibi
3666 4921 3859 4980 inesse

2250 5003 2503 5061 suscitati
2532 5005 2616 5061 sui
2662 5008 2905 5081 corporis
2950 5008 3265 5079 veritatem,
3310 5009 3385 5081 ait
3438 5010 3508 5066 ad
3552 5010 3854 5083 discipulus

2247 5113 2392 5164 suos,
2425 5097 2609 5157 dicens
2633 5116 2646 5153 :
2676 5097 2900 5174 Palpate
2925 5109 2976 5161 et
3001 5100 3187 5169 videte,
3217 5103 3341 5181 quia
3367 5102 3583 5174 spiritus
3627 5120 3850 5163 camera

2246 5199 2295 5249 et
2323 5208 2445 5246 ossa
2470 5208 2576 5247 non
2602 5192 2772 5262 habet,
2799 5193 2933 5247 sicut
2960 5194 3147 5251 videtis
3165 5211 3246 5250 me
3272 5193 3459 5251 habere
3488 5193 3640 5268 (Luc.
3663 5194 3846 5265 ιω).

2248 5282 2380 5341 Ossa
2402 5301 2496 5340 sua
2525 5285 2764 5342 ostendit
2784 5293 2840 5341 et
2864 5301 3105 5356 carnem,
3136 5294 3195 5365 ut
3222 5287 3403 5351 nullus
3427 5287 3724 5357 ambigeret
3762 5287 3849 5357 ip-

2247 5394 2365 5435 sum
2392 5377 2619 5436 rediisse
2658 5379 2726 5435 de
2774 5381 2981 5443 tumulo
3024 5381 3118 5455 qui
3140 5381 3313 5447 clavis
3346 5380 3523 5443 fuerat
3550 5379 3848 5439 transfixus

2246 5469 2298 5522 in
2327 5468 2491 5537 ligno.
2532 5469 2773 5541 Palpate,
2822 5470 3015 5543 inquit,
3044 5480 3095 5535 et
3138 5471 3306 5531 videte
3335 5488 3353 5529 ς
3384 5471 3440 5537 id
3490 5478 3575 5529 est
3619 5470 3850 5544 palpate

2246 5575 2431 5633 manu,
2477 5560 2662 5620 videte
2705 5561 2831 5631 fide,
2857 5563 2985 5636 quia
3010 5562 3153 5629 iusst
3172 5562 3309 5631 mihi
3352 5569 3415 5631 αι
3444 5562 3689 5639 ωηιοὼ
3724 5560 3851 5620 mei
