4052 6330
256 288 266 315 ,
294 237 387 295 tm
1208 277 1214 280 -
1435 198 1442 205 ’
1712 247 1874 318 sum

1979 250 2155 321 ξιιιιι.

3483 268 3591 329 622

244 423 260 441 ﬂ
290 357 510 456 veritas,
540 365 599 413 et
624 358 927 456 proprietas
946 358 1178 418 deitatis.
1212 362 1442 436 Spiritus
1456 379 1666 420 carnem
1688 374 1739 420 et
1766 383 1888 424 ossa
1914 371 1967 435 Α
1994 370 2088 442 qui
2115 369 2171 426 in
2198 384 2431 453 corpore
2456 388 2580 443 meo
2607 376 2889 441 clavorum
2913 377 3291 455 vestigla,non
3315 383 3465 456 mihi,
3488 391 3592 448 sed

291 465 392 506 non
418 450 596 520 habet,
623 450 757 506 sicut
786 469 867 507 me
883 452 1068 509 uidetis
1090 453 1296 513 habere.
1320 454 1383 512 Id
1411 464 1516 528 est,
1536 472 1648 516 non
1676 466 1760 516 est
1786 476 1887 517 na-

290 550 422 601 turae
470 552 531 600 ut
557 545 777 616 spiritus
803 546 889 601 vel
921 561 1043 603 ossa
1082 549 1253 621 possit
1281 549 1485 607 habere
1510 551 1599 608 vel
1627 566 1880 622 carnem;

289 649 411 693 meo
433 652 567 693 vero
594 637 856 710 mysterio
904 637 1106 696 factum
1136 649 1239 713 est,
1268 657 1391 699 mea
1438 642 1721 716 Patrisque
1774 646 1883 703 mei

287 730 506 799 virtute,
537 738 597 786 ut
624 740 682 787 et
708 747 836 789 caro
857 748 979 790 mea
995 732 1052 790 in
1074 735 1287 807 spiritu,
1308 744 1364 793 et
1391 736 1611 815 spiritus
1638 737 1692 793 in
1722 753 1886 795 carne

286 838 501 895 semper
525 825 656 880 mihi
706 826 1016 898 inseparata
1044 835 1379 884 constarent.
1403 828 1597 886 Videte
1624 843 1773 900 ergo,
1804 830 1887 885 vi-

286 916 428 986 dete,
458 920 586 990 quia
616 934 717 993 ego
746 920 863 992 ipse
901 937 1041 994 sum,
1069 922 1163 993 qui
1184 923 1352 981 clavis
1379 924 1678 996 lanceaque
1708 931 1883 981 trans-

284 1009 461 1070 l'ossus
496 1021 730 1072 mortem
757 1016 1001 1074 timendo
1032 1033 1140 1074 non
1168 1018 1343 1091 timui,
1374 1019 1467 1093 qui
1495 1019 1716 1075 vulnera
1758 1034 1881 1075 mea

287 1114 395 1163 non
412 1104 749 1164 medicinalis
777 1109 911 1166 artis
939 1108 1221 1179 industria,
1245 1109 1342 1168 sed
1367 1111 1650 1169 moriendo
1671 1112 1879 1182 curavi,
1928 1154 1934 1161 .

1992 468 2189 554 vestrae
2238 463 2364 525 ﬁdei
2409 468 2699 525 reservavi.
2749 467 2911 529 Volui
2949 470 3093 529 e‘nim
3146 472 3396 533 salutaris
3446 478 3589 543 illius

1988 555 2258 627 passionis
2286 557 2343 614 in
2371 572 2459 615 me
2483 574 2595 615 non
2610 558 2791 618 delere
2818 562 3156 633 memoriam,
3182 573 3242 622 ut
3259 567 3315 624 in
3337 570 3587 631 cordibus

1990 650 2189 707 vestris
2234 652 2650 709 resurrectionis
2685 670 2821 711 meae
2860 657 3064 719 veritas
3110 671 3474 731 permaneret.
3518 666 3587 723 Et

1996 741 2144 811 ideo,
2174 743 2387 812 fratres,
2443 745 2773 805 honoremus
2819 749 3030 808 Domini
3068 755 3349 811 morientis
3394 754 3589 833 πηγέω-

1990 835 2152 908 rium,
2175 845 2236 894 ut
2256 840 2525 917 possimus
2562 840 2787 913 gloriam
2815 846 3145 915 resurgentis
3190 848 3455 920 accipere.
3480 848 3587 906 Ve-

1989 943 2242 986 neremur
2285 930 2621 1001 cruciﬁxum,
2654 941 2715 989 ut
2759 949 3064 995 mereamur
3113 952 3239 995 eum
3286 939 3471 997 videre
3501 957 3588 997 re-

1988 1030 2261 1091 gnantem.
2313 1023 2489 1098 Elegit
2513 1026 2657 1084 enim
2695 1028 2864 1096 mori,
2892 1046 3003 1087 non
3031 1040 3091 1087 ut
3138 1031 3291 1099 illum
3328 1033 3431 1090 sibi
3468 1034 3587 1091 vin-

1986 1114 2193 1173 dicaret
2219 1116 2474 1191 int’ernus,
2506 1121 2602 1178 sed
2629 1129 2690 1178 ut
2715 1130 2963 1182 mortuos
2987 1139 3020 1180 a
3053 1127 3282 1195 mortuis
3309 1127 3582 1195 liberaret.

1655 1248 1929 1327 SEBMQ
1971 1251 2198 1327 XLIII-

1382 1349 1462 1405 υς
1489 1350 1667 1413 eadem
1702 1352 1979 1421 Patalium
2006 1356 2336 1421 solemnitate
2362 1358 2417 1413 Χ
2428 1358 2493 1415 γ.

284 1460 444 1593 51,ιῶ
470 1461 1140 1519 Mevianum—Christi
1167 1463 1429 1519 humilitas
1458 1466 1605 1520 miris
1632 1468 1881 1540 certisque

346 1536 366 1591 ἱ
447 1542 610 1593 strata
623 1534 1018 1593 fuitdivinitatis
1046 1533 1423 1593 solendoribus.
1445 1534 1674 1593 Utraatte
1688 1547 1880 1593 natura

346 1533 610 1611 “lustrata
622 1535 721 1611 fuit
735 1534 1018 1611 divinitatis
1046 1533 1423 1611 splendoribus.
1445 1534 1674 1611 Utraque
1688 1533 1880 1611 natura

386 1603 490 1679 uad
518 1603 784 1679 proprium
807 1613 920 1679 erat
948 1605 1005 1660 in
1039 1603 1103 1679 eo
1129 1605 1251 1679 egit,
1282 1613 1349 1679 ut
1384 1603 1611 1679 humauit
1648 1609 1889 1679 conditio

386 1624 486 1660 uoa
518 1624 784 1679 proprium
807 1624 920 1661 erat
948 1624 1005 1660 ιη
1039 1624 1100 1660 eo
1129 1624 1251 1675 eg",
1282 1624 1339 1659 ut
1384 1624 1611 1662 humana
1648 1624 1880 1669 conama

347 1624 540 1733 divina:
569 1675 779 1733 serviret
820 1676 1219 1748 dispensationi,
1249 1685 1299 1732 et
1326 1678 1497 1747 forma
1531 1676 1742 1748 deitatis
1783 1678 1880 1734 Fi-

1988 1469 2232 1540 injurias.
2263 1472 2392 1528 Inde
2412 1474 2576 1529 etiam
2605 1481 2743 1542 erat,
2766 1476 2912 1545 quod
2939 1475 3067 1534 dum
3097 1479 3242 1537 inter
3261 1497 3580 1545 concertan-

1990 1570 2073 1621 tea
2099 1562 2314 1621 iudaice
2332 1565 2401 1625 de
2448 1567 2569 1636 ipso
2596 1566 2830 1628 Domino
2874 1572 3201 1643 populorum
3227 1574 3461 1637 ferveret
3502 1581 3581 1636 di-

1985 1668 2142 1709 versa
2165 1658 2454 1724 sententia,
2486 1658 2627 1714 alter
2644 1659 2797 1715 illum
2819 1660 3155 1735 despiciebat
3203 1674 3264 1727 ut
3288 1668 3581 1741 hominem,

346 1748 750 1852 tiumjtom‘iztis,
782 1745 965 1819 nempe
1010 1745 1296 1817 Christum,
1320 1745 1569 1821 aqualem
1618 1747 1729 1806 Deo
1784 1750 1878 1806 de-
1915 1792 1961 1852 Β
1986 1748 2124 1852 alter
2143 1749 2443 1813 mirabatur
2464 1761 2522 1815 ut
2545 1753 2737 1815 Deum.
2791 1753 2920 1819 Inde
2945 1768 3062 1821 erat
3084 1762 3145 1821 ιιι
3167 1762 3257 1819 alii
3286 1762 3438 1825 illum
3458 1782 3582 1825 cm.

347 1827 683 1874 monstraret.

345 1930 609 2004 Supernae
639 1931 935 1989 voluntatis
963 1946 1029 1988 ac
1049 1929 1421 2004 dispositionis
1449 1934 1715 2007 profunda
1734 1979 1747 2003 ,
1773 1936 1882 1992 tra-

275 2034 395 2089 tres
415 2024 701 2094 carissimi,
730 2023 833 2079 nisi
860 2023 926 2079 de
950 2024 1052 2080 [ide
1073 2040 1385 2096 sequamur,
1414 2026 1768 2096 intelligentia
1799 2029 1884 2101 in-

273 2118 616 2179 terturbatur
643 2118 901 2188 humana,
924 2126 979 2173 et
1004 2119 1058 2173 in
1090 2117 1464 2199 magnitudine
1489 2136 1716 2193 operum
1755 2121 1886 2177 divi-

271 2228 494 2299 porum,
526 2211 628 2269 nisi
676 2210 1067 2283 omnipotentis
1109 2208 1206 2265 Dei
1255 2219 1584 2267 terreremur
1623 2212 1879 2279 arbitrio,

266 2304 521 2367 mortalis
572 2303 772 2376 ingenii
820 2301 960 2359 ratio
1002 2302 1151 2359 velut
1200 2301 1409 2358 inﬁrma
1456 2305 1780 2361 succumbit.
1814 2303 1883 2359 Et

266 2395 404 2465 ideo
431 2412 551 2469 qua:
608 2396 748 2452 Deus
774 2396 907 2467 agit,
956 2411 1065 2451 non
1112 2404 1241 2451 sunt
1286 2396 1530 2451 rimanda
1562 2398 1761 2467 verbis,
1784 2396 1881 2452 sed

263 2488 566 2547 devotione
592 2488 881 2545 credenda.
905 2487 1039 2543 Nam
1070 2489 1125 2543 in
1165 2487 1436 2544 Christum
1465 2486 1753 2544 Dominum
1783 2507 1881 2545 no-

200 2644 207 2655 π
262 2590 442 2647 atrum
498 2582 571 2637 ita
620 2581 716 2637 Dei
753 2580 1097 2655 hominisque
1142 2590 1481 2637 sacramenta
1523 2589 1876 2650 concurrunt,

262 2683 323 2737 ut
344 2673 456 2731 sub
476 2674 711 2751 quodam
734 2673 959 2743 geminae
980 2673 1211 2730 actionis
1232 2670 1433 2740 ofﬁcio,
1449 2681 1505 2728 et
1528 2673 1580 2728 in
1596 2673 1881 2742 majestate

260 2767 395 2843 ejus
423 2767 701 2823 humilitas
726 2766 948 2838 fulgeat,
983 2773 1038 2821 et
1076 2774 1269 2840 regnet
1295 2766 1350 2821 in
1378 2766 1683 2823 humilitate
1712 2766 1879 2836 maje—

258 2870 406 2929 stas.
437 2860 565 2915 Erat
584 2860 785 2933 quippe
814 2859 926 2933 ipse
946 2857 1193 2915 Christus
1214 2858 1312 2915 sub
1336 2858 1544 2915 unitate
1565 2858 1878 2915 substantiae

260 2952 519 3020 diversas,
560 2968 658 3024 per
686 2952 943 3024 mysteria
974 2952 1385 3023 redemptionis
1432 2959 1650 3019 nostrae,
1708 2952 1876 3011 homo

256 3055 491 3131 potens,
541 3052 595 3100 et
625 3045 843 3100 humilis
873 3044 1046 3113 Deus;
1072 3044 1169 3101 sed
1196 3044 1492 3101 secundum
1541 3044 1876 3117 propositum

258 3140 461 3215 gloriae
489 3154 598 3194 suae
640 3138 914 3195 humilitas
942 3136 1040 3192 Dei
1068 3138 1231 3195 homo
1279 3145 1361 3192 est
1380 3179 1396 3208 ,
1426 3144 1481 3191 et
1508 3138 1751 3208 potentia
1774 3136 1875 3192 ho—
1903 3173 1950 3239 Ο

256 3233 435 3290 minis
464 3231 607 3288 Deus
636 3229 998 3309 estullumilis
1022 3244 1154 3285 sane
1193 3228 1391 3284 dicitur
1417 3227 1589 3295 Deus,
1624 3228 1713 3283 ubi
1738 3242 1875 3298 pra:-

254 3327 574 3400 rogativam
603 3325 838 3401 propriae
877 3323 1175 3379 divinitatis
1215 3322 1481 3378 inclinans
1529 3323 1678 3377 cruci
1717 3337 1873 3377 suum

253 3436 470 3492 corpus
498 3417 663 3490 attigi,
697 3415 899 3473 mundo
930 3417 1049 3487 ipso
1098 3414 1334 3484 lugente,
1362 3412 1637 3485 permisit;
1683 3420 1740 3466 et
1775 3428 1876 3485 po-

254 3523 394 3572 tens
422 3520 505 3569 est
551 3511 716 3566 homo
746 3509 801 3565 in
830 3509 941 3564 Deo
968 3522 1088 3570 suo,
1131 3522 1251 3562 cum
1281 3506 1434 3561 verbi
1477 3505 1593 3575 ejus
1645 3505 1874 3577 imperio

252 3606 617 3665 inﬁrmitates
634 3604 938 3671 discedunt,
958 3600 1611 3671 sanitateslanguentibus
1623 3599 1873 3668 redeunt,

253 3698 536 3765 inimundi
566 3697 776 3767 fugiunt
797 3695 1041 3767 spiritus,
1070 3700 1127 3748 et
1159 3692 1335 3760 angeli
1358 3691 1747 3760 obsequuntur.
1778 3690 1876 3743 lta-

255 3807 372 3871 que
402 3806 527 3853 cum
563 3790 689 3845 novi
720 3786 955 3842 hominis
1002 3783 1162 3854 hujus
1187 3784 1257 3839 sit
1299 3791 1450 3838 tanta
1478 3783 1743 3853 potentia,
1776 3782 1873 3838 de-

252 3884 462 3942 bemus
483 3883 767 3939 advertere
789 3880 915 3952 quia
946 3878 1120 3935 omnis
1148 3877 1237 3933 illa
1258 3877 1355 3931 Dei
1384 3876 1658 3931 humilitas
1686 3876 1873 3946 digna-

254 3977 435 4041 tionis
461 3984 544 4031 est
591 3974 784 4046 pietas,
826 3987 933 4027 non
963 3969 1164 4025 deletio
1196 3968 1502 4040 potestatis.
1536 3965 1641 4023 Per
1662 3966 1769 4023 hoc
1796 3967 1871 4022 ni-

250 4070 465 4128 mirum
487 4064 909 4121 sacratissimum
934 4061 1320 4119 incarnationis
1340 4060 1680 4134 mysterium,
1712 4061 1784 4116 ita
1815 4061 1870 4115 in

248 4176 439 4221 unum
468 4158 755 4214 Dominum
777 4171 1045 4235 unamque
1075 4171 1362 4229 personam
1386 4170 1512 4211 caro
1534 4154 1788 4210 convenit
1815 4163 1872 4209 et

245 4252 603 4322 Verbum,ut
622 4259 675 4306 et
690 4250 829 4306 Deus
854 4258 1135 4323 putaretur
1148 4257 1306 4304 natus
1332 4264 1361 4304 e
1382 4248 1603 4317 femina,
1634 4256 1689 4303 et
1704 4248 1869 4303 homo

244 4346 519 4419 credatur
532 4346 743 4400 venisse
764 4344 831 4401 de
855 4344 1013 4414 ccelo,
1031 4343 1328 4399 secundum
1340 4342 1485 4414 quod
1509 4344 1584 4397 ait
1598 4342 1867 4411 Salvator,

241 4441 451 4511 dicens
486 4458 497 4492 :
534 4436 703 4493 Nemo
726 4437 955 4493 ascendit
975 4436 1030 4490 in
1055 4436 1258 4505 coelum,
1290 4436 1392 4490 nisi
1413 4438 1499 4510 qui
1520 4435 1783 4489 descendit
1806 4436 1869 4489 de

1958 1839 2286 1927 \ciﬁgerent,
2309 1844 2399 1898 alii
2428 1845 2748 1916 adorarent;
2772 1849 2909 1905 sicut
2935 1859 2990 1908 et
3013 1853 3253 1913 latrones
3281 1856 3356 1912 illi
3382 1860 3583 1931 pariter

1983 1933 2261 2007 cruciﬁxi,
2278 1953 2416 1997 unus
2438 1937 2592 1997 illum
2613 1948 2870 2013 tanquam
2890 1955 3203 2007 consortem
3227 1951 3496 2024 supplicii,
3525 1960 3584 2009 ut

1984 2026 2222 2098 perﬁdus
2251 2030 2586 2102 increpabat,
2619 2034 2761 2091 alter
2783 2044 2843 2091 ut
2864 2036 3034 2095 Deum
3062 2042 3303 2099 sentiens
3323 2044 3584 2114 precaba-

1981 2123 2088 2171 tur.
2127 2118 2193 2173 Et
2231 2120 2373 2187 ideo,
2400 2122 2615 2190 fratres,
2642 2126 2766 2195 quia
2789 2137 2905 2183 erat
2936 2138 3063 2185 tunc
3091 2133 3249 2188 simul
3289 2136 3343 2191 in
3366 2135 3582 2198 Christo

1982 2218 2037 2266 et
2066 2216 2342 2280 regnantis
2386 2215 2709 2291 dominatio,
2760 2229 2814 2283 et
2869 2222 3224 2285 ministerium
3272 2231 3581 2292 servientis.

1982 2300 2114 2356 Nam
2146 2320 2269 2359 cum
2299 2305 2353 2359 in
2385 2304 2554 2363 torma
2584 2310 2678 2366 Dei
2701 2320 2863 2377 esset,
2912 2320 2973 2370 ut
3009 2314 3172 2372 docet
3225 2316 3424 2387 Paulus
3451 2338 3582 2395 apo~

1982 2394 2173 2460 stolus,
2201 2397 2426 2453 formam
2455 2399 2628 2455 induit
2649 2404 3090 2463 serritutis.Erat
3112 2425 3299 2466 revera
3328 2413 3383 2468 in
3411 2394 3580 2475 forma

1981 2485 2077 2542 Dei
2107 2485 2373 2558 Christus,
2406 2507 2528 2547 cum
2556 2509 2751 2564 aquam
2778 2496 2830 2552 in
2864 2498 2986 2554 vina
3018 2502 3279 2559 vertendo
3308 2515 3581 2569 creatura-

1980 2594 2099 2635 rum
2129 2596 2186 2636 se
2216 2598 2334 2639 esse
2362 2584 2640 2641 dominum
2670 2589 2964 2647 revelabat.
3008 2591 3067 2647 In
3097 2593 3271 2657 forma
3314 2599 3410 2654 Dei
3439 2611 3575 2669 erat,

1980 2686 2103 2727 cum
2125 2683 2399 2746 prmcepto
2428 2676 2597 2747 ipsius
2641 2679 2709 2735 de
2739 2681 2974 2741 obsessis
3017 2689 3340 2758 corporibus
3382 2708 3448 2749 ac
3485 2710 3579 2749 ve-

1980 2764 2140 2821 tustis
2169 2780 2200 2821 e
2228 2766 2446 2823 sedibus
2494 2771 2854 2828 reclamantes
2909 2775 3182 2833 daemones
3219 2781 3578 2850 pellebantur.

1980 2853 2112 2910 Erat
2140 2857 2192 2911 in
2216 2857 2313 2914 Dei
2342 2857 2535 2927 forma,
2566 2877 2688 2918 cum
2716 2863 2909 2920 mediis
2940 2867 2994 2922 in
3024 2865 3275 2926 ﬂuctibus
3320 2874 3459 2929 unda
3493 2891 3580 2931 so-

1981 2948 2164 3017 lidata,
2190 2967 2292 3008 nec
2308 2961 2491 3010 tamen
2521 2956 2640 3014 sine
2672 2957 2887 3026 timore,
2923 2965 3252 3020 venerandis
3273 2966 3390 3041 ejus
3416 2970 3579 3026 vesti-

1978 3042 2079 3113 giis
2098 3046 2387 3102 serviebat.
2412 3047 2469 3102 ln
2501 3049 2671 3104 forma
2693 3060 2874 3108 autem
2896 3057 3038 3111 servi
3063 3066 3200 3128 erat,
3225 3075 3349 3117 cum
3372 3061 3579 3121 itineris

1979 3133 2294 3206 fatigatione
2324 3138 2551 3194 lassatus
2580 3143 2730 3198 velut
2768 3147 3113 3215 requiescens
3146 3166 3310 3222 super
3338 3169 3400 3210 os
3427 3158 3577 3229 putei

1979 3227 2221 3282 sedebat.
2254 3228 2508 3285 Formam
2538 3235 2681 3287 servi
2735 3236 2948 3309 agebat,
2980 3255 3106 3294 cum
3153 3242 3207 3297 in
3250 3259 3375 3301 eum
3405 3227 3576 3305 insul-

1978 3322 2156 3371 tantes
2186 3318 2336 3411 impii
2387 3321 2744 3378 sordidissimi
2774 3326 2884 3380 oris
2912 3329 2994 3382 sui
3043 3339 3383 3401 sputamenta
3404 3339 3575 3411 proji-

1976 3418 2183 3473 cerent,
2206 3409 2359 3465 Servi
2386 3412 2613 3468 formam
2652 3427 2982 3489 susceperat,
3016 3436 3139 3476 cum
3178 3422 3371 3483 faciem
3397 3409 3571 3499 sum),

1975 3513 2137 3569 quam
2182 3502 2377 3557 intueri
2407 3506 2753 3564 credentibus
2801 3513 2991 3583 pavori
3041 3522 3178 3581 erat,
3220 3532 3250 3572 a
3298 3521 3493 3592 palmis
3520 3533 3574 3581 et

1976 3591 2171 3647 ictibus
2201 3593 2500 3689 ludentium
2557 3615 2663 3671 no_n
2712 3602 2897 3667 vertit,
2925 3613 2979 3659 et
3008 3609 3154 3681 quod
3200 3611 3415 3689 bisqui
3446 3632 3573 3675 vere

1976 3694 2102 3739 sunt
2130 3687 2272 3741 servi
2303 3690 2512 3759 perpeti
2540 3700 2653 3745 erat
2688 3695 3079 3772 turpissimum,
3109 3704 3273 3761 etiam
3321 3687 3571 3783 scapulas

1975 3791 2122 3867 suas,
2154 3779 2348 3848 quibus
2376 3789 2561 3838 nostra
2590 3795 2814 3842 venerat
2842 3800 3064 3863 peccata
3106 3805 3345 3867 portare,
3374 3779 3570 3863 verbe-

1974 3855 2209 3926 ran'tium
2237 3874 2487 3935 manibus
2509 3876 2802 3939 inclinavit.
2818 3881 2980 3951 Quasi
3002 3903 3192 3948 servus
3217 3855 3402 3969 utique
3430 3909 3567 3972 erat,

1974 3980 2096 4022 cum
2127 3967 2365 4025 salutare
2402 3970 2568 4042 ipsius
2606 3984 2767 4057 caput
2797 3977 3137 4037 inimicorum
3166 3967 3418 4059 contexta
3447 3967 3565 4055 tua;

1975 4058 2133 4115 nibus
2161 4061 2347 4139 spinea
2396 4079 2600 4120 corona
2631 4065 2887 4125 ftedabat.
2938 4070 3145 4145 itaque,
3200 4078 3410 4155 fratres,
3441 4099 3565 4143 cum

1974 4168 2111 4208 unus
2137 4153 2387 4228 idemque
2416 4157 2507 4214 Dei
2540 4158 2707 4216 Filius
2735 4164 2869 4218 mira
2892 4164 3100 4239 fecerit,
3123 4168 3299 4228 ﬂenda
3327 4153 3563 4246 pertule-

1970 4246 2061 4315 rit,
2095 4264 2230 4303 unus
2260 4250 2511 4322 idemque
2558 4265 2693 4323 erat,
2738 4264 2792 4311 et
2819 4274 3028 4329 servus,
3060 4270 3117 4318 et
3145 4262 3423 4324 dominus.
3452 4270 3562 4327 Το-

1973 4348 2083 4394 tum
2107 4342 2248 4397 enim
2273 4350 2331 4398 ut
2360 4345 2611 4401 dominus
2636 4358 2871 4423 poterat,
2901 4360 2954 4406 et
2981 4361 3152 4410 totum
3181 4359 3486 4426 patiebatur
3505 4374 3561 4424 ut

1971 4445 2178 4486 servus.
2211 4432 2316 4487 Sed
2355 4434 2464 4504 jam
2499 4437 2777 4497 videamus
2806 4443 3000 4508 quibus
3026 4445 3359 4517 potissimum
3389 4453 3561 4509 virtu-

241 4533 412 4599 cazlo,
435 4529 604 4587 Filius
626 4530 867 4598 hominis,
898 4530 985 4600 qui
1002 4530 1057 4584 in
1079 4528 1204 4584 caelo
1227 4538 1303 4584 est
1334 4527 1512 4601 (Joan.
1547 4528 1644 4600 ιιι).
1673 4526 1866 4595 Quaeso
1896 4567 1948 4633 Β
1973 4522 2115 4577 tibus
2144 4523 2446 4629 quibusque
2473 4526 2727 4593 gradibus
2754 4530 2861 4592 ille,
2896 4532 2983 4601 qui
3009 4548 3196 4591 servus
3226 4548 3360 4615 erat,
3390 4539 3560 4605 Deum

241 4642 412 4699 nunc
438 4625 712 4698 quomodo
756 4633 880 4679 ante
920 4624 1222 4699 passionem
1255 4639 1407 4678 suam
1446 4621 1714 4691 Christus,
1744 4637 1864 4676 cum

241 4719 494 4791 necdum
529 4718 856 4790 gloriﬁcalus
879 4724 1226 4790 properasset
1280 4715 1348 4770 ad
1378 4714 1613 4779 Patrem,
1642 4715 1694 4768 in
1726 4714 1865 4770 coelo

240 4829 382 4874 esse
399 4811 555 4879 dixit,
581 4809 885 4867 ascendisse
909 4809 1093 4875 etiam,
1122 4807 1207 4862 vel
1238 4806 1579 4873 descendisse
1601 4806 1669 4860 de
1697 4806 1864 4860 coelo?

242 4902 571 4975 Quomodo,
595 4902 806 4966 fratres,
858 4900 959 4956 nisi
1006 4901 1132 4973 quia
1168 4907 1285 4956 erat
1322 4897 1463 4955 illius
1490 4898 1723 4953 hominis
1771 4897 1862 4974 qui

242 4996 434 5054 Filius
454 4992 585 5048 Dei?
605 4991 715 5048 Nec
741 5007 1029 5069 possumus
1051 5005 1297 5049 seorsumi
1328 4998 1420 5044 aut
1441 4989 1713 5044 hominem
1747 4989 1862 5044 sine

241 5090 403 5157 Deo,
431 5096 525 5143 aut
554 5085 723 5145 Deum
745 5084 860 5140 sine
880 5084 1101 5140 homine
1129 5081 1397 5140 conﬁteri.
1422 5081 1614 5138 Nonne
1654 5082 1863 5137 videtur

241 5181 463 5240 caelum
486 5177 881 5234 transcendisse
908 5177 1094 5243 homo,
1126 5176 1344 5249 quando
1367 5176 1422 5231 in
1448 5183 1602 5231 utero
1646 5175 1863 5244 virginis

242 5262 451 5337 ﬁnitus
479 5278 562 5335 est
584 5269 683 5335 Dei
710 5269 926 5331 Verbo?
953 5268 1024 5326 Et
1049 5277 1178 5335 tunc
1227 5271 1388 5351 512
1422 5267 1767 5341 descendisse
1795 5268 1863 5323 de

241 5365 429 5431 calo,
476 5362 696 5436 quando
723 5362 857 5417 nihil
903 5362 1004 5417 sibi
1051 5363 1119 5418 de
1169 5362 1399 5431 genuina
1434 5361 1720 5430 majestate
1764 5374 1861 5415 sua

241 5459 569 5529 vindicans,
593 5457 870 5526 hominem
897 5472 1055 5523 suum
1081 5457 1280 5539 ptenali
1321 5456 1541 5525 tradidit
1584 5456 1859 5535 passioni?

243 5553 447 5624 Atque
474 5551 597 5611 ideo
625 5551 680 5611 in
707 5550 848 5611 melo
876 5557 994 5609 erat
1013 5548 1279 5618 Christus,
1301 5565 1424 5605 cum
1450 5556 1722 5619 potestate
1750 5563 1861 5605 cce-

244 5645 390 5706 lesti
420 5642 670 5699 miranda
697 5642 962 5711 faciebat;
992 5651 1112 5698 erat
1139 5641 1483 5698 nihilominus
1505 5650 1560 5696 et
1603 5641 1655 5695 in
1681 5641 1857 5708 terris,

244 5753 395 5817 εμω
426 5737 571 5803 mitis
615 5744 674 5801 et
971 5743 1216 5805 terrenas
1241 5750 1341 5805 per
1366 5734 1556 5811 impios
1584 5741 1864 5805 pateretur

1973 4630 2032 4669 se
2080 4631 2198 4670 esse
2252 4616 2361 4672 suis
2390 4618 2664 4689 discipulis
2692 4621 3051 4679 conﬁrmavit.
3098 4627 3277 4685 Primo
3318 4636 3557 4701 omnium

1972 4707 2267 4763 ﬁdelissimi
2320 4712 2652 4771 centurionis
2699 4718 3061 4779 necessarium
3117 4721 3397 4799 l‘atnulum,
3437 4746 3557 4803 cum

1970 4797 2157 4854 lethali
2184 4810 2465 4870 urgeretur
2506 4804 2872 4875 incommodo,
2919 4821 3140 4881 rogatus
3186 4816 3253 4872 ab
3296 4797 3416 4891 ejus
3456 4797 3556 4881 do-
3614 4851 3625 4859 η

1970 4894 2136 4960 mino,
2156 4896 2349 4952 absens
2376 4896 2674 4969 absentem,
2693 4910 2750 4956 ut
2775 4918 2902 4959 vere
2924 4903 3083 4987 Deus,
3120 4911 3281 4967 missa
3304 4918 3558 4983 sanitate,

1968 4988 2198 5055 curavit,
2249 4996 2305 5042 et
2331 4998 2590 5057 :egrotnm
2630 4992 2797 5060 illum,
2842 5010 3001 5067 quem
3038 5002 3200 5073 paulo
3231 5004 3297 5060 lox
3322 5009 3439 5076 gius
3464 5013 3558 5065 de.

1970 5081 2311 5137 cumbentem
2339 5083 2499 5169 513
2529 5088 2889 5163 corporaliter
2927 5108 3034 5148 non
3075 5095 3314 5171 videbat,
3345 5101 3555 5159 delictis.

1968 5192 2077 5231 sure
2105 5176 2261 5232 oculo
2299 5178 2554 5233 visitavit.
2590 5180 2829 5253 Denique
2867 5185 3183 5243 miseranda:
3222 5190 3394 5248 vidua:
3440 5197 3554 5249 uni~

1967 5284 2091 5324 cum
2146 5267 2332 5338 ﬁlium,
2363 5286 2485 5327 cum
2520 5271 2634 5342 jam
2680 5275 3022 5346 sepeliendus
3061 5279 3203 5341 lecto
3245 5292 3555 5353 portaretur

1969 5362 2036 5416 ad
2066 5363 2348 5429 tumulum,
2369 5362 2611 5433 iussione
2628 5364 2948 5427 viviﬁcautis
2976 5371 3185 5440 imperii
3212 5375 3551 5436 concitatum.

1967 5454 2093 5507 vita:
2122 5454 2281 5507 simul
2324 5470 2386 5510 ac
2413 5456 2590 5521 matri,
2624 5456 2829 5512 medias
2875 5459 3015 5514 inter
3043 5461 3247 5533 turbas,
3295 5472 3352 5520 et
3379 5473 3551 5523 morte

1969 5545 2083 5617 ipsa
2111 5553 2263 5617 teste,
2298 5547 2552 5615 restituit.
2589 5546 2717 5615 Post
2754 5550 2888 5625 haec,
2935 5551 3276 5611 sacerdotum
3305 5555 3552 5626 principe
3638 5606 3639 5609 η

1966 5655 2066 5710 pro
2094 5640 2268 5705 salute
2299 5638 2421 5700 ﬁliae
2461 5656 2571 5701 sua:
2615 5641 2970 5712 supplicante,
3004 5641 3118 5712 ipse
3137 5644 3231 5714 qui
3256 5645 3427 5703 vitam
3453 5665 3550 5705 na-

1965 5735 2140 5790 scenti
2181 5733 2428 5801 dederat,
2457 5732 2730 5801 defuncta
2758 5734 2951 5804 puella:
2993 5735 3227 5792 animam
3272 5744 3553 5825 proprium
