4052 6330
535 322 640 387 625

1751 315 1808 374 S.
1849 311 2095 374 MAXIM!
2134 311 2585 373 TAURINENSIS

3724 313 3837 374 62b

532 437 745 498 induxit
767 434 823 493 in
843 445 1056 506 corpus.
1073 432 1154 491 Ac
1181 447 1251 489 ne
1269 432 1340 488 de
1361 431 1636 490 miraculis
1661 432 1987 489 recentioris
2005 432 2126 488 obi-
2154 434 2208 496 Α
2236 431 2419 488 reditu
2445 432 2514 487 ab
2566 429 2753 487 inferis
2797 431 3116 502 disputaret,
3167 433 3260 503 qui
3304 418 3838 503 probabatur'tanta

533 539 624 588 tus
651 528 792 601 apud
820 527 1016 599 impios
1041 525 1260 583 eolludii
1289 533 1598 582 remaneret
1627 526 1735 582 ulla
1773 525 2043 596 suspicio,
2075 533 2132 581 et

533 629 854 694 putarentur
883 635 992 676 non
1036 635 1158 676 esse
1197 619 1399 676 mortui
1433 627 1542 675 tam
1581 619 1841 700 velociter
1867 618 2130 686 suscitati,

535 713 607 769 ad
633 713 776 770 beati
812 711 1001 768 Lazari
1027 712 1271 784 pergitur
1308 713 1670 784 sepulturam,
1704 713 1797 784 qui
1815 711 2134 784 quatridua-

535 821 658 872 nus,
689 813 746 861 et
787 804 1002 872 fetidus,
1034 805 1264 861 vinculis
1301 805 1537 877 insuper,
1569 813 1630 862 ut
1672 805 1839 861 moris
1880 813 1986 874 est,
2016 804 2132 860 col-

534 897 754 967 ligatus,
773 899 823 970 5
833 897 934 970 15
947 897 1014 952 ad
1027 907 1359 970 praeceptum
1375 897 1574 954 Christi
1593 898 1840 954 vocantis
1860 897 2132 964 exsiliens,

534 989 713 1045 factus
739 1001 822 1045 est
850 989 1109 1046 continuo
1137 989 1369 1047 Domino
1393 1006 1492 1047 suo
1541 989 1599 1045 in
1644 989 1921 1060 colloquio
1967 989 2135 1060 parti-

535 1095 687 1151 ceps,
719 1088 774 1137 et
801 1081 855 1137 in
875 1096 1076 1138 mensae
1115 1082 1378 1139 societate
1405 1082 1654 1140 conviva.
1688 1081 1817 1149 Quae
1848 1080 2027 1138 omnia
2050 1081 2134 1134 fa-

538 1179 628 1230 cta
653 1180 779 1232 sunt
806 1172 1030 1242 ideirco,
1061 1174 1348 1243 carissimi,
1387 1182 1449 1232 ut
1475 1189 1634 1234 nemo
1664 1173 1882 1247 penitus
1919 1171 1988 1228 de
2017 1170 2134 1241 ejus

2235 526 2408 598 gloria
2433 525 2724 582 suscitasse
2749 525 3052 583 defunctos.
3069 525 3139 580 Et
3161 525 3282 583 ideo
3302 526 3591 583 credamus
3603 526 3842 584 Domino

2236 619 2350 675 Deo
2378 626 2566 675 nostro
2600 625 2714 674 tam
2737 619 3002 690 stupenda
3027 619 3298 674 mirabilia
3320 618 3560 675 facienti.
3580 618 3845 674 Amemus

2237 729 2362 771 eum
2388 723 2501 770 tam
2522 729 2716 785 magna
2745 715 2904 771 nobis
2932 713 3197 770 beneficia
3225 713 3596 771 conferentem
3616 753 3633 778 ,
3664 711 3844 767 susci-

2242 815 2450 863 tantem
2477 815 2746 863 mortuos.
2780 806 3118 863 Veneremur
3149 806 3216 861 ab
3241 805 3426 862 inferis
3441 813 3842 875 resurgentem;

2242 900 2814 969 eolamus,adoremus
2842 901 3007 956 etiam
3037 899 3104 955 ad
3135 897 3310 954 Patris
3357 897 3610 955 dextram
3656 896 3843 952 consi-

2241 991 2477 1058 dentem,
2511 1001 2674 1063 atque
2695 993 2841 1048 omni
2870 991 3162 1048 devotione
3188 991 3437 1047 vivorum
3469 996 3845 1045 mortuorum—

2241 1098 2349 1153 que
2367 1092 2599 1140 venturo
2623 1083 2794 1155 judici
2821 1084 3143 1152 serviamus,
3176 1083 3269 1156 qui
3294 1097 3418 1141 cum
3449 1081 3615 1140 Patre
3644 1089 3703 1138 et
3724 1079 3840 1151 Spi-

2239 1174 2348 1232 ritu
2373 1182 2582 1245 sancto,
2606 1183 2711 1233 etc.

1917 1287 2192 1351 SERMO
2234 1289 2460 1351 XLIV.

1822 1390 1902 1446 De
1922 1391 2236 1446 Ascensione
2281 1389 2494 1447 Domini
2523 1391 2571 1446 Ι.

1959 1479 2351 1537 ADMONITIO.
2440 1494 2460 1526 ί·
2471 1495 2489 1537 '\.'

613 1579 786 1652 Hujus
811 1581 941 1639 item
969 1578 1236 1652 sermonis
1255 1586 1545 1652 auctorem
1558 1590 1686 1652 esse
1707 1573 2000 1652 Maximum
2023 1590 2133 1652 non
2156 1574 2328 1652 sty_lus
2357 1575 2540 1652 modo,
2575 1587 2765 1652 verum
2790 1575 2956 1652 etiam
2985 1575 3235 1652 codicum
3260 1573 3558 1631 auctoritas
3585 1570 3851 1629 ostendit.

545 1644 722 1724 Atque
750 1653 804 1724 id
832 1653 1051 1724 quidem
1075 1650 1222 1706 ultro
1248 1648 1498 1706 concedit
1527 1647 1858 1724 Muratorius
1882 1661 1999 1724 una
2018 1644 2325 1724 fretus‘fide
2350 1645 2553 1724 codicis
2595 1646 2958 1724 Ambrosiam.
2991 1646 3316 1724 Nos_vetera_
3342 1654 3701 1724 monumenta
3726 1659 3852 1724 ver

541 1713 728 1779 san‘tes
772 1713 1132 1778 Ambrosiano
1163 1735 1464 1776 consonare
1506 1718 1873 1787 comperimus
1901 1716 2022 1772 eod.
2050 1715 2464 1787 Taurinensem,
2498 1717 2552 1771 in
2594 1731 2702 1787 quo
2732 1717 2874 1773 idem
2902 1732 3082 1774 sermo
3105 1718 3246 1774 inter
3270 1716 3628 1772 Maximianos
3658 1724 3746 1771 est
3776 1713 3854 1768 De

543 1793 861 1849 Ascensione
881 1792 1095 1848 Domini
1125 1809 1293 1846 sermo
1319 1789 1426 1858 XI,
1461 1798 1515 1846 et
1544 1786 1668 1845 cod.
1699 1787 2050 1843 Casinensem
2079 1786 2201 1855 102,
2231 1800 2354 1857 pag.
2394 1787 2478 1840 70.
2613 1786 2616 1787 ⁷
2807 1851 2812 1855 ε
3691 1791 3696 1796 ”

541 1904 935 1962 ΑΒΟΗΙΕΝΤΙΙΙ.
958 1937 1030 1947 -
1061 1903 1294 1958 Elevatio
1324 1902 1515 1957 Christi
1545 1900 1615 1954 ad
1645 1898 1816 1965 caelos,
1843 1915 1943 1970 qua
1965 1897 2133 1970 capti-
2169 1905 2215 1965 Β
2243 1895 2490 1953 Christus
2519 1898 2784 1967 ascendit,
2815 1907 2870 1954 et
2917 1898 3212 1963 hominem,
3255 1913 3417 1968 quem
3461 1897 3666 1954 invidia
3688 1897 3854 1952 mali-

612 1993 729 2032 vam
756 1978 904 2030 dux-it
932 1975 1301 2046 captivitatem,
1328 1972 1383 2027 id
1409 1972 1529 2096 estdi

613 2057 757 2096 ratos
775 2055 1046 2096 potestate.
1070 2061 1242 2096 secum
1271 2045 1472 2096 coluere
1510 2059 1529 2096 ε

613 2057 757 2103 ratos
775 2039 1046 2117 potestate,
1070 2061 1242 2100 secum
1271 2039 1564 2117 Cohaeredes
1588 2041 1708 2113 fecit
1729 2041 1946 2117 cazles_tis
1969 2039 2136 2117 regni,

614 2111 809 2190 magna
828 2135 922 2173 nos
943 2116 1090 2170 debet
1111 2117 1326 2187 afﬁcere
1336 2111 1626 2190 voluptate,
1646 2127 1760 2166 cum
1781 2120 1829 2164 et
1861 2111 2140 2190 Dominum

613 2189 684 2243 ad
706 2178 987 2244 "(sternam
1015 2178 1270 2256 remeasse
1295 2178 1517 2256 gloriam
1536 2185 1851 2250 intueamur,
1881 2193 1930 2236 et
1958 2198 2054 2236 nos
2079 2178 2142 2232 de

614 2277 675 2316 ea
705 2258 830 2314 bene
857 2275 1065 2331 sperare
1087 2255 1383 2328 jubeamur.

1534 1979 1677 2025 ustos
1707 1987 1737 2023 a
1761 1969 1990 2024 tartarea
2011 1969 2138 2021 libe-

616 2372 904 2441 Religiosis
925 2369 1213 2426 admodum
1243 2367 1452 2439 gaudiis
1479 2367 1784 2437 devotaque
1805 2367 2006 2433 laetitia,
2038 2365 2144 2421 fra-

543 2477 657 2525 tres
682 2465 980 2530 carissimi,
1009 2462 1260 2520 hodierni
1301 2461 1541 2534 mysterii
1569 2460 1726 2516 nobis
1754 2468 1838 2514 est
1865 2459 2145 2514 celebran-

542 2560 615 2617 da
635 2559 919 2624 festivitas,
949 2557 1077 2627 quia
1105 2554 1353 2610 Christus
1374 2553 1636 2610 Dominus
1663 2560 1866 2618 noster,
1897 2551 1982 2606 cui
2005 2552 2146 2606 inter

541 2651 842 2726 primordia
897 2647 1297 2718 congressionis
1339 2662 1450 2702 suae
1496 2653 1734 2702 tentator
1764 2645 1854 2699 illc
1883 2644 2096 2699 dicebat
2129 2663 2141 2697 :

542 2745 608 2802 Si
633 2744 804 2819 Filius
825 2741 922 2796 Dei
943 2759 1018 2808 es,
1054 2741 1135 2795 die
1162 2751 1218 2793 ut
1239 2739 1438 2810 lapides
1469 2740 1553 2792 isti
1581 2755 1742 2808 panes
1765 2737 1898 2806 ﬁant
1921 2735 2138 2807 (Matth.

541 2838 645 2908 ιν),
677 2836 875 2892 cmlum
903 2833 1065 2889 hodie
1094 2839 1385 2903 penetrans
1432 2846 1649 2886 omnem
1679 2829 1989 2885 credentem
2039 2828 2146 2883 vivi

542 2926 739 2998 lapidis
762 2924 1049 2983 confirmat
1081 2923 1379 2980 munimine
1398 2964 1411 2990 ,
1445 2930 1499 2976 ct
1528 2919 1762 2976 caelestis
1789 2920 1944 2991 panis
1974 2920 2147 2976 refec-

543 3020 696 3074 tione
723 3017 986 3083 vivilicat;
1019 3026 1074 3073 et
1125 3015 1292 3071 totius
1331 3014 1439 3070 doli
1470 3012 1664 3068 artifex
1693 3012 2034 3084 explorabat,
2066 3013 2147 3067 di-

546 3125 716 3166 cens:
750 3109 812 3163 Si
831 3107 1005 3162 Filius
1049 3105 1147 3161 Dei
1177 3125 1252 3174 es,
1293 3107 1435 3160 mitte
1457 3116 1504 3158 te
1535 3105 1804 3169 deorsum;
1835 3120 1943 3159 non
1971 3103 2145 3158 solum

473 3203 492 3209 ”
546 3200 800 3258 deorsum
845 3215 954 3256 non
1002 3200 1246 3266 corruit,
1275 3198 1370 3254 sed
1416 3197 1647 3266 sumptis
1696 3204 1912 3251 acterna:
1959 3194 2145 3264 gloria:

2247 1992 2461 2061 gnantis
2489 1991 2692 2046 inimici
2723 1991 2894 2062 prima
2925 1990 3014 2046 illa
3041 1989 3275 2061 paradisi
3302 1989 3640 2045 habitatione
3659 1988 3857 2058 depul-

2246 2098 2363 2137 sum
2396 2082 2421 2121 δ
2457 2082 2864 2153 projectumque
2911 2082 2964 2136 in
2993 2082 3136 2137 hanc
3182 2081 3367 2136 mundi
3414 2080 3594 2135 labem
3647 2078 3858 2135 fecerat

2247 2189 2367 2228 esse
2395 2173 2759 2244 peregrinum,
2787 2173 3026 2242 angelica
3048 2174 3100 2226 in
3131 2172 3304 2243 patria
3334 2171 3641 2236 collocavit,
3672 2178 3731 2225 et
3755 2186 3857 2241 pa-

2247 2267 2413 2322 radisi
2443 2268 2702 2334 exsulem,
2729 2267 2902 2322 civem
2924 2265 3225 2322 cmlestium
3254 2264 3399 2320 fecit.
3426 2261 3660 2334 Propter
3677 2262 3854 2332 quod,

2249 2361 2531 2428 carissimi,
2559 2362 2819 2416 immensa
2843 2359 2998 2416 nobis
3019 2367 3104 2417 est
3132 2357 3491 2428 gratulatione
3522 2354 3824 2410 laetandum
3843 2395 3859 2421 ,

2249 2455 2374 2524 quia
2423 2471 2562 2524 quos
2616 2463 2857 2510 tentator
2911 2454 3071 2522 elisit,
3104 2452 3356 2510 Salvator
3405 2451 3596 2516 erexit,
3629 2459 3684 2505 et
3714 2463 3861 2519 quos

2249 2557 2535 2618 peccatum
2566 2547 2768 2602 diaboli
2796 2547 3074 2612 vinxerat,
3104 2543 3304 2598 Christi
3351 2544 3527 2612 gratia
3557 2542 3818 2603 liberavit
3846 2559 3862 2609 ;

2248 2641 2388 2696 sicut
2419 2642 2491 2694 ait
2521 2641 2859 2696 beatissimus
2885 2638 3082 2695 Paulus
3111 2638 3390 2710 apostolus
3416 2657 3428 2691 :
3463 2636 3560 2692 Ubi
3605 2636 3863 2690 abunda-

2248 2731 2319 2786 vit
2347 2742 2632 2802 peccatum,
2667 2731 3103 2804 superabundavit
3132 2741 3181 2784 et
3205 2732 3374 2802 gratia
3406 2728 3580 2798 (Rom.
3606 2730 3680 2798 ν).
3709 2727 3864 2785 Vere

2250 2825 2692 2895 superabundans
2737 2826 2939 2896 gratia,
2972 2840 3093 2895 qua:
3139 2825 3319 2880 deleto
3372 2824 3572 2880 homini
3613 2832 3862 2878 mortem

2252 2917 2539 2973 transfudit
2568 2918 2635 2973 ad
2665 2919 2850 2985 vitam,
2883 2926 2939 2974 et
2988 2933 3203 2988 poenam
3234 2916 3397 2971 vertit
3445 2916 3496 2970 in
3540 2915 3863 2987 praemium.

2250 3009 2387 3065 Nam
2418 3011 2562 3080 quod
2585 3018 2986 3082 revera-potest
3013 3009 3187 3078 majus
3208 3025 3325 3065 esse
3356 3009 3623 3080 prmmium
3649 2995 3868 3078 pecca4

2251 3106 2376 3172 tori,
2407 3121 2568 3175 quam
2608 3105 2750 3175 quod
2803 3106 2918 3175 ejus
2947 3120 3106 3161 causa
3156 3102 3473 3173 Unigenilus
3519 3102 3607 3156 Dei
3666 3101 3869 3158 induit

2254 3213 2493 3267 carnem,
2527 3214 2744 3254 crucem
2777 3197 2936 3270 515
2965 3197 3206 3268 pertulit,
3237 3197 3563 3267 sepulturam
3589 3193 3868 3264 dignatus

545 3295 740 3366 pennis
768 3294 942 3350 Victor
968 3293 1148 3348 aemuli
1170 3293 1254 3348 sui
1293 3290 1498 3346 volavit
1526 3291 1593 3345 ad
1626 3290 1824 3345 cmlum
1857 3309 1870 3343 ί
1897 3289 2144 3344 Ascendit
2171 3297 2218 3362 C
2249 3303 2334 3350 est
2356 3334 2371 3360 ,
2401 3292 2606 3349 inferna
2660 3308 2767 3348 non
2811 3293 3060 3356 horruit,
3087 3291 3449 3360 damnatoque
3473 3290 3587 3360 ipso
3619 3295 3868 3344 auctore

545 3388 876 3478 enim,‘sicut
913 3387 1173 3457 scriptum
1203 3393 1307 3450 est,
1336 3387 1491 3455 Super
1519 3384 1799 3449 cherubim,
1830 3391 1877 3437 et
1906 3384 2093 3437 volavit
2124 3398 2142 3437 :

547 3473 738 3537 volavit
759 3496 914 3552 super
933 3493 1134 3548 pennas
1159 3485 1424 3530 ventorum
1448 3473 1620 3549 (Psal.
1646 3476 1798 3548 xvn).
1825 3474 1894 3530 Et
1914 3476 2001 3531 cui
2023 3484 2147 3531 tunc

547 3572 815 3639 diabolus,
845 3571 892 3627 si
920 3571 988 3626 ab
1015 3585 1081 3626 eo
1103 3577 1248 3624 esset
1273 3566 1551 3636 adoratus,
1575 3583 1745 3639 regna
1772 3566 2146 3639 'et'potestatcs

546 3666 730 3723 saeculi
757 3663 1126 3737 promittebat,
1159 3670 1340 3733 spreta
1368 3662 1607 3718 vanitate
1655 3662 1938 3730 tentantis,
1969 3661 2144 3716 domi—

549 3765 738 3812 natum
787 3755 974 3812 mundi
1019 3763 1075 3810 et
1113 3755 1502 3825 sempiternum
1542 3754 1668 3811 coeli
1717 3754 1929 3824 accepit
1976 3754 2146 3824 impe-

547 3849 710 3916 rium,
737 3856 798 3904 ut
826 3849 940 3919 ipse
986 3846 1063 3902 ait
1094 3865 1107 3900 :
1143 3843 1334 3901 Omnia
1381 3847 1510 3900 mihi
1550 3847 1744 3900 tradita
1773 3855 1893 3900 sunt
1920 3864 1953 3899 a
1979 3845 2142 3900 Patre

550 3959 663 3996 meo
688 3945 744 3996 in
767 3942 892 3997 calo
913 3951 963 3998 et
984 3943 1040 3997 in
1068 3949 1209 3996 terra
1231 3939 1448 4013 (Matth.
1473 3940 1571 4012 χι).
1597 3938 1708 3995 Nec
1727 3939 1996 3994 immerito
2016 3939 2144 3993 bea-

551 4031 761 4087 tissimo
789 4042 1165 4103 remuneratus
1188 4041 1271 4089 est
1294 4047 1484 4103 regno,
1503 4032 1596 4102 qui
1627 4031 1850 4100 legitimi
1866 4033 2007 4100 regis
2028 4032 2144 4086 ani-

550 4136 703 4181 mum
731 4135 926 4193 gerens
945 4124 1223 4193 tyrannica
1253 4125 1518 4192 promissa
1547 4122 2031 4194 despexit.Magnis
2053 4124 2145 4194 igi-

551 4223 644 4270 tur
671 4214 1004 4286 approbatis,
1029 4215 1600 4285 incomprehensisque
1623 4215 1920 4283 miraculis,
1943 4226 2145 4289 myste-

550 4311 632 4365 ria
661 4309 816 4367 nobis
842 4307 1041 4366 Christi
1069 4310 1404 4380 virtutesque
1424 4319 1785 4366 sucerescunt.
1822 4312 1954 4365 Nam
1982 4327 2144 4382 quem

549 4410 830 4458 maternus
857 4409 1046 4459 uterus
1075 4402 1132 4457 in
1152 4417 1309 4459 usum
1333 4403 1612 4473 praesentis
1639 4403 1764 4458 vitre
1785 4403 2018 4460 humana
2045 4422 2144 4476 per

547 4493 884 4551 incrementa
910 4494 1208 4566 produxit,
1257 4494 1497 4566 ingenito
1547 4495 1943 4553 confoederatus
1995 4497 2142 4554 Patri

547 4587 784 4645 dextera:
813 4589 930 4660 ejus
958 4597 1253 4661 perpetuus
1302 4589 1612 4646 dominator
1640 4591 1867 4658 assedit;
1899 4600 1954 4647 et
1980 4606 2141 4661 quem

2250 3386 2456 3450 delicti,
2491 3395 2802 3456 susceptum
2842 3385 3116 3440 hominem
3159 3383 3395 3456 portavit
3424 3383 3477 3437 in
3503 3380 3739 3437 cmlum?
3773 3380 3868 3436 ln-

2250 3480 2456 3536 tendite
2501 3480 2682 3549 itaque
2708 3523 2722 3548 ,
2775 3477 3127 3544 dilectissimi,
3164 3479 3179 3509 ¹
3211 3477 3337 3548 quia
3367 3476 3486 3547 plus
3517 3473 3722 3546 profuit
3757 3474 3868 3530 ho-

2248 3573 2380 3628 mini
2409 3573 2564 3643 culpa
2603 3588 2764 3643 quam
2817 3571 3038 3638 nocuit;
3071 3587 3195 3625 nam
3242 3570 3334 3640 qui
3386 3566 3868 3640 prmvaricationis
3899 3612 3906 3618 .

2252 3666 2564 3722 humiliatus
2593 3667 2712 3736 lege
2741 3667 2949 3737 captiva
2981 3662 3250 3720 diabolico
3279 3663 3409 3732 jugo
3431 3662 3566 3718 colla
3594 3660 3869 3730 subjece—

2253 3767 2360 3827 rat,
2391 3759 2571 3814 omnia
2613 3759 2906 3836 tyrannica:
2937 3756 3267 3828 captivitatis
3297 3755 3504 3810 vincula
3528 3769 3556 3808 a
3586 3753 3683 3809 Dei
3708 3752 3868 3811 Filio

2256 3861 2444 3922 captus
2485 3851 2676 3907 evasit.
2712 3850 2861 3905 Sicut
2890 3850 2965 3904 ait
2991 3850 3058 3904 de
3087 3849 3205 3920 ipso
3231 3849 3455 3910 Domino
3484 3845 3869 3917 Redemptore

2257 3953 2446 4000 nostro
2472 3943 2814 4000 venerandus
2845 3942 3012 3997 David
3046 3961 3058 3995 :
3099 3953 3118 3979 ο
3163 3940 3457 3995 Ascendens
3484 3941 3536 3992 in
3566 3939 3738 3992 altum
3770 3957 3869 3994 ca-

2254 4039 2447 4108 ptivam
2473 4037 2621 4090 duxit
2647 4036 3018 4107 captivitatem,
3040 4033 3178 4087 dedit
3200 4033 3338 4087 dona
3367 4030 3675 4086 hominibus.
3702 4030 3864 4098 Quid

2256 4105 2386 4198 ergo
2409 4127 2633 4198 prodest
2662 4105 2818 4181 nobis
2842 4125 2885 4181 si
2913 4125 3283 4197 captivitatem
3311 4130 3546 4180 nostram
3573 4122 3868 4194 captivam
3931 4105 3934 4110 ’

2251 4238 2466 4279 sursum
2521 4221 2780 4277 Dominus
2809 4220 2982 4288 duxit,
3029 4228 3085 4275 et
3126 4217 3271 4288 quod
3319 4226 3536 4288 captum
3566 4231 3595 4270 a
3629 4215 3868 4272 diabolo

2253 4326 2370 4374 erat
2388 4361 2402 4386 ,
2453 4332 2562 4372 non
2589 4317 2790 4372 sineret
2846 4330 2964 4371 esse
3016 4313 3324 4385 captivum?
3352 4310 3458 4367 Per
3484 4309 3662 4366 omnia
3692 4310 3868 4366 nobis

2253 4407 2498 4480 prodest,
2527 4406 2809 4474 carissimi,
2840 4414 2896 4462 et
2942 4405 3387 4461 inaestimabiliter
3432 4402 3688 4475 prodest,
3723 4403 3868 4472 quia

2257 4499 2312 4554 in
2342 4507 2564 4570 captura
2587 4498 2787 4554 diaboli
2816 4497 2946 4553 dura
2976 4504 3056 4553 est
3077 4496 3330 4564 servitus,
3353 4504 3410 4552 et
3430 4495 3588 4551 beata
3615 4494 3670 4548 in
3691 4492 3869 4549 Chri-

2253 4593 2324 4648 sti
2353 4591 2667 4662 captivitate
2695 4590 2936 4646 libertas.
2960 4589 3070 4646 Nec
3099 4588 3342 4655 dubium,
3368 4588 3494 4659 quia
3523 4586 3700 4642 omnis
3722 4603 3869 4658 cap-

547 4682 710 4737 terris
737 4690 1164 4752 persequentum
1201 4698 1309 4738 vox
1347 4682 1511 4754 impia
1535 4691 1562 4721 ι
1590 4683 1949 4755 blasphemat,
1983 4684 2142 4739 obse-
2167 4685 2224 4748 1)
2250 4691 2338 4740 tus
2367 4700 2397 4738 a
2425 4683 2660 4748 diabolo,
2716 4682 2942 4738 traditus
2999 4681 3193 4738 inferni
3245 4680 3482 4736 tenebris
3533 4694 3757 4750 semper
3809 4681 3868 4734 in

547 4772 830 4842 quentium
857 4788 1002 4829 nunc
1029 4773 1348 4844 angelorum
1379 4774 1616 4831 laudatio
1646 4775 1913 4832 indefessa
1942 4791 2139 4832 conce-

547 4866 754 4933 lebrat;
785 4868 925 4924 sicut
971 4869 1234 4938 scriptum
1263 4877 1346 4924 est
1375 4888 1386 4922 :
1421 4867 1679 4924 Laudatio
1722 4872 1835 4941 ejus
1884 4880 2056 4925 manet
2085 4873 2139 4926 in

544 4959 794 5014 saxulum
833 4959 1010 5014 swculi
1039 4957 1194 5031 (Psat
1224 4959 1372 5031 cxx).
1409 4959 1676 5018 Laetemur
1697 4961 1896 5032 itaque,
1925 4961 2135 5029 fratres,
2185 4979 2190 4985 '

543 5056 600 5104 et
629 5048 960 5106 exsultemus
989 5050 1045 5105 in
1072 5048 1323 5117 Domino,
1349 5052 1477 5122 quia
1505 5053 1667 5110 hodie
1694 5052 1816 5110 θωιὶ
1836 5053 1945 5108 alta
1965 5062 2143 5110 trans-

543 5139 790 5198 cendens
817 5139 885 5196 ad
912 5147 1154 5212 paternae
1181 5141 1326 5200 sedis
1355 5143 1756 5216 incogitabilem
1797 5145 2139 5216 majestatem

615 5315 642 5376 ἒ
671 5278 806 5376 Cod.
834 5303 1044 5376 Cas_in.,
1074 5302 1480 5376 blasphemabat.

613 5375 642 5416 ιι
670 5374 817 5432 idem
845 5373 970 5432 eod.
1000 5373 1204 5443 Casin.,
1229 5377 1563 5448 ejectumque.

615 5518 634 5550 ι
673 5515 800 5587 Hmc
825 5515 1026 5587 scripta
1054 5530 1151 5587 per
1184 5515 1657 5587 emphasim__sunt,
1690 5517 2140 5587 eoquespectant

615 5527 634 5550 ι
674 5527 800 5572 nam
825 5527 1026 5586 scripta
1054 5530 1151 5587 per
1184 5527 1482 5584 emphasim
1512 5527 1657 5577 sunt,
1690 5527 1868 5636 eoqzue
1892 5527 2137 5582 spectant

581 5604 652 5644 uo
676 5586 806 5641 illud
833 5586 979 5656 quod
1019 5586 1232 5641 sabbati
1257 5586 1431 5640 sancti
1465 5585 1552 5640 die
1572 5583 1737 5656 canit
1813 5583 2055 5656 cclesia_:
2091 5581 2137 5637 0

581 5607 652 5644 υο
677 5607 806 5641 ιιιιιίι
833 5607 979 5656 quoa
1019 5607 1232 5641 sauuau
1257 5607 1431 5640 sane“
1465 5607 1552 5640 ure
1590 5607 1737 5640 call“
1766 5607 2008 5638 00018513
2043 5607 2055 5636 ζ
2091 5607 2137 5637 υ

537 5607 670 5789 ἶῗέδας
697 5658 870 5727 culpa,
901 5665 1004 5712 etc.
1038 5656 1373 5712 Enumerans
1399 5671 1529 5710 vero
1570 5655 1836 5709 Maximus
1879 5654 2140 5725 praeclara

615 5727 802 5783 nelicia
827 5742 947 5789 qua:
974 5725 1173 5782 Christi
1200 5727 1526 5784 resurrectio
1553 5725 1861 5782 hominibus
1888 5727 2136 5789 contulit,

615 5725 802 5783 nelicia
827 5742 947 5796 qua:
974 5725 1173 5782 Christi
1200 5727 1526 5784 resurrectio
1553 5725 1861 5782 hominibus
1888 5727 2136 5794 contulit,

541 5813 786 5882 opusque
824 5797 1214 5894 redemptionis
1256 5797 1507 5895 perfecit,
1535 5796 2025 5894 ostendcrevoluit
2050 5797 2168 5878 ja-_

2251 4775 2399 4835 luctu
2419 4785 2521 4847 est,
2547 4786 2603 4833 et
2625 4777 2680 4832 in
2708 4776 2910 4832 lumine
2938 4775 3174 4831 cmlestis
3204 4774 3358 4844 regni
3380 4772 3581 4828 Christi
3602 4773 3868 4842 captivus

2239 4873 2505 4943 ,exsultat.
2530 4871 2620 4925 Ait
2646 4884 2774 4938 ergo
2800 4871 2990 4925 beatus
3015 4869 3181 4924 David
3208 4887 3220 4922 :
3254 4867 3523 4939 Captivam
3553 4866 3701 4920 duxit
3733 4883 3868 4937 eap-

2255 4966 2523 5029 tivitatem,
2558 4962 2720 5034 516
2745 4961 2883 5015 dedit
2914 4961 3052 5015 dona
3074 4959 3384 5014 hominibus.
3441 4955 3630 5012 Videte
3671 4963 3729 5010 et
3762 4955 3865 5011 ad-

2252 5056 2468 5122 vertite,
2495 5069 2657 5126 quam
2684 5068 2783 5109 nos
2812 5051 3065 5123 expediat
3087 5049 3287 5106 Christi
3318 5063 3438 5105 esse
3467 5049 3739 5119 captivos,
3763 5049 3868 5118 qui
3893 5118 3911 5127 -

2253 5148 2428 5220 captis
2455 5145 2568 5203 suis
2599 5160 2707 5201 non
2764 5145 2937 5200 solum
2988 5151 3243 5199 mternam
3293 5141 3483 5198 tribuit
3508 5139 3867 5206 libertatem,

2331 5315 2354 5344 ε
2369 5302 2509 5359 Psal.
2529 5316 2688 5367 van,
2704 5299 3059 5356 Ascendistiin
3081 5303 3260 5366 altum,
3279 5299 3460 5368 cepisti
3477 5297 3867 5368 captivitatem,
3919 5293 3922 5296 ’

2182 5450 2189 5454 _
2253 5376 2494 5447 accepisti
2518 5375 2656 5428 dona
2682 5374 2737 5426 in
2767 5371 3075 5426 hominibus.

2255 5518 2465 5568 cturam
2497 5509 2564 5564 ab
2593 5507 2841 5579 originali
2869 5505 3066 5579 delicto
3107 5501 3265 5558 nobis
3303 5499 3527 5579 illatam,
3557 5512 3654 5571 per
3663 5497 3871 5579 ﬂabun-

2253 5567 2554 5638 dantiorem
2584 5567 2848 5634 doriorum
2878 5577 3089 5646 copiam
3115 5579 3422 5646 reparatam
3453 5567 3637 5646 fuisse.
3663 5567 3872 5646 Simile

2293 5653 2529 5722 uidpiam
2572 5650 2786 5719 scripsit
2819 5647 2875 5722 ὃ.
2920 5639 3267 5722 Ambrosius;
3299 5657 3420 5722 cum
3446 5643 3514 5698 de
3545 5639 3873 5722 Theodosio

2293 5669 2529 5722 utuptam
2572 5669 2786 5719 SCI'IpSlt
2820 5669 2875 5703 δ.
2920 5669 3267 5710 Alﬂurusaus;
3299 5669 3420 5698 cum
3446 5669 3514 5698 uc
3553 5669 3872 5694 sucuuuaw

2253 5669 2496 5793 augusto
2536 5728 2719 5790 ageret
2741 5720 2930 5793 _epist_._
2951 5716 3061 5793 _40_,_
3087 5715 3222 5770 dixit
3255 5711 3347 5793 :_0
3375 5712 3872 5793 ⁸Ιθεςιιιηη,ηιρῖηςζιθιτ

2253 5781 2408 5863 cium,
2431 5811 2528 5868 quo
2555 5781 2838 5867 dcquiritu'r
2866 5788 2960 5846 sibi
2991 5787 3212 5844 aliorum
3240 5783 3518 5872 absolutio.
3541 5784 3622 5843 tui
3643 5781 3872 5860 gratia!

2223 5949 2258 5964 ﬁ
