4052 6330
459 282 510 298 ,σπη’
519 275 570 286 ’⁴’

236 365 334 424 625

1642 358 1871 420 SERMO
1905 360 2089 418 XLVI.

3395 355 3509 421 626

235 482 326 540 sed
347 485 401 535 et
426 474 716 533 ineffabilia
744 474 1044 533 caelestium
1080 488 1364 531 munerum
1391 474 1534 530 dona
1562 475 1808 544 largitur.
1843 484 1894 543 Α
1921 489 2083 544 guum
2131 475 2254 540 hoc,
2289 472 2503 541 fratres,
2535 479 2662 548 quia
2711 477 2826 548 ipse
2853 475 3115 533 Dominus
3157 475 3234 530 ait
3264 492 3277 530 :
3307 475 3507 550 Iugum

235 576 459 641 ideoque
487 570 594 624 alio
627 570 681 624 in
710 569 832 625 loco
862 568 1170 640 patriarcha
1214 567 1466 623 decantat
1497 586 1509 621 :
1542 567 1809 634 Converte,

235 666 465 730 Domine,
488 661 835 733 captivitatem
855 670 1110 725 nostram,
1132 661 1263 715 sicut
1285 670 1484 715 torrens
1502 662 1558 715 in
1579 670 1813 716 austrum

238 756 403 832 (Psal.
431 753 610 824 cxxv).
643 752 934 821 Converte,
959 754 1066 817 ait,
1092 768 1200 807 non
1229 760 1430 819 averte,
1456 753 1508 807 id
1555 760 1636 808 est
1674 769 1812 824 prte-

234 858 331 914 sta,
350 847 591 914 Domine,
615 855 675 901 ut
693 846 784 916 qui
801 846 913 916 jam
935 844 1138 900 dudum
1158 846 1300 916 capti
1318 861 1349 900 a
1367 845 1581 901 diabolo
1602 861 1807 912 sumus,

235 941 304 995 tui
333 938 544 993 tandem
573 953 876 994 mereamur
897 953 1017 994 esse
1041 938 1263 1008 captivi.
1292 936 1502 993 Scimus
1523 937 1666 992 enim
1685 937 1811 1006 quia

233 1029 438 1085 diabolo
450 1044 568 1084 esse
580 1028 878 1098 subjectum
908 1044 1189 1100 peramara
1209 1028 1448 1084 conditio
1469 1036 1554 1084 est
1573 1037 1628 1083 et
1652 1029 1806 1084 inex-

231 1123 387 1193 pleta,
421 1131 446 1160 ι
479 1123 593 1190 tibi,
635 1123 880 1190 Domine,
907 1123 1114 1179 servire
1136 1121 1463 1193 jucunditas.
1497 1122 1607 1180 Nec
1635 1124 1804 1180 ambi-

1917 586 2084 624 meum
2104 585 2257 623 suave
2278 577 2375 633 est,
2399 580 2448 624 et
2468 588 2598 625 onus
2618 589 2785 627 meum
2806 573 2911 626 leve
2934 571 3150 642 (Matth.
3173 569 3273 640 χι).
3291 569 3506 628 Idcirco

1917 660 2314 733 disrumpentes
2344 663 2674 721 inﬁdelitatis
2726 666 2938 721 vincula
2959 703 2973 728 ,
3017 672 3072 719 et
3100 662 3447 734 projicientes
3471 678 3506 720 a

1916 761 2214 816 cervicibus
2237 761 2436 816 nostris
2449 760 2634 830 j‘ugum
2654 760 2874 826 diaboli,
2900 760 3048 816 omni
3070 774 3193 816 cum
3217 759 3508 814 devotione

1916 851 2051 908 colla
2083 861 2268 910 nostra
2296 854 2568 910 dominico
2609 855 2897 910 subdamus
2943 853 3190 924 imperio,
3221 852 3344 920 quia
3383 866 3505 906 ma-

1916 957 2075 1012 gnam
2100 946 2445 1002 credentibus
2470 945 2681 1014 confert
2707 945 2980 1014 Evangelii
3003 945 3186 1015 jugum
3223 950 3280 998 et
3307 941 3507 998 Christi

1915 1037 2198 1106 captivitas
2233 1039 2572 1094 suavitatem.
2603 1037 2706 1105 Qui
2733 1053 2856 1093 cum
2885 1036 3044 1092 Patre
3072 1045 3128 1094 et
3155 1035 3359 1108 Spiritu
3380 1049 3507 1091 san-

1915 1136 2027 1197 cto,
2059 1139 2162 1187 etc.

1608 1234 1876 1298 SERMO
1916 1238 2110 1300 XLV.

1382 1337 1462 1392 De
1488 1327 1669 1393 eadem
1690 1341 1993 1396 ascensione
2019 1341 2233 1398 Domini
2263 1341 2346 1399 11.

1602 1461 1606 1464 ’
1681 1454 2072 1512 ADMONITIO.

291 1543 644 1620 Drumittitur
673 1542 760 1597 hic
788 1541 1251 1620 s_ermo_superiori
1293 1542 1347 1596 in
1377 1543 1567 1620 codice
1593 1544 1932 1620 Taurinensi,
1975 1548 2030 1604 in
2076 1565 2185 1619 quo
2232 1558 2314 1605 est
2357 1550 2599 1608 decimus
2643 1565 2831 1607 eorum
2867 1549 2958 1620 qui
2990 1549 3071 1605 De
3101 1551 3401 1605 ascensione
3428 1533 3523 1607 in

223 1617 548 1694 scribuntur.
581 1613 690 1669 Nos
718 1613 914 1694 seriem
941 1613 1362 1694 Muratorianam
1388 1616 1542 1682 sequi
1567 1617 1875 1686 maluimus,
1900 1626 1960 1673 ut
1989 1613 2108 1690 qum"
2135 1619 2309 1677 codici
2338 1621 2716 1690 Ambrosiano,
2741 1637 2772 1678 e
2800 1613 2909 1694 quo
2927 1621 3068 1676 idem
3084 1621 3383 1692 descriptus
3408 1621 3508 1678 fuit

145 1716 149 1720 -
224 1703 416 1756 sermo,
446 1687 613 1757 plane
641 1684 986 1755 respondeat.

223 1806 615 1863 Αιιθωιεκτωι.
645 1833 717 1843 —-
745 1802 892 1859 Sicut
920 1803 982 1856 de
1018 1803 1140 1857 caelo
1187 1818 1384 1856 venisse
1419 1801 1812 1872 Redemptorem

288 1876 602 1931 credendum
640 1884 737 1942 est,
773 1876 850 1928 ita
888 1873 1069 1944 eadem
1104 1874 1231 1944 ﬁdes
1262 1890 1356 1926 nos
1386 1873 1659 1944 persuadet
1699 1891 1813 1928 eum
1843 1878 1891 1938 Β

287 1948 357 2002 ad
393 1947 581 2002 caelum
628 1946 954 2017 remigrasse.
993 1943 1178 2016 Magni
1207 1943 1474 2017 [aciendus
1507 1951 1582 1997 est
1619 1945 1816 1999 reditus

284 2017 503 2074 Domini
525 2017 594 2070 ad
623 2014 794 2070 sedem
822 2015 1030 2086 gloriae;
1067 2014 1115 2068 et
1143 2014 1290 2069 valde
1315 2015 1473 2068 etiam
1503 2031 1596 2070 nos
1626 2033 1814 2071 conso-

286 2090 423 2160 latur
466 2096 629 2160 parta
679 2087 931 2156 felicitas,
979 2086 1130 2160 quod
1161 2087 1297 2139 inter
1346 2086 1569 2140 cwlestes
1617 2087 1815 2143 incolas

285 2158 527 2214 Christus
554 2159 814 2213 hominem
843 2158 1173 2226 cooptaverit.

285 2270 553 2328 Hodierni
600 2269 706 2326 diei
755 2268 1121 2332 festivitatem,
1153 2267 1344 2322 fratres
1385 2267 1665 2333 carissimi,
1703 2283 1817 2339 my-

216 2366 438 2424 sterium
466 2364 630 2419 nobis
648 2361 930 2418 dominicae
959 2360 1302 2416 Ascensionis
1328 2359 1580 2426 instituit,
1608 2367 1667 2415 ut
1691 2359 1820 2414 Uni—

216 2458 452 2529 genitura
484 2455 606 2522 Dei,
638 2469 798 2524 quem
828 2468 927 2524 pro
956 2452 1326 2522 redemptione
1353 2452 1590 2506 omnium
1619 2451 1686 2506 ad
1711 2462 1819 2507 ter-

216 2565 302 2606 ras
328 2549 553 2605 venisse
581 2545 897 2618 gaudemus,
945 2560 1046 2615 pro
1084 2545 1388 2599 aeternitate
1417 2552 1596 2599 nostra
1623 2545 1819 2601 cmlum

214 2641 456 2698 laetemur
488 2640 792 2709 ingressum
827 2655 840 2690 :
875 2652 999 2690 nam
1027 2636 1142 2691 haec
1171 2643 1254 2690 est
1283 2637 1481 2691 veritas
1523 2634 1642 2690 fidei
1676 2636 1819 2690 salu-

216 2732 364 2800 taris,
397 2739 457 2806 u.t
489 2728 647 2800 cujus
675 2728 983 2799 passionem
1010 2727 1302 2790 credimus,
1335 2727 1559 2795 gloriam
1589 2743 1696 2782 non
1723 2745 1819 2784 ne-

213 2839 417 2895 genius.
457 2823 575 2879 Nec
617 2823 796 2890 magni
842 2836 971 2876 sane
1010 2820 1254 2875 miraculi
1295 2835 1382 2876 res
1422 2829 1526 2888 est,
1572 2820 1713 2892 quod
1752 2820 1819 2876 ad

211 2917 408 2973 caelum
443 2913 594 2971 rcdit
633 2913 723 2983 qui
756 2913 965 2968 venite
993 2912 1149 2978 cmlo,
1194 2911 1290 2966 sed
1331 2911 1472 2981 quod
1519 2912 1817 2980 hominem,

212 3021 372 3077 quem
407 3005 652 3076 suscepit
679 3019 711 3060 e
740 3013 905 3071 terra,
937 3003 1183 3074 pervexit
1210 3003 1278 3058 ad
1307 3002 1544 3058 Patrem.
1573 3005 1661 3058 Ait
1686 3005 1817 3059 bea-

211 3098 456 3154 tissimus
489 3096 655 3152 David
685 3115 697 3149 :
731 3094 996 3152 Laetamur
1018 3096 1129 3150 caeli
1156 3103 1203 3149 et
1232 3095 1449 3150 exsultet
1480 3104 1617 3149 terra
1643 3095 1812 3167 (Psal.

212 3189 372 3262 xcv);
404 3188 560 3260 quod
587 3203 712 3244 eum
741 3187 809 3244 de
833 3196 1174 3244 sacramento
1197 3186 1394 3242 Christi
1425 3189 1684 3243 cecinisse
1711 3206 1817 3245 non

1921 1817 2144 1878 peccato
2185 1808 2497 1864 dominante
2541 1810 2784 1880 captiva,
2829 1809 2938 1865 illic
2982 1809 3196 1865 vivendi
3243 1811 3514 1879 acciperet

1919 1899 2242 1965 libertatem,
2275 1916 2384 1970 quo
2410 1902 2566 1972 culpa
2605 1902 2832 1958 transire
2875 1918 2980 1957 non
3026 1901 3223 1972 possit!
3259 1901 3517 1958 Ascendit

1920 2009 2049 2064 ergo
2079 1996 2146 2049 ad
2182 1993 2396 2050 Patrem
2426 1995 2691 2059 Salvator,
2721 2004 2782 2050 ut
2812 2004 2866 2051 et
2896 1997 3010 2066 ipse
3038 1997 3219 2051 debito
3248 1995 3515 2066 potiretur

1920 2087 2165 2157 imperio,
2207 2096 2263 2142 et
2309 2089 2462 2143 nobis
2509 2089 2826 2143 aeternitatis
2876 2091 3034 2161 517
3074 2089 3351 2160 promissa:
3390 2103 3516 2159 spes

1922 2179 2128 2250 integra
2155 2171 2517 2250 permaneret.
2547 2179 2658 2234 Nec
2682 2179 3051 2246 dubitandum,
3067 2179 3296 2247 'fratres,
3320 2180 3386 2235 de
3405 2181 3517 2236 hoc

1921 2273 2155 2341 Domini,
2185 2289 2346 2344 quem
2394 2273 2765 2344 praedicamus,
2819 2289 3062 2329 ascensu.
3104 2273 3236 2327 Nam
3284 2273 3329 2326 si
3371 2272 3518 2327 Elias

1921 2364 2192 2435 quondam
2243 2364 2340 2420 Dei
2385 2363 2613 2420 famulus
2655 2365 2724 2420 ob
2769 2364 3032 2419 castitatis
3070 2372 3126 2419 et
3164 2363 3285 2418 fidei
3326 2364 3518 2423 merita

1921 2474 2081 2513 curru
2110 2456 2359 2513 ﬂammeo
2390 2464 2444 2512 et
2473 2458 2624 2528 equis
2657 2457 2830 2528 igneis
2869 2472 3040 2526 usque
3080 2456 3147 2510 ad
3196 2456 3390 2512 cmlum
3433 2461 3519 2511 est

1921 2549 2185 2620 elevatus,
2217 2565 2313 2604 cur
2341 2564 2448 2604 non
2480 2556 2590 2604 tota
2621 2549 2907 2604 devotione
2935 2548 3218 2604 credamus
3244 2547 3518 2603 Christum

1922 2651 2165 2697 nostrum
2201 2642 2369 2698 caelos
2407 2641 2721 2710 supergredi
2759 2641 3021 2711 potuisse,
3064 2640 3157 2708 qui
3204 2639 3520 2709 sempiterni

1924 2732 2096 2787 Patris
2126 2741 2180 2787 et
2207 2733 2441 2786 Verbum
2485 2739 2568 2787 est
2614 2739 2670 2786 et
2714 2731 2996 2786 voluntas?
3029 2733 3043 2762 ¹
3077 2731 3152 2785 De
3189 2732 3296 2785 hoc
3327 2745 3521 2801 nempe

1923 2824 2122 2879 dictum
2153 2829 2236 2878 cs’t
2257 2838 2354 2893 per
2378 2823 2639 2894 Spiritum
2662 2831 2905 2878 sanctum
2930 2840 2943 2875 :
2971 2821 3156 2894 Regna
3182 2831 3349 2888 terrae,
3378 2821 3521 2892 psal-

1923 2916 2011 2969 lite
2049 2915 2306 2978 Domino,
2348 2915 2434 2986 qui
2484 2915 2718 2969 ascendit
2765 2931 2918 2984 super
2966 2914 3118 2968 oculos
3164 2915 3407 2968 caelorum
3451 2912 3522 2966 ad

1923 3008 2172 3061 orientem
2218 3005 2400 3077 (Psal.
2442 3004 2572 3075 cu);
2619 3013 2674 3060 et
2713 3006 2906 3060 iterum
2947 3025 2958 3058 :
3001 3005 3254 3059 Dominus
3296 3007 3347 3058 in
3395 3006 3522 3060 calo

1922 3100 2124 3168 paravit
2171 3099 2344 3152 sedem
2382 3114 2548 3159 suam,
2593 3098 2758 3168 518
2792 3107 2840 3150 et
2881 3098 3244 3168 regnumejus
3286 3097 3521 3151 omnibus

1923 3188 2270 3242 dominabitur
2301 3186 2474 3258 (Psal.
2500 3203 2588 3251 cu,
2617 3186 2736 3257 i9);
2769 3196 2824 3241 et
2853 3187 2978 3240 alibi
3014 3205 3025 3239 :
3053 3186 3308 3240 Dominus
3340 3202 3522 3239 ascen-

211 3281 437 3338 dubium
468 3289 556 3337 est
588 3299 602 3334 :
639 3295 764 3336 nam
801 3281 1036 3336 exsultat
1063 3288 1226 3345 terra,
1259 3295 1378 3350 qua:
1409 3294 1634 3348 regnare
1662 3298 1818 3336 suum
1847 3271 1893 3334 C
1925 3279 1999 3332 dit
2039 3295 2192 3347 super
2236 3279 2407 3342 caelos,
2447 3284 2495 3328 et
2529 3284 2690 3330 tonat.
2730 3276 2838 3329 Aut
2864 3275 3138 3343 quomodo
3168 3283 3383 3344 poterat
3413 3290 3521 3330 non

212 3374 361 3430 videt
400 3376 459 3430 in
497 3375 806 3431 coelestibus
851 3373 1304 3445 Redemptorem;
1349 3374 1560 3428 laetatur
1597 3374 1814 3440 malum,

208 3465 337 3536 quia
366 3475 427 3523 et
457 3466 629 3522 Deum
657 3481 831 3532 suum,
863 3480 1024 3535 quem
1047 3465 1254 3532 habuit,
1286 3479 1395 3519 non
1425 3464 1620 3528 amisit,
1644 3472 1699 3519 et
1718 3465 1819 3519 ho-

209 3561 440 3629 minem,
488 3575 650 3631 quem
695 3575 806 3615 non
853 3558 1107 3624 habebat,
1140 3558 1365 3628 accepit.
1417 3555 1625 3612 Gaudet
1673 3564 1816 3613 terra

207 3650 412 3708 Filium
461 3653 558 3708 Dei
595 3652 936 3709 descendisse
962 3651 1030 3706 de
1058 3651 1215 3717 cmlo,
1249 3650 1342 3706 sed
1371 3666 1478 3705 non
1509 3651 1684 3705 minus
1717 3667 1816 3705 ex-

207 3747 382 3801 sultat
431 3745 631 3802 omium
676 3744 869 3799 Filium
914 3743 1148 3798 hominis
1195 3741 1501 3797 ascendisse
1541 3741 1608 3796 de
1648 3749 1812 3796 terra.

206 3833 388 3905 Sedit,
415 3835 614 3905 inquit,
635 3835 704 3888 ad
733 3835 998 3888 dea-teram
1025 3833 1223 3885 Patris.
1252 3831 1422 3896 Quam
1451 3833 1817 3887 necessarium

203 3937 350 3997 erat,
395 3927 685 3992 carissimi,
729 3934 789 3982 ut
826 3939 954 3980 caro
993 3923 1246 3987 hominis,
1284 3937 1405 3992 qua:
1447 3921 1652 3990 jamdiu
1700 3930 1818 3978 erat

1924 3371 1976 3423 in
1999 3370 2195 3423 coelum
2220 3367 2409 3436 recipi,
2442 3367 2534 3434 qui
2560 3366 2852 3419 humanum
2881 3378 3051 3432 genus
3071 3365 3301 3418 vocabat
3323 3363 3388 3417 ad
3411 3378 3522 3420 ctu-

1924 3463 2070 3517 lum?
2119 3460 2467 3516 Exsultemus
2510 3459 2715 3526 itaque,
2756 3455 3110 3522 dilectissimi,
3150 3463 3205 3511 et
3255 3455 3517 3524 lmtemur,

1922 3556 2047 3625 quia
2089 3555 2162 3610 ibi
2195 3569 2316 3610 esse
2344 3560 2588 3608 nostrum
2624 3550 2873 3605 novimus
2905 3549 3342 3620 Redemptorem,
3373 3548 3521 3604 unde

1923 3657 2120 3706 cuncta
2161 3655 2218 3703 et
2258 3647 2573 3718 prospicere
2616 3645 2788 3716 possit
2827 3652 2884 3699 et
2927 3656 3134 3711 regere,
3168 3651 3222 3698 et
3255 3642 3381 3712 quia
3412 3642 3521 3698 illic

1923 3749 2166 3810 ereptum
2197 3740 2265 3794 ab
2294 3737 2478 3792 inferis
2505 3735 2781 3791 hominem
2810 3734 3116 3798 collocavit,
3151 3733 3243 3788 ubi
3282 3749 3390 3788 non
3431 3747 3521 3786 ar-

1921 3833 2022 3887 bor
2047 3830 2283 3886 scientia:
2311 3828 2439 3884 boni
2467 3827 2678 3882 et-mali
2700 3826 2979 3881 mortifera
3007 3840 3169 3895 poma
3193 3823 3517 3895 prmtendat,

1921 3921 2017 3978 sed
2030 3921 2280 3977 salutaris
2292 3935 2356 3976 ac
2369 3919 2629 3990 simplicis
2650 3917 2906 3974 bonitatis
2927 3916 3193 3972 inhabitat
3211 3915 3514 3988 plenitudo.

1591 4038 1862 4117 SERMO
1904 4036 2133 4100 XLVI.

1369 4138 1446 4193 De
1466 4139 1648 4193 eadem
1675 4139 1977 4194 ascensione
2011 4137 2224 4193 Domini
2256 4135 2367 4190 ΙΙΙ.

1671 4229 2062 4287 ADMONITIO.

273 4335 353 4391 Et
377 4331 512 4404 styli
531 4330 689 4398 ratio,
719 4329 1054 4404 et_codicum_
1075 4334 1339 4404 veterum,
1372 4325 1724 4404 Taurinensis
1751 4325 2084 4404 cumprimis,
2125 4322 2425 4404 auctoritas
2452 4318 2632 4404 effecit
2660 4325 2740 4385 ut,
2758 4314 3518 4404 Muratorioassensusghunc

196 4384 744 4466 etiZIh'séﬁiiahéin'
769 4384 1103 4458 Siiantistiti
1153 4384 1472 4452 Taurinensi
1520 4384 1947 4466 attribuendutjni
1976 4384 2096 4466 esse
2136 4394 2454 4466 judicarem.
2503 4390 2598 4446 Est
2621 4384 2756 4466 vero
2799 4390 2850 4466 is
2870 4389 2925 4440 in
2954 4385 3146 4466 eodem
3196 4384 3519 4442 Taurinensi

199 4455 588 4536 EEEEe'iiiiéé
602 4455 913 4529 Sivlliavximi
942 4484 1220 4526 sermones
1245 4468 1324 4522 De
1350 4469 1648 4522 ascensione
1677 4484 1844 4523 sermo
1865 4463 1916 4520 Χ
1924 4465 1951 4520 ι
1959 4464 2019 4520 ΙΙ
2028 4506 2042 4531 ,
2067 4455 2231 4536 quem
2259 4463 2478 4533 quidem
2507 4476 2575 4516 ex
2604 4459 2962 4515 Ambrosiano
2985 4455 3171 4511 codice
3200 4470 3517 4524 expressum

199 4546 498 4606 transtulit
528 4545 668 4601 idem
696 4543 1018 4598 Muratorius
1045 4541 1098 4595 in
1128 4539 1193 4594 IV
1217 4548 1422 4594 tomum
1461 4539 1722 4594 Anecdot.

201 4665 616 4721 Ancum-mrum
647 4689 719 4700 ——
747 4653 985 4710 Gloriosa
1008 4652 1218 4706 Domini
1248 4651 1482 4705 ascensio
1513 4666 1696 4703 novam
1716 4651 1808 4702 lte-
1838 4650 1890 4710 D
1917 4650 2036 4718 ejus
2054 4645 2370 4718 magnitudo
2392 4643 2653 4705 declarat,
2678 4639 2787 4709 qui,
2821 4646 3072 4709 suscepto
3093 4636 3350 4692 adversus
3366 4652 3519 4695 mun-

278 4734 421 4788 titiw
478 4731 729 4784 rationem
784 4726 1095 4796 suppeditat.
1157 4721 1327 4796 David
1370 4721 1682 4796 vaticinatus
1736 4728 1812 4796 est

277 4805 558 4860 Christum
587 4800 790 4854 calicas
816 4788 948 4849 inter
986 4797 1197 4849 virtutes
1223 4791 1592 4861 recipiendum.
1639 4788 1811 4842 Verba

276 4874 616 4946 prophetica,
639 4870 844 4938 aliaque
876 4867 1164 4936 Scriptura:
1198 4863 1311 4915 loca
1332 4860 1508 4914 doctis
1548 4875 1812 4914 commen-

268 4942 445 5010 tariis
475 4942 823 4997 illustrantur.

279 5039 542 5107 Quantus
570 5041 626 5089 et
649 5047 808 5105 quam
834 5028 1221 5098 investigabilis
1249 5028 1320 5083 sit
1343 5028 1398 5083 in
1423 5025 1677 5097 operibus
1704 5023 1815 5079 suis

205 5127 547 5202 Unigenitus
573 5125 916 5196 omnipotens
939 5122 1032 5178 Dei
1057 5119 1403 5178 inetl'abilium
1433 5117 1815 5190 mysteriorum

285 5309 314 5338 ει
345 5295 495 5354 Cod.
527 5293 729 5359 Casin.,
763 5290 873 5355 tibi,
903 5275 1119 5355 Christe,
1152 5288 1359 5342 servire.

284 5441 306 5474 ³
350 5433 522 5505 Quod
547 5431 742 5488 Paulus
769 5431 823 5485 in
847 5429 870 5483 Ι
898 5428 1022 5484 Cor.
1041 5444 1092 5505 1,
1111 5425 1200 5505 24,
1229 5426 1364 5505 dixit
1394 5442 1419 5505 ε.
1437 5422 1652 5505 Χριστὸν
1681 5425 1812 5480 Θεοῦ

209 5495 468 5572 atmiis,
499 5509 582 5561 καὶ
608 5511 736 5561 Θεοῦ
765 5505 998 5574 -σόφίοιν,Δ
1033 5498 1291 5574 Christum
1319 5495 1817 5574 Dei__ro1‘_t-:s'rns_u

207 5565 645 5640 seu'vln'iUTt-m,
670 5581 725 5628 et
751 5565 1227 5640 Dei'sapientiam;
1265 5567 1382 5640 hoc
1429 5565 1715 5640 Maximus_
1740 5565 1820 5616 sic

209 5634 548 5722 aet—sepiuut
567 5634 834 5722 Christum
853 5634 1031 5696 Patris
1055 5656 1166 5722 esse
1194 5637 1502 5722 voluntatem
1530 5642 1583 5722 et
1591 5634 1818 5722 ferbuit:

211 5705 530 5793 Eééiifsein.
560 5716 694 5793 Cum
735 5715 878 5770 enim
922 5711 1263 5793 omnipotens
1300 5705 1813 5793 .v'oluntaerciA

209 5779 595 5865 putéslateitt
611 5788 930 5865 virtutemve
974 5779 1184 5865 lintris,
1206 5779 1511 5865 “vol'i‘tntatis
1552 5779 1818 5865 expressit

208 5846 522 5922 (ricinum.
556 5858 756 5915 Dicitur
783 5865 972 5922 autem,
998 5852 1169 5920 inquit
1206 5851 1260 5906 S.
1295 5849 1529 5905 Thomas
1551 5848 1604 5902 in
1633 5846 1816 5902 locum

1918 4743 1970 4796 di
2009 4741 2309 4810 principem
2358 4734 2564 4806 praelio,
2617 4729 2904 4801 pugnando
2951 4729 3004 4783 in
3055 4728 3275 4784 homine
3313 4735 3367 4783 et
3397 4729 3518 4783 vin-

1919 4831 2088 4886 cendo
2116 4844 2213 4899 per
2236 4826 2510 4882 hominem
2543 4822 2774 4877 incolam
2799 4820 2920 4875 coeli
2943 4830 3206 4889 ternaque
3234 4819 3514 4877 dominum

1919 4924 2065 4980 fecit.
2090 4919 2192 4988 Qui
2217 4919 2378 4974 etiam
2409 4930 2606 4985 corpus
2635 4912 2764 4967 illud
2786 4912 3101 4967 humilitatis
3131 4921 3348 4978 nostras,
3369 4915 3516 4984 quod

1920 5016 2096 5087 fragili
2124 5013 2354 5082 sumpsit
2379 5025 2410 5064 e
2438 5008 2652 5073 femina,
2676 5007 2839 5061 variis
2866 5014 3284 5077 persequentum
3316 5006 3518 5075 objecit

1924 5107 2153 5179 injuriis,
2182 5103 2329 5160 cruci
2358 5101 2518 5159 etiam
2548 5097 2794 5170 permisit
2822 5097 2965 5171 attigi
2985 5136 3000 5163 ,
3033 5098 3258 5154 elevatis
3287 5106 3520 5153 asterna-

1927 5411 2179 5485 proxime
2232 5407 2526 5485 indicatum
2573 5399 2970 5485 ApostoliLDei
3016 5399 3193 5485 virtus.
3213 5406 3263 5452 et
3292 5395 3410 5485 Dei!
3427 5413 3515 5485 sa-

1929 5467 2124 5556 pientia
2154 5498 2244 5553 per
2273 5467 3035 5556 quamdam_approbationem.
3079 5469 3254 5556 V‘irtus
3288 5467 3512 5556 (mittent,

1914 5536 2246 5628 i'anitant'um
2275 5536 2363 5622 per
2404 5536 2712 5628 eum‘l’a'ter
2745 5545 2922 5628 omnia
2947 5547 3226 5628 operatur:
3263 5536 3510 5618 «.Unmia
3603 5599 3609 5602 _

1923 5613 2022 5699 per,
2034 5628 2201 5697 ipsum
2225 5613 2364 5695 facta
2377 5628 2503 5699 sunt
2525 5618 2702 5699 (Jounl.
2725 5619 2763 5686 ι)
2779 5633 2794 5678 ;
2808 5635 2825 5665 ι
2843 5613 3105 5699 sapientia
3118 5625 3262 5699 Hero,
3282 5613 3332 5699 in
3350 5622 3511 5699 στίβη]

2268 5675 2690 5767 Verbum,_\quod
2720 5675 2797 5767 est
2833 5675 3026 5767 Filius,
3075 5678 3206 5767 nihil
3244 5685 3317 5730 est
3363 5675 3514 5730 aliud

1920 5747 2374 5840 iiiiiiniriipienna
2417 5747 2737 5840 genitangel
2762 5760 3063 5840 leoncepta‘:
3103 5769 3119 5800 ι
3157 5747 3270 5819 Ego
3315 5764 3378 5801 ex
3425 5765 3513 5802 ore

1922 5819 2455 5904 :ilti'ssimi'prodivi,“
2491 5819 2845 5892 etc.’(Eccles.
2878 5819 3049 5890 XXIV.)
