4052 6330
472 329 577 388 σιτ

1698 320 1755 376 S.
1798 321 2045 376 MAXIM
2083 321 2541 381 TAUIINENSIS

2414 241 2434 243 ,.
2451 235 2644 248 η-.,ο.ο-.

3589 383 3593 390 .
3644 328 3754 394 Μ

475 445 616 500 libus
644 441 812 512 portis
839 448 1042 506 secum,
1065 443 1123 493 et
1150 447 1206 492 tn
1231 450 1292 492 se
1318 435 1482 492 hodie
1507 435 1691 491 evenit
1717 435 1786 491 ad
1816 435 2055 490 Patrem.
2087 441 2137 499 Α
2165 437 2444 494 Dominus.
2476 440 2674 505 Fortis,
2724 457 2832 497 non
2877 444 3004 514 quia
3327 451 3454 501 suos
3501 451 3756 516 potenter

474 535 716 603 Denique
742 533 902 587 beato
934 529 1104 586 David
1131 530 1431 585 instruente
1476 528 1862 600 cognovimus,
1893 528 2064 584 collo.

475 624 762 696 quentibus
814 622 958 678 inter
1003 637 1063 677 se
1108 620 1395 678 virtutibus
1430 621 1554 678 cmii
1575 657 1592 688 ,
1647 621 1763 676 haec
1808 620 2064 690 prmdicta

473 714 810 772 mortalibus.
840 715 931 770 Ait
949 716 1098 772 enim
1130 734 1144 768 :
1171 713 1358 771 Tollite
1379 723 1562 785 portas
1589 715 1850 787 principes
1887 715 2060 780 vestri,

473 818 522 863 et
548 807 839 873 eleuamini,
877 815 1042 878 porta
1069 807 1342 863 aeternam
1358 845 1374 872 ,
1399 815 1449 861 et
1482 804 1716 861 introibit
1745 804 1857 861 Res
1881 805 2064 877 gloria

476 899 647 970 (Psal.
676 900 851 971 um).
885 900 1073 968 Hecte‘,
1101 900 1384 964 carissimi,
1401 900 1684 955 internatas
1697 898 1921 953 elevata
1939 906 2066 953 sunt

476 1000 664 1061 porta,
715 993 840 1063 quis
881 993 1272 1060 gloriosissimo
1321 990 1456 1061 Regi
1490 999 1547 1047 et
1596 990 1914 1047 aeternitatis
1951 989 2062 1046 Do-

419 1075 431 1085 ’
482 1084 626 1138 mino
663 1084 921 1139 mirabilis
956 1083 1023 1139 ad
1053 1101 1282 1154 superna
1309 1085 1600 1155 parabatur
1626 1085 1916 1153 ingressus.
1946 1083 2058 1138 An-

476 1177 756 1231 nuntiatur
791 1192 920 1248 ergo
947 1192 1046 1246 per
1066 1176 1426 1247 patriarcham
1458 1174 1814 1244 eumdemque
1837 1175 2065 1245 prophe-

473 1274 584 1320 tam
613 1268 851 1324 elevatas
877 1269 1160 1324 aeternales
1188 1276 1370 1338 portas
1397 1311 1410 1334 ,
1462 1275 1522 1322 ut
1548 1268 1887 1322 advertamus
1926 1281 2062 1336 prte-

473 1366 635 1412 eunte
661 1359 787 1414 illuc
823 1358 1058 1426 Christo,
1091 1360 1285 1415 cmlum
1327 1359 1438 1428 jam
1482 1367 1669 1428 patere
1717 1357 2058 1415 mortalibus.

473 1448 761 1519 Patebunt,
785 1450 1142 1516 dilectissimi,
1177 1451 1345 1519 porta:
1392 1447 1497 1503 illa:
1545 1449 1806 1514 ﬁdelibus,
1838 1457 1894 1503 et
1921 1463 2061 1502 sem-

472 1562 571 1616 per
600 1545 902 1616 patebunt,
953 1559 1115 1618 quas,
1160 1545 1371 1603 devicta
1409 1554 1586 1602 morte
1624 1545 2062 1618 triumphatoque

472 1640 707 1703 diabolo,
736 1639 801 1694 ad
829 1638 1038 1694 Patrem
1063 1655 1289 1710 pergens
1313 1642 1540 1712 prmvius
1560 1639 2056 1712 Saivatoraperuit.

471 1732 788 1788 Mirantibus
829 1743 1007 1788 autem
1037 1742 1092 1789 et
1117 1735 1587 1804 percunctantibus
1622 1734 1742 1805 quis
1771 1743 1912 1789 esset
1958 1735 2062 1790 iste

472 1823 584 1876 Rex
615 1822 818 1890 gloriae,
850 1823 923 1877 ita
952 1826 1198 1894 protinus
1226 1824 1585 1894 respondetur
1618 1843 1629 1878 :
1655 1823 1912 1880 Dominus
1950 1827 2059 1898 for-

472 1917 538 1968 tis
559 1923 604 1968 et
632 1923 834 1985 potens,
864 1911 1121 1970 Dominus
1148 1926 1328 1986 potens
1368 1917 1424 1970 in
1452 1916 1632 1987 praelia
1662 1914 1846 1989 (Psal.
1874 1917 2056 1986 mu).

467 2005 595 2060 Ideo
624 2020 752 2075 ergo
784 2015 998 2077 potens,
1029 2008 1155 2076 quia
1184 2007 1358 2064 fortis.
1383 2007 1451 2063 Et
1487 2009 1561 2064 ita
1590 2025 1778 2065 revera
1806 2018 1889 2066 est
1916 2025 2056 2082 prte-

468 2098 696 2154 dicanda
736 2100 997 2169 potentia,
1047 2116 1170 2172 qua:
1195 2118 1304 2157 non
1345 2101 1540 2157 alienis
1586 2100 1718 2157 fulta
1749 2102 2058 2172 virtutibus,

470 2189 561 2246 sed
591 2208 688 2248 sua
724 2191 827 2249 sibi
871 2210 967 2264 per
1015 2195 1196 2250 omnia
1243 2201 1515 2265 potestate
1561 2194 1834 2260 subsistit;
1883 2209 2003 2265 quae
2028 2210 2060 2249 a

466 2282 694 2340 Domino
722 2295 777 2341 et
808 2285 1170 2357 Redemptore
1219 2297 1404 2344 nostro
1447 2305 1555 2343 non
1597 2288 1891 2344 ambitione
1919 2304 2058 2358 prte-

466 2386 677 2446 sumpta
700 2389 801 2445 est,
825 2395 935 2434 non
965 2397 1246 2435 munerum
1274 2380 1551 2450 redempta
1577 2381 1926 2451 commercio,
1951 2397 2056 2436 non

467 2467 572 2522 ulla
605 2469 914 2526 adulatione
941 2475 1183 2541 quaesita,
1216 2472 1310 2528 sed
1341 2470 1577 2543 perfecta
1608 2481 1663 2528 et
1693 2473 1923 2544 simplici
1951 2475 2060 2528 vir-

467 2570 582 2617 tute
615 2580 881 2633 possessa.
916 2565 1049 2620 Nam
1098 2566 1240 2638 quod
1286 2563 1433 2620 Patri
1475 2565 1733 2622 obedicns
1762 2566 1860 2621 l'uit
1891 2583 2059 2636 usque

467 2655 534 2708 ad
563 2666 794 2710 mortem
825 2657 1018 2722 crueis,
1047 2660 1188 2713 sicut
1215 2660 1290 2713 ait
1319 2659 1608 2728 Apostolus
1637 2677 1647 2712 :
1683 2656 1840 2712 Dedit
1863 2660 1941 2714 illi
1965 2676 2058 2713 no-

466 2762 581 2799 men
613 2749 748 2819 quod
777 2758 854 2802 est
894 2767 1046 2820 super
1083 2769 1236 2806 omne
1261 2768 1476 2819 nomen,
1508 2762 1564 2806 ut
1593 2755 1647 2807 in
1686 2755 1892 2807 nomine
1931 2752 2057 2806 Jesu

467 2853 618 2892 omne
654 2857 788 2911 genu
816 2843 1053 2911 ﬂectatur
1097 2844 1374 2899 caelestium
1397 2887 1413 2915 ,
1445 2847 1762 2900 terrestrium
1804 2853 1853 2899 et
1890 2847 2055 2918 infer-

469 2948 653 2986 narum
683 2933 904 3006 (Philip.
929 2937 1007 3008 ιι).
1035 2937 1134 2993 Hic
1161 2941 1303 2994 enim
1323 2956 1444 2995 cum
1468 2941 1599 2997 dicit
1625 2959 1636 2993 :
1664 2938 1920 2996 Dominus
1941 2943 2055 3013 for-

467 3024 535 3077 tis
554 3033 603 3078 et
629 3036 810 3096 potens
833 3068 849 3094 ,
895 3045 1004 3084 non
1042 3033 1254 3102 gemina
1283 3032 1479 3089 Christi
1510 3050 1540 3087 a
1565 3033 1726 3087 Patre
1771 3035 2013 3103 potentia
2037 3075 2052 3100 ,

469 3117 562 3174 sed
603 3119 798 3176 invicta
848 3126 974 3179 novi
1007 3127 1241 3183 hominis
1280 3125 1538 3182 fortitudo
1563 3127 1829 3182 laudatur.
1871 3126 2055 3196 Neque

465 3224 598 3266 vero
645 3228 897 3283 maguum
949 3226 1100 3287 erat,
1146 3218 1341 3274 fortem
1389 3219 1494 3274 dici
1521 3218 1707 3289 illum,
1747 3235 1845 3290 per
1890 3235 2052 3290 quem

465 3310 646 3358 creata
685 3315 809 3361 sunt
852 3310 1053 3374 omnia,
1085 3318 1142 3366 et
1161 3311 1254 3381 qui
1299 3311 1645 3382 omnipotens
1687 3312 1756 3366 ab
1793 3310 2051 3381 Omnipo-

465 3397 613 3450 tente
639 3401 921 3466 processit.
948 3400 1125 3459 Fortis
1143 3417 1275 3474 ergo
1295 3411 1351 3459 et
1373 3411 1566 3475 potens
1592 3404 1648 3458 in
1674 3404 1860 3474 praelia
1890 3405 2052 3476 519

2168 533 2385 602 occidit,
2413 533 2505 589 sed
2533 535 2657 604 quia
2687 550 2788 605 pro
2819 536 2974 592 nobis
3000 537 3272 608 patienter
3291 539 3504 595 occisus
3523 547 3630 596 est.
3659 538 3759 598 Po-

2168 635 2310 692 tens,
2360 628 2484 696 quia
2530 627 2672 683 inter
2717 630 3009 700 opprobria
3049 640 3105 687 et
3146 633 3408 702 supplicia
3439 633 3752 703 passionum

2165 724 2328 773 tantm
2364 718 2467 773 sibi
2491 720 2706 774 virtutis
2750 723 2997 779 conscius
3042 730 3101 776 ut
3140 723 3499 779 ministerium
3550 725 3758 781 redem-

2165 811 2365 882 ptionis
2393 811 2659 882 impleret,
2697 827 2848 870 suam
2899 815 3072 869 noluit
3110 819 3386 871 ostentare
3428 799 3750 886 potentiam.

2167 902 2295 957 Cum
2313 905 2449 958 enim
2477 906 2531 958 in
2565 907 2732 976 formo
2756 904 2852 959 Dei
2879 915 3034 972 esset,
3073 921 3174 962 non
3203 909 3445 976 rapiam
3473 906 3754 963 arbitratus

2165 1005 2371 1050 estesse
2395 1012 2451 1050 se
2487 996 2737 1068 aqualem
2776 996 2908 1065 Deo,
2949 998 3042 1054 sed
3074 1000 3404 1070 semetipsum
3437 999 3755 1065 muniuit,

2165 1089 2388 1160 formam
2416 1089 2547 1143 servi
2577 1090 2861 1161 mscipt'ens
2897 1089 3121 1161 (Philip.
3145 1092 3222 1161 ιι).
3255 1090 3433 1146 Fortis
3461 1092 3645 1161 itaque
3665 1106 3760 1162 po-

2164 1186 2286 1234 tens
2305 1187 2389 1236 est
2417 1186 2471 1234 et
2516 1182 2802 1250 gloriosus.
2834 1181 3037 1248 Fortis,
3067 1183 3197 1238 dum
3226 1200 3258 1237 a
3285 1184 3504 1240 diabolo
3535 1185 3590 1238 in
3625 1200 3758 1239 con-

2159 1273 2439 1343 gressione
2483 1288 2590 1328 non
2619 1274 2868 1328 vincitur.
2920 1273 3157 1342 Potens,
3191 1275 3317 1330 dum
3370 1275 3756 1345 subjugaturus

2162 1371 2394 1419 mortem
2415 1363 2606 1429 interni
2633 1365 2866 1426 claustra
2895 1365 3144 1436 disrupit.
3169 1365 3470 1435 Gloriosus,
3493 1367 3624 1422 dum
3652 1368 3756 1422 im-

2163 1453 2432 1512 maculato
2453 1455 2715 1526 sanguine
2745 1472 2844 1512 suo
2873 1457 3200 1528 captivitatis
3228 1466 3444 1525 nostrae,
3483 1460 3760 1530 chirogra-

2163 1547 2272 1621 pho
2302 1566 2366 1605 ex
2395 1549 2514 1621 lege
2538 1549 2738 1616 deleto,
2767 1549 2835 1606 ad
2862 1547 3047 1606 sedem
3079 1557 3315 1623 paternae
3343 1552 3530 1622 gloria:
3553 1553 3761 1609 cunctis

2163 1639 2424 1694 caelorum
2453 1640 2740 1694 virtutibus
2766 1640 3095 1696 adorandum
3125 1642 3387 1698 ascendit.
3419 1641 3553 1708 Qua:
3594 1643 3757 1712 igitur

2163 1740 2247 1786 est
2274 1730 2431 1800 hujus
2469 1730 2807 1801 profunditas
2854 1734 3198 1800 sacramenti,
3243 1749 3409 1804 quam
3437 1735 3760 1806 imperscru-

2167 1825 2329 1880 tabile
2357 1825 2550 1880 divinae
2577 1827 2909 1896 operationis
2949 1841 3225 1890 arcanum.
3256 1828 3406 1896 quod
3435 1829 3480 1884 is
3506 1828 3602 1898 qui
3632 1838 3760 1887 ante

2167 1922 2360 1976 sateula
2390 1923 2624 1993 prodivit
2650 1937 2679 1977 a
2713 1924 2873 1995 520
2911 1921 3104 1989 Patre,
3137 1922 3244 1986 ille,
3278 1923 3369 1994 qui
3400 1922 3453 1977 in
3483 1922 3593 1979 line
3618 1931 3760 1979 tem-

2166 2028 2359 2084 porum
2399 2014 2663 2084 processit
2691 2028 2756 2068 ex
2806 2013 3026 2082 femina,
3055 2029 3195 2069 unus
3243 2013 3414 2070 factus
3443 2017 3528 2070 est
3572 2013 3761 2072 Deus?

2155 2107 2182 2162 .¹
2213 2105 2386 2174 Atque
2414 2107 2516 2160 hoc
2546 2105 2667 2161 ideo
2687 2148 2700 2172 ,
2732 2114 2792 2161 ut
2821 2123 2944 2161 cum
2983 2114 3128 2163 esset
3159 2105 3478 2176 Unigenitus
3500 2109 3759 2167 indivisa:

2163 2216 2193 2254 a
2224 2198 2382 2254 Patre
2404 2200 2628 2254 haberet
2651 2200 2817 2256 homo
2847 2198 3216 2268 in'Unigenito
3245 2198 3358 2255 Dei.
3368 2207 3599 2270 paterna
3630 2218 3754 2258 cum

2163 2293 2568 2348 immortalitate
2595 2291 2950 2346 consortium.
2984 2287 3215 2360 Propter
3242 2289 3408 2360 quod,
3438 2291 3657 2357 fratres,
3681 2291 3760 2348 sic

2161 2387 2446 2441 Dominum
2478 2385 2784 2441 ascendisse
2804 2385 3157 2440 ooniiteamur
3182 2385 3235 2438 in
3256 2385 3412 2451 cmlo,
3439 2394 3499 2440 ut
3528 2403 3639 2441 non
3662 2402 3760 2442 nos

2161 2482 2277 2537 sine
2323 2480 2516 2535 eodem
2562 2480 2780 2534 relictos
2823 2493 2945 2535 esse
2986 2477 3294 2545 credamus,
3321 2479 3464 2549 quia
3495 2479 3613 2549 ipse
3659 2479 3758 2535 sub

2161 2581 2436 2628 momento
2478 2571 2808 2627 ascensionis
2845 2586 2957 2626 sua:
3002 2570 3079 2624 ait
3117 2569 3376 2640 apostolis
3423 2588 3435 2622 :
3482 2568 3620 2625 Ecce
3664 2587 3756 2643 ego

2160 2648 2417 2721 vobiscum
2445 2682 2557 2730 sum
2583 2662 2819 2718 omnibus
2841 2660 3017 2718 diebus
3042 2664 3098 2717 in
3139 2663 3636 2718 consummationem
3658 2682 3754 2720 sa:-

2160 2759 2259 2812 culi
2293 2756 2507 2828 (Matth.
2539 2754 2745 2826 xxvm).
2787 2753 2921 2809 Nam
2971 2755 3064 2823 qui
3105 2753 3180 2808 ita
3203 2752 3483 2808 descendit
3511 2770 3542 2809 a
3574 2754 3752 2821 Patre,

2160 2857 2220 2904 ut
2244 2849 2384 2919 apud
2412 2847 2629 2903 Patrem
2675 2845 3051 2917 inseparabilis
3095 2854 3422 2911 remaneret,
3472 2848 3551 2902 sic
3595 2849 3754 2903 nimi-

2159 2957 2280 2996 rum
2308 2941 2376 2996 de
2406 2940 2565 2995 terris
2585 2939 2828 2994 ascendit
2853 2937 2920 2993 ad
2949 2938 3165 3003 cretum,
3198 2946 3256 2993 ut
3284 2955 3394 2995 non
3423 2925 3754 3010 relinqueret

2158 3033 2435 3090 mundum.
2467 3031 2562 3087 Est
2599 3032 2743 3087 enim
2791 3031 2906 3090 haec
2932 3031 3330 3100 omnipotentia
3379 3031 3492 3087 Deo
3538 3043 3743 3100 nostro,

2159 3135 2241 3181 est
2279 3123 2586 3193 hujusmodi
2631 3122 2750 3192 ejus
2795 3129 2853 3177 et
2895 3130 3005 3177 tam
3047 3121 3324 3179 indeﬁnita
3372 3131 3635 3194 potestas,
3687 3131 3748 3181 ut

2157 3231 2282 3274 eum
2311 3232 2410 3287 pro
2441 3215 2806 3271 immensitate
2835 3214 2920 3270 sui
2946 3213 3122 3269 omnis
3147 3214 3346 3285 ubique
3375 3214 3575 3272 habeat
3600 3230 3750 3271 crea~

2159 3318 2279 3364 tura
2311 3316 2652 3379 prtesentem.
2682 3305 2783 3362 Cui
2822 3301 3000 3364 honor
3025 3313 3081 3362 et
3105 3305 3278 3376 gloria
3324 3307 3382 3364 in
3424 3307 3623 3364 saecula
3650 3322 3748 3364 ste-

2155 3402 2419 3458 culorum.
2445 3401 2636 3455 Amen.

1824 3517 2094 3580 SERMO
2138 3516 2392 3577 XLVII.

1611 3617 1687 3674 De
1710 3619 1895 3674 eadem
1926 3619 2227 3674 ascensione
2253 3615 2466 3670 Domini
2483 3612 2515 3668 Ι
2525 3613 2586 3670 γε

1915 3706 2299 3766 ADMONITIO.

528 3792 684 3875 i‘lunc
705 3795 939 3875 primum
963 3797 1052 3852 hic
1078 3809 1259 3875 sentio
1286 3811 1343 3875 in
1390 3813 1566 3875 lucem
1608 3801 1807 3872 prodit,
1857 3816 2020 3875 quem
2057 3817 2097 3875 re
2132 3801 2513 3875 vetustissimo
2553 3802 2742 3875 codice
2786 3802 3103 3859 monasterii
3141 3802 3210 3858 de
3235 3803 3517 3875 Appannia
3543 3806 3743 3863 descri-

461 3865 685 3936 psimus.

791 3875 812 3922 t
840 3875 1018 3924 autem
1040 3876 1152 3923 tam
1180 3870 1372 3926 similis
1401 3870 1648 3929 oratione
1675 3889 1739 3929 ac
1766 3870 1907 3944 ston
1930 3873 2146 3927 Maximi
2174 3872 2516 3930 sermonibus
2541 3873 2784 3944 reliquis,
2815 3875 2950 3930 nihil
2978 3883 3038 3930 ut
3065 3875 3242 3946 optari
3277 3870 3451 3947 possit
3492 3879 3737 3936 siniiius.

465 4004 1001 4084 Διιρυιιεκτυιι.-Ιη
1030 4010 1286 4084 triumpho
1316 4009 1508 4084 Christi
1529 4011 1850 4084 ascendentis
1876 4017 1930 4064 in
1945 4027 2047 4084 cte-

2157 4015 2238 4066 ebt
2263 4012 2492 4084 initiata,
2525 4014 2650 4083 quia
2677 4029 2776 4084 per
2811 4015 3178 4072 beatissimam
3219 4016 3367 4072 illam
3397 4016 3593 4073 Christi
3625 4033 3739 4074 car-

532 4076 789 4150 lum,‘non
812 4086 913 4130 tam
931 4076 1214 4148 spectanda
1235 4089 1310 4134 est
1331 4082 1442 4150 ejus
1473 4082 1807 4135 humanitatis
1825 4083 2047 4136 caelestis

530 4147 677 4221 regni
699 4155 897 4221 aeterna
915 4147 1199 4221 possessio,
1225 4147 1381 4221 quam
1405 4161 1705 4220 comparata
1735 4152 1878 4205 nobis
1907 4151 2047 4221 ejus—

531 4217 646 4291 dem
691 4216 950 4291 beatitutis
997 4216 1416 4291 haeredita‘s.Hic
1454 4216 1608 4274 totius
1646 4216 2045 4291 dispensationis

527 4288 716 4361 divina:
739 4297 816 4361 est
838 4289 961 4359 ﬁnis
980 4330 994 4353 ,
1024 4289 1092 4342 ad
1119 4303 1268 4361 quem
1297 4305 1471 4344 omnes
1498 4288 1901 4347 conatus'nostri
1927 4303 2047 4347 sunt

528 4359 806 4430 dirigendi.

530 4465 875 4534 Discessurus
904 4490 935 4529 e
962 4475 1182 4543 regione
1204 4475 1304 4530 ista
1335 4471 1539 4531 umbrrc
1569 4476 1757 4532 mortis
1789 4475 2044 4535 Dominus

461 4573 650 4620 noster
670 4563 824 4620 Iesus
853 4565 1118 4635 Christus,
1144 4574 1202 4620 ut
1222 4583 1370 4634 suos,
1395 4584 1532 4640 quos
1554 4576 1713 4625 antea
1744 4571 1798 4625 in
1827 4571 1930 4626 tide
1959 4571 2042 4626 di-

460 4656 786 4714 lectissimos
827 4649 1098 4712 erudicrat
1144 4661 1452 4729 apostolos,
1501 4663 1567 4716 de
1617 4665 1916 4717 necessaria
1960 4665 2042 4718 sui

459 4752 703 4807 absentia
741 4751 1024 4816 solaretur,
1069 4751 1326 4823 Spiritum
1369 4765 1636 4822 sanctum,
1666 4758 1752 4811 cui
1782 4772 1903 4812 cum
1925 4759 2042 4827 ipso

460 4852 515 4897 et
545 4841 702 4896 Patre
732 4854 895 4898 unum
931 4854 1090 4913 atque
1121 4845 1260 4900 idem
1289 4848 1426 4901 velle
1457 4856 1536 4902 est
1569 4851 1584 4919 (
1621 4847 1815 4903 Desunt
1844 4853 1898 4903 in
1945 4851 2044 4904 ori-

458 4935 627 5007 ginali
645 4936 935 5006 quinderim
962 4937 1112 4991 linea:
1141 4941 1450 5010 censumptis
1481 4941 1708 5013 litteris.)
1743 4941 1816 4997 De
1842 4943 2040 5012 spolia-

458 5027 609 5082 tione
633 5043 725 5081 sua
749 5028 894 5083 dolet
917 5045 1036 5084 cum
1067 5047 1164 5086 suo
1193 5033 1436 5103 principe
1466 5044 1719 5102 tartarus,
1750 5035 1815 5090 de
1843 5037 1922 5092 sui
1952 5052 2043 5090 au-

451 5125 563 5173 tem
591 5120 771 5173 damni
807 5124 1200 5178 resmuratione
1238 5125 1447 5180 ltetatur
1487 5129 1766 5183 universus
1806 5127 2039 5182 caelestis

2156 4111 2281 4157 nem
2301 4113 2536 4160 setemus
2563 4105 2654 4160 ille
2689 4107 2812 4162 coeli
2843 4107 3040 4175 aditus,
3071 4125 3170 4180 per
3210 4125 3372 4179 quem
3420 4111 3562 4167 nulla
3595 4112 3738 4182 prius

2151 4205 2282 4250 caro
2303 4197 2591 4252 transierat
2614 4238 2629 4264 ,
2663 4199 2817 4254 nobis
2843 4208 2928 4255 est
2949 4201 3250 4257 deseratus.
3285 4202 3458 4258 Hodie
3489 4204 3577 4258 ille
3605 4203 3739 4259 liber

2152 4303 2315 4356 quem
2338 4303 2497 4343 nemo
2523 4290 2625 4344 nisi
2651 4289 2835 4359 Agnus
2861 4293 3039 4362 potuit
3067 4294 3300 4363 aperire,
3312 4302 3399 4349 est
3426 4301 3734 4360 reseratas;

2152 4383 2408 4451 quoniam
2438 4381 2492 4434 in
2531 4380 2675 4435 illius
2703 4390 2876 4437 morte
2917 4383 3157 4452 ejusdem
3197 4392 3320 4457 sunt
3351 4384 3469 4440 libri
3501 4385 3734 4440 revelata

2157 4483 2523 4540 sacramenta;
2551 4479 2607 4528 et
2646 4489 2708 4530 ea
2739 4490 2857 4544 quae
2888 4475 2940 4529 in
2987 4475 3105 4544 lege
3146 4483 3201 4531 et
3245 4477 3525 4547 prophetis
3553 4475 3623 4532 de
3669 4491 3736 4531 eo

2150 4567 2348 4636 scripta
2380 4567 2740 4632 inveniuntur,
2774 4575 3146 4623 consummata
3187 4565 3592 4638 dispensatione
3621 4583 3737 4623 ma-

2146 4658 2356 4729 jestatis
2388 4657 2522 4728 ejus,
2565 4658 2831 4715 hodierna
2855 4660 2942 4715 die
2972 4657 3239 4730 completa
3270 4671 3413 4717 sunt.
3449 4659 3735 4717 Descendit

2149 4754 2321 4824 primo
2349 4751 2604 4808 Christus
2648 4762 2709 4808 ut
2754 4760 2953 4810 nostra
2993 4769 3220 4810 consors
3285 4753 3442 4811 ﬁeret
3488 4763 3731 4821 naturae;

2149 4846 2388 4903 ascendit
2417 4861 2581 4914 nunc,
2629 4854 2690 4900 ut
2734 4859 2845 4901 sua:
2893 4861 2994 4902 nos
3042 4847 3457 4918 comparticipes
3495 4847 3737 4903 efﬁceret

2133 4935 2349 5010 gloriae.
2401 4939 2748 4996 Descendens
2797 4940 3028 4995 mirabili
3065 4941 3478 4996 conversatione
3510 4940 3731 4997 visibilis

2148 5033 2420 5087 miraculis
2447 5033 2648 5087 lzetavit
2671 5033 2922 5088 iniantes.
2953 5033 3263 5088 Ascendens
3291 5033 3440 5089 dedit
3460 5035 3603 5089 dona
3630 5033 3728 5089 ho-

2150 5124 2400 5188 minibus,
2431 5124 2625 5194 quibus
2655 5125 2707 5178 in
2739 5123 2841 5178 ﬁde
2866 5125 3082 5191 eruditi,
3116 5132 3277 5194 atque
3305 5125 3358 5180 in
3387 5124 3543 5181 virile
3566 5125 3730 5181 robur

455 5212 742 5266 exercitus.
779 5211 950 5268 Hodie
978 5229 1125 5280 caro,
1155 5231 1314 5285 quam
1339 5218 1392 5270 in
1422 5219 1584 5272 terris
1607 5218 1835 5288 Spiritus
1865 5220 2038 5274 sancti
2074 5233 2114 5288 ξ)
2147 5215 2358 5270 educati
2403 5217 2755 5286 temporalem
2803 5217 2970 5286 ipsius
2997 5217 3260 5272 visionem
3299 5216 3410 5286 jam
3440 5234 3550 5272 non
3593 5217 3726 5270 ultra

451 5309 715 5371 operante
744 5293 943 5358 virtute
987 5320 1019 5357 a
1050 5303 1268 5373 Virgine
1316 5315 1489 5361 matre
1538 5316 1918 5377 assumpserat,
1972 5308 2039 5361 ad

452 5389 627 5446 Patris
674 5391 954 5456 dexteram
1002 5401 1085 5448 est
1131 5395 1435 5461 collocata,
1480 5395 1760 5464 eidemque
1797 5399 2034 5452 omnium

450 5481 745 5539 coalestium
793 5486 1076 5556 spirituum
1135 5494 1258 5541 sunt
1302 5494 1534 5540 curvata:
1593 5494 1814 5540 natum.
1866 5487 2037 5544 Hodie

2147 5315 2491 5376 appeterent;
2525 5307 2618 5361 sed
2647 5323 2756 5377 quo
2798 5323 2894 5363 eos
2921 5307 3037 5377 ipse
3083 5317 3434 5377 praecesserat
3462 5317 3578 5363 tota
3605 5323 3725 5362 cum

2144 5398 2308 5452 animi
2339 5399 2688 5454 contentione
2716 5398 2866 5453 illum
2905 5399 3057 5467 sequi
3091 5398 3390 5454 studerent.
3437 5396 3725 5468 Ergocnm

2142 5490 2425 5558 temporali
2455 5489 2692 5558 ejusdem
2719 5488 2921 5544 viduati
2945 5491 3112 5544 simus
3141 5490 3429 5560 praesentia
3455 5490 3522 5544 ad
3567 5496 3700 5545 aster

448 5588 592 5628 nova
643 5575 734 5629 illa
775 5577 859 5630 via
887 5574 958 5637 (le
997 5591 1105 5644 qua
1135 5576 1264 5631 olim
1301 5575 1516 5629 diccbat
1544 5574 1852 5644 Apostolus,
1885 5577 2040 5633 nobis
2139 5595 2265 5636 nam
2306 5581 2544 5651 ejusdem
2575 5583 2834 5638 visionem
2883 5589 2996 5637 tota
3035 5582 3334 5638 intentione
3378 5583 3718 5649 festinemus,

519 5734 534 5762 ¹
575 5730 1038 5798 Quemadmodum
1067 5735 1180 5789 haec
1227 5732 1446 5785 Maximi
1485 5730 1647 5785 verba
1678 5731 2026 5801 intelligenda

445 5803 577 5869 sitit.
600 5808 854 5873 cognosci
881 5822 1000 5860 cum
1034 5821 1098 5859 ex
1151 5805 1271 5858 aliis
1312 5801 1550 5872 ejusdem
1583 5804 1757 5858 sancti
1785 5806 2028 5875 episcopi

2137 5735 2288 5801 locis,
2325 5744 2435 5791 tum
2463 5752 2528 5792 ex
2553 5735 2610 5791 S.
2638 5737 2828 5792 Thom.
2863 5738 2896 5791 ὅ
2921 5745 3059 5808 part.
3108 5734 3342 5808 Summae
3363 5734 3676 5805 theologica
3693 5769 3715 5802 ο

2137 5816 2324 5876 quaest.
2359 5807 2442 5872 i6,
2477 5816 2576 5863 art.
2611 5808 2643 5860 6
2671 5817 2727 5863 et
2754 5808 2802 5874 7,
2830 5808 2984 5864 facile
3009 5807 3230 5878 poterit.
