4052 6330
1605 305 1846 380 annuo
1875 303 2102 366 smn.

3386 324 3497 384 σω

219 443 499 508 eidemque
523 447 649 490 cum
683 429 966 488 Psalmth
1006 428 1253 487 dicamus
1311 445 1326 482 :
1377 423 1492 482 Tibi
1529 425 1664 479 dixit
1709 440 1799 479 cor
1824 423 1880 483 Α
1906 421 2001 492 pio
2022 436 2172 494 spem
2201 430 2446 480 nostram
2492 425 2858 499 conﬁrmaret,
2907 445 2977 489 so
3022 442 3329 492 secuturam
3375 454 3497 499 esse

221 549 404 597 meum,
425 526 637 601 quasioi
673 527 866 580 saltum
890 532 1065 592 tuum,
1102 521 1318 590 cultum,
1346 519 1590 583 Dontine,
1624 520 1800 590 regni.

222 644 330 686 ram
350 643 369 690 ;
408 637 475 676 ne
513 625 718 674 apertas
747 617 934 690 {aciem
967 624 1111 671 luant
1143 632 1176 669 a
1215 631 1298 669 me
1325 604 1500 686 (Ptol.
1549 629 1696 679 xxvi,
1717 610 1797 682 8).

223 721 398 788 Neque
461 711 605 769 enim
652 718 770 767 tota
814 710 1168 767 humanitatis
1218 706 1422 762 Christi
1461 707 1799 762 sanctissima

223 805 546 881 dispensatio
589 803 736 860 aliud
775 803 1024 869 intendit,
1059 800 1201 857 aliud
1245 801 1430 870 exigit,
1485 799 1589 855 nisi
1625 807 1688 854 ut
1733 798 1801 853 ad

223 916 446 975 superna
485 913 586 953 nos
631 897 851 966 dirigat,
891 903 1160 966 quatenus
1184 893 1402 965 expleto
1451 891 1802 948 mortalitatis

225 1001 414 1052 nostra:
443 1001 690 1062 tempore
716 989 789 1045 ad
810 990 892 1046 sui
919 988 1262 1045 manifestam
1295 987 1451 1060 521
1486 1001 1586 1042 nos
1611 985 1803 1057 perdu-

224 1096 309 1146 cat
324 1080 612 1148 visionem,
639 1091 804 1153 atque
840 1089 1044 1138 aeterna
1071 1082 1252 1138 vultus
1279 1082 1361 1135 sui
1388 1081 1560 1148 gloria
1593 1094 1690 1134 nos
1715 1067 1802 1133 sa-

174 1185 194 1258 ί
226 1179 342 1242 tiet;
371 1183 605 1231 testante
641 1173 907 1245 Apostolo
938 1191 950 1226 :
989 1172 1289 1228 Videbimus
1324 1187 1442 1226 eum
1491 1179 1608 1226 tunc
1649 1172 1804 1226 sicuti

188 1257 194 1267 “
225 1277 296 1326 est
336 1266 404 1342 (ι
429 1267 551 1324 Cor.
586 1268 736 1338 xm);
764 1275 944 1338 atque,
977 1273 1037 1321 ut
1079 1265 1360 1322 Psalmista
1403 1268 1478 1322 ait
1509 1285 1521 1321 :
1555 1266 1804 1323 Satiabor

225 1377 334 1416 cuin
359 1361 661 1431 apparuerit
680 1361 848 1430 gloria
879 1366 966 1412 tua
991 1355 1173 1432 (Psal.
1213 1373 1302 1414 xvi
1320 1359 1372 1428 );
1407 1359 1618 1430 illisque
1647 1359 1702 1414 in
1730 1373 1804 1414 te-

225 1461 424 1509 ternum
453 1451 696 1507 fruemur
723 1452 898 1518 bonis,
928 1466 1044 1524 qua
1075 1451 1254 1506 oculus
1280 1467 1384 1506 non
1409 1452 1555 1516 cidit,
1584 1468 1679 1508 nec
1703 1469 1803 1518 au-

224 1545 292 1600 ris
316 1545 529 1611 audivit,
561 1561 656 1599 nec
676 1547 732 1599 in
753 1561 843 1599 cor
866 1545 1087 1599 hominis
1117 1545 1371 1610 ascendit,
1406 1559 1521 1617 quis
1541 1559 1804 1616 prtepara-

219 1639 284 1692 vit
307 1636 443 1691 Deus
465 1637 804 1710 diligentibus
824 1652 879 1691 se
899 1634 957 1708 (1
985 1637 1105 1691 Cor.
1132 1636 1220 1707 ιι).
1245 1636 1377 1703 Qum
1397 1636 1611 1706 quidem
1637 1636 1798 1702 bona,

217 1735 462 1798 quantum
488 1729 551 1784 in
577 1729 862 1798 aenigmate
892 1736 1126 1799 poterat,
1156 1728 1323 1783 David
1344 1729 1434 1783 ille
1460 1733 1679 1784 sanctus
1707 1727 1805 1783 ad-

1907 517 2198 592 aliquando
2244 519 2479 576 universi
2525 523 2704 594 gregis
2749 524 3140 596 humilitatem,
3189 545 3300 602 quo
3339 546 3494 589 suum

1905 611 2080 668 credit
2123 613 2465 683 praecessisse
2506 623 2800 686 pastorem.
2852 617 2944 676 Sic
2982 620 3127 676 enim
3172 622 3287 693 ipse
3333 625 3495 680 etiam

1906 704 2165 761 Dominus
2197 707 2444 776 promisit
2473 711 2735 778 apostolis
2762 713 2924 786 522
2964 713 3098 784 suis,
3131 713 3320 773 dicens
3349 735 3363 770 :
3398 716 3499 775 Ubi

1908 798 2064 871 fuerit
2101 815 2286 869 corpus
2309 837 2324 865 ,
2367 797 2437 854 ibi
2477 800 2926 874 congregabantur
2951 814 3007 860 et
3037 808 3229 880 aquilis
3255 810 3274 881 (
3299 808 3493 864 Matth.

1906 893 2042 960 xiv).
2070 891 2290 963 Aquilas
2318 893 2464 948 enim
2513 904 2726 951 sanctas
2754 906 2930 966 vocat,
2979 901 3072 971 qui
3115 902 3339 973 cupiunt
3382 901 3495 959 dis-

1906 984 2043 1040 solvi
2071 994 2126 1040 et
2149 1001 2269 1042 esse
2287 1002 2410 1042 cum
2436 986 2674 1044 Christo.
2701 990 2797 1046 illa
2819 994 2964 1048 enim
2993 995 3296 1064 aquilarum
3327 995 3500 1053 fertur

1907 1089 2027 1132 esse
2054 1084 2267 1144 natura,
2297 1088 2357 1132 ut
2384 1095 2505 1135 cum
2550 1082 2688 1136 ultra
2735 1085 2901 1140 maris
2942 1087 3113 1148 undas
3142 1089 3373 1146 odoratu
3401 1106 3500 1147 suo

1907 1167 2171 1224 cadavera
2201 1172 2458 1240 sentiunt,
2493 1188 2560 1229 eo
2597 1174 2761 1230 celeri
2790 1177 2976 1233 volatu
3023 1193 3085 1235 se
3119 1181 3402 1238 conferant
3430 1183 3500 1239 ad

1907 1275 2058 1316 suam
2101 1264 2332 1318 esuriem
2376 1267 2744 1322 saturandam.
2796 1267 2923 1323 Haec
2973 1278 3153 1326 autem
3200 1275 3502 1344 aquilarum

1910 1355 2116 1410 esuries
2144 1355 2472 1413 desiderium
2520 1369 2827 1416 sanctarum
2870 1362 3140 1432 signiﬁcat
3179 1368 3500 1435 animarum,

1907 1461 2016 1517 quo
2045 1456 2209 1518 caput
2236 1465 2392 1505 suum
2413 1458 2564 1506 extra
2586 1453 2770 1506 mundi
2803 1451 3044 1510 turbines
3068 1448 3181 1524 jam
3210 1457 3265 1511 in
3293 1471 3502 1515 summa

1907 1536 2091 1609 'qniet'e
2120 1539 2472 1596 mnstitutum
2502 1539 2625 1596 ildei
2670 1543 2890 1599 naribus
2935 1547 3249 1610 sentientes,
3292 1548 3495 1605 dulcisd

1909 1633 2058 1688 simae
2104 1634 2219 1704 spei
2247 1634 2432 1690 volatu
2473 1638 2790 1706 praesentiae.
2819 1637 3116 1696 conditori's
3155 1641 3240 1695 sui
3290 1643 3500 1698 vellent

1909 1725 2181 1790 assistere,
2209 1726 2562 1800 ejusdemque
2581 1729 2760 1785 vultus
2776 1731 3027 1786 satietate
3052 1731 3310 1801 gaudere.
3337 1731 3508 1791 Patris

218 1820 448 1882 mirando
475 1820 814 1885 intuebatur,
850 1827 974 1876 cum
1022 1821 1228 1876 diceret
1258 1837 1272 1873 :
1309 1817 1450 1884 Quid
1487 1821 1614 1876 mihi
1643 1830 1721 1875 est
1747 1823 1802 1875 in
1834 1827 1881 1888 Β
1909 1821 1991 1875 sui
2019 1820 2209 1876 dextra
2246 1835 2477 1890 regnare
2523 1823 2827 1888 credamus,
2861 1833 3026 1895 atque
3071 1826 3140 1880 ad
3184 1842 3307 1881 eum
3354 1827 3509 1898 quasi

216 1915 348 1977 calo,
377 1923 427 1968 et
453 1929 488 1968 a
530 1923 577 1969 te
601 1913 725 1986 quid
758 1914 895 1970 nolui
936 1926 1093 1982 super
1135 1924 1325 1968 terram
1356 1913 1538 1983 (Psal.
1571 1929 1715 1970 Lxxn
1738 1913 1804 1986 )t

214 2006 334 2063 Nam
364 2009 611 2064 cmlestis
637 2009 824 2078 gloriae
852 2007 1278 2076 magnitudinem
1321 2023 1423 2063 nec
1450 2008 1681 2063 dicendo
1709 2023 1805 2062 ex-

215 2101 422 2171 plicare,
474 2115 589 2157 nec
634 2090 924 2170 cogitando
971 2100 1270 2156 sufﬁciebat
1318 2101 1800 2171 comprehendere.

214 2191 328 2248 Haec
354 2193 528 2262 igitur
568 2207 675 2249 non
709 2201 916 2248 tantum
947 2195 1270 2261 esuriamus,
1303 2194 1601 2264 eademque
1648 2197 1804 2250 sitia-

213 2298 342 2349 mus,
368 2286 635 2354 quoniam
680 2286 748 2340 ad
787 2287 893 2341 hoc
942 2286 1181 2356 pontifex
1230 2301 1471 2343 summus
1519 2303 1623 2357 pro
1653 2288 1807 2342 nobis

215 2383 516 2444 prtecnrsor-
543 2385 730 2434 sancta
756 2385 1066 2434 sanctorum
1097 2379 1357 2443 ascendit,
1391 2385 1553 2449 atque
1580 2379 1646 2433 ad
1674 2381 1806 2435 dex-

216 2473 372 2524 teram
393 2468 581 2527 Patris
603 2471 682 2526 sui
713 2470 887 2540 sedet,
904 2477 966 2527 ut
988 2470 1353 2526 membrorum
1381 2486 1602 2526 suorum
1632 2488 1808 2526 exem-

1909 1913 2137 1983 geminis
2167 1915 2422 1970 virtutum
2456 1909 2572 1981 alis,
2601 1918 2825 1971 caritate
2854 1927 2908 1971 et
2933 1931 3048 1988 spe,
3073 1934 3288 1990 semper
3316 1920 3506 1976 tenda-

1913 2025 2047 2064 mus.
2082 2008 2152 2064 Ut
2181 2025 2314 2066 vero
2343 2026 2466 2066 cum
2487 2025 2556 2066 eo
2581 2015 2635 2065 et
2666 2027 2766 2066 nos
2802 2027 3021 2081 quoque
3047 2019 3306 2067 arternam
3334 2012 3510 2083 possi-

1913 2119 2031 2157 mus
2059 2116 2290 2172 regnare
2317 2105 2505 2167 vitam,
2535 2119 2651 2158 nos.
2689 2103 2914 2174 (Desunt
2942 2105 2996 2158 in
3024 2106 3270 2176 originali
3289 2107 3512 2178 quinque

1915 2198 2113 2265 linem.)
2129 2195 2198 2251 Ut
2218 2212 2248 2251 a
2267 2197 2479 2252 cunctis
2502 2197 2648 2251 vitiis
2671 2198 2966 2263 emundati,
2995 2197 3363 2253 habitaculum
3390 2197 3510 2268 Dei,

1917 2290 2008 2358 qui
2035 2303 2250 2360 semper
2291 2290 2347 2345 in
2394 2289 2553 2345 nobis
2591 2298 2814 2344 maneat
2854 2288 2995 2346 efﬁci
3042 2305 3366 2346 mereamur.
3401 2289 3512 2346 Ex-

1919 2381 2090 2450 plicit.

1560 2587 1829 2651 SERMO
1872 2590 2162 2654 XLVIII.

1615 2687 1691 2741 De
1723 2687 2026 2744 Pentecoste
2056 2688 2104 2744 1.

1669 2780 2060 2837 ADMONITIO.

279 2863 597 2955 Sequuntur
625 2867 691 2925 de
706 2867 1040 2955 Penmcoste
1068 2885 1347 2955 sermones
1374 2879 1518 2940 octo,
1551 2888 1779 2955 quorum
1809 2876 2016 2955 priores
2045 2893 2138 2931 sex
2165 2894 2237 2955 ex
2259 2877 2448 2955 codice
2477 2879 2836 2955 Ambrosiam
2863 2880 3148 2955 descripsit
3175 2881 3518 2955 vulgavitqne
3569 2879 3575 2889 ’

217 2935 572 3028 l‘luratori'us;
604 2935 891 3028 septimum
921 2949 1100 3028 autem
1129 2952 1182 2998 et
1212 2951 1462 3028 octavum
1507 2935 1739 3028 nonduin
1779 2935 1953 3028 editos
1983 2956 2048 3002 ex
2079 2947 2266 3004 codice
2308 2948 2435 3028 o_lim
2466 2947 2696 3028 abbatizc'
2727 2935 3196 3028 SanctiDalmatii
3215 2935 3519 3028 E’i’s‘c'r'iﬁﬁé

219 3006 412 3099 damus.
451 3012 528 3066 iii
557 3006 745 3096 omnes
779 3014 834 3067 in
872 3013 1101 3099 laudatis
1135 3014 1410 3099 codicibus
1447 3015 1874 3099 sancti._Maximi
1909 3028 2171 3099 ornantur
2200 3020 2439 3099 no__mine,
2472 3021 2623 3099 cujus
2650 3028 2705 3099 et
2725 3006 2946 3099 dicendi
2976 3006 3518 3099 cogiiﬁt'giéiﬁdiﬁ

222 3093 552 3149 cognoscere
579 3085 805 3154 quisque
832 3093 1030 3157 potest.
1062 3085 1169 3141 Sed
1199 3086 1287 3141 hic
1307 3087 1512 3156 primus
1540 3087 1733 3155 legitur
1756 3089 1920 3143 etiam
1952 3090 2005 3144 in
2035 3091 2225 3146 codice
2253 3085 2592 3158 Taurinensi,
2628 3093 2692 3147 de
2717 3092 3023 3149 Pentecoste
3046 3085 3281 3150 XVIII.

224 3195 611 3274 Anconem“.
645 3233 712 3244 —
741 3203 968 3274 Spiritus
1000 3206 1167 3258 sancti
1210 3205 1524 3258 divinitatem
1553 3207 1810 3274 prtccipue

288 3273 611 3346 probandam
641 3273 855 3329 assumit
885 3275 944 3330 S.
976 3275 1271 3338 Maximus;
1304 3277 1371 3329 ad
1400 3294 1546 3346 quem
1576 3273 1730 3345 ﬁnem
1755 3285 1811 3329 ut

291 3344 422 3417 viam
451 3345 556 3400 sibi
585 3348 802 3417 aperiat,
834 3347 1068 3400 meminit
1096 3364 1212 3400 eum
1250 3347 1306 3399 in
1335 3344 1813 3417 orn‘nibus’repara-

296 3414 444 3473 tionis
471 3414 666 3472 nostris
691 3419 947 3487 mysteriis
984 3419 1090 3471 suis
1128 3419 1360 3487 supernis
1388 3416 1678 3487 muneribus
1717 3417 1814 3468 ad-

297 3487 472 3560 fuisse.
507 3488 732 3560 Cumque
751 3486 954 3560 icertum
992 3490 1058 3542 sit
1097 3491 1149 3542 in
1190 3488 1375 3541 divinis
1411 3488 1584 3540 omnia
1622 3486 1685 3539 ab
1714 3503 1816 3540 uno

299 3557 438 3629 fonte
463 3557 744 3629 proficisci,
773 3559 857 3613 ubi
880 3561 1170 3613 communia
1196 3565 1314 3612 sunt
1335 3573 1821 3629 munera,commu-

314 3628 376 3681 tis
407 3628 564 3683 etiam
591 3630 739 3700 debet
766 3647 875 3685 esse
901 3641 1108 3694 natura,
1139 3646 1200 3682 ac
1245 3629 1460 3700 proinde
1493 3628 1734 3700 uoluntas
1771 3637 1820 3681 et

297 3698 650 3771 beneﬁcentia.
691 3699 872 3770 Neque
900 3698 1306 3771 discrepantiam
1340 3709 1428 3752 aut
1467 3699 1819 3771 disparitatem

284 3769 499 3853 diuersa
523 3769 808 3853 gratiarum
831 3787 1019 3853 genera
1038 3769 1304 3835 inducunt,
1327 3785 1446 3823 cum
1465 3786 1598 3822 unus
1617 3777 1666 3821 et
1686 3769 1822 3822 idem

297 3842 364 3894 sit
393 3841 622 3896 omnium
652 3843 870 3912 largitor
904 3841 1060 3896 Deus.

298 3952 511 4020 Quanta
539 3955 609 4008 sit
633 3954 1018 4024 omnipotentis
1047 3952 1144 4008 Dei
1173 3967 1302 4008 cura
1328 3952 1398 4007 de
1424 3951 1595 4006 salute
1623 3959 1826 4006 morta-

227 4043 389 4109 lium,
435 4046 554 4114 ipsa
598 4045 1002 4100 solemnitatum
1045 4052 1353 4099 nostrarum
1393 4043 1825 4113 frequentissima

221 4145 574 4192 sacramenta
598 4136 893 4192 declarant.
917 4135 1051 4190 Nam
1072 4135 1247 4204 primo
1267 4135 1530 4203 omnium,
1552 4143 1611 4190 ut
1635 4135 1691 4190 in
1711 4149 1824 4190 coa-

221 4226 415 4283 lestem
445 4227 680 4295 gloriam
719 4236 911 4284 natura
935 4229 1168 4286 transire
1193 4229 1364 4300 possit
1392 4229 1648 4297 humana,
1678 4243 1823 4284 mor-

224 4317 348 4373 talis
375 4317 620 4376 hominis
645 4335 843 4390 corpus
861 4320 1162 4376 substantia
1183 4320 1362 4378 divina
1381 4320 1635 4391 suscepit,
1665 4327 1828 4389 atque

231 4420 289 4466 ut
323 4413 380 4467 in
417 4413 564 4470 hanc
601 4421 808 4471 tantam
846 4415 1234 4472 beatitudinem
1262 4415 1476 4486 mystici
1503 4429 1603 4470 nos
1630 4414 1827 4470 lavacri

230 4504 405 4572 gratia
436 4515 784 4574 praepararet,
813 4507 979 4562 totius
1000 4503 1199 4560 ﬂuenta
1227 4506 1413 4561 mundi
1441 4521 1541 4561 suo
1567 4504 1827 4560 Dominus

231 4594 556 4668 baptismate
584 4600 942 4666 consecravit,
971 4608 1027 4656 et
1059 4598 1365 4655 benedictio
1405 4599 1545 4664 sacri
1585 4598 1828 4669 corporis

1920 3223 2032 3262 rem
2079 3208 2415 3264 celebramus
2461 3208 2774 3277 adventum,
2814 3218 2874 3267 ut
2912 3211 3150 3282 ejusdem
3182 3228 3257 3277 sc,
3289 3229 3393 3283 qua
3425 3213 3520 3271 Del

1839 3313 1886 3374 ρ
1920 3297 2085 3352 Filius
2115 3306 2251 3363 erat,
2284 3300 2578 3354 voluntatis
2608 3316 2669 3356 ac
2697 3301 2914 3356 deitatis
2943 3303 3274 3369 ostenderet,
3310 3305 3520 3360 redem-

1919 3400 2042 3461 ptos
2067 3391 2265 3447 Christi
2294 3393 2553 3460 sanguine
2581 3394 2876 3462 majestatis
2923 3411 3031 3451 suae
3075 3397 3272 3450 virtute
3301 3399 3519 3468 supple-

1920 3484 2018 3547 vit,
2051 3489 2109 3536 ut
2137 3484 2227 3552 qui
2259 3484 2313 3538 in
2344 3493 2498 3539 utero
2527 3485 2701 3540 beatae
2731 3485 2914 3540 Maria:
2942 3502 3138 3557 corpus
3178 3489 3302 3543 novi
3346 3490 3522 3546 homi-

1922 3579 2026 3643 nis,
2075 3578 2220 3632 salva
2259 3578 2376 3647 ejus
2411 3578 3108 3649 virginitate,formaverat,
3148 3584 3521 3652 apostolorum

1921 3683 2137 3737 quoque
2167 3669 2284 3738 ejus
2312 3676 2366 3723 et
2398 3669 2564 3724 corda
2592 3671 2802 3726 caelesti
2832 3671 3016 3739 vigore
3046 3672 3303 3741 ﬁrmaret,
3335 3685 3391 3731 et
3419 3676 3524 3732 lin-

1924 3776 2055 3830 guas
2089 3777 2231 3817 novo
2267 3763 2466 3818 ditaret
2506 3763 2743 3832 eloquio,
2786 3771 3050 3833 quatenus
3092 3765 3229 3820 idem
3270 3765 3521 3839 Spiritus,

1927 3855 2085 3926 523
2130 3855 2220 3924 qui
2268 3854 2627 3925 redemptioni
2675 3857 2917 3912 omnium
2966 3855 3238 3913 Christum
3288 3857 3521 3917 femineo

1926 3947 2242 4002 mirabiliter
2280 3963 2310 4002 a
2363 3957 2548 4004 ventre
2590 3949 2941 4019 produxerat,
2985 3953 3220 4020 praestita
3263 3954 3525 4010 varietate

1926 4039 2247 4108 linguarum,
2279 4041 2487 4095 cunctis
2525 4055 2647 4095 eum
2677 4042 2926 4111 gentibus
2959 4058 3058 4114 per
3085 4043 3359 4112 apostolos
3385 4059 3523 4115 prze-
3577 4051 3587 4058 ‘

1925 4133 2148 4194 dicaret.
2180 4130 2310 4199 Quis
2338 4148 2448 4188 non
2477 4133 2738 4201 advertat,
2781 4135 3062 4202 carissimi,
3096 4133 3384 4207 Unigenito
3425 4137 3523 4194 Dei

1927 4232 1981 4278 et
2008 4223 2226 4294 Spiritui
2247 4232 2437 4282 sancto
2456 4229 2782 4283 concordem
2806 4229 2858 4282 in
2887 4230 3137 4285 omnibus
3167 4232 3518 4301 voluntatem,

1926 4317 2380 4388 quandoquidem,
2410 4332 2550 4389 quos
2579 4319 2824 4377 Christus
2865 4323 3027 4392 elegit
3057 4323 3111 4378 in
3143 4325 3318 4389 terris,
3350 4324 3522 4396 Spiri-

1928 4419 2011 4464 tus
2039 4409 2283 4465 visitaret
2312 4425 2342 4464 e
2371 4410 2552 4466 caelo?
2579 4410 2646 4465 Et
2676 4411 2797 4466 ideo
2825 4427 3056 4482 quorum
3085 4430 3243 4470 unam
3280 4415 3524 4472 videmus

1929 4501 1979 4554 in
2009 4502 2274 4571 apostolis
2301 4504 2552 4570 gratiam,
2585 4519 2744 4556 unam
2784 4519 3006 4560 necesse
3035 4512 3119 4560 est
3154 4506 3441 4562 credamus
3469 4517 3524 4563 et

1929 4595 1981 4648 in
2005 4595 2206 4650 deitate
2237 4596 2508 4650 virtutem.
2541 4595 2634 4650 Sic
2667 4611 2857 4650 revera
2896 4598 3264 4666 apostolorum
3303 4607 3524 4669 pectora

233 4689 348 4759 (ius
371 4693 582 4750 cunctis
613 4693 810 4762 ubique
829 4693 989 4761 aquis
1007 4691 1358 4761 regenerandi
1386 4692 1574 4747 tribuit
1590 4698 1829 4760 potesta-
1854 4696 1908 4756 1)
1933 4683 2245 4741 Paracletus
2278 4685 2632 4755 adimplebat,
2673 4692 2733 4740 ut
2767 4695 2823 4741 et
2855 4686 3055 4744 Christi
3090 4691 3373 4759 praesentia
3411 4705 3524 4750 non

234 4789 366 4840 tem.
391 4783 636 4855 Denique
663 4791 723 4839 ut
743 4784 1013 4840 diabolum
1038 4785 1211 4855 ipsum
1235 4793 1436 4841 nostrae
1457 4783 1662 4846 salutis,
1688 4797 1828 4836 sua:-

237 4887 346 4942 que
365 4876 662 4932 voluntatis
688 4875 963 4932 iuimicum
981 4875 1155 4944 justus
1178 4877 1456 4941 Dominus,
1479 4875 1625 4943 justo
1653 4880 1831 4928 certa-

239 4968 384 5025 mine
414 4970 788 5040 triumpharet,
817 4967 1058 5037 cruciﬁgi
1101 4984 1160 5024 se
1193 4969 1262 5022 ab
1287 4983 1374 5032 eo,
1402 4983 1517 5032 sua,
1551 4965 1832 5034 Patrisque

241 5060 324 5115 sui
360 5062 642 5122 voluntate
678 5061 944 5132 permisit,
985 5069 1043 5116 ut
1090 5060 1418 5116 immaculati
1463 5060 1639 5128 passio
1680 5055 1836 5113 ﬁeret

241 5148 518 5209 damnatio
556 5153 1013 5224 persequentium.
1063 5151 1342 5208 Moriendo
1389 5150 1548 5206 etiam
1589 5148 1833 5205 Christus

241 5258 358 5302 sese
387 5246 706 5304 mortalibus
734 5247 1052 5318 achaquavit,
1100 5255 1158 5302 ut
1185 5255 1437 5318 superata
1467 5255 1641 5302 morte
1668 5246 1834 5300 vitam

243 5338 554 5395 mortalium
576 5348 877 5411 repararet.
908 5338 1043 5397 Caeli
1073 5339 1420 5396 nihilominus
1445 5339 1553 5394 alta
1576 5354 1835 5394 conscen-

244 5426 344 5499 dit,
367 5439 430 5488 ut
455 5447 608 5503 spem
636 5433 995 5496 credentium,
1033 5448 1196 5503 quam
1230 5432 1432 5488 blanda
1478 5432 1836 5502 promissione

240 5522 561 5591 nutriverat,
594 5523 853 5579 mirabilis
880 5539 1134 5580 ascensus
1151 5525 1234 5578 sui
1254 5525 1534 5595 praemisso
1553 5522 1836 5580 conﬁrma-

242 5621 329 5668 ret
347 5616 614 5686 exemplo.
637 5615 748 5673 Sed
770 5615 898 5686 quia
917 5615 1033 5671 haec
1053 5617 1232 5671 omnia
1251 5617 1558 5688 specialiter
1575 5618 1839 5688 quodam-

244 5706 408 5762 modo
434 5724 534 5779 per
561 5707 907 5779 Unigenitum
933 5707 1028 5763 Dei
1056 5723 1276 5763 munera
1305 5709 1458 5764 nobis
1486 5710 1661 5766 delata
1689 5710 1836 5766 vide-

234 5793 460 5888 ,Μηίων
492 5800 968 5874 spiritus'quoque
992 5807 1232 5870 sanctus,
1266 5800 1420 5872 cujus
1453 5803 1612 5860 hodie
1637 5801 1876 5860 salutav-

1932 4779 2174 4844 deesset;
2205 4793 2332 4833 nam
2361 4793 2591 4846 quorum
2623 4778 2848 4834 indivisa
2876 4789 3002 4836 sunt
3028 4795 3272 4849 munera,
3304 4791 3390 4839 est
3412 4783 3524 4840 uti-

1934 4888 2039 4942 que
2068 4873 2369 4942 inseparata
2391 4872 2661 4927 divinitas.
2693 4873 2848 4940 Quod
2869 4889 2999 4929 vero
3027 4873 3324 4947 ingreditur
3347 4875 3522 4949 Spiri-

1934 4972 2022 5020 tus
2067 4965 2123 5019 in
2164 4979 2300 5035 quos
2349 4965 2553 5020 habitat
2594 4965 2866 5032 Christus,
2916 4982 3025 5022 non
3075 4969 3154 5024 eis
3199 4969 3264 5024 ad
3308 4968 3525 5028 deitatis

1933 5060 2128 5116 crescit
2169 5065 2540 5128 augmentum,
2580 5058 2678 5114 sed
2723 5059 2792 5114 ad
2832 5057 2994 5114 ﬁdem
3031 5059 3244 5130 prolicit
3279 5063 3520 5120 unitatis.

1935 5150 2116 5205 Potuit
2154 5151 2402 5205 nimirum
2446 5151 2541 5206 Dei
2578 5149 2761 5213 Filius,
2801 5151 2893 5220 qui
2938 5145 3218 5208 creaverat
3255 5168 3410 5208 usum
3438 5151 3525 5209 lo-

1940 5240 2156 5310 quendi,
2189 5240 2467 5310 discipulis
2494 5242 2605 5296 suis
2633 5241 3001 5297 diversitatem
3040 5243 3170 5303 dare
3199 5242 3522 5312 linguarum,

1938 5335 2031 5390 sed
2066 5343 2342 5390 reservata
2373 5336 2539 5390 virtus
2567 5343 2670 5402 est,
2701 5350 2802 5405 per
2827 5351 2988 5406 quem
3026 5350 3182 5390 verus
3222 5351 3340 5390 esse
3384 5334 3526 5390 Deus

1938 5430 2098 5484 etiam
2118 5429 2348 5500 Spiritus
2368 5431 2705 5500 probaretur.
2735 5428 2861 5485 Haec
2885 5442 3118 5496 namque
3143 5437 3243 5490 est,
3268 5435 3326 5480 ut
3349 5426 3511 5480 credi-

1937 5538 2075 5587 mus,
2105 5523 2566 5592 incomprehenste
2587 5522 2916 5592 dispensatio
2958 5519 3251 5583 Trinitatis,
3301 5525 3357 5568 ut
3403 5531 3528 5570 cum

1939 5615 2119 5670 omnia
2167 5614 2325 5668 simul
2373 5613 2552 5678 Pater,
2603 5622 2658 5669 et
2693 5614 2886 5677 Filius,
2936 5619 2991 5666 et
3037 5609 3268 5678 Spiritus
3313 5615 3528 5661 sanctus

1940 5709 2178 5780 ejusdem
2227 5708 2441 5764 deitatis
2489 5707 2682 5763 eilectu
2730 5703 3156 5774 inseparabiliter
3202 5709 3524 5770 operentur.

1941 5803 2184 5869 quaedam
2213 5811 2395 5859 tamen
2422 5801 2724 5873 specialiter
2754 5815 2783 5854 a
2810 5797 3031 5868 singulis
3051 5796 3373 5854 tribuantlu'.
3394 5793 3531 5853 Nam
