4052 6330
1699 248 1755 342 s.
1799 284 2041 343 unum
2080 285 2547 350 “camenas.

3637 295 3748 356 65!

461 428 564 484 pro
588 408 828 466 remedio
853 407 977 462 vitae
1001 414 1201 463 nostra;
1229 405 1390 462 Pater
1414 403 1574 460 nobis
1600 379 1822 473 largitus
1847 410 1930 458 est
1954 401 2045 456 Fi-
2074 405 2128 465 Α
2151 403 2398 459 videatur
2433 403 2489 461 in
2529 405 2720 472 altero,
2751 405 2846 462 sed
2871 412 2933 462 ut
2971 407 3217 465 advertas
3244 408 3615 467 inscrutabilia
3643 411 3745 470 tibi
3787 413 3806 438 τ

461 504 612 568 lium,
645 501 809 555 Filius
854 499 1277 568 regenerationis
1315 497 1565 568 praestitit
1593 497 1837 566 gratiam,
1881 496 2050 551 virtu-

464 602 572 648 tem
615 591 844 662 Spiritus
884 591 1236 657 ministravit;
1267 591 1405 647 sicut
1447 590 1689 646 doctrina
1736 589 2051 659 patriarchae

460 684 737 755 psallentis
765 684 1075 749 annuntiat,
1107 699 1229 738 cum
1257 683 1388 738 dicit
1417 701 1429 736 :
1475 682 1636 738 Verbo
1682 681 1894 736 Domini
1937 681 2052 738 coeli

459 777 656 849 ﬁrmati
684 784 826 845 sunt,
860 785 909 830 et
948 775 1147 848 Spiritu
1187 777 1292 830 oris
1328 777 1440 847 ejus
1479 777 1644 830 omnis
1680 777 1838 830 uirtus
1875 791 2051 830 eorum

458 867 633 937 (Psal.
669 867 857 939 χχχιι).
883 868 1054 933 Quam
1078 868 1382 923 necessarie
1412 875 1591 922 autem
1617 866 1764 922 dedit
1795 867 2050 937 apostolis

457 962 689 1034 Spiritus
716 963 854 1018 scire
883 963 1120 1030 gentium
1151 963 1376 1032 linguas,
1406 968 1465 1015 ut
1493 961 1772 1016 veritatem
1800 961 2050 1017 salutaris

458 1052 584 1108 ﬁdei
613 1054 787 1109 omnis
810 1069 909 1124 per
936 1069 1030 1109 eos
1051 1061 1236 1125 posset
1261 1054 1445 1108 audire
1467 1053 1752 1122 gentilitas.
1780 1051 1885 1106 Sed
1904 1052 2048 1123 quod

459 1153 675 1214 praestat
717 1144 966 1214 Spiritus.
1011 1153 1230 1214 praestat
1275 1154 1330 1199 et
1371 1143 1547 1206 Pater,
1577 1145 1667 1212 qui
1711 1151 1879 1198 totum
1926 1159 2048 1198 cum

457 1232 617 1288 Patre
657 1234 838 1299 habet,
871 1233 960 1304 qui
994 1242 1137 1290 totus
1167 1250 1380 1304 semper
1409 1250 1439 1288 a
1479 1232 1639 1288 Patre
1684 1233 1946 1303 procedit.
1978 1233 2048 1288 Et

458 1326 602 1395 quod
640 1333 862 1396 praestat
897 1343 1018 1382 cum
1059 1326 1218 1381 Patre
1253 1326 1500 1395 Spiritus,
1533 1334 1751 1396 praestat
1779 1336 1833 1380 et
1859 1326 2042 1390 Filius,

457 1419 715 1491 quoniam
744 1418 812 1474 de
835 1418 1025 1473 eodem
1051 1417 1210 1472 Patre
1237 1425 1396 1473 natus
1421 1426 1504 1473 est
1532 1417 1714 1484 Filius,
1739 1434 1768 1472 a
1789 1434 1896 1488 quo
1915 1433 2044 1488 pro-

457 1509 601 1565 cedit
629 1517 683 1563 et
709 1507 958 1577 Spiritus.
991 1507 1080 1561 Ait
1105 1509 1248 1562 enim
1276 1506 1518 1564 Christus
1543 1526 1555 1560 :
1591 1505 1782 1562 Omnia
1809 1524 1922 1580 quae
1946 1509 2044 1562 Iza-

457 1598 541 1654 bet
569 1601 731 1654 Pater
760 1617 875 1654 mea
903 1608 1022 1654 sunt
1058 1599 1236 1670 (Joan.
1270 1600 1399 1671 xw).
1432 1600 1489 1655 Si
1519 1601 1700 1656 omnia
1729 1615 1846 1669 quae
1886 1601 2047 1656 habet

457 1691 620 1747 Pater
667 1693 786 1747 Filii
827 1701 968 1759 sunt,
1001 1708 1128 1762 ergo
1170 1701 1226 1748 et
1263 1694 1408 1763 quod
1455 1693 1686 1764 Spiritus
1722 1694 1884 1749 habet
1923 1710 2044 1749 cum

455 1781 618 1838 Patre
647 1792 702 1839 et
730 1784 865 1838 Filio
895 1800 1177 1839 commune
1208 1793 1309 1840 est.
1348 1785 1416 1838 Et
1443 1786 1564 1841 ideo
1593 1801 1820 1855 quorum
1848 1786 1902 1840 in
1944 1801 2042 1842 no-

2155 509 2275 548 esse
2294 509 2413 563 qua:
2442 495 2535 550 Dei
2575 502 2717 552 sunt.
2751 493 3003 566 Perspice
3039 494 3242 569 itaque,
3264 497 3449 566 frater,
3473 501 3746 570 profunda

2155 583 2350 652 Patris,
2377 587 2480 640 nisi
2510 585 2722 652 Filium,
2751 587 2843 656 qui
2877 587 2944 642 de
2973 587 3094 658 ipso
3129 597 3233 658 est,
3261 598 3318 644 et
3342 589 3624 662 Spiritum,
3655 594 3745 665 qui

2154 677 2222 731 ab
2248 677 2365 745 ipso
2397 683 2498 746 est,
2522 677 2661 732 scire
2689 679 2960 734 neminem
2985 695 3161 749 posse.
3192 680 3301 738 Nec
3329 684 3546 738 coneris
3573 685 3745 740 inten-

2153 768 2280 824 dere
2307 770 2452 839 quod
2480 770 2611 824 nulli
2641 778 2724 826 est
2749 760 3293 828 videre'concessum.
3335 773 3573 831 Credere
3601 778 3742 834 enim

2151 860 2252 915 sibi
2290 859 2362 926 id,
2404 861 2549 931 quod
2584 870 2684 927 est,
2713 863 2915 932 justum
2949 872 3062 931 est;
3095 880 3203 920 non
3230 866 3336 922 hoc
3370 867 3567 936 ipsum,
3600 869 3744 938 quod

2153 961 2256 1019 est,
2287 954 2516 1022 qualiter
2541 964 2641 1020 est,
2674 956 2996 1026 investigare
3036 959 3371 1027 permissum.
3405 959 3744 1032 Acceperunt

2151 1061 2279 1116 ergo
2308 1047 2538 1116 apostoli
2565 1063 2662 1117 per
2688 1047 2947 1118 Spiritum
2976 1059 3221 1106 sanctum
3243 1051 3609 1110 diversitatem
3636 1055 3741 1110 lin-

2151 1153 2400 1207 guarum;
2428 1141 2522 1195 sed
2551 1157 2687 1196 unus
2721 1141 2863 1197 Deus
2891 1151 2992 1210 est,
3029 1159 3190 1214 quem
3231 1146 3542 1215 loquuntur.
3575 1146 3643 1201 Et
3670 1147 3742 1205 ob

2151 1230 2254 1286 hoc
2297 1240 2578 1301 cmperunt
2624 1232 2934 1289 varietatem
2984 1235 3305 1304 linguarum,
3354 1245 3412 1292 ut
3455 1238 3741 1296 diversitas

2149 1320 2402 1376 Gentium
2430 1337 2681 1378 sermone
2708 1324 3023 1380 multimodo
3051 1325 3172 1381 ﬁdei
3201 1327 3431 1384 disceret
3449 1330 3736 1386 unitatem.

2149 1413 2388 1488 Denique
2431 1423 2492 1470 ut
2534 1415 2731 1471 lectum
2760 1423 2862 1480 est,
2887 1417 3184 1474 disserente
3211 1419 3518 1476 beatissimo
3553 1421 3738 1489 Petro,

2150 1509 2251 1562 tria
2277 1508 2444 1562 millia
2473 1508 2736 1563 hominum
2762 1507 3088 1564 crediderunt
3111 1510 3247 1582 (Act.
3280 1509 3376 1582 tv).
3404 1510 3516 1567 Nec
3557 1512 3739 1569 incre-

2147 1603 2308 1659 dibile
2329 1604 2400 1658 sit
2419 1604 2522 1659 hoc
2543 1604 2717 1672 nobis,
2741 1605 2864 1674 quia
2885 1604 3027 1660 idem
3046 1603 3276 1676 Spiritus
3293 1613 3349 1660 et
3367 1607 3738 1676 apostolorum

2148 1694 2430 1750 erudiebat
2474 1695 2701 1763 linguas,
2748 1702 2809 1750 ut
2852 1695 3121 1750 credenda
3167 1697 3545 1767 loquerentur;
3576 1704 3634 1754 et
3678 1706 3740 1754 ut

2149 1786 2559 1858 praedicantibus
2600 1787 2858 1857 apostolis
2899 1787 3228 1856 crederetur,
3265 1787 3601 1844 audientium
3642 1805 3739 1860 pe-

454 1878 600 1933 mine
628 1878 770 1932 nulla
793 1877 978 1933 divisio
1000 1885 1104 1945 est,
1131 1895 1236 1932 una
1264 1894 1452 1934 eorum
1474 1879 1527 1934 in
1557 1879 1702 1932 omni
1732 1879 2045 1948 operatione
2075 1867 2124 1929 Β
2148 1887 2300 1936 ctora
2327 1879 2468 1935 idem
2496 1879 2726 1950 Spiritus
2755 1880 3107 1951 praeparabat.
3141 1879 3242 1946 Qui
3279 1875 3444 1936 dabat
3470 1882 3738 1951 loquenti-

455 1978 514 2024 et
541 1969 784 2024 voluntas
807 1969 1073 2024 credenda
1095 1977 1179 2023 est
1201 1978 1255 2024 et
1279 1977 1536 2040 potestas.
1569 1968 1658 2024 Sic
1683 1969 1841 2038 igitur
1860 1970 1913 2024 in
1935 1968 2046 2024 suis

454 2060 700 2116 fidelibus
750 2060 992 2116 cmlestia
1040 2059 1275 2117 Trinitas
1321 2063 1529 2132 peragit
1571 2069 1935 2129 sacramenta,
1984 2070 2044 2116 ut

453 2153 697 2222 quamvis
726 2151 956 2208 discreta
989 2151 1250 2222 _videatur
1286 2154 1551 2223 operatio,
1585 2153 1929 2209 indiscretum
1957 2161 2042 2208 ta-

454 2261 581 2302 men
608 2246 864 2316 probetur
892 2247 1196 2317 imperium.
1225 2245 1341 2302 Una
1365 2249 1545 2317 itaque
1570 2247 1704 2302 Filio
1733 2264 1796 2303 ac
1823 2247 2044 2319 Spiritui

458 2337 624 2409 52!.
648 2345 836 2393 sancto
866 2354 986 2394 cum
1019 2339 1178 2394 Patre
1208 2347 1292 2394 est
1317 2340 1508 2407 deitas,
1538 2354 1642 2410 qua
1671 2341 1810 2395 sicut
1837 2339 1904 2395 de
1933 2340 2044 2396 Deo

455 2431 605 2486 nasci
634 2447 743 2485 non
771 2431 946 2501 potuit
987 2431 1091 2486 nisi
1133 2431 1294 2498 Deus,
1328 2431 1400 2485 ita
1424 2431 1641 2486 dubium
1671 2448 1779 2486 non
1819 2439 1901 2488 est
1928 2447 2046 2487 esse

454 2521 627 2577 Deum
656 2523 748 2592 qui
790 2521 1036 2592 procedit
1078 2538 1109 2576 a
1155 2522 1286 2577 Deo.
1334 2522 1576 2589 Qualiter
1611 2531 1791 2578 autem
1829 2523 1897 2578 ab
1937 2539 2046 2578 uno

457 2613 758 2681 eodemque
783 2610 942 2667 Patre
971 2621 1026 2667 et
1053 2612 1235 2678 Filius,
1265 2613 1354 2682 qui
1379 2623 1516 2680 erat,
1548 2623 1704 2669 natus
1727 2614 1814 2679 sit,
1845 2622 1901 2668 et
1928 2613 2049 2684 Spi-

455 2706 610 2770 ritus,
641 2706 734 2774 qui
762 2713 922 2760 natus
947 2721 1055 2759 non
1085 2716 1187 2770 est,
1210 2705 1486 2775 procedat,
1520 2707 1620 2776 ipsi
1648 2708 1748 2761 soli
1771 2706 2048 2761 Divinitati

443 2803 647 2864 .notum
676 2804 777 2863 est,
804 2811 922 2864 quae
951 2803 1010 2849 ut
1036 2803 1119 2850 est
1144 2796 1279 2859 sola,
1311 2812 1370 2851 se
1396 2798 1562 2852 novit.
1596 2796 1764 2851 Nemo
1791 2799 1947 2862 enim,
1979 2798 2049 2850 si-

458 2894 551 2942 cut
595 2886 794 2940 lectum
845 2893 944 2952 est,
993 2886 1134 2940 novit
1175 2887 1404 2952 Patrem,
1446 2889 1547 2942 nisi
1584 2886 1752 2941 Filius
1792 2887 1940 2958 (Luc.
1967 2889 2046 2957 χ).

459 2977 616 3045 Quod
655 2993 784 3047 ergo
825 2977 974 3032 novit
1005 2975 1192 3042 Filius,
1233 2979 1382 3033 novit
1421 2985 1474 3030 et
1514 2977 1761 3048 Spiritus,
1803 2979 1888 3033 cui
1929 2995 2048 3035 cum

459 3064 595 3124 Filio
631 3078 685 3124 et
722 3068 880 3123 Patre
910 3084 1074 3122 unum
1101 3083 1318 3136 nomen,
1346 3084 1410 3124 ac
1441 3085 1547 3123 una
1577 3079 1658 3125 est
1693 3071 1886 3130 deitas.
1923 3070 2043 3136 Qui,

441 3165 522 3212 'ut
572 3160 647 3212 ait
701 3162 975 3230 apostolus
1027 3160 1252 3227 Paulus,
1301 3171 1561 3216 scrutatur
1607 3163 1904 3217 altitudines
1950 3163 2051 3217 Dei

462 3247 520 3318 (Ι
542 3247 661 3304 Cor.
691 3251 772 3324 ιι).
806 3251 1047 3307 Scrutari
1076 3261 1256 3308 autem
1275 3252 1471 3308 dicitur
1490 3252 1721 3324 Spiritus
1742 3254 2049 3311 altitudines

461 3329 580 3406 Dei,
608 3355 713 3396 non
744 3349 802 3396 ut
829 3341 944 3410 ipse
970 3342 1124 3410 quasi
1161 3342 1370 3399 occulta
1398 3342 1501 3398 sibi
1536 3358 1601 3398 ac
1645 3343 1825 3398 abdita
1867 3345 2050 3400 rimari
2078 3338 2124 3400 C

2150 1973 2252 2028 bus
2279 1987 2512 2037 sensum,
2561 1971 2849 2041 praestabat
2896 1971 3235 2026 audientibus
3281 1971 3634 2039 intellectum,
3680 1981 3740 2030 ut

2149 2077 2258 2118 non
2285 2061 2560 2117 dubitatur
2581 2061 2739 2116 unius
2759 2076 2877 2116 esse
2904 2062 3072 2116 virtus
3099 2061 3153 2115 in
3181 2076 3276 2116 ore
3299 2061 3655 2130 loquentium,
3683 2072 3740 2119 et

2146 2154 2200 2209 in
2227 2154 2389 2210 corde
2417 2153 2768 2209 credentium.
2799 2152 2859 2208 In
2899 2153 3001 2219 his,
3033 2154 3311 2218 carissimi,
3343 2169 3480 2224 opus
3521 2153 3738 2224 quidem

2145 2247 2371 2312 visibile,
2413 2246 2508 2301 sed
2542 2246 2819 2300 invisibilis
2862 2253 3148 2314 operator;
3186 2246 3500 2300 manifestus
3526 2246 3740 2302 virtutis

2146 2340 2386 2406 eﬂcctus,
2417 2340 2510 2394 sed
2539 2338 2818 2394 efﬁcientis
2860 2339 3068 2394 occulta
3106 2338 3377 2407 majestas.
3421 2337 3741 2394 Rectissime

2148 2431 2308 2500 igitur
2335 2431 2616 2485 victoriam
2651 2429 2914 2498 ﬁdemque
2949 2428 3146 2484 Christi
3175 2427 3405 2498 Spiritus
3434 2430 3741 2499 annuntiat,

2148 2522 2239 2590 qui
2267 2521 2551 2575 adventum
2571 2519 2687 2589 ejus
2709 2520 3027 2590 promiserat
3047 2535 3142 2589 per
3162 2519 3473 2590 prophetas,
3497 2520 3594 2589 qui
3618 2535 3740 2577 eum

2148 2613 2387 2680 virgineo
2415 2612 2469 2666 in
2498 2619 2674 2679 utero,
2705 2611 2794 2681 qui
2823 2611 3089 2680 baptismo
3119 2610 3234 2679 ejus
3273 2625 3393 2665 cum
3432 2611 3741 2666 testimonio

2149 2714 2384 2776 paterna:
2425 2705 2570 2760 vocis
2613 2703 2782 2757 adfuit
2811 2704 2863 2757 in
2903 2703 3166 2758 columba.
3218 2702 3517 2759 Credentes
3563 2705 3742 2773 itaque

2151 2795 2385 2863 Patrem,
2408 2803 2462 2850 et
2483 2784 2694 2858 Filium,
2719 2802 2774 2848 et
2793 2793 3048 2864 Spiritum
3072 2802 3314 2848 sanctum
3342 2796 3499 2848 unius
3529 2810 3741 2865 semper

2151 2902 2268 2942 esse
2298 2886 2614 2951 voluntatis,
2655 2893 2711 2941 et
2745 2887 2922 2954 operis
2964 2885 3176 2940 vinculo
3219 2887 3380 2940 etiam
3422 2885 3740 2942 Christiana:

2150 2981 2297 3051 pacis
2321 2980 2454 3034 uniti
2483 2980 2536 3034 in
2566 2988 2832 3050 praecepta
2853 2980 3030 3034 divina
3050 2979 3174 3034 vita:
3194 2987 3393 3035 nostra:
3413 2982 3632 3036 semitas
3659 2981 3738 3036 di-

2151 3072 2401 3140 rigamus,
2433 3079 2492 3124 ut
2519 3069 2904 3140 plenitudinem
2933 3071 3116 3138 gratiae
3144 3070 3236 3124 Dei
3277 3085 3340 3125 ac
3379 3071 3732 3130 visitationem

2150 3162 2380 3233 Spiritus
2420 3162 2592 3230 sancti
2633 3162 2863 3216 sanitate
2908 3161 3027 3217 tldei
3066 3170 3122 3218 et
3170 3171 3386 3218 actuum
3433 3171 3737 3221 nostrorum

2151 3253 2561 3311 conversatione
2588 3267 2913 3320 mereamur,
2937 3261 3044 3308 etc.

1832 3454 2100 3516 SERMO
2140 3456 2369 3516 XLIX.

1834 3550 1915 3605 De
1953 3551 2261 3608 Pentecoste
2300 3553 2384 3607 II.

1915 3644 2309 3701 ADMONITIO.

535 3729 694 3813 525
722 3728 781 3783 1n
810 3730 998 3813 codice
1020 3730 1338 3813 Taurinensi
1358 3733 1447 3813 hic
1472 3747 1651 3813 sermo
1682 3733 1823 3789 inter
1843 3735 2091 3813 homilias
2105 3739 2296 3813 sancti
2318 3737 2537 3795 Maximi
2557 3739 2626 3794 20
2646 3737 2974 3809 numeratur,
2999 3741 3282 3813 editusque
3308 3759 3378 3799 ex
3403 3744 3591 3800 codice
3613 3745 3728 3799 Ant-

467 3795 720 3852 Μόεῐιῆο
749 3814 779 3852 a
809 3799 1118 3858 Mabillonio
1147 3811 1202 3858 et
1229 3802 1526 3860 Muratorio
1549 3804 1682 3859 locis
1711 3821 1871 3874 supra
1902 3806 2150 3863 indicatis
2171 3808 2287 3863 fuit.

466 3925 852 3986 Ancuuenruu.
892 3965 963 3974 —-
1013 3932 1196 3988 Sancti
1255 3934 1518 3989 Paracleti
1571 3937 1888 3991 divinitatem
1952 3941 2050 3992 ite-

535 4017 648 4052 rum
674 4001 860 4075 probat
881 4002 1164 4075 Maximus,
1197 4005 1331 4075 quod
1358 4007 1465 4075 ipse
1495 4008 1684 4060 venerit
1706 4010 1856 4073 testis
1876 4017 1926 4061 et
1953 4025 2050 4062 an-

535 4071 809 4143 nuntiator
834 4072 1119 4143 hominibus
1161 4071 1338 4142 gloria:
1379 4071 1578 4128 Christi
1625 4071 1764 4143 apud
1813 4077 2043 4133 Patrem.

539 4135 710 4220 Nemo
730 4141 885 4220 enim,
908 4141 984 4192 ait
1007 4141 1066 4220 ε
1091 4135 1378 4220 episcopus,
1410 4145 1635 4220 divinant
1657 4135 1866 4220 aperire
1899 4159 2045 4220 pote-

537 4215 622 4292 rat
651 4216 941 4292 secretum.
965 4211 1072 4292 nisi
1094 4211 1467 4292 qui‘particeps
1508 4211 2047 4292 DivinitatisAdescen-

538 4275 700 4358 disset
745 4277 818 4358 de
848 4275 1225 4358 cwlo.“l.)eirtde
1273 4275 1418 4336 docet
1445 4300 1744 4358 mansurum
1792 4287 2045 4358 Spiritum

540 4357 775 4468 ῗςὶηειιιιη
801 4350 856 4402 in
885 4347 1122 4405 cordibus
1149 4366 1327 4420 pacem
1367 4363 1417 4406 et
1446 4357 1775 4427 concordiam
1822 4347 2046 4431 diligen-

565 4433 582 4468 ι
618 4433 697 4468 us.

543 4567 676 4625 Post
725 4569 1071 4628 festivitatem
1125 4573 1407 4631 dominicae
1452 4577 1815 4647 Ascensionis,
1866 4579 2056 4636 fratres

471 4659 754 4726 carissimi,
787 4670 971 4718 sancta
1001 4661 1332 4721 Pentecostis
1359 4665 1521 4722 hodie
1547 4670 1802 4740 mysteria
1825 4671 2059 4726 celebra-

473 4763 620 4818 mus,
661 4758 720 4804 ut
747 4751 888 4808 sicut
916 4753 1078 4808 laetati
1120 4771 1302 4812 sumus
1329 4758 1524 4813 coelum
1552 4773 1651 4828 pro
1681 4761 1835 4816 nobis
1864 4777 2054 4818 ascen-

471 4840 616 4896 disse
657 4843 950 4911 hominem,
1001 4847 1073 4900 ita
1119 4863 1262 4903 nunc
1304 4852 1634 4907 exsultemus
1678 4855 1847 4909 nostri
1892 4871 2055 4912 causa

468 4930 731 5002 Spiritum
791 4944 1037 4990 sanctum
1084 4937 1423 4996 descendisse
1481 4941 1548 4997 de
1591 4945 1751 4999 coelo.
1811 4943 2054 5002 Perrexit

470 5019 720 5077 Christus
741 5023 805 5078 ad
830 5022 1068 5095 Patrem,
1092 5026 1401 5086 Paracletus
1426 5033 1573 5087 venit
1597 5049 1627 5087 a
1658 5033 1835 5102 Patre,
1864 5044 2052 5093 utnon

469 5112 811 5181 ambigamus
839 5117 1023 5171 omnia
1062 5119 1216 5175 nobis
1236 5121 1422 5178 salutis
1439 5133 1656 5181 acterna:
1683 5141 1904 5183 munera
1934 5145 2050 5184 om-

469 5204 764 5274 nipotentis
785 5205 964 5262 Patris
1007 5209 1358 5280 dispositione
1385 5224 1440 5270 et
1485 5217 1760 5274 voluntate
1789 5219 2044 5288 conferri,

469 5309 502 5351 a
526 5307 633 5366 quo
657 5296 889 5366 Spiritus
915 5301 1081 5366 venit,
1113 5311 1168 5358 et
1195 5301 1260 5358 ad
1287 5321 1450 5375 quem
1472 5307 1636 5364 Filius
1658 5312 1821 5366 vadit.
1855 5312 2050 5370 Ascen-

467 5383 548 5440 dit
587 5401 714 5455 ergo
743 5388 795 5442 in
835 5391 1029 5450 caelum
1053 5408 1225 5450 novus
1263 5396 1447 5464 homo,
1479 5408 1536 5452 ut
1556 5415 1652 5469 per
1679 5401 1795 5470 ejus
1819 5405 2046 5472 gratiam

465 5479 652 5534 venire
678 5481 745 5536 ad
774 5489 946 5540 terras
982 5485 1215 5558 Spiritus
1258 5488 1586 5559 dignaretur.
1640 5492 1798 5549 Venit
1835 5511 1866 5551 e
1909 5498 2047 5554 caelo

461 5565 694 5641 Spiritus
740 5585 977 5648 sanctus,
1027 5587 1088 5634 ut
1133 5594 1360 5651 regnare
1414 5600 1536 5640 cum
1592 5583 1752 5644 Patre
1779 5588 2046 5648 Christum

544 5737 572 5767 ³
597 5729 753 5804 Apud
781 5731 1151 5807 Muratorium,
1181 5724 1479 5798 unanimos.

2157 3945 2472 4001 mortalibus
2519 3948 2810 4003 nuntiaret.
2843 3949 2975 4004 Nam
3021 3952 3140 4021 quis
3193 3953 3327 4009 alius
3374 3953 3735 4016 habitantibus

2153 4042 2352 4091 terram
2380 4038 2619 4094 divinum
2646 4049 2861 4110 poterat
2888 4044 3098 4113 aperire
3126 4053 3414 4110 secretum,
3449 4048 3550 4102 nisi
3574 4047 3734 4118 parti-

2152 4142 2278 4197 ceps
2304 4128 2607 4186 Divinitatis
2641 4133 2877 4188 venisset
2905 4149 2936 4188 e
2961 4136 3138 4190 coelo?
3173 4135 3390 4192 Lectum
3423 4140 3606 4210 itaque
3633 4150 3734 4208 est,

2156 4227 2214 4274 ut
2254 4221 2475 4277 audistis
2509 4241 2521 4276 :
2571 4223 2641 4277 Et
2669 4225 2788 4278 dum
2828 4229 3205 4298 complerentur
3243 4231 3351 4286 dies
3398 4227 3735 4301 Pentecostis,

2151 4316 2304 4360 erant
2341 4323 2516 4362 omnes
2558 4312 2827 4365 unanimes
2867 4315 3023 4367 simul
3050 4315 3103 4367 in
3132 4317 3309 4370 eodem
3335 4317 3448 4372 loco
3490 4321 3624 4390 (Act.
3657 4322 3733 4391 ιι).

2159 4395 2227 4449 Ει
2251 4405 2372 4467 post
2399 4413 2568 4467 pauca
2596 4400 2670 4454 ait
2697 4420 2710 4454 :
2741 4401 2936 4472 Repleti
2957 4407 3076 4457 sunt
3101 4423 3278 4460 omnes
3308 4407 3509 4478 Spiritu
3536 4421 3736 4480 saneto,

2160 4496 2209 4541 et
2249 4499 2506 4560 coeperunt
2549 4491 2688 4563 loqui
2717 4494 2874 4546 variis
2905 4495 3116 4566 linguis,
3139 4507 3290 4566 prout
3329 4499 3560 4568 Spiritus
3585 4502 3737 4557 dabat

2158 4578 2323 4650 eloqui
2369 4582 2461 4635 eis.
2509 4579 2674 4636 Erant
2718 4598 2848 4653 ergo
2877 4586 3155 4641 unanimes
3183 4589 3435 4658 apostoli,
3467 4600 3523 4646 et
3551 4594 3736 4663 repleti

2158 4677 2282 4726 sunt
2310 4671 2510 4743 Spiritu
2541 4683 2746 4732 sancto.
2783 4677 2861 4731 Ad
2892 4687 2916 4714 α
2941 4679 3219 4736 unanimes
3245 4682 3409 4748 venit,
3441 4686 3736 4742 concordes

2157 4762 2358 4827 visitat,
2388 4765 2640 4834 paciﬁcos
2659 4776 2994 4830 muneratur.
3019 4777 3076 4824 et
3093 4770 3326 4826 libenter
3349 4776 3733 4831 venerabilium

2158 4856 2524 4924 apostolorum
2554 4858 2716 4929 526
2742 4860 2969 4929 replevit
3013 4861 3197 4928 corda,
3245 4877 3474 4932 quorum
3499 4867 3609 4936 jam
3639 4884 3733 4937 pe-

2156 4952 2304 5000 ctora
2331 4955 2517 5002 auctor
2559 4956 2614 5002 et
2641 4951 2893 5018 magister
2919 4949 3163 5008 Christus
3199 4954 3478 5012 habitabat
3511 4977 3525 5013 :
3567 4960 3734 5014 Sedit-

2154 5055 2268 5110 que,
2301 5047 2359 5093 ut
2379 5041 2706 5108 audivimus,
2734 5043 2961 5114 Spiritus
2989 5055 3196 5101 sanctus
3217 5064 3372 5116 supra
3399 5068 3731 5123 utrumqueut-

2156 5150 2251 5204 que
2289 5151 2462 5189 eorum
2492 5136 2626 5205 (Act.
2657 5138 2738 5205 ιι).
2768 5136 3062 5205 Advertite,
3093 5140 3373 5207 carissimi,
3399 5145 3524 5212 quia
3546 5145 3722 5215 pacilio

2156 5227 2341 5282 corum
2369 5237 2556 5298 pectus
2581 5228 2736 5284 sedes
2763 5237 2845 5284 est
2872 5229 2988 5295 Dei,
3018 5239 3078 5284 ut
3106 5231 3180 5285 ait
3206 5233 3398 5289 beatus
3433 5235 3599 5291 David
3631 5256 3642 5290 :
3682 5249 3728 5292 et

2155 5325 2320 5394 factus
2345 5333 2420 5377 est
2441 5325 2494 5377 in
2525 5338 2650 5393 pace
2674 5323 2815 5376 locus
2836 5316 2967 5393 ejus;
2999 5323 3107 5380 Nec
3132 5325 3483 5383 dubitandum
3513 5339 3728 5401 aposto~

2151 5413 2233 5468 los
2270 5414 2496 5469 invicem
2525 5427 2651 5481 erga
2671 5429 2728 5468 se
2757 5413 3120 5470 unanimitatis
3161 5417 3386 5484 gratiam
3415 5423 3724 5487 custodisse.

2152 5504 2344 5573 quibus
2371 5505 2696 5560 transiturus
2723 5505 2791 5559 ad
2836 5503 3049 5561 Patrem
3086 5507 3408 5577 praedixerat
3434 5511 3677 5571 Christus
3709 5534 3724 5569 :

2156 5594 2222 5651 In
2257 5597 2351 5652 hoc
2379 5607 2687 5670 cognoscent
2722 5615 2897 5654 omnes
2929 5601 3050 5671 quia
3076 5601 3315 5672 discipuli
3349 5607 3452 5660 mei
3491 5609 3650 5676 eritis,
3678 5610 3724 5665 si
