4052 6330
239 310 337 366 053

1703 303 1928 362 SERMO
1965 305 2028 360 L.

3389 323 3499 384 631

241 423 555 518 dilectionem
579 420 860 475 habueritis
885 420 954 518 ad
977 421 1193 518 ineicem
1217 422 1397 494 (Joan.
1439 422 1576 491 xm).
1611 420 1677 518 Et
1707 424 1808 478 ite-
1839 430 1889 487 Α
1916 423 2043 479 lium
2065 426 2368 483 mternitate
2389 431 2722 501 mysterium.
2747 431 2991 506 Expedit,
3021 436 3115 504 ait,
3145 439 3300 506 vobis,
3324 451 3380 496 ut
3399 462 3492 518 ego

241 531 348 573 rum
383 532 395 566 :
426 512 617 566 Pacem
662 529 828 566 meant
875 513 942 567 do
975 513 1134 579 vobis,
1166 531 1343 585 pacem
1371 531 1537 568 meant
1582 515 1810 585 relinquo

241 607 390 663 vobis.
425 603 542 660 Non
569 611 653 658 est
679 617 808 672 ergo
828 606 1020 658 mirum
1046 606 1090 660 si
1121 605 1174 659 in
1204 607 1508 676 pectoribus
1537 605 1809 675 apostolo-

239 715 350 757 rum
378 681 596 752 dilectio
622 704 807 751 mutua
833 705 887 752 et
913 713 1018 768 pax
1056 698 1252 754 Christi
1281 699 1535 770 Spiritum
1564 707 1807 754 sanctum

239 791 553 849 delectabat.
583 788 830 858 Legimus
860 791 1020 845 etiam
1067 792 1120 845 in
1151 791 1440 861 Evangelia
1481 792 1810 848 Salvatorem

238 883 433 938 dixisse
460 881 735 950 discipulis
763 881 874 937 suis
914 899 928 933 :
958 878 1069 952 Ego
1098 882 1290 954 rogabo
1317 880 1546 950 Patrem,
1578 890 1627 936 et
1651 883 1810 937 alium

237 973 566 1028 Paracletum
605 972 749 1026 dabit
789 973 928 1027 vobis
959 969 1148 1044 (Joan.
1181 974 1312 1043 xiv).
1358 973 1423 1028 Et
1463 975 1656 1029 iterum
1687 977 1761 1030 ait
1791 994 1802 1028 :

238 1063 291 1120 Ν
296 1082 380 1119 om
395 1065 441 1119 si
459 1081 550 1136 ego
571 1081 676 1119 non
695 1064 890 1130 abiero,
915 1064 1218 1119 Paracletus
1235 1083 1337 1120 non
1357 1068 1521 1121 veniet
1540 1067 1609 1120 ad
1627 1083 1713 1121 vos
1729 1084 1746 1132 ;
1765 1069 1809 1121 si

236 1165 402 1211 autem
431 1157 623 1220 abiero,
655 1160 855 1212 mittam
876 1156 1021 1212 illum
1050 1159 1117 1211 ad
1146 1175 1252 1213 vos.
1283 1159 1414 1225 Quis
1445 1161 1622 1230 itaque
1651 1173 1808 1232 pote-

233 1249 300 1306 rit
329 1250 548 1319 impune
590 1266 698 1304 non
727 1250 968 1318 credere,
1002 1251 1086 1306 vel
1115 1260 1355 1306 sanctum
1386 1252 1640 1324 Spiritum
1691 1270 1810 1310 esse

230 1339 420 1405 Deum,
467 1342 556 1411 qui
595 1357 693 1412 per
731 1339 827 1398 Del
878 1341 1067 1397 Filium
1111 1345 1394 1414 pmdictus
1443 1345 1676 1413 advenit,
1724 1348 1810 1402 vel

231 1431 502 1487 Christum
526 1433 828 1500 Dominum,
854 1434 1005 1504 cujus
1033 1436 1268 1490 salutare
1297 1438 1618 1506 promissum
1650 1437 1810 1493 Pater

228 1524 588 1594 sempiternus
626 1524 900 1595 implevit?
931 1526 1174 1595 Magnum
1207 1527 1327 1590 hoc,
1361 1527 1568 1591 fratres,
1603 1529 1807 1584 incom-

227 1615 660 1686 prehensumque
709 1627 790 1670 est
826 1625 1238 1683 sacramentum,
1288 1635 1408 1674 cum
1448 1619 1519 1672 de
1545 1621 1700 1676 terris
1741 1621 1808 1675 ad

226 1709 424 1763 coelum
456 1709 601 1763 vadit
635 1710 816 1773 homo,
848 1711 939 1778 qui
965 1709 1131 1765 Deum
1162 1711 1314 1766 nobis
1341 1711 1407 1766 ad
1435 1721 1604 1768 terras
1633 1715 1809 1768 mittat

1912 520 2098 573 cadam
2129 519 2307 591 (Joan.
2333 521 2463 591 xvn).
2489 522 2658 590 Quam
2682 526 2925 583 mirabile
2953 529 3058 584 hoc
3086 540 3281 587 nostra:
3308 536 3493 592 salutis

1914 613 2070 686 527
2102 621 2184 668 est
2214 617 2432 669 munus!
2481 624 2540 670 ut
2585 619 2723 674 sicut
2769 624 2986 693 expedit
3029 627 3182 682 vobis
3222 626 3492 686 Christum

1910 705 2094 760 venire
2120 705 2187 760 de
2217 706 2369 772 coelo,
2401 707 2474 761 ita
2505 709 2650 763 illum
2679 713 2976 782 expedierit
3003 724 3057 770 et
3086 717 3277 775 redire.
3312 719 3490 792 Expe-

1911 796 2042 852 divit
2071 798 2218 852 illum
2244 799 2447 864 venire,
2476 808 2536 854 ut
2563 819 2717 857 suum
2750 821 2849 874 pro
2872 807 3029 864 nobis
3057 811 3367 879 sanguinem
3395 813 3492 867 da-

1912 896 2022 954 ret;
2059 889 2328 959 expedivit
2357 891 2710 952 nihilominus
2748 904 2803 950 et
2842 899 3036 965 redire,
3065 909 3124 955 ut
3151 918 3306 958 suum
3336 904 3490 959 nobis

1911 980 2166 1051 Spiritum
2196 983 2496 1051 largiretur.
2532 984 2732 1056 Repleti
2759 999 2878 1042 sunt
2910 1008 3049 1064 ergo,
3082 1003 3139 1048 ut
3162 994 3356 1053 lectum
3385 1005 3486 1064 est,

1913 1074 2112 1143 Spiritu
2152 1088 2430 1141 sancto,‘et
2459 1091 2719 1150 cceperunt
2757 1081 2894 1153 loqui
2917 1087 3071 1140 variis
3100 1087 3309 1158 linguis,
3340 1098 3490 1160 prout

1913 1166 2137 1237 Spiritus
2179 1169 2335 1223 dabat
2371 1171 2538 1244 eloqui
2566 1173 2669 1227 illis
2701 1174 2834 1244 (Act.
2869 1177 2949 1248 ιι).
2981 1177 3222 1237 Varietas
3251 1183 3352 1236 ista
3381 1184 3486 1238 lin-

1911 1271 2130 1326 guarum
2162 1260 2465 1317 Divinitatis
2494 1265 2774 1320 annuntiat
2801 1267 3077 1322 unitatem.
3104 1270 3351 1328 Diversus
3371 1275 3488 1343 qui-

1911 1349 2030 1404 dem
2079 1359 2134 1406 et
2183 1354 2460 1423 multiplex
2505 1371 2682 1412 sermo
2733 1357 2982 1428 prodibat
3025 1375 3056 1413 a
3097 1361 3344 1431 singulis,
3392 1365 3488 1421 sed

1910 1455 2048 1496 unus
2076 1442 2129 1496 in
2157 1444 2406 1500 omnibus
2450 1445 2786 1516 loquebatur.
2819 1449 2980 1521 528
3022 1449 3190 1506 Sonat
3234 1453 3488 1513 Hebraeus

1911 1531 2142 1600 linguam
2167 1550 2328 1604 quam
2349 1544 2472 1593 ante
2495 1555 2602 1593 non
2625 1538 2825 1607 didicit,
2852 1549 2910 1596 ut
2938 1543 3107 1612 possit
3128 1543 3304 1610 ﬁdem,
3326 1562 3487 1615 quam

1911 1625 2208 1694 ignorabat,
2242 1629 2427 1684 audire
2467 1632 2700 1699 gentilis.
2732 1631 2840 1688 Nec
2887 1633 3102 1702 mirum,
3133 1635 3413 1702 carissimi,
3443 1637 3488 1694 si

1911 1719 2168 1788 apostolis
2196 1721 2307 1776 suis
2334 1721 2580 1779 Christus
2607 1739 2704 1793 per
2723 1724 2979 1794 Spiritum
3008 1735 3251 1782 sanctum
3282 1727 3488 1797 lingua-

225 1813 257 1855 e
282 1800 446 1862 cmlo.
470 1799 534 1853 Et
553 1809 635 1854 est
655 1817 843 1856 revera
872 1802 986 1856 inec
1011 1819 1138 1872 pax,
1168 1811 1222 1856 et
1249 1804 1600 1858 consonantia
1624 1805 1807 1860 Deita-
1843 1813 1884 1871 Β
1913 1828 2030 1866 rum
2060 1813 2305 1867 notitiam
2337 1814 2502 1880 dedit,
2534 1816 2626 1884 qui
2654 1816 2859 1871 claudis
2886 1831 3148 1886 gressum,
3177 1819 3334 1875 caacis
3361 1836 3489 1876 ocu-

225 1890 310 1954 tis,
347 1899 407 1943 ιιι
435 1898 488 1944 et
507 1889 752 1947 Christus
781 1894 1129 1947 annuntiante
1157 1893 1358 1963 Spiritu
1395 1897 1723 1961 nas‘ceretur,
1754 1902 1810 1952 et

222 1979 454 2052 Spiritus
482 1981 696 2037 Christo
725 1984 1075 2052 promittente
1103 1983 1470 2041 descenderet.
1516 1987 1534 2018 ί
1577 1987 1806 2043 Invicem

222 2088 279 2128 se
323 2074 637 2142 loquuntur,
671 2075 896 2131 invicem
926 2093 986 2132 se
1015 2079 1250 2143 mittunt,
1277 2079 1504 2134 invicem
1533 2080 1633 2134 sibi
1673 2082 1806 2137 obe-

221 2163 399 2230 diunt,
429 2167 554 2236 quia
594 2159 704 2222 non
730 2173 812 2223 est
840 2169 892 2222 in
922 2169 1000 2224 eis
1021 2178 1112 2223 aut
1141 2170 1293 2234 velle,
1322 2178 1413 2224 aut
1443 2186 1599 2240 posse
1627 2171 1805 2226 diver-

223 2272 368 2324 sum,
400 2266 455 2312 et
484 2275 644 2314 unum
689 2273 903 2332 semper
929 2276 1052 2316 cum
1099 2261 1256 2316 Patre
1283 2271 1444 2330 agunt
1472 2279 1569 2333 pro
1606 2272 1806 2319 morta-

1912 1904 2010 1968 los,
2042 1905 2204 1959 mutis
2232 1906 2406 1974 potuit
2435 1923 2687 1977 reparare
2734 1923 3056 1964 sermonem.
3090 1909 3156 1964 Et
3189 1911 3330 1977 ideo,
3385 1911 3488 1967 fra-

1912 2004 2042 2060 tres,
2081 2013 2190 2051 non
2220 1997 2526 2054 dubitemus
2552 2000 2619 2054 de
2645 2001 2749 2065 his,
2791 1999 2883 2055 sed
2911 2008 3022 2056 tota
3052 2017 3173 2056 cum
3201 2001 3487 2058 devotione

1911 2088 2210 2154 credamus,
2243 2090 2367 2158 quia
2397 2099 2453 2144 et
2482 2091 2593 2146 Deo
2623 2092 2802 2146 omnia
2830 2100 2955 2146 sunt
2979 2093 3277 2163 possibilia,
3307 2101 3362 2148 et
3388 2109 3486 2149 ne-

1910 2192 2060 2232 cesse
2088 2186 2204 2232 erat
2244 2186 2302 2232 ut
2343 2194 2537 2235 novam
2580 2179 2734 2236 ﬁdem
2772 2196 2910 2236 nova
2953 2181 3204 2250 loquendi
3231 2181 3485 2241 miracula

1908 2268 2307 2324 conﬁrmarent.
2388 2264 2395 2270 ’
2941 2280 2949 2287 ·

1665 2380 1932 2445 SERMO
1975 2385 2043 2445 L.

1569 2478 1648 2534 De
1677 2480 1982 2540 Pentecoste
2020 2484 2133 2540 III.

1673 2575 2066 2633 ADMONITIO.

281 2659 481 2748 Exstat
520 2661 564 2717 is
611 2675 788 2717 sermo
816 2675 926 2717 non
954 2660 1118 2738 modo
1147 2660 1201 2717 in
1251 2661 1604 2721 Ambrosiano
1633 2666 1841 2735 codice,
1889 2669 1985 2724 sed
2015 2671 2177 2726 etiam
2221 2671 2274 2728 in
2305 2673 2646 2746 Taurmcnst,
2692 2693 2745 2732 ill
2771 2692 2880 2748 quo
2917 2679 3135 2734 homilia
3165 2678 3227 2742 21
3261 2679 3483 2737 habetur

211 2744 445 2787 numero

211 2848 606 2927 Aneuneyjuu.
640 2883 710 2892 —
743 2849 921 2927 Patris
949 2852 1131 2927 wterni
1161 2852 1483 2927 clementiam
1511 2856 1692 2927 merito
1718 2857 1799 2927 ef-

278 2920 403 2993 fert
438 2919 730 2993 Maximus,
767 2921 903 2993 quod
932 2938 1055 2986 cum
1084 2923 1129 2976 ei
1159 2940 1340 2992 parum
1388 2925 1550 2978 visum
1599 2919 1796 2993 fuisset,

280 2990 491 3065 dedisse
517 2990 806 3065 hominibus
834 2990 881 3043 F
886 2993 1029 3046 ilium
1068 2990 1457 3065 redemptorem,
1489 2990 1642 3048 etiam
1675 2996 1798 3065 Spi-

278 3063 444 3115 ritum
480 3061 602 3134 ejus
641 3063 697 3115 in
747 3061 954 3134 illorum
992 3064 1151 3117 corda
1199 3061 1412 3133 effudit,
1467 3061 1799 3134 supernisque

275 3130 584 3216 muneribus
605 3133 895 3216 cumulavit.
923 3130 1251 3216 Linguarum
1270 3135 1460 3216 donum
1483 3130 1657 3216 datum
1679 3130 1799 3205 apo-

276 3203 453 3277 stolis,
486 3219 628 3257 nova:
655 3202 782 3274 legis
809 3202 1129 3271 prazconibus
1157 3205 1374 3275 eleganti
1409 3207 1642 3260 oratione
1671 3202 1794 3277 pro—

277 3274 536 3345 sequitur.

277 3404 627 3462 Manifestum
677 3414 778 3472 est,
829 3405 1043 3474 fratres,
1075 3407 1386 3476 cunctisque
1433 3408 1791 3478 perSpicuum,

1907 2872 2046 2922 mur,
2078 2865 2320 2913 converti
2351 2874 2403 2912 ιιι
2435 2859 2686 2914 tenebras
2714 2875 2903 2927 solem,
2949 2861 3052 2916 nisi
3083 2878 3204 2918 cum
3245 2862 3484 2924 Christus

1906 2950 2096 3003 transit
2122 2951 2172 3004 in
2194 2959 2454 3016 mortem;
2484 2959 2576 3006 aut
2596 2953 2835 3008 converti
2865 2954 2917 3008 in
2947 2956 3258 3024 sanguinem
3282 2957 3483 3026 lunam,

1904 3040 2004 3093 nisi
2035 3057 2154 3095 cum
2183 3050 2367 3097 sancta
2398 3041 2634 3096 Ecclesia
2666 3055 2762 3113 pro
2791 3044 3126 3100 conlessione
3171 3044 3367 3102 Christi
3404 3048 3485 3107 sui

1903 3132 2061 3186 variis
2104 3132 2443 3200 passionibus
2488 3135 2833 3188 cruentatur?
2865 3134 3115 3191 Traditur
3142 3138 3302 3192 morti
3328 3135 3485 3193 Chri-

1901 3232 2034 3288 stus,
2067 3240 2170 3278 non
2204 3234 2260 3278 ut
2290 3225 2341 3277 in
2370 3226 2714 3295 corruptione
2743 3235 3021 3282 remaneat
3049 3229 3352 3298 sepultum,
3385 3230 3484 3285 sed

1902 3321 1960 3366 ut
1989 3322 2110 3382 post
2140 3313 2292 3367 inferi
2339 3315 2585 3369 tenebras
2615 3315 2901 3385 lulgentior
2925 3317 3213 3373 elucescat.
3246 3317 3483 3373 Vexatur

1903 3401 2137 3458 Ecclesia
2169 3404 2415 3460 manibus
2444 3412 2810 3472 cruentorum,
2837 3422 2942 3459 non
2966 3414 3025 3459 ut
3052 3409 3192 3461 inter
3218 3407 3482 3477 supplicia

203 3503 421 3569 quanta
457 3497 814 3566 omnipotenti
855 3496 964 3552 Deo
993 3495 1139 3551 Patri
1169 3497 1236 3552 de
1278 3499 1544 3554 universis
1573 3499 1644 3552 sit
1670 3514 1798 3553 cura
1824 3501 1868 3563 C
1901 3511 2195 3568 pwnasque
2240 3495 2472 3561 deﬁciat,
2511 3495 2607 3551 sed
2635 3504 2694 3551 ut
2735 3511 2830 3566 per
2859 3497 3483 3556 multimodosvictoria-

202 3587 550 3656 mortalibus,
581 3588 665 3643 cui
694 3602 882 3658 parum
920 3587 1017 3642 fuit
1046 3588 1258 3643 unicum
1289 3589 1448 3643 morti
1478 3587 1668 3644 Filium
1700 3597 1801 3644 tra-

200 3683 411 3738 didisse
433 3696 531 3750 pro
551 3681 725 3746 nobis,
748 3681 850 3734 nisi
874 3681 928 3734 in
956 3681 1118 3736 corde
1141 3680 1374 3736 ﬁdelium
1395 3697 1614 3737 suorum
1637 3683 1797 3736 etiam

199 3789 500 3830 munerum
529 3773 914 3843 plenitudinem
943 3771 1233 3834 effudisset,
1269 3773 1407 3827 sicut
1436 3773 1635 3827 dictum
1657 3779 1740 3826 est
1767 3788 1799 3826 a

199 3863 448 3922 Domino
475 3879 571 3934 per
599 3863 921 3933 Prophetam
956 3882 968 3914 :
1023 3861 1087 3916 In
1117 3863 1410 3917 novissimis
1441 3863 1615 3916 diebus
1648 3879 1802 3933 super

197 3974 387 4013 seruos
424 3965 472 4010 et
510 3955 728 4010 ancillas
776 3971 915 4008 meas
945 3955 1209 4024 effundam
1246 3954 1308 4009 de
1349 3955 1548 4024 Spiritu
1590 3971 1719 4020 meo,
1751 3964 1800 4008 et

195 4049 348 4103 dabo
379 4047 619 4118 prodigia
646 4047 700 4099 in
729 4046 854 4099 calo
901 4062 1122 4112 sursum,
1145 4055 1194 4099 et
1221 4049 1370 4118 signa
1399 4048 1452 4100 in
1486 4056 1623 4101 terra
1650 4047 1798 4102 deor-

195 4158 348 4198 sum.
382 4139 477 4194 Sol
504 4145 820 4192 convertetur
841 4139 896 4190 in
920 4136 1170 4199 tenebras,
1193 4147 1242 4191 et
1269 4138 1392 4192 luna
1412 4140 1467 4192 in
1496 4139 1798 4209 sanguinem

191 4229 378 4304 (loel.
411 4229 489 4299 ιι).
535 4228 636 4282 Dat
679 4226 921 4297 profecto
959 4229 1214 4284 Dominus
1257 4229 1498 4300 prodigia
1536 4231 1590 4285 in
1634 4231 1792 4295 ccelo,

191 4329 339 4380 cum
369 4321 420 4374 in
463 4321 741 4376 nativitate
781 4319 978 4376 Christi
1025 4338 1164 4377 nova
1211 4320 1578 4378 Chaldaeorum
1627 4323 1795 4378 oculis

191 4412 368 4470 stella
399 4410 694 4480 praefulget,
719 4419 774 4466 et
798 4411 852 4466 in
876 4412 1124 4482 passione
1152 4411 1267 4482 ejus
1294 4414 1572 4482 repentina
1601 4413 1796 4468 obscu-

193 4506 377 4561 ritate
405 4501 641 4558 l'uscatus
666 4502 748 4557 sol
774 4502 1099 4558 meridianus
1119 4505 1408 4560 occumbit.
1435 4505 1532 4560 Dat
1561 4506 1708 4573 signa
1739 4506 1793 4560 in

193 4605 379 4662 terra,
405 4609 526 4649 cum
577 4595 688 4664 ipsa
716 4602 857 4650 terra
888 4595 1214 4652 inconsuetis
1241 4598 1475 4652 motibus
1501 4597 1793 4652 contremi-

193 4688 335 4754 scit,
377 4702 500 4742 cum
529 4694 682 4756 rupta
712 4687 766 4741 in
795 4695 975 4757 partes
1002 4703 1132 4742 saxa
1160 4688 1446 4751 dissiliunt,
1477 4705 1600 4743 cum
1629 4689 1792 4743 etiam

191 4779 460 4852 sepulcra
493 4778 782 4836 refundunt
827 4779 931 4836 luci
976 4785 1204 4850 cbrpora
1247 4779 1641 4835 defunctorum.
1675 4781 1788 4844 Sol,

1900 3605 2018 3644 rum
2048 3589 2232 3644 titulos
2260 3589 2313 3644 in
2343 3603 2557 3644 omnem
2587 3589 3038 3658 pulchritudinem
3075 3603 3266 3643 cruore
3295 3589 3482 3642 trimu-

1900 3682 2178 3753 phantium
2245 3690 2540 3752 martyrum
2585 3681 2888 3736 decoretur.
2938 3679 3067 3736 Haec
3117 3696 3248 3736 vero
3301 3681 3482 3736 omnia

1899 3772 2009 3840 agit
2056 3778 2111 3826 et
2154 3769 2364 3842 perﬁcit
2405 3786 2509 3824 una
2561 3778 2617 3824 et
2657 3770 2846 3826 eadem
2889 3770 3059 3840 gratia
3105 3771 3482 3828 concordantis

1897 3862 2096 3917 Christi
2137 3869 2194 3917 et
2229 3861 2480 3932 Spiritus.
2512 3860 2766 3917 Christus
2807 3862 3025 3930 utique,
3064 3863 3156 3931 qui
3201 3877 3480 3917 servorum

1895 3971 2115 4009 suorum
2161 3963 2382 4025 pectora
2429 3954 2482 4008 in
2518 3967 2678 4008 omne
2723 3953 2960 4023 patiendi
3006 3953 3328 4008 desiderium
3375 3967 3475 4023 spe

1897 4054 2170 4116 perpetuae
2196 4045 2565 4100 retributionis
2595 4045 2847 4100 incendit.
2871 4045 3103 4116 Spiritus
3132 4045 3479 4100 nihilominus

1896 4140 2080 4208 vigore
2108 4141 2320 4195 virtutis
2342 4139 2534 4194 divinae
2563 4139 2614 4194 in
2645 4146 3011 4210 contemptum
3041 4139 3231 4196 mortis
3260 4139 3478 4194 creden-

1896 4231 2028 4285 tium
2065 4231 2229 4286 corda
2267 4229 2572 4286 conﬁrmat.
2622 4229 2689 4284 Et
2737 4229 2859 4286 ideo
2899 4237 3185 4300 postquam
3222 4229 3479 4286 Dominus

1895 4322 2052 4378 rediit
2088 4323 2261 4378 victor
2300 4321 2368 4376 ad
2405 4321 2640 4386 Patrem,
2672 4336 2937 4392 suumque
2976 4336 3036 4376 se
3079 4321 3284 4390 recepit
3311 4320 3363 4374 in
3387 4335 3478 4376 re-

1895 4429 2078 4484 gnum,
2105 4423 2330 4485 paterna
2355 4429 2539 4470 secum
2565 4414 2734 4481 gratia
2763 4413 3042 4480 largiente,
3073 4412 3219 4466 dedit
3263 4419 3477 4482 aposto-

1895 4506 1959 4561 lis
1985 4507 2096 4562 suis
2136 4505 2491 4570 Paracletum,
2535 4521 2698 4574 quem
2737 4505 3002 4573 promisit,
3035 4511 3094 4558 ut
3133 4501 3290 4558 ﬁdem
3317 4519 3477 4572 quam

1895 4597 1947 4653 in
1978 4599 2056 4654 eis
2085 4599 2196 4668 ipse
2225 4598 2579 4666 plantaverat,
2609 4596 2833 4650 veniens
2859 4595 3090 4664 desuper
3126 4593 3354 4663 Spiritus
3380 4609 3476 4648 cu-

1895 4688 2144 4745 stodiret.
2191 4687 2473 4742 Descendit
2501 4699 2629 4754 ergo
2659 4686 2713 4740 in
2741 4685 3019 4756 apostolos
3058 4684 3308 4755 Spiritus,
3346 4702 3476 4756 pro-

1894 4780 2141 4834 mittente
2179 4777 2418 4846 Christo,
2466 4785 2527 4832 ut
2571 4785 2827 4848 appareat
2853 4791 3014 4830 unam
3043 4791 3232 4831 eorum
3276 4792 3394 4832 esse
3422 4778 3475 4832 in

191 4872 405 4944 inquit,
435 4880 751 4928 conuertetur
778 4873 833 4926 in
861 4871 1116 4937 tenebras,
1145 4881 1194 4926 et
1218 4872 1342 4926 luna
1368 4874 1423 4926 in
1463 4874 1786 4944 sanguinem.
1819 4875 1870 4934 D
1895 4870 2144 4925 omnibus
2185 4868 2608 4924 indissolubilem
2645 4867 2998 4923 voluntatem.
3030 4865 3201 4934 Quam
3240 4881 3477 4937 congrue

191 4965 352 5035 Quid
397 4965 540 5020 aliud
574 4972 677 5033 est,
707 4964 990 5029 carissimi,
1033 4965 1078 5020 si
1120 4964 1417 5034 spiritualia
1455 4963 1788 5034 contemple-

274 5132 295 5164 ⁸
343 5130 400 5186 S.
425 5129 705 5197 Maximus,
733 5128 824 5198 qui
849 5128 901 5182 in
927 5126 1250 5198 praecedenti
1277 5141 1524 5182 sermone
1548 5127 1785 5183 invictis-

191 5202 364 5261 simis
408 5201 703 5256 rationibus
742 5197 972 5253 Ostendit
1007 5197 1390 5268 redemptionis
1428 5208 1622 5268 nostra:
1653 5214 1787 5268 opus

192 5273 267 5328 ad
315 5279 461 5325 totas
489 5280 596 5326 tres
624 5269 887 5324 Personas
915 5283 1033 5322 esse
1070 5267 1427 5334 referendum,
1475 5267 1562 5322 hic
1592 5267 1786 5322 iterum

192 5340 458 5397 eamdem
486 5340 767 5396 conﬁrmat
790 5339 1088 5400 veritatem.
1121 5338 1405 5393 desumens
1433 5338 1694 5392 rationem
1717 5339 1785 5392 ab

193 5413 414 5466 unione
443 5411 758 5474 voluntatis;
805 5423 926 5462 cum
961 5408 1148 5462 eadem
1193 5409 1263 5462 sit
1291 5408 1345 5461 in
1392 5408 1641 5462 omnibus
1687 5424 1784 5476 pro

194 5480 401 5536 mundi
430 5483 619 5536 salute.
651 5480 708 5534 Si
742 5494 869 5532 vero
897 5477 1175 5546 agaturde
1203 5477 1500 5546 actionibus
1527 5478 1592 5531 ad
1624 5478 1784 5546 intra,

192 5560 262 5606 ut
297 5551 452 5604 aiunt
480 5550 730 5619 theologi,
780 5545 952 5619 docet
977 5546 1033 5619 S.
1075 5545 1267 5619 Thom.
1310 5545 1334 5599 1
1380 5556 1550 5619 part”
1601 5545 1790 5616 quaest.

195 5621 301 5686 45,
352 5629 450 5674 art.
484 5621 540 5689 8,
590 5622 640 5674 in
669 5617 858 5675 divinis
884 5617 1309 5689 distinguendam
1337 5633 1484 5689 essc‘
1501 5618 1793 5672 Personam

194 5687 527 5746 mittentem
571 5697 625 5744 et
663 5691 899 5744 missam.
951 5687 1067 5743 Non
1107 5697 1190 5757 est
1230 5689 1421 5742 missus
1459 5687 1636 5753 Pater,
1668 5689 1794 5757 quia

195 5760 521 5830 ingenitus;
563 5761 757 5836 missus
792 5767 974 5840 tamen
1003 5765 1086 5816 est
1115 5775 1145 5816 a
1177 5756 1337 5816 Patre
1363 5757 1548 5824 Filius,
1574 5756 1699 5826 quia
1727 5758 1793 5821 ab
1811 5832 1837 5839 __

1897 4971 2076 5020 autem
2123 4964 2237 5034 ipsa
2273 4978 2332 5018 se
2365 4962 2626 5017 Divinitas
2653 4961 2861 5016 alterno
2891 4960 3199 5017 testimonio
3227 4960 3476 5017 humanis

1897 5141 1964 5182 eo
1993 5126 2231 5194 genitus;
2262 5125 2457 5180 missus
2496 5124 2752 5194 etiamnet
2775 5123 3004 5194 Spiritus
3025 5133 3263 5194 sanctus,
3292 5124 3415 5194 quia
3445 5140 3476 5182 a

1895 5192 2054 5251 Patre
2082 5196 2323 5319 Filioque
2344 5195 2606 5266 procedit.
2642 5192 2765 5248 Non
2787 5192 3018 5266 qualibet
3041 5193 3277 5249 Persona
3297 5192 3473 5260 mittit,

1895 5267 2066 5319 innuit
2105 5266 2164 5319 S.
2259 5267 2466 5319 homas.
2499 5265 2589 5319 sed
2627 5265 2792 5318 solum
2831 5265 2925 5319 illa
2969 5267 3050 5319 cui
3089 5267 3323 5319 convenit
3364 5282 3473 5318 esse

1893 5267 2066 5336 inquit
2105 5266 2164 5320 S.
2213 5265 2466 5336 Thomas,
2499 5265 2589 5319 sed
2627 5265 2792 5318 solum
2831 5265 2925 5336 il_la
2969 5267 3050 5319 cui
3089 5267 3323 5319 convenit
3364 5282 3476 5318 esse

1893 5334 2204 5408 principium
2230 5335 2662 5408 illiusPersonaz,
2678 5343 2725 5388 et
2745 5336 2818 5389 sic
2841 5334 3015 5408 Filius
3037 5337 3255 5408 mittitur
3276 5343 3475 5408 tantum

1893 5403 1926 5460 a
1966 5403 2153 5477 Patre,
2197 5415 2247 5460 et
2293 5407 2520 5477 Spiritus
2563 5415 2772 5477 sanctus
2799 5421 2833 5477 a
2879 5404 3040 5459 Patre
3062 5413 3116 5473 et
3146 5403 3192 5477 _F
3197 5406 3307 5477 ilio.
3338 5404 3474 5457 Cum

1896 5484 2076 5531 autem
2105 5473 2368 5531 Maximus
2409 5477 2497 5531 hic
2526 5483 2670 5530 totus
2699 5475 2768 5530 sit
2797 5476 2850 5530 in
2880 5473 3306 5530 commendando
3349 5488 3474 5525 nos~

1895 5555 1992 5618 εγω
2035 5547 2385 5617 reparationis
2435 5548 2711 5618 mysterio,
2753 5545 2956 5618 in_qu_o
2985 5552 3114 5598 totae
3143 5552 3251 5618 tres
3277 5541 3472 5618 divina:

1897 5612 2144 5673 Pet-sonte
2172 5626 2408 5688 operata:
2429 5612 2574 5679 sunt,
2603 5615 2738 5670 dixit
2767 5632 2778 5666 :
2806 5612 3038 5688 Invicem
3059 5629 3114 5666 se
3141 5613 3367 5688 mittunt,
3390 5612 3474 5664 in-

1895 5689 2050 5741 vicem
2087 5688 2185 5742 sibi
2211 5681 2490 5751 'obedinnt,
2517 5688 2637 5758 quia
2665 5703 2768 5740 non
2797 5694 2872 5739 est
2900 5685 2955 5738 in
2993 5683 3067 5737 eis
3095 5690 3184 5736 aut
3212 5681 3354 5746 velle,
3385 5689 3475 5740 aut

1847 5832 1854 5837 _
1889 5773 2043 5822 posse
2071 5758 2346 5822 diversum,
2381 5766 2484 5815 etc.
