4052 6330
1727 319 1785 374 S.
1825 313 2074 372 MAXIM!
2111 310 2563 369 TAURLNENSIS

3625 277 3631 286 ’
3669 308 3773 364 oss

493 435 678 495 inserit
703 433 972 502 sensibus,
999 445 1125 488 cum
1158 428 1406 488 Christus
1451 428 1776 500 prmnuntiat
1823 426 2084 496 Spiritum
2111 428 2166 488 Α
2191 422 2302 477 d:ea
2331 423 2644 492 peregrinus
2682 423 2912 492 audiret,
2943 430 2998 480 et
3034 423 3117 479 vir
3142 422 3391 479 Galilaeus
3425 437 3628 479 arcana
3652 425 3776 481 cali

494 537 778 587 Venturum
799 540 920 583 esse
948 524 1016 582 de
1041 523 1204 594 creto,
1232 529 1290 580 et
1308 535 1538 592 regnare
1565 521 1620 576 in
1639 521 1778 578 ctelo
1807 517 2082 575 Christum

495 621 724 692 Spiritus
763 618 1078 675 attestatur!
1111 615 1244 685 Quis
1283 622 1464 671 autem
1511 613 1719 669 dubitet
1745 626 1934 668 vocem
1961 624 2083 666 esse

494 712 848 780 verissimam,
876 718 933 766 et
973 709 1092 780 ejus
1129 709 1223 780 qui
1249 708 1427 780 pergit
1463 707 1532 762 ad
1571 707 1788 772 cmlum,
1843 712 1898 760 et
1943 703 2085 760 illius

496 804 585 873 qui
612 803 761 858 venit
787 802 855 858 de
875 802 1054 859 coelo?
1083 801 1285 874 Repteti
1313 802 1494 870 itaque
1520 807 1648 856 sunt
1674 799 1832 855 hodie
1860 806 2082 868 aposto-

498 892 554 962 li,
586 903 642 950 ut
690 896 892 952 lectum
922 903 1025 958 est,
1079 894 1282 966 Spiritu
1329 903 1534 968 sancto,
1565 903 1616 948 et
1643 902 1902 965 coeperunt
1944 892 2085 964 loqui

501 990 658 1044 variis
683 989 897 1061 linguis,
921 996 1074 1059 prout
1102 987 1332 1059 Spiritus
1359 986 1516 1041 dabat
1543 987 1710 1058 eloqui
1738 988 1814 1041 eis
1841 987 1977 1058 (Act.
2001 984 2081 1054 rt).

503 1075 628 1136 Illos
649 1080 900 1135 nimirum
924 1079 1155 1150 replevit
1178 1078 1429 1150 Spiritus,
1457 1093 1686 1148 quorum
1706 1077 1871 1132 corda
1897 1077 2089 1134 adven-

504 1173 580 1238 tui
609 1172 726 1243 ejus
763 1171 981 1242 sanguis
1020 1181 1076 1227 et
1110 1171 1355 1226 doctrina
1393 1169 1591 1226 Christi
1638 1176 1975 1240 purgaverat.
2019 1167 2088 1222 Et

503 1263 620 1318 huic
645 1264 817 1333 prima
846 1263 946 1318 fuit
969 1261 1200 1332 Spiritus
1221 1261 1554 1317 advenientis
1576 1261 1798 1326 utilitas,
1825 1268 1885 1316 ut
1913 1260 1966 1315 hi
1987 1260 2085 1315 viri

505 1355 597 1424 qui
644 1355 697 1409 in
735 1355 966 1411 salutem
1009 1354 1378 1410 universarum
1416 1354 1659 1423 gentium
1689 1355 1851 1425 529
1877 1351 2091 1409 fuerant

506 1447 737 1502 ordinati
792 1462 1044 1503 sermone
1096 1447 1334 1501 omnium
1391 1447 1760 1515 loquerentur.
1812 1444 2089 1516 Tantaque

506 1535 775 1596 Paracleti
801 1539 972 1609 gratia
1001 1537 1366 1609 apostolorum
1412 1545 1466 1592 et
1506 1537 1741 1606 linguam
1776 1537 2005 1608 replevit
2034 1543 2089 1593 et

507 1635 716 1700 pectus,
748 1637 806 1685 ut
833 1645 934 1685 nec
960 1630 1130 1684 virtus
1159 1628 1333 1684 verbis
1360 1643 1549 1684 eorum
1578 1628 1810 1696 deesset,
1843 1643 1942 1684 nec
1969 1643 2091 1682 ver-

507 1719 574 1776 ba
623 1722 824 1778 virtuti.
857 1721 1040 1793 Neque
1060 1737 1190 1778 sane
1218 1728 1302 1777 est
1329 1721 1474 1776 aliud
1503 1721 1555 1775 in
1596 1721 1790 1777 divinis
1819 1720 2090 1776 humanis-

2189 529 2296 569 non
2317 513 2492 568 solum
2541 513 2738 570 decore
2764 512 2937 572 Graeci
2967 515 3302 584 Romanique
3346 515 3657 580 sermonis,
3681 515 3776 572 sed

2187 605 2352 660 etiam
2379 605 2607 662 stridulo
2634 621 2926 672 murmure,
2957 607 3300 678 gementique
3327 616 3530 668 conatu
3557 609 3778 668 auritus

2186 698 2434 754 barbaris
2478 698 2829 770 loqueretur?
2867 697 3004 756 Olim
3047 715 3280 770 namque
3317 717 3442 756 cum
3468 697 3671 767 emtum
3698 703 3778 759 ire

2189 791 2518 850 contendens
2545 799 2750 848 turrem
2776 793 2879 851 sibi
2908 803 3247 850 construeret
3265 794 3505 850 humana
3525 809 3780 865 praestan-

2189 885 2325 956 ptio,
2356 900 2459 942 nec
2486 894 2778 943 contumax
2803 887 3026 944 haberet
3052 896 3281 946 conatus
3317 890 3595 958 enectum,
3621 890 3781 947 unius

2191 981 2352 1052 53o
2377 981 2639 1037 sermonis
2667 982 3018 1051 consortium,
3067 981 3305 1039 immissa
3342 982 3524 1039 subito
3573 982 3780 1050 lingua-

2189 1088 2307 1128 rum
2335 1073 2614 1140 varietate,
2638 1073 2867 1131 divisum
2887 1083 2988 1142 est,
3012 1083 3071 1130 ut
3096 1075 3225 1132 dum
3253 1077 3393 1133 alter
3410 1076 3646 1132 alterum
3671 1091 3779 1130 non

2191 1164 2440 1233 intelligit
2464 1165 2886 1234 colloquentem,
2917 1167 3093 1222 omnis
3120 1166 3211 1221 illa
3238 1168 3486 1237 protinus
3527 1167 3781 1237 impieta—

2189 1258 2260 1334 tis
2307 1257 2508 1314 labrica
2555 1259 2874 1314 solveretur.
2918 1259 3071 1315 Nunc
3103 1275 3256 1327 vero,
3286 1261 3376 1316 ubi
3406 1261 3550 1315 Deus
3579 1259 3782 1315 homini

2192 1348 2260 1404 ad
2297 1349 2493 1405 cmlum
2522 1357 2678 1420 parat
2704 1365 3007 1418 ascensum,
3045 1351 3379 1420 praeconibus
3407 1358 3574 1406 tanta:
3598 1349 3784 1421 gratim

2193 1449 2506 1498 cunctarum
2535 1441 2692 1497 datur
2716 1445 2906 1512 peritia
2936 1443 3257 1513 linguarum,
3291 1458 3360 1498 ne
3403 1441 3559 1511 cujus
3605 1443 3786 1510 gentis

2185 1525 2467 1589 hominem
2496 1539 2604 1587 tam
2633 1547 2885 1602 magnum
2915 1534 3008 1590 Dei
3036 1535 3206 1604 possit
3239 1533 3406 1589 latere
3433 1533 3786 1604 promissum.

2194 1624 2330 1680 sicut
2357 1632 2483 1680 ante
2511 1625 2676 1680 multa
2706 1626 2900 1681 smcula
2943 1626 3260 1704 prophetico
3287 1641 3542 1682 sermone
3577 1624 3787 1680 dictum

2194 1726 2277 1774 est
2310 1736 2322 1771 :
2355 1716 2480 1773 Non
2509 1727 2627 1773 sunt
2655 1719 2889 1789 loquelis,
2935 1734 3096 1790 neque
3125 1722 3407 1783 sermones,
3433 1733 3657 1789 quorum
3683 1735 3790 1772 non

509 1830 611 1885 que
635 1815 816 1884 rebus,
842 1814 984 1884 quod
1005 1815 1080 1869 ita
1101 1815 1374 1869 hominem
1400 1813 1560 1869 faciat
1587 1814 1900 1882 gloriosum,
1929 1829 2089 1883 quam
2122 1823 2170 1884 Β
2196 1812 2475 1866 audiantur
2500 1828 2644 1867 voces
2673 1829 2850 1868 eorum
2880 1811 3050 1881 (Psal.
3078 1813 3246 1882 xvm).
3268 1811 3421 1867 Unde
3442 1813 3792 1867 manifestum

509 1906 680 1964 sancti
733 1906 993 1961 sermonis
1048 1905 1327 1977 perfectio,
1385 1913 1441 1962 et
1485 1907 1720 1963 cmlestis
1766 1905 2091 1962 fortitudinis

511 1998 804 2069 plcnitudo.
837 1997 1222 2070 Loquebantur
1249 2011 1379 2067 ergo
1406 1999 1634 2069 apostoli
1665 2014 1760 2069 per
1789 2014 1952 2054 unum
1979 1997 2094 2068 Spi-

512 2088 674 2150 ritum
717 2089 877 2146 variis
921 2088 1138 2158 linguis,
1170 2096 1228 2144 ut
1274 2090 1327 2144 in
1357 2105 1517 2144 unam
1546 2089 1745 2144 Christi
1777 2089 1932 2144 tidem
1962 2104 2094 2158 gen-

514 2179 646 2249 tium
697 2181 928 2236 varietas
979 2181 1312 2237 conveniret.
1370 2180 1516 2238 Unde
1575 2180 1794 2236 dubium
1853 2197 1961 2236 non
2010 2193 2094 2238 est

513 2281 755 2327 sanctum
777 2273 916 2328 hunc
938 2272 1194 2344 Spiritum
1218 2273 1384 2328 Deum
1409 2288 1527 2327 esse
1548 2288 1668 2326 cum
1698 2271 1856 2329 Patre
1880 2282 1936 2329 et
1957 2272 2092 2328 Filio

515 2362 875 2419 confitendum
924 2384 936 2417 :
971 2382 1094 2420 nam
1119 2365 1240 2435 quis
1269 2366 1383 2420 haec
1410 2366 1545 2420 alius
1575 2374 1778 2434 ageret,
1805 2367 1904 2422 nisi
1935 2365 2093 2431 Deus,

517 2464 573 2509 ut
611 2457 886 2514 Romanus
928 2459 1112 2522 homo,
1156 2457 1384 2513 Parthus
1422 2473 1656 2527 quoque,
1703 2468 1757 2513 et
1798 2458 2002 2525 Medus,
2044 2467 2099 2513 et

519 2544 796 2620 Phrygius,
828 2551 1112 2621 omnisque
1147 2550 1410 2606 barbarus
1439 2550 1674 2619 linguam
1711 2565 1863 2605 suam
1903 2551 1956 2605 in
2003 2549 2098 2605 Ju-

2198 1911 2298 1969 est,
2329 1904 2612 1971 carissimi,
2645 1904 3032 1974 omnipotentis
3061 1904 3154 1958 Dei
3196 1903 3408 1970 Filium,
3444 1905 3539 1974 qui
3569 1905 3790 1958 univer-

2198 2011 2377 2051 sarum
2400 1997 2623 2052 veritate
2650 1997 2950 2065 linguarum
2980 2005 3196 2052 aeternae
3222 1997 3412 2052 salutis
3440 1997 3615 2052 voluit
3642 2013 3792 2068 mys-

2203 2089 2390 2143 terium
2422 2090 2723 2159 praedicari,
2764 2105 2872 2144 non
2912 2091 3072 2145 unius
3113 2098 3322 2145 tantum
3363 2088 3535 2144 Judaei
3581 2090 3791 2160 populi,

2201 2181 2296 2235 sed
2325 2180 2565 2235 omnium
2591 2181 2803 2235 venisse
2822 2180 3098 2236 hominum
3122 2173 3542 2251 redemptorem.
3563 2179 3630 2234 Et
3650 2179 3792 2242 ideo,

2203 2271 2416 2340 fratres,
2446 2273 2572 2340 quia
2603 2272 2817 2328 bonitas
2841 2271 3040 2329 Christi
3071 2274 3274 2328 nullum
3298 2274 3417 2328 vult
3438 2273 3622 2343 perire
3649 2287 3796 2326 mort

2202 2371 2412 2439 talium,
2432 2371 2499 2425 ab
2526 2372 2672 2424 omni
2701 2386 2801 2426 nos
2822 2371 3150 2442 impudicitia
3175 2378 3228 2425 et
3258 2371 3546 2439 iniquitate
3565 2368 3796 2423 munde-

2202 2479 2343 2529 mur,
2376 2471 2433 2516 ut
2465 2463 2518 2516 in
2550 2461 2873 2532 adjutorinm
2897 2463 3019 2517 vitae
3049 2471 3243 2517 nostra:
3271 2477 3490 2532 quoque
3517 2459 3797 2529 benignis-

2206 2557 2372 2612 simus
2396 2556 2493 2612 Dei
2523 2554 2754 2626 Spiritus
2784 2557 2944 2612 corda
2973 2557 3276 2613 illuminare
3303 2556 3581 2626 dignetur,
3611 2562 3712 2612 etc.

1947 2663 2214 2727 SERMO
2260 2668 2357 2729 LI.

1864 2761 1944 2815 De
1982 2761 2289 2820 Pentecoste
2329 2764 2432 2820 IV.

1960 2852 2354 2910 ADMONITIO.

583 2949 704 3006 Non
730 2935 903 3007 solum
931 2949 986 3004 in
1013 2947 1199 3004 codice
1227 2946 1581 3002 Ambrosiano
1610 2947 1698 3002 hic

1763 2948 2041 3025 uartusde
2072 2949 2410 3017 Pentecoste,
2443 2962 2498 3008 et
2525 2954 2742 3025 quintus
2769 2954 2860 3025 qui
2890 2953 3146 3024 sequitur,
3179 2952 3275 3010 sed
3316 2953 3480 3009 etiam
3521 2953 3578 3008 in
3608 2951 3798 3007 Tauri~

583 2962 704 3006 non
730 2962 903 3007 sctum
931 2964 986 3004 In
1013 2962 1199 3004 conice
1227 2962 1581 3002 ambrosmno
1610 2962 1698 3002 mc
1763 2962 1946 3003 uartus
1973 2962 2041 3003 ue
2072 2962 2216 3008 t’entt

517 3020 690 3088 nensi,
718 3019 799 3075 De
825 3019 1132 3075 Pentecoste
1160 3019 1374 3074 homilia
1402 3017 1453 3072 X
1467 3016 1613 3072 VIII
1639 3028 1688 3071 et
1714 2962 1818 3072 22X
1827 3017 1923 3072 111
1953 3021 2216 3089 leguntur.

520 3136 907 3205 Anconem“.
932 3166 1004 3178 —
1026 3133 1139 3189 Etsi
1171 3133 1436 3205 Unigeniti
1464 3131 1561 3186 Dei
1590 3141 1638 3186 et
1669 3132 1896 3205 Spiritus
1935 3137 2105 3191 sancti

588 3204 836 3276 beneﬁcia
871 3207 1111 3260 distincta
1157 3204 1566 3276 esse’videmus,
1598 3204 1777 3256 eadem
1818 3215 1987 3258 tamen
2029 3214 2105 3260 est

587 3275 848 3349 utriusque
876 3280 1131 3349 voluntas,
1162 3292 1320 3349 unum
1359 3275 1677 3349 prepositum
1706 3291 1961 3349 unumque
1984 3293 2108 3349 con-

585 3346 778 3414 silium,
811 3356 867 3402 ut
895 3347 1130 3403 Christus
1161 3346 1412 3417 Spiritum
1441 3347 1767 3416 repromittat
1795 3346 2103 3413 horninibus,

587 3427 636 3475 et
677 3419 905 3488 Spiritus
953 3415 1225 3473 annuntiet
1267 3415 1564 3488 Christum,
1615 3419 1753 3485 ipsos
1802 3417 2106 3472 Paracletus

587 3487 809 3562 illast-ret
837 3506 962 3562 quos
992 3489 1234 3544 Salvator
1261 3487 1430 3561 elegit.
1466 3488 1654 3543 Divina
1673 3506 1794 3560 ergo
1815 3489 1953 3543 cultu
1976 3489 2106 3543 hunc

592 3560 629 3616 S
633 3559 734 3633 piri
740 3559 858 3614 tum'
875 3576 1190 3614 veneremur.

589 3697 800 3764 Quanta
847 3712 944 3767 pro
989 3695 1164 3751 salute
1210 3694 1540 3759 mortalium,
1586 3694 1780 3750 fratres
1824 3695 2107 3764 carissimi,

523 3792 879 3863 omnipotenti
907 3807 1035 3846 cura
1081 3791 1150 3845 sit
1190 3791 1325 3860 Deo,
1355 3807 1531 3862 quove
1559 3790 1888 3860 dignationis
1917 3792 2111 3847 affectu

523 3883 758 3955 pericula
800 3883 1084 3937 miseratus
1131 3882 1399 3950 humana,
1439 3883 1761 3938 diabolicam
1803 3883 2113 3937 vacuaverit

524 3984 865 4045 potestatem,
899 3975 1023 4030 hinc
1067 3974 1374 4045 plenissime
1401 3981 1457 4028 et
1482 3975 1599 4028 sine
1627 3974 1788 4027 dubio
1829 3989 2115 4042 possumus

526 4069 809 4130 testimaro,
829 4068 973 4136 quod
992 4075 1046 4122 et
1066 4067 1186 4123 Filii
1205 4068 1285 4121 sui
1310 4068 1568 4137 sanguine
1588 4065 1654 4118 ad
1677 4065 1834 4119 ﬁdem
1856 4081 1953 4120 nos
1974 4065 2112 4120 veri-

529 4156 651 4210 tatis
692 4156 934 4224 attraxit,
961 4163 1017 4210 et
1045 4156 1275 4226 Spiritus
1301 4157 1476 4211 sancti
1504 4157 1810 4212 visitatione
1836 4172 2110 4222 concessa,

531 4244 864 4300 credentium
901 4247 1061 4301 corda
1107 4246 1415 4301 ﬁrmaverit.
1463 4247 1703 4302 Christus
1739 4250 1882 4303 enim
1921 4266 2020 4304 nos
2047 4251 2114 4304 ad

533 4338 693 4392 vitam
721 4337 967 4405 redemit,
1000 4339 1156 4408 erigit
1184 4339 1252 4394 ad
1279 4340 1555 4405 virtutem,
1597 4349 1657 4396 ut
1695 4343 1922 4410 gratiam
1952 4358 2112 4412 quam

532 4428 667 4484 Filio
695 4430 945 4485 tradente
973 4431 1326 4502 suscepimus,
1356 4431 1556 4502 Spiritu
1579 4433 1912 4488 custodiente
1932 4448 2116 4508 serve-

531 4536 667 4578 mus.
705 4521 961 4578 Videmus
995 4523 1233 4592 quidem,
1275 4524 1557 4591 carissimi,
1610 4523 1874 4592 Unigeniti
1921 4525 2016 4578 Dei
2061 4532 2118 4579 et

530 4613 756 4686 Spiritus
782 4616 956 4670 sancti
993 4616 1094 4670 sub
1127 4615 1529 4686 dispensatione
1576 4617 1815 4688 mysterii
1853 4616 2114 4672 beneficia

532 4722 649 4762 esse
692 4707 963 4773 distincta,
1012 4707 1109 4763 sed
1153 4708 1398 4763 eamdem
1443 4709 1496 4762 in
1527 4717 1756 4776 utroque
1781 4709 2115 4762 voluntatem

2133 3455 2180 3517 C

2210 3139 2456 3203 veritatis,
2488 3142 2574 3210 qui
2603 3157 2636 3195 a
2665 3139 2826 3195 Patre
2865 3156 2976 3194 meo
3016 3139 3266 3209 procedit,
3306 3140 3396 3194 ille
3441 3137 3699 3194 testabitur
3731 3137 3800 3192 de

2211 3245 2290 3283 me
2316 3229 2503 3297 ‘(Joam
2534 3233 2645 3302 xv).
2677 3232 2909 3286 Alternis
2940 3232 3188 3285 nimirum
3216 3247 3276 3287 se
3303 3231 3532 3287 invicem
3554 3231 3804 3285 testimo—

2213 3323 2315 3376 niis
2343 3324 2656 3393 praidicant,
2683 3325 2776 3393 qui
2805 3314 3091 3379 indiscreta
3124 3340 3182 3379 se
3222 3332 3489 3380 noverunt
3516 3323 3806 3392 majestate

2211 3430 2455 3486 regnare.
2489 3417 2752 3488 Denique,
2783 3426 2842 3473 ut
2869 3417 3203 3474 manifestius
3235 3433 3627 3488 cognosmmus
3657 3417 3808 3472 nulla

2212 3526 2308 3566 eos
2337 3512 2551 3582 penitus
2578 3512 2842 3567 divisione
2876 3512 3167 3582 sejunctas,
3201 3513 3346 3582 ipsos
3378 3508 3691 3568 Paracletus
3722 3511 3812 3564 vi-

2212 3606 2340 3660 sitat
2376 3614 2433 3660 et
2471 3605 2721 3672 illustrat,
2754 3620 2892 3675 quos
2931 3606 3202 3677 mysteriis
3235 3605 3345 3661 suis
3377 3605 3534 3677 531
3581 3604 3813 3658 idoneos

2213 3696 2461 3752 Salvator
2488 3698 2669 3766 elegit.
2709 3696 2814 3752 Pro
2854 3698 3001 3752 omni
3041 3696 3256 3768 quidem
3292 3697 3572 3752 hominum
3607 3708 3814 3763 genere

2213 3789 2472 3846 Dominus
2511 3788 2668 3844 Jesus
2701 3789 2961 3859 pependit
2997 3789 3050 3843 in
3085 3803 3263 3854 cruce,
3295 3787 3389 3843 sed
3411 3801 3521 3842 non
3554 3787 3814 3842 omnibus

2216 3883 2330 3952 ejus
2359 3881 2621 3936 illuxisset
2651 3881 3016 3950 Evangelium,
3043 3880 3142 3934 nisi
3175 3879 3406 3950 Spiritus
3433 3878 3611 3934 sancti
3636 3877 3813 3944 dono,

2215 3977 2340 4031 dum
2377 3976 2636 4046 apostolis
2664 3975 2932 4030 variarum
2962 3975 3260 4043 linguarum
3289 3973 3570 4028 scientiam
3599 3971 3814 4038 tribuit,

2219 4069 2493 4123 Dominica
2532 4067 2710 4138 passio
2751 4067 2818 4122 ad
2865 4068 3234 4121 universarum
3275 4065 3513 4134 gentium
3559 4063 3816 4118 notitiam

2217 4159 2566 4229 pervenisset.
2621 4158 2804 4211 Parthi
2849 4157 2993 4212 enim
3038 4163 3096 4210 et
3139 4155 3296 4220 Medi,
3327 4155 3413 4210 vel
3457 4153 3724 4219 Elamitae,
3757 4161 3818 4208 et

2219 4260 2446 4312 caiterae,
2476 4251 2617 4304 sicut
2644 4250 2840 4304 lectum
2869 4257 2970 4314 est,
3003 4249 3252 4304 nationes
3275 4247 3506 4318 propriis
3546 4245 3687 4316 apud
3715 4245 3817 4300 Ju-

2217 4345 2386 4399 daeum
2439 4343 2661 4397 audiunt
2699 4342 2893 4412 linguis
2936 4341 3030 4396 Dei
3082 4340 3378 4409 magnalia,
3427 4347 3484 4394 et
3531 4340 3656 4394 vita:
3696 4354 3817 4394 sum

2218 4433 2452 4489 remedia
2483 4434 2779 4504 praedicari.
2821 4433 2954 4500 Quis
2981 4433 3141 4502 igitur
3167 4434 3302 4500 hac,
3344 4433 3444 4488 nisi
3472 4418 3602 4487 vere
3629 4433 3818 4487 omni-

2220 4532 2411 4597 potens
2431 4524 2592 4592 Deus,
2617 4525 2842 4594 implere
2869 4525 3151 4594 potuisset,
3185 4530 3246 4577 ut
3282 4523 3407 4577 ferre
3444 4531 3658 4578 mentes
3678 4522 3818 4577 reli-

2220 4617 2422 4686 giosam
2444 4616 2716 4671 discerent
2742 4617 3104 4680 sanctitatem,
3125 4623 3179 4670 et
3205 4615 3482 4670 ctelestem
3511 4615 3819 4684 susciperet

2219 4709 2480 4766 barbarus
2504 4726 2683 4766 sermo
2709 4711 3046 4766 doctrinam?
3079 4711 3239 4783 53g
3286 4710 3478 4766 Divina
3523 4724 3675 4781 ergo,
3704 4709 3820 4763 fra-

437 4827 442 4832 -
532 4807 692 4868 atque
718 4816 884 4854 unum
912 4800 1126 4869 pietatis
1159 4800 1485 4856 advertimus
1514 4808 1930 4856 sacramentum.
1961 4799 2120 4855 Chri-
2141 4833 2194 4892 υ
2222 4810 2350 4866 tres,
2381 4803 2527 4857 cultu
2553 4817 2874 4857 veneremur
2909 4803 3054 4858 hunc
3089 4801 3367 4872 Spiritum,
3402 4802 3491 4857 cui
3533 4802 3688 4872 plena
3716 4816 3818 4856 re-

533 4898 646 4943 stus
684 4905 918 4958 namque
956 4905 1056 4959 pro
1098 4891 1270 4944 salute
1307 4900 1489 4946 nostra
1528 4892 1597 4947 de
1629 4891 1825 4946 femina
1855 4893 2109 4957 nascitur,

533 4983 627 5038 sed
657 4983 928 5037 hominem
958 4983 1130 5052 ipsum
1176 4982 1406 5053 Spiritus
1431 4993 1752 5053 cooperatur
1792 4985 1842 5038 in
1874 4984 2112 5060 Virgine,

533 5076 671 5129 sicut
693 5074 894 5128 dictum
921 5083 1002 5128 est
1029 5073 1094 5127 ad
1125 5075 1333 5128 beatam
1360 5075 1578 5129 Mariam
1616 5095 1626 5128 :
1661 5077 1884 5146 Spiritus
1907 5085 2115 5129 sanctus

534 5167 848 5236 superveniet
883 5166 1033 5233 inte,
1069 5174 1118 5219 et
1162 5167 1321 5219 uirtus
1363 5166 1614 5222 Altissimi
1663 5165 1983 5220 obumbrabit
2027 5166 2117 5219 tibi

537 5255 684 5327 (Luc.
716 5255 774 5327 1).
800 5253 1107 5326 Baptizatur
1135 5259 1297 5313 etiam
1321 5275 1416 5330 pro
1445 5259 1599 5314 nobis
1623 5260 1676 5313 in
1700 5258 1934 5314 Jordane
1952 5259 2120 5313 Filius

534 5351 658 5416 Dei,
691 5351 784 5405 sed
815 5349 884 5404 ad
912 5350 1312 5421 gloriﬁcandum
1343 5353 1459 5422 ejus
1493 5352 1838 5422 baptismum,
1869 5351 2026 5406 adest
2051 5353 2120 5406 de

533 5443 684 5498 curiis
711 5441 940 5512 Spiritus
965 5453 1180 5498 sanctus
1205 5445 1255 5498 in
1283 5445 1549 5499 columba.
1575 5441 1756 5512 Usque
1783 5444 1918 5499 adeo
1938 5451 2118 5496 autem

534 5553 695 5590 unum
732 5543 810 5590 est
847 5537 949 5592 illis
979 5542 1315 5614 propositum
1340 5551 1612 5606 unumque
1652 5535 1953 5598 consilium,
1979 5542 2036 5589 ut
2065 5541 2119 5589 ct

532 5625 778 5684 Christus
804 5628 1063 5700 Spiritum
1094 5627 1434 5696 repromittat
1455 5627 1777 5691 hominibus,
1803 5635 1858 5681 et
1887 5625 2117 5694 Spiritus

533 5722 816 5774 annuntiat
852 5720 1156 5785 Christum,
1199 5719 1413 5772 dicente
1461 5718 1687 5773 Domino
1721 5715 1883 5772 :Cum
1925 5718 2115 5771 venerit

526 5805 855 5885 J’araclitus,
899 5828 1046 5883 quem
1082 5829 1174 5881 ego
1216 5813 1359 5865 mitto
1400 5812 1615 5866 vobis'a
1661 5811 1819 5866 Patre
1859 5810 2113 5882 Spiritum

2223 4895 2510 4964 generandi
2537 4897 2724 4959 virtus,
2757 4905 2810 4949 et
2839 4905 3058 4965 peccata
3101 4896 3406 4950 remittendi
3437 4904 3678 4964 potestas
3704 4904 3815 4958 est,

2222 4987 2360 5042 sicut
2387 4987 2600 5042 instruit
2629 4987 2886 5042 Dominus
2927 4987 3219 5058 discipulos
3264 5002 3410 5050 suos,
3444 4987 3627 5042 dicens
3657 5005 3669 5039 :
3705 4985 3818 5053 Ite,

2224 5079 2401 5132 docete
2422 5096 2598 5133 omnes
2619 5089 2813 5148 gentes,
2839 5078 3162 5152 baptizanles
3187 5096 3276 5132 eas
3307 5079 3362 5131 in
3394 5081 3602 5132 nomine
3631 5077 3818 5130 Patris

2224 5181 2272 5224 et
2309 5170 2455 5238 Filii,
2497 5181 2544 5225 et
2587 5171 2814 5242 Spiritus
2860 5173 3027 5225 sancti
3079 5171 3292 5242 (Matth.
3343 5171 3523 5240 xvur);
3556 5178 3610 5224 et
3643 5169 3769 5222 alibi
3803 5190 3813 5220 :

2221 5261 2450 5333 Accipite
2494 5261 2749 5335 Spiritum
2786 5273 3060 5318 sanctum:
3093 5281 3308 5335 quorum
3349 5264 3654 5318 remiseritis
3690 5280 3815 5332 pec-

2223 5363 2359 5418 cata,
2383 5355 2599 5409 remissa
2621 5364 2757 5419 sunt,
2783 5365 2833 5408 et
2852 5370 3071 5426 quorum
3094 5355 3428 5419 retinueritis,
3458 5356 3668 5408 detenta
3692 5364 3819 5406 sunt

2224 5445 2402 5515 (Joan.
2446 5449 2558 5516 xx).
2602 5446 2733 5514 Quis
2782 5446 2942 5518 igitur
2977 5454 3085 5500 tam
3129 5446 3352 5501 demens
3393 5447 3540 5501 hunc
3576 5445 3819 5512 ambigat

2225 5553 2342 5595 esse
2371 5538 2558 5605 Deum,
2591 5540 2676 5595 cui
2709 5555 2831 5594 cum
2858 5537 3018 5594 Patre
3045 5545 3101 5595 et
3134 5538 3269 5595 Filio
3298 5538 3667 5609 inseparabilis
3695 5537 3816 5606 glo—
3859 5591 3868 5612 ε

2223 5630 2301 5684 ria
2347 5639 2404 5686 et
2447 5645 2646 5688 nomen
2689 5639 2773 5688 est
2809 5630 3116 5699 indivisum,
3146 5632 3238 5701 qui
3265 5630 3636 5687 dominatione
3657 5644 3818 5685 com-
3859 5618 3877 5672 ἵ

2221 5722 2368 5775 muni
2407 5730 2461 5776 et
2501 5724 2772 5790 peccantis
2819 5723 3122 5793 superbiam
3152 5724 3323 5794 punit,
3358 5730 3416 5778 et
3455 5721 3815 5779 humilitatem

2220 5811 2522 5871 conﬁtentis
2553 5816 2796 5882 absolvit,
2830 5822 2934 5871 etc.
