4052 6330
200 348 299 408 637

1634 345 1866 406 SERMO
1903 347 2031 404 Llll.

1611 462 1881 527 διζηΜο
1925 465 2053 526 LII.

1573 561 1653 620 De
1691 565 1993 621 Pentecoste
2041 565 2082 620 V

221 684 592 758 secunturut.
615 703 688 758 :—
708 671 1332 758 Spiritum_Paractetum,
1357 674 1444 738 qui
1469 672 1666 758 Filium
1685 672 1789 758 Dei
1817 679 1866 737 Α
1895 677 2128 742 dilectus,
2157 680 2213 732 in
2244 695 2342 750 quo
2376 677 2501 734 bene
2532 679 2819 753 complacui
2862 679 3072 755 (Matth.
3117 685 3270 756 xm).
3302 685 3478 758 Atque

279 765 368 819 pro
383 746 754 819 A‘redentptioge
792 745 972 819 mundi
1008 751 1277 819 venturum
1321 747 1630 819 repromisit,
1678 747 1788 817 ipse

281 813 650 887 Bedentptor_a
683 814 840 870 Patre
881 813 1185 887 mittendum
1225 813 1500 887 discipulis
1532 819 1638 870 suis
1685 813 1786 887 an.

280 884 546 942 nuntiauit.
591 884 944 956 Personarum
971 893 1045 938 est
1078 884 1364 956 indiscreta
1397 886 1662 956 majestas,
1697 886 1790 940 sed

278 960 516 1014 distincta
547 957 854 1027 proprietas.
889 954 1039 1020 Quis,
1077 955 1182 1027 nisi
1220 957 1350 1025 forte
1376 954 1563 1027 impius
1592 957 1790 1011 hereti-

275 1046 360 1084 cus
394 1036 485 1152 est
518 1023 746 1098 perﬁdus
781 1027 1014 1092 ludatis,
1051 1023 1245 1080 dubitet
1275 1023 1529 1098 Spiritum
1553 1036 1790 1083 sanctum

281 1117 386 1152 esse
462 1115 596 1152 eum.

281 1117 386 1155 8888
410 1115 596 1153 ueum.

274 1217 352 1271 Ab
373 1215 527 1270 initio
548 1215 887 1279 surculorum,
915 1215 1110 1271 fratres
1137 1215 1418 1279 carissimi,
1445 1231 1543 1285 per
1560 1215 1789 1286 patriar-

208 1309 328 1364 cbas
353 1321 416 1362 ac
441 1306 734 1376 prophetas
760 1306 952 1361 Filium
975 1306 1070 1361 Dei
1092 1322 1191 1377 pro
1215 1307 1397 1363 mundi
1418 1307 1790 1378 redemptione

206 1407 482 1454 venturum
531 1404 748 1454 sanctus
794 1399 948 1454 nobis
998 1399 1229 1469 Spiritus
1272 1399 1581 1468 repromisit
1621 1419 1633 1452 :
1677 1401 1791 1470 ipse

207 1491 343 1547 enim
371 1491 524 1545 illum
564 1496 814 1561 suscepta
853 1492 977 1546 novi
1020 1492 1252 1547 hominis
1292 1506 1453 1546 carne
1477 1491 1544 1546 de
1572 1491 1791 1563 Virgine

205 1583 555 1647 nasciturum,
597 1582 817 1651 injurias
863 1583 930 1637 ab
977 1584 1174 1654 impiis,
1224 1584 1422 1654 probra
1466 1599 1790 1656 crucemque

204 1689 480 1746 passurum
501 1714 518 1738 ,
567 1675 1018 1730 resurrectionem
1073 1691 1288 1745 quoque
1332 1675 1450 1743 ejus
1492 1677 1559 1730 ab
1605 1676 1791 1755 inieris

203 1777 322 1823 ante
366 1768 539 1823 multa
582 1783 848 1823 annorum
893 1769 1058 1823 millia
1104 1769 1467 1838 prophetavit.
1493 1768 1614 1836 Quo
1641 1785 1792 1826 com-

201 1862 357 1932 pleto,
389 1876 492 1931 per
523 1861 809 1916 Dominum
843 1870 1087 1918 nostrum
1125 1861 1307 1918 Jesum
1336 1861 1628 1929 Christum,
1661 1880 1788 1934 per-

197 1954 440 2026 fectoque
485 1956 766 2027 mysterio,
805 1957 1172 2026 apostolorum
1213 1956 1330 2025 ejus
1367 1958 1534 2013 corda
1563 1957 1788 2016 miriﬁco

197 2046 490 2115 najestatis
522 2062 632 2103 suae
660 2047 980 2103 illuminavit
1007 2048 1258 2113 adventu,
1291 2062 1348 2104 ut
1387 2049 1538 2118 cuius
1565 2050 1784 2105 humili-

196 2145 353 2195 tatem
373 2139 532 2209 prius
551 2140 965 2211 passionemque
984 2143 1276 2210 cecinerat,
1298 2159 1442 2199 nunc
1460 2143 1790 2213 triumphato
1821 2131 1868 2191 Β

194 2231 404 2289 diabolo
426 2240 488 2288 et
509 2242 688 2288 morte
714 2233 945 2301 devicta,
976 2241 1233 2290 aeternam
1255 2237 1404 2305 regni
1423 2237 1542 2305 ejus
1565 2237 1791 2308 gloriam

192 2324 532 2395 praedicaret.
559 2324 731 2393 Quem
760 2336 938 2382 tamen
962 2327 1301 2384 Paracletum
1327 2329 1442 2400 ipse
1464 2330 1794 2402 Redemptor

191 2424 370 2474 noster
397 2425 534 2472 ante
562 2433 670 2472 non
700 2419 894 2473 multos
921 2419 1036 2474 dies
1059 2429 1344 2477 venturum
1375 2436 1495 2477 esse
1520 2422 1586 2477 de
1616 2424 1787 2490 caelis,

189 2513 241 2560 et
266 2521 297 2560 a
330 2505 497 2562 Patre
528 2507 845 2564 mittendum
875 2513 1213 2567 annuntiavit
1233 2512 1507 2582 discipulis
1532 2515 1662 2569 suis.
1696 2515 1792 2570 At-

190 2615 289 2671 que
318 2601 392 2655 ita
423 2602 507 2666 tit,
541 2608 596 2654 ut
624 2601 748 2656 dum
777 2602 1008 2674 Spiritus
1033 2604 1302 2660 Christum
1329 2606 1662 2676 unigenitum
1693 2607 1790 2663 Dei

188 2687 359 2745 Patris
397 2691 716 2762 prophetat,
745 2700 800 2747 et
827 2693 953 2747 dum
982 2692 1227 2750 Christus
1254 2711 1285 2749 a
1316 2693 1477 2751 Patre
1504 2705 1791 2752 venturum

188 2783 448 2853 Spiritum
497 2784 847 2854 repromittit,
885 2793 1179 2856 mutuaque
1209 2786 1438 2843 invicem
1475 2803 1534 2844 se
1564 2797 1789 2846 attesta-

188 2875 330 2931 tione
371 2877 744 2947 praenuntiant
787 2893 953 2933 unum
983 2893 1120 2943 esse,
1155 2895 1320 2933 unum
1348 2880 1508 2945 velle,
1541 2889 1598 2936 et
1625 2897 1790 2936 unum

188 2982 403 3037 semper
433 2983 602 3039 posse
631 2968 938 3024 credantur.
987 2969 1083 3025 llic
1111 2978 1212 3036 est,
1244 2971 1528 3038 carissimi,
1561 2971 1793 3043 Spiritus

187 3070 408 3116 sanctus
449 3060 548 3130 qui
595 3061 898 3117 secretioris
945 3063 1262 3132 operatione
1308 3066 1550 3136 mysterii
1581 3074 1792 3122 uterum

185 3150 425 3224 Virginis
456 3154 665 3211 cmlesti
706 3153 1031 3212 fecunditate
1060 3157 1268 3212 ditavit.
1315 3157 1414 3214 Hic
1439 3167 1524 3215 est
1561 3158 1794 3230 Spiritus

187 3245 276 3314 qui
300 3246 579 3315 baptisma
607 3243 804 3302 Christi
833 3248 1044 3304 Domini
1072 3250 1264 3317 nostri,
1297 3251 1350 3304 in
1380 3252 1560 3321 specie
1588 3254 1795 3309 colum-

186 3337 268 3398 bae
304 3341 462 3396 visus
490 3341 708 3411 quidem
738 3357 769 3396 a
795 3341 1021 3421 Joanne,
1053 3343 1148 3398 sed
1183 3345 1377 3400 tacitus
1411 3346 1665 3414 visitavit,
1695 3362 1797 3401 nec

186 3445 342 3502 suam
394 3432 630 3489 credidit
677 3434 1039 3491 necessariam
1067 3450 1276 3501 vocem,
1310 3445 1438 3492 tunc
1475 3452 1597 3492 cum
1636 3435 1797 3492 Pater

1891 769 2003 822 haec
2031 768 2227 824 idcirco
2251 778 2554 825 sanctarum
2588 769 2984 842 Scripturarum
3008 777 3328 832 testimoniis
3347 777 3479 836 edo-

1890 875 2092 927 cemur,
2127 869 2181 916 et
2207 877 2560 948 personarum
2582 865 2738 920 nobis
2768 867 3052 936 indiscreta
3075 869 3289 939 quidem
3315 872 3478 941 maje-

1889 964 2020 1023 stas,
2047 955 2140 1010 sed
2163 956 2413 1011 distincta
2433 959 2732 1028 proprietas
2753 961 3037 1016 reveletur.
3064 962 3194 1017 Nam
3219 971 3476 1033 quantum

1893 1046 1960 1102 ad
1992 1047 2216 1102 Deitatis
2248 1045 2482 1118 pertinet
2521 1050 2801 1115 unitatem,
2847 1053 2897 1106 in
2927 1051 3103 1107 Verbo
3135 1053 3306 1110 Patris
3344 1071 3476 1110 con-

1889 1156 2078 1196 sensus
2111 1150 2193 1196 est
2221 1142 2467 1212 Spiritus,
2502 1151 2555 1196 et
2599 1145 2653 1198 in
2690 1159 2939 1200 sermone
2972 1146 3200 1217 Spiritus
3227 1149 3478 1204 voluntas

1890 1238 1974 1286 est
1999 1231 2190 1287 Patris.
2215 1233 2344 1300 Quis
2367 1235 2508 1288 enim
2531 1234 2785 1305 Spiritum
2814 1245 3076 1304 sanctum,
3101 1239 3202 1292 nisi
3227 1239 3366 1294 forte
3387 1247 3478 1294 aut

1890 1324 2083 1394 impius
2128 1324 2427 1392 hzcreticus,
2463 1335 2554 1379 aut
2582 1326 2817 1394 perfidus
2860 1327 3092 1392 Judzeus,
3124 1329 3330 1385 dubitet
3359 1345 3478 1386 esse

1889 1413 2079 1478 Deum,
2111 1416 2228 1471 sine
2255 1432 2361 1486 quo
2390 1433 2492 1474 nec
2515 1418 2852 1488 baptismatis
2874 1419 3151 1491 perﬁcitur
3172 1438 3477 1478 sacramen-

1891 1515 2026 1573 tum,
2057 1523 2158 1562 nec
2185 1510 2432 1564 remissio
2461 1510 2711 1565 tribuitur
2739 1511 3120 1580 peccatorum?
3157 1512 3287 1579 Quis
3332 1513 3476 1569 illum

1891 1599 1964 1653 ita
2003 1603 2226 1655 demens
2268 1601 2498 1670 abnegat
2543 1601 2733 1668 Deum,
2782 1603 2834 1657 in
2875 1619 3032 1674 quem
3081 1603 3480 1674 blasphemasse

1891 1691 1964 1744 ita
1993 1700 2075 1745 est
2121 1692 2344 1762 impium
2375 1701 2536 1763 atque
2573 1695 2930 1759 mortiferum,
2963 1703 3020 1749 ut
3061 1697 3482 1766 blasphemantis

1888 1793 2170 1855 peccatum
2199 1786 2342 1840 nulla
2373 1787 2528 1840 venia
2558 1787 2934 1856 subsequatur,
2962 1790 3344 1858 pronuntianle
3365 1787 3484 1842 Sal-

1889 1884 2077 1931 vatore
2109 1884 2293 1932 nostro
2323 1891 2386 1932 ac
2421 1878 2634 1933 dicente
2662 1895 2673 1930 :
2702 1877 2804 1943 Qui
2833 1879 3026 1933 dixerit
3051 1878 3258 1932 verbum
3298 1882 3351 1933 in
3391 1878 3483 1932 Fi—

1893 1969 2018 2022 lium
2060 1969 2302 2032 hominis,
2347 1973 2630 2025 remittetur
2671 1973 2747 2036 ei;
2790 1973 2874 2037 qui
2914 1979 3083 2024 autem
3125 1972 3178 2023 in
3230 1971 3483 2040 Spiritum

1893 2071 2147 2122 sanctum,
2182 2077 2284 2115 non
2313 2064 2598 2117 remittetur
2625 2065 2671 2117 ei
2702 2080 2862 2134 neque
2886 2065 2943 2115 in
2970 2063 3063 2117 hoc
3091 2063 3299 2126 swcnlo,
3327 2045 3496 2134 neque.

1893 2154 1949 2207 in
1974 2153 2148 2224 futuro
2175 2151 2386 2223 (Matth.
2420 2155 2538 2221 xu).
2580 2153 2698 2219 Hic,
2732 2155 2967 2222 inquam,
2998 2153 3228 2224 Spiritus
3264 2161 3486 2208 sanctus

1894 2243 2190 2316 procedens
2230 2257 2260 2296 a
2303 2242 2478 2307 Patre,
2509 2245 2807 2314 promissus
2855 2261 2885 2298 a
2929 2243 3082 2309 Filio,
3114 2245 3257 2298 dona
3300 2245 3486 2312 gloria;

1894 2351 2002 2391 suae
2028 2337 2081 2388 in
2111 2335 2400 2404 apostolos,
2426 2333 2626 2390 Christi
2668 2347 2752 2391 est
2796 2336 3045 2406 dignatus
3081 2333 3381 2402 infundere,
3413 2335 3484 2390 ita

1893 2435 1955 2482 ut
1979 2427 2260 2498 passiones
2287 2441 2621 2497 regnumque
2663 2427 2779 2497 ejus
2817 2429 3055 2482 omnium
3098 2427 3336 2497 gentium
3365 2440 3484 2480 ser-

1894 2535 2056 2574 mone
2085 2520 2451 2588 loquerentur.
2501 2518 2614 2574 Hac
2642 2519 2885 2590 profecto
2918 2519 3248 2588 dignatione,
3271 2526 3334 2572 ut
3359 2517 3484 2587 quia

1897 2624 2057 2665 omne
2085 2609 2360 2664 hominum
2383 2625 2556 2678 genus
2584 2610 2877 2666 vocabatur
2903 2609 2970 2664 ad
2993 2610 3178 2674 vitam,
3210 2609 3486 2679 dispensa-

1895 2701 2098 2756 tionem
2128 2701 2506 2773 mysteriorum
2533 2701 2630 2756 Dei
2655 2709 2801 2756 totus
2836 2701 3034 2770 ubique
3061 2700 3295 2755 mundus
3332 2699 3486 2754 audi-

1895 2801 1998 2849 ret.
2030 2793 2226 2861 Quanti
2249 2794 2398 2860 illud,
2420 2796 2631 2861 fratres,
2660 2795 2903 2850 miraculi
2924 2794 3040 2859 fuit,
3067 2783 3212 2862 quod
3231 2792 3490 2848 Hebraeus

1896 2886 2059 2942 homo
2087 2887 2266 2942 subito
2296 2902 2584 2958 erumpens
2614 2888 2667 2941 in
2698 2887 2858 2942 verba
2894 2901 3002 2941 non
3036 2900 3134 2940 sua
3167 2884 3234 2939 de
3263 2899 3490 2954 magna»-

1898 2979 2036 3034 libus
2078 2978 2174 3035 Dei
2221 2980 2522 3036 instruebat
2567 2979 2832 3046 Graecum,
2883 2979 3112 3035 docebat
3166 2977 3488 3043 Romanum,

1902 3076 2057 3147 533
2079 3076 2456 3145 alloquebatur
2485 3075 2817 3148 Egyptium,
2844 3082 3006 3144 atque
3025 3088 3215 3129 omnes
3235 3073 3492 3128 barbaras
3557 3111 3562 3116 .

1901 3168 2146 3221 nationes
2176 3169 2406 3236 propriis
2425 3183 2608 3222 earnm
2639 3168 2834 3238 linguis
2865 3167 3188 3222 informabat
3211 3165 3277 3219 ad
3300 3163 3486 3219 ﬁdem!

1903 3258 1970 3311 Et
2017 3258 2156 3321 ideo,
2208 3259 2491 3322 carissimi,
2533 3259 2916 3328 omnipotentis
2963 3256 3056 3310 Dei
3097 3254 3494 3310 misericordias

1905 3351 2271 3420 imploremus,
2304 3351 2465 3422 53h
2493 3359 2552 3404 ut
2579 3358 2635 3405 et
2665 3365 2764 3404 nos
2791 3349 2858 3404 de
2889 3349 2999 3402 Deo
3031 3346 3351 3401 annuntiare
3373 3359 3493 3415 qua:

1905 3443 2065 3512 digna
2098 3450 2225 3498 sunt
2257 3443 2549 3506 valeamus,
2574 3451 2629 3497 et
2659 3457 2758 3498 vos
2782 3457 2846 3495 ea
2873 3455 2993 3509 quae
3020 3440 3268 3494 dicuntur
3309 3435 3494 3491 audire

184 3523 302 3597 ipse
353 3526 676 3597 loqueretur
713 3543 746 3586 ο
789 3529 946 3597 casto,
977 3528 1166 3586 dicens
1197 3548 1210 3585 :
1245 3529 1321 3586 Tu
1345 3548 1404 3587 es
1438 3529 1614 3586 Filius
1655 3548 1795 3586 meus
1823 3522 1870 3583 C
1902 3541 1956 3587 et
1985 3533 2285 3603 intelligere
2311 3532 2492 3589 debita
2521 3533 2869 3588 veneratione
2897 3530 3136 3602 possitis,
3169 3536 3256 3583 etc

1607 3644 1879 3707 SERMO
1923 3645 2064 3707 LIII

1570 3745 1648 3799 De
1685 3745 1990 3802 Pentecoste
2035 3746 2133 3802 VI.

247 3912 579 3986 ﬂicsermo
605 3917 1021 3986 postremusest
1047 3905 1320 3986 inpudico
1349 3834 2162 3986 Taurinemi‘PDDggleliigcoste
2197 3907 2412 3986 homitia
2437 3905 2544 3986 XX
2554 3905 2687 3986 v11.
2719 3904 2795 3986 tbi
2826 3906 3115 3986 adnotatur
3139 3900 3322 3986 25.25
3343 3908 3399 3986 et
3425 3898 3496 3954 ω

176 3975 693 4060 boniilia§_deesse.
722 3980 887 4036 Nobis
911 3977 1355 4060 jucundissimum
1383 3976 1505 4045 fuit,
1535 3984 1802 4060 quqtquot
1830 3978 2156 4060 Muratorius
2182 3979 2468 4060 etcodice
2498 3977 2852 4060 Ambrosiano
2881 3976 3061 4060 hausit
3085 3975 3495 4060 publicavitqua

173 4053 360 4109 sancti
417 4049 640 4174 Maximi
680 4045 988 4116 sermones,
1017 4049 1247 4105 aliorum
1291 4063 1507 4119 quoque
1544 4045 1793 4103 codicum
1837 4050 2160 4105 auctoritate
2201 4050 2372 4106 eidem
2421 4058 2611 4106 sancto
2651 4050 2908 4119 episcopo
2938 4045 3255 4104 Tauriiiensi
3283 4060 3314 4099 a
3339 4045 3494 4100 nobis

173 4124 548 4194 adjudicatos
608 4122 764 4178 uisse.

168 4235 600 4294 Ancum-mrum.
625 4265 696 4274 ——
723 4232 802 4286 De
826 4233 999 4304 gratia
1025 4230 1288 4304 bonitatis,
1313 4247 1468 4304 quam
1490 4229 1636 4304 nobis
1657 4229 1799 4285 Deus

245 4304 503 4362 creando
527 4300 986 4375 vel_regenerqndo
1012 4300 1204 4375 tribuit.
1233 4301 1310 4356 De
1325 4300 1665 4375 conceptione
1697 4319 1797 4375 tta-

247 4378 572 4446 tivitateque
597 4370 807 4446 Christi.
845 4373 924 4446 De
964 4373 1156 4446 virgine
1184 4382 1350 4446 matre
1375 4370 1570 4438 Maria,
1601 4373 1664 4446 d_e
1685 4371 1797 4444 ejus

239 4463 466 4522 sponso
485 4441 744 4522 Iosephi:
755 4445 833 4499 De
842 4441 1299 4522 ⁸ιςρῡῆι-ιξ-εξςςσισείξ
1302 4443 1457 4522 [tunc
1476 4459 1589 4498 esse
1607 4441 1796 4522 Deum,

245 4513 534 4589 inanique
566 4513 676 4572 esse
701 4513 978 4589 Patrisiet
1006 4514 1156 4589 itii,
1183 4513 1491 4589 et__Spi_ritus
1521 4517 1687 4589 sancti
1711 4531 1798 4569 vo-

248 4585 564 4653 luntatem,
621 4596 828 4642 sanctus
891 4585 1155 4640 Maximus
1211 4585 1434 4640 dilucide
1499 4588 1798 4658 copioseque

219 4671 222 4675 '
247 4658 522 4719 ostendit.

1908 4233 2159 4290 nativitas
2187 4242 2405 4305 peccata
2435 4236 2677 4306 suscipit,
2709 4236 2810 4291 ista
2839 4235 3082 4306 deponit.
3113 4233 3190 4288 Ibi
3223 4230 3494 4287 nascendo

1904 4329 2188 4394 morimur,
2234 4330 2321 4386 hic
2359 4331 2588 4386 vivimus
2630 4329 2931 4385 moriendo.
2977 4328 3234 4396 Denique,
3268 4334 3327 4378 ut
3355 4326 3494 4379 hanc

1904 4421 2149 4481 Christus
2178 4425 2512 4480 nobilitatem
2541 4425 2727 4494 generi
2770 4429 3053 4494 praestaret
3088 4422 3345 4481 humano,
3378 4433 3493 4474 ser-

1907 4517 2026 4571 vilis
2061 4533 2162 4588 pro
2207 4517 2361 4572 nobis
2401 4525 2584 4586 partus
2615 4514 2828 4583 indigna
2859 4512 3114 4580 suscepit,
3139 4517 3195 4564 et
3221 4509 3266 4564 si
3294 4522 3493 4563 conce~

1905 4612 2090 4682 ptione
2115 4610 2410 4672 dissimilis,
2439 4608 2600 4663 simili
2641 4616 2818 4661 tamen
2865 4605 3076 4658 ratione
3115 4599 3388 4655 nascendi.
3435 4597 3496 4652 in

1906 4720 2014 4774 quo
2043 4701 2258 4776 quidem
2279 4698 2828 4772 conceptu,quamvis
2859 4695 3017 4750 Pater
3043 4697 3277 4749 aeternus
3304 4687 3493 4745 adfue-

249 4795 616 4856 Inmstimataa
654 4792 913 4849 bonitatis
941 4798 1025 4846 est
1059 4790 1254 4858 gratia,
1284 4789 1478 4844 fratres
1515 4787 1795 4853 carissimi,

1905 4797 1996 4860 rit,
2028 4804 2210 4850 tamen
2238 4809 2412 4864 neque
2440 4791 2597 4847 Matri
2638 4793 2725 4846 lex
2758 4797 2960 4844 mutata
2991 4796 3070 4843 est
3097 4784 3362 4857 pariendi,
3395 4799 3493 4840 ne-

175 4907 354 4966 quam
387 4888 556 4944 nobis
583 4887 924 4957 omnipotens
948 4885 1035 4940 vel
1054 4885 1290 4940 creando
1315 4891 1570 4954 potenter
1591 4883 1795 4949 tribuit,

1908 4906 2014 4960 que
2052 4891 2293 4946 nascenti
2330 4903 2500 4959 puero
2541 4885 2710 4943 defuit
2744 4884 2950 4954 vagitus
2992 4881 3249 4936 infantia}.
3301 4877 3495 4933 Tenuit

111 4996 119 5004 '
174 4987 268 5049 vel
293 4981 688 5056 regenerando
715 4979 1010 5035 clementer
1036 4977 1276 5034 indulsit.
1300 4975 1549 5033 Creando
1570 4991 1805 5046 namque
1829 4981 1884 5045 D
1911 4985 2160 5041 nimirum
2188 4999 2288 5039 suo
2318 4981 2478 5038 Pater
2506 4981 2560 5035 in
2589 4978 2724 5034 Filio
2760 4977 2988 5048 geminae
3031 4972 3344 5029 substantia:
3383 4972 3495 5026 vir-

177 5079 462 5155 prmstitit
491 5083 569 5143 ut,
597 5076 867 5132 viviﬁcato
899 5077 955 5132 in
991 5076 1211 5133 homine
1236 5077 1458 5147 pulvere
1487 5077 1804 5146 operatione
1909 5088 2098 5145 tutem,
2141 5085 2406 5147 quatenus
2451 5073 2731 5144 majestate
2777 5070 2988 5125 virtutis
3034 5067 3148 5137 ejus
3190 5063 3497 5120 veneranda

177 5174 473 5239 mirabili,
493 5187 596 5227 nos
619 5187 828 5237 omnes,
844 5172 938 5241 qui
959 5187 1069 5227 non
1087 5186 1324 5236 eramus,
1347 5184 1619 5236 essemus;
1646 5183 1801 5238 rege-
1911 5167 2185 5241 Puerpera
2226 5183 2390 5223 unum
2431 5164 2787 5233 eumdemque
2823 5160 3113 5223 Christum,
3142 5164 3196 5211 et
3236 5165 3295 5210 ut
3327 5155 3497 5210 Deum

177 5265 460 5327 perando
489 5271 670 5318 autem
698 5263 928 5319 contulit
970 5269 1028 5317 ut
1069 5278 1133 5318 ea
1170 5277 1290 5333 qua:
1322 5263 1494 5332 prima
1520 5260 1676 5316 nobis
1705 5277 1801 5315 na—
1911 5263 2244 5332 conciperet,
2273 5268 2329 5314 et
2366 5266 2424 5312 ut
2472 5257 2742 5312 hominem
2771 5260 3002 5324 pareret.
3037 5250 3116 5305 An
3146 5265 3253 5304 non
3284 5247 3371 5301 ille
3401 5245 3494 5299 Dei

179 5371 315 5420 tura
364 5374 492 5415 non
524 5357 767 5423 dederat,
797 5358 1046 5413 nativitas
1082 5357 1317 5413 secunda
1345 5355 1616 5414 conferret
1648 5371 1807 5426 :quze
1910 5357 2075 5412 Filius
2114 5354 2327 5410 videtur
2373 5367 2492 5407 esse
2539 5357 2850 5419 conceptus,
2892 5346 2982 5401 ubi
3007 5343 3224 5443 carnali
3252 5345 3496 5443 cessante

177 5455 394 5525 utique
427 5449 670 5508 secunda
698 5449 947 5506 nativitas
983 5464 1081 5519 per
1106 5447 1441 5520 baptismatis
1468 5453 1801 5504 sacramenta
1910 5448 2170 5520 germine,
2200 5454 2255 5501 et
2281 5446 2443 5500 homo
2471 5442 2705 5499 creditur
2732 5439 2974 5530 virgineo
2999 5436 3262 5530 formatus,
3362 5436 3495 5530 Βιθ-

175 5519 399 5604 servos
435 5541 607 5610 gignit
632 5542 688 5596 in
721 5540 877 5606 ﬁlios,
906 5550 961 5597 et
986 5519 1182 5598 coelum
1210 5540 1457 5597 ﬁdelibus
1496 5539 1798 5611 pollicetur.
1912 5519 1996 5606 ro,
2027 5547 2081 5595 et
2108 5539 2248 5594 Deus
2277 5552 2382 5592 non
2415 5535 2692 5590 dubitetur
2717 5546 2858 5623 esse,
2888 5527 2978 5623 qui
3008 5534 3164 5623 natus
3334 5519 3494 5622 Mira-

177 5635 420 5695 Nobilis
441 5632 661 5704 quidem
683 5636 853 5706 prima
865 5635 955 5690 illa
968 5635 1246 5690 hominum
1259 5643 1527 5700 creatura;
1547 5634 1662 5688 haec
1676 5649 1804 5688 vero
1914 5630 2035 5685 bilis
2051 5636 2232 5700 partus
2247 5627 2430 5682 Matris
2443 5627 2678 5692 intactae,
2694 5621 2786 5678 sed
2807 5620 2974 5674 multo
2987 5623 3069 5672 est
3085 5612 3376 5706 mirabilius
3393 5612 3497 5706 vir:

177 5701 554 5797 subsequens
575 5701 876 5784 non—solum
898 5727 1272 5799 mysteriorum
1294 5727 1527 5797 puritate
1550 5723 1801 5790 nobilior,
1915 5722 2191 5793 ginitatem
2222 5719 2449 5790 paricnti
2480 5715 2741 5772 mansisse
2765 5720 2888 5812 post
2913 5716 3144 5812 partum:
3169 5705 3332 5812 Naltli‘
3352 5701 3498 5771 (ἰυυά

178 5821 295 5892 uti
323 5829 395 5879 et
424 5819 573 5878 beati
611 5818 840 5884 Spiritus
876 5797 1279 5878 consecratione
1317 5819 1549 5877 caelestis
1578 5825 1678 5874 est.
1712 5815 1808 5872 illa
1916 5815 2108 5871 mirum
2137 5815 2204 5871 sit
2232 5811 2454 5879 dictum,
2485 5824 2611 5867 caro
2638 5814 2765 5862 nata
2802 5804 2871 5862 de
2912 5817 3076 5859 carne
3120 5797 3373 5858 inviolata
3402 5810 3501 5850 na-
