4052 6330
502 331 607 402 6'39

1733 328 1791 384 S.
1829 315 2080 381 MAXIM!
2111 314 2564 379 TAURINENSIS

3692 326 3800 386 ϐω

506 464 690 523 turalis
719 452 938 534 pudoris
966 458 1201 514 claustra
1231 454 1487 513 servavit.
1521 452 1646 509 llaec
1673 467 1806 509 vero
1835 459 1948 506 tam
1973 441 2101 505 san-
2132 441 2182 502 Δ
2206 440 2479 514 distantia,
2510 448 2604 503 sed
2642 447 2696 503 in
2737 447 3054 518 operatione
3083 444 3376 505 distinctio.
3423 449 3514 506 Ait
3557 464 3797 525 namque

503 567 589 616 cta
616 567 834 627 tamque
861 551 1146 624 magnitica
1188 549 1314 606 fecit
1343 549 1432 606 ille
1462 550 1623 617 Deus,
1655 547 1742 604 cui
1767 548 1946 604 omnia
1976 550 2099 605 caeli

2203 542 2272 598 dc
2300 557 2366 598 eo
2393 541 2639 599 Christus
2676 541 2947 614 discipulis
2988 542 3099 598 suis
3143 542 3330 602 dicens
3373 561 3386 597 :
3427 543 3556 599 Cum
3603 549 3798 603 venerit

503 658 765 719 terr-mque
793 656 960 717 opera
988 660 1088 716 pro
1112 643 1392 699 voluntate
1428 642 1715 714 potestatis
1742 657 1851 698 sua:
1873 657 2102 712 respon-
2201 637 2510 693 Paracletus
2544 655 2690 710 quem
2728 654 2822 710 ego
2865 638 3066 692 mittam
3094 637 3232 692 vobis
3265 655 3297 693 a
3328 636 3512 703 Patre,
3564 639 3798 708 Spiritus

501 741 646 808 dent,
679 740 766 796 cui
804 736 1252 810 incomprehensa
1298 735 1496 801 facere,
1541 752 1650 792 non
1691 737 1746 791 in
1783 736 1969 792 labore
2011 736 2098 791 vel

500 848 687 906 opere,
719 833 815 890 sed
845 835 898 889 in
924 833 1168 904 jussione
1197 832 1462 890 consistit.
1497 831 1597 900 Qui
1629 839 1688 886 ut
1715 847 1912 886 novum
1940 830 2098 887 daret

500 927 696 1000 virgini
722 934 954 998 partum,
988 926 1078 982 illa
1109 926 1217 996 egit
1256 926 1472 992 virtute,
1505 940 1610 996 qua
1639 933 1832 982 cuncta
1873 924 1999 983 fecit
2027 941 2097 983 ex

501 1019 700 1087 nihilo;
734 1019 899 1074 divini
927 1033 1161 1089 namque
1189 1033 1309 1075 esse
1333 1018 1534 1089 operis,
1565 1016 1713 1088 quod
1741 1017 1940 1073 mundo
1972 1018 2096 1074 huic

501 1111 800 1168 fecunditas
839 1111 1116 1180 virginalis
1155 1111 1346 1177 illuxit,
1378 1109 1595 1166 Gabriel
1635 1110 1857 1181 angelus
1901 1111 2095 1167 missus

500 1205 572 1260 ad
599 1204 822 1260 Mariam
862 1205 1142 1272 revelavit,
1183 1205 1369 1260 dicens
1403 1204 1471 1259 ad
1513 1218 1633 1259 eam
1667 1221 1678 1256 :
1713 1203 1942 1274 Spiritus
1971 1220 2094 1258 san-

500 1305 613 1354 ctus
641 1298 964 1370 superveniet
1003 1299 1059 1352 in
1098 1306 1163 1364 te,
1206 1307 1255 1351 et
1297 1298 1456 1351 virtus
1496 1296 1745 1350 Altissimi
1774 1295 2095 1351 obumbrabit

501 1389 611 1457 tibi,
635 1390 850 1463 ideoque
871 1399 921 1445 et
947 1390 1081 1463 quod
1119 1395 1359 1444 nascetur
1389 1405 1454 1442 ea:
1483 1397 1531 1443 te
1559 1397 1794 1442 sanctum
1833 1387 2095 1443 vocabitur

500 1482 670 1539 Filius
700 1483 800 1538 Dei
841 1482 990 1556 (Luc.
1023 1484 1083 1555 ι).
1117 1481 1224 1538 Sed
1253 1490 1306 1536 et
1331 1481 1638 1537 venerando
1673 1481 1746 1535 illi
1782 1479 1983 1552 Joseph
2008 1481 2092 1537 di-

498 1577 843 1648 spensatione
890 1576 1098 1632 ctelesti
1153 1589 1367 1645 semper
1411 1589 1653 1644 sponso,
1706 1588 1808 1628 nec
1856 1588 2093 1643 unquam

497 1672 714 1736 marito,
759 1672 916 1726 beata
958 1669 1125 1724 Maria
1167 1668 1470 1724 intaminati
1505 1669 1710 1723 ventris
1750 1668 1831 1723 sui
1872 1684 2093 1724 servans

498 1765 806 1836 incorrupta
843 1765 1136 1836 signacula,
1170 1779 1278 1819 non
1307 1762 1492 1830 ﬁlium,
1521 1762 1617 1819 sed
1646 1763 1930 1817 Dominum
1961 1779 2090 1834 par-

497 1858 701 1913 turivit.
741 1856 837 1911 Cui
876 1855 1075 1927 Joseph
1105 1856 1307 1912 dictum
1350 1863 1432 1911 est
1473 1855 1540 1910 ab
1585 1854 1776 1925 angelo
1809 1873 1820 1907 :
1857 1853 2008 1919 Quod
2034 1857 2088 1910 in

495 1960 638 2008 utero
661 1950 812 2006 habet
840 1950 1017 2004 Maria
1041 1950 1104 2004 de
1136 1949 1337 2019 Spiritu
1374 1957 1552 2004 sancto
1581 1958 1658 2004 est
1684 1947 1897 2018 (Matth.
1926 1949 1988 2021 ι).
2021 1948 2088 2004 Et

2197 733 2428 787 veritatis
2449 735 2536 800 qui
2565 750 2596 786 a
2624 731 2788 788 Patre
2810 750 2921 788 meo
2942 732 3192 804 procedit,
3219 732 3309 787 ille
3329 731 3604 787 testabitur
3627 733 3692 786 de
3714 750 3796 788 me

2200 826 2380 899 (Joan.
2428 827 2540 896 xv).
2578 826 2710 884 ltem
2745 827 2813 882 de
2856 841 2916 882 se
2959 826 3075 897 ipso
3105 826 3180 879 ait
3206 825 3454 882 Salvator
3487 844 3500 878 :
3535 825 3651 897 Ego
3678 843 3794 881 sum

2197 922 2300 987 via,
2331 923 2519 976 veritas
2547 929 2596 976 et
2619 923 2722 976 vita
2753 920 2928 991 (Joan.
2962 919 3094 990 xiv).
3144 917 3258 987 Ego
3277 935 3440 987 -sum,
3472 919 3667 989 inquit,
3699 936 3797 976 ve-

2195 1015 2354 1082 ritas;
2385 1015 2431 1070 si
2459 1031 2588 1087 ergo
2616 1015 2802 1082 Filius,
2830 1014 2923 1084 qui
2952 1014 3150 1070 veritas
3172 1020 3274 1076 est,
3303 1013 3566 1085 Spiritum
3597 1018 3797 1071 asserit

2196 1123 2316 1163 esse
2355 1107 2618 1175 veritatis,
2659 1106 2778 1177 quis
2814 1106 2962 1161 illum
3002 1119 3199 1175 negare
3237 1107 3436 1177 poterit
3463 1106 3655 1175 Deum,
3689 1108 3796 1162 nisi

2195 1204 2286 1273 qui
2314 1204 2527 1260 veritati
2564 1203 2632 1260 de
2667 1204 2896 1260 veritate
2937 1217 3047 1258 non
3096 1201 3305 1258 credit?
3341 1201 3529 1273 Itaque
3558 1201 3792 1272 Spiritus

2197 1311 2355 1353 verus
2381 1305 2465 1354 est
2493 1297 2654 1366 Deus,
2685 1312 2848 1367 quem
2877 1295 3122 1352 Christus
3149 1303 3202 1350 et
3223 1311 3255 1350 a
3282 1293 3442 1351 Patre
3457 1279 3788 1367 procedere,

2195 1400 2251 1448 et
2294 1408 2326 1447 a
2364 1407 2423 1448 se
2464 1391 2784 1447 mittendum
2824 1389 2943 1462 pari
2971 1389 3306 1460 professione
3334 1396 3584 1444 testatur.
3629 1388 3789 1444 Mittit

2194 1493 2376 1540 autem
2415 1483 2513 1538 Dei
2555 1482 2720 1537 Filius
2766 1480 3025 1552 Spiritum
3072 1479 3246 1535 Patris
3285 1480 3397 1545 sui;
3441 1480 3632 1548 mittit,
3681 1496 3789 1537 non

2193 1577 2367 1648 quasi'
2391 1575 2736 1632 obedientem
2781 1581 3076 1646 pmceptn,
3115 1572 3210 1628 sed
3249 1572 3507 1644 mysterio
3556 1587 3790 1628 concor-

2193 1671 2428 1727 dantem.
2465 1668 2532 1722 Et
2575 1668 2644 1724 ob
2674 1667 2780 1723 hoc
2827 1669 2942 1738 ipse
2980 1665 3209 1737 Spiritus
3246 1663 3546 1735 procedens
3573 1679 3606 1718 a
3632 1662 3790 1720 Patre

2194 1767 2392 1836 legitur
2417 1764 2612 1819 missus
2639 1779 2670 1818 a
2699 1762 2857 1830 Filio,
2889 1777 2958 1817 ne
2991 1769 3085 1816 aut
3117 1758 3261 1814 aliud
3288 1773 3408 1814 esse
3433 1773 3602 1828 quam
3630 1756 3790 1815 Pater

2196 1867 2298 1926 est,
2327 1867 2420 1915 aut
2444 1856 2737 1928 quidquam
2785 1854 2946 1927 536
2987 1853 3258 1908 diversum
3298 1851 3437 1905 velle
3477 1865 3645 1921 quam
3677 1851 3790 1908 vult

2195 1954 2361 2010 Filius
2380 1951 2713 2010 crederetur.
2743 1947 2972 2019 Propter
2995 1945 3159 2018 quod,
3187 1945 3399 2012 fratres,
3423 1945 3541 2000 sine
3569 1952 3792 2000 cuncta-

494 2041 616 2101 ideo
641 2044 746 2100 hoc
776 2043 952 2114 ipsum
979 2043 1034 2097 in
1063 2057 1220 2098 aures
1245 2041 1565 2112 patriarcha!
1591 2056 1701 2097 vox
1728 2041 1981 2110 angelicae
2006 2050 2090 2096 ιιι-
2119 2045 2165 2106 B
2195 2051 2344 2104 tione
2370 2046 2619 2103 clarescit
2644 2059 2805 2100 unam
2834 2058 2953 2099 esse
2987 2041 3182 2106 Patris,
3213 2043 3270 2096 et
3303 2038 3442 2102 Filii,
3474 2047 3531 2093 et
3558 2038 3791 2110 Spiritus

494 2137 799 2192 testationis
818 2136 1072 2200 intonuit,
1096 2150 1166 2189 ne
1194 2133 1335 2190 forte
1365 2141 1518 2190 tanto
1541 2133 1802 2189 miraculo
1823 2135 2091 2205 stupentis

492 2227 703 2299 juvenis
731 2230 970 2286 animum
997 2229 1227 2286 sinistm
1253 2228 1575 2300 suspicionis
1601 2229 1812 2286 macula
1840 2229 2091 2285 vulnera-

490 2331 596 2390 ret,
627 2331 683 2379 et
711 2321 1000 2378 temineam
1037 2327 1255 2392 putaret
1280 2321 1494 2393 culpam
1532 2320 1624 2376 ubi
1661 2321 1897 2376 salutare
1935 2319 2092 2376 nobis

491 2417 810 2489 mysterium
853 2417 1196 2472 nascebatur.
1243 2415 1355 2472 Nec
1393 2422 1629 2486 poterat,
1677 2414 1891 2480 fratres,
1933 2414 2092 2470 aliter

490 2524 719 2582 sponsus
751 2509 842 2565 ille
871 2509 1131 2566 innocens
1158 2515 1321 2581 atque
1348 2507 1608 2567 sollicitus
1631 2513 1839 2564 tantam
1865 2504 2090 2560 fructiﬁ-

491 2603 664 2658 cantis
693 2603 832 2657 uteri
861 2602 1086 2658 credere
1112 2602 1433 2670 novitatem,
1465 2602 1568 2657 nisi
1615 2601 1789 2658 eidem
1835 2598 2090 2672 paritura:

489 2711 702 2767 sponsas
729 2695 1046 2765 pudicitiam
1073 2695 1391 2764 virginalem
1432 2697 1629 2751 missus
1657 2697 1725 2752 ab
1753 2697 1862 2752 alto
1891 2700 2087 2769 praedi-

489 2796 666 2844 casset
685 2777 938 2843 assertor.
965 2787 1193 2842 Sanctus
1221 2788 1402 2856 itaque
1430 2788 1681 2858 Spiritus,
1704 2789 1841 2844 sicut
1870 2791 2086 2861 legitur,

489 2880 544 2936 in
595 2888 752 2936 utero
798 2879 1028 2947 Virginis
1078 2877 1367 2949 Unigenito
1415 2879 1590 2936 Patris
1638 2882 1810 2936 univit
1855 2884 2090 2941 hominis

489 2987 729 3037 carnem,
763 2971 957 3036 univit,
998 2985 1106 3026 non
1144 2971 1366 3026 artiticis
1403 2971 1680 3040 tigurantis
1727 2973 1960 3042 ingenio,
1993 2976 2089 3031 sed

469 3064 770 3134 majestate
799 3063 1101 3129 formantis,
1129 3077 1292 3133 quem
1320 3063 1580 3134 Spiritum
1614 3080 1744 3120 vere
1770 3081 1888 3121 esse
1919 3067 2085 3123 Deum

487 3153 659 3208 virtus
685 3162 740 3210 et
768 3155 971 3210 veritas
1000 3155 1160 3228 535
1197 3157 1324 3211 novi
1367 3157 1549 3227 operis
1595 3157 2086 3226 attestatur.,Nam

485 3245 760 3316 quomodo
789 3246 841 3301 in
872 3247 961 3301 illa
990 3247 1180 3303 salutis
1216 3254 1416 3303 nostra!
1443 3247 1645 3304 fabrica
1678 3248 1819 3304 idem
1855 3249 1908 3304 in
1949 3266 2082 3306 con-

485 3337 738 3408 ceptione
764 3337 984 3403 Christi,
1027 3339 1115 3394 ubi
1162 3338 1323 3395 Pater
1370 3355 1480 3394 non
1520 3340 1726 3408 deerat,
1775 3343 1866 3398 ubi
1914 3343 2087 3399 inerat

485 3427 672 3495 Filius,
703 3429 795 3485 ubi
824 3445 953 3486 caro
979 3440 1167 3486 nostra
1203 3432 1389 3488 divino
1426 3433 1702 3489 consortio
1733 3435 2080 3505 jungebatnr,

483 3520 626 3578 idem
672 3521 906 3593 Spiritus
952 3524 1101 3579 velut
1140 3533 1332 3580 auctor
1368 3527 1648 3597 asseritur,
1680 3527 1783 3582 nisi
1821 3541 1963 3584 esset
2004 3530 2080 3585 illi

2193 2142 2366 2199 sancti
2411 2139 2767 2196 voluntatem.
2821 2133 3264 2206 Quandoquidem
3307 2141 3363 2188 et
3396 2133 3565 2188 Filius
3603 2134 3788 2198 mittit,

2193 2234 2338 2306 quod
2375 2233 2548 2288 Patris
2579 2239 2691 2298 est;
2723 2236 2777 2286 et
2806 2228 2988 2296 Pater,
3017 2226 3162 2297 quod
3190 2241 3344 2281 suum
3381 2232 3482 2291 est,
3529 2225 3790 2296 impertit,

2194 2338 2254 2385 ut
2293 2345 2323 2383 a
2365 2327 2500 2382 Filio
2545 2325 2826 2386 dirigatur.
2869 2322 2968 2378 Hic
3003 2322 3166 2391 igitur
3209 2319 3441 2392 Spiritus
3469 2334 3642 2374 unum
3670 2334 3794 2376 cum

2193 2420 2354 2476 Patre
2384 2436 2450 2475 ac
2478 2418 2616 2473 Filio
2652 2415 3042 2487 redemptionis
3084 2426 3350 2484 peragens
3386 2419 3795 2471 sacramentum

2192 2517 2562 2571 universarum
2591 2512 2832 2582 gentium
2860 2508 3054 2577 linguis
3075 2507 3414 2576 majestatem
3443 2505 3648 2561 Christi
3669 2505 3770 2561 mit
3794 2537 3796 2541 -

2191 2609 2356 2666 tentis
2383 2597 2692 2676 annuntiat,
2724 2618 2831 2661 non
2860 2612 2920 2660 ut
2949 2599 3213 2676 superiori
3244 2599 3479 2657 oﬂicium
3514 2598 3793 2668 deferens,

2191 2703 2287 2760 sed
2337 2702 2622 2773 imperium
2670 2697 3050 2769 conregnantis
3102 2695 3394 2751 insinuans.
3439 2690 3546 2761 Qui
3583 2689 3794 2750 idcirco

2191 2796 2453 2868 apostolis
2480 2795 2627 2850 dedit
2648 2793 2968 2848 varietatem
2996 2789 3318 2858 linguarum,
3349 2795 3409 2843 ut
3437 2801 3538 2857 per
3563 2802 3660 2842 eos
3686 2785 3793 2842 dos

2191 2889 2364 2946 ctrina
2402 2887 2654 2942 salutaris
2696 2884 2817 2940 ﬁdei
2858 2883 3180 2954 populorum
3207 2880 3446 2936 omnium
3475 2886 3794 2949 penetraret

2191 2982 2452 3038 auditum.
2499 2979 2630 3034 Erat
2677 2992 2865 3034 revera
2916 2977 3029 3047 ipse
3075 2974 3383 3029 Paracletus
3430 2973 3483 3026 in
3532 2986 3792 3028 sermone

2189 3074 2489 3144 multiplex,
2521 3072 2864 3142 omnipotens
2895 3069 2947 3123 in
2977 3067 3194 3132 virtute,
3219 3066 3463 3121 diversus
3487 3065 3538 3118 in
3563 3064 3787 3132 linguis,

2189 3175 2243 3223 et
2272 3182 2410 3222 unus
2439 3167 2494 3221 in
2526 3165 2792 3221 omnibus.
2819 3161 3043 3216 Miratur
3077 3160 3257 3215 omnis
3287 3158 3498 3214 auditor
3519 3173 3580 3214 os
3607 3157 3792 3226 gentis

2189 3271 2460 3319 extraneze
2485 3276 2592 3316 non
2616 3265 2936 3314 extraneum
2965 3255 3209 3327 proferre
3234 3251 3563 3309 sermonem.
3591 3251 3793 3322 Stupet

2189 3367 2245 3413 et
2276 3357 2389 3427 ipse
2427 3355 2519 3424 qui
2550 3353 2809 3422 loquitur,
2843 3351 2910 3404 ab
2939 3365 3035 3406 ore
3070 3363 3168 3404 suo
3197 3364 3306 3404 non
3335 3362 3434 3402 sua
3461 3345 3624 3401 vei-ba
3651 3360 3794 3415 pro-

2191 3450 2404 3506 cedere.
2435 3447 2503 3502 Et
2530 3445 2756 3518 perinde
2785 3443 2982 3498 factum
3016 3450 3119 3509 est,
3143 3449 3202 3496 ut
3229 3440 3358 3495 dum
3395 3453 3576 3495 sermo
3605 3439 3792 3495 varius

2190 3558 2351 3598 unam
2379 3557 2479 3612 per
2506 3541 2707 3595 multos
2742 3537 2980 3608 loquitur
3029 3535 3207 3602 ﬁdem,
3251 3534 3318 3590 ad
3356 3535 3512 3589 unius
3542 3533 3664 3588 tidei
3689 3548 3792 3588 so-

484 3613 678 3669 eadem
705 3629 829 3670 cum
860 3613 1021 3670 Patre
1042 3622 1097 3670 et
1126 3615 1262 3672 Filio
1293 3624 1347 3672 et
1368 3618 1420 3671 in
1442 3626 1634 3673 natura
1662 3628 1922 3691 potestas,
1950 3631 2006 3677 et
2029 3623 2081 3678 in
2109 3643 2152 3704 c
2188 3636 2440 3692 aetatem
2455 3641 2642 3703 gemes
2663 3631 2894 3686 dissonae
2918 3629 3292 3686 convenirent.
3315 3627 3384 3682 Et
3405 3627 3548 3689 ideo,
3568 3623 3791 3693 fratres,

482 3705 763 3763 voluntate
809 3710 1154 3770 communio?
1203 3709 1410 3765 Videtis
1453 3712 1655 3783 itaque,
1701 3713 1909 3784 fratres,
1955 3719 2080 3788 quia

482 3805 808 3867 cooperator
854 3799 983 3865 Dei,
1033 3800 1138 3855 nisi
1185 3800 1326 3857 Deus
1369 3818 1489 3859 esse
1531 3821 1639 3860 non
1679 3815 1912 3875 poterat.
1951 3807 2082 3865 Erat

481 3891 646 3957 enim,
678 3898 736 3946 ut
764 3901 851 3948 est
889 3891 1122 3963 Spiritus
1160 3903 1401 3963 sanctus,
1445 3905 1500 3952 et
1546 3899 1810 3955 indivisus
1837 3918 1867 3956 a
1898 3901 2076 3970 Patre,

481 3989 536 4036 et
565 3982 905 4052 inseparatus
955 4001 986 4039 a
1034 3985 1190 4051 Filio,
1236 3987 1431 4057 quibus
1473 3990 1680 4060 utique,
1730 3992 1870 4047 sicut
1913 4010 2079 4050 sacrm

483 4071 729 4130 lectionis
757 4074 928 4132 ﬁdelis
957 4093 1138 4134 sermo
1167 4095 1269 4134 nos
1296 4080 1510 4149 edocet,
1540 4097 1650 4137 non
1682 4094 1765 4139 est
1794 4085 1847 4140 in
1880 4087 2078 4145 virtute

2185 3723 2520 3783 declinantes
2559 3737 2699 3778 vana
2739 3721 2943 3788 mundi,
2989 3727 3045 3776 et
3084 3719 3418 3776 brevissima:
3456 3716 3617 3787 hujus
3661 3716 3794 3771 vita

2186 3819 2582 3876 oblectamenta
2604 3814 2896 3881 calcantes,
2921 3812 3068 3868 illum
3086 3811 3287 3882 jugiter
3307 3810 3600 3881 sapiamus,
3622 3814 3793 3878 atque

2184 3912 2361 3981 ipsum
2388 3922 2605 3979 semper
2634 3907 2936 3993 loquamur,
2967 3904 3060 3974 qui
3088 3903 3406 3959 mortalibus
3435 3900 3675 3959 coalestia
3695 3915 3794 3955 sa-

2183 4016 2314 4073 pere
2341 4009 2398 4057 et
2425 3991 2833 4067 terrenis'loqui
2860 3996 3038 4052 divina
3068 3995 3359 4051 concessit.
3390 3991 3489 4049 Cui
3526 3993 3703 4050 honor
3731 3997 3791 4047 et

2184 4092 2355 4163 gloria
2384 4092 2438 4147 in
2467 4091 2663 4147 saecula
2689 4089 3026 4146 saeculorum.
3061 4087 3250 4143 Amen.

1892 4200 2164 4267 SERMO
2207 4207 2364 4268 LIV.

1838 4322 1916 4378 De
1945 4324 2256 4388 Pentecoste
2291 4331 2422 4388 VII.

478 4447 872 4507 Ancmn'wit.
903 4479 966 4492 --
1001 4445 1258 4522 Eamdem
1286 4466 1393 4504 rem
1422 4452 1530 4522 agit
1564 4459 1776 4508 sanctus
1805 4453 2074 4514 Maximus

542 4522 599 4576 in
625 4527 844 4593 utraque
869 4521 1142 4593 concione;
1165 4538 1349 4593 nempe
1372 4521 1685 4577 credendum
1713 4543 1823 4580 esse
1859 4527 1927 4580 ad
1957 4527 2072 4583 Pa-

544 4600 675 4647 trem
699 4590 876 4647 repera
901 4592 1193 4661 peremisse
1219 4590 1439 4658 Filium,
1471 4610 1587 4648 cum
1607 4595 1836 4652 videmus
1856 4597 1912 4651 in
1945 4616 2074 4654 san-

543 4662 952 4740 ctos__apost_o_los
981 4663 1314 4740 descendisse
1353 4662 1696 4740 Paractitum.
1729 4667 1920 4740 Utique
1951 4671 2074 4723 des-

543 4733 796 4813 cendit’in
822 4733 944 4813 illos
972 4733 1201 4813 Spiritus
1244 4744 1472 4801 sanctus,
1515 4736 1672 4813 juxta
1715 4733 1908 4794 Christi
1953 4758 2071 4813 pro-

545 4804 856 4869 missionem,
892 4811 947 4858 ut
975 4804 1061 4859 eas
1091 4805 1293 4860 doceret
1322 4804 1528 4860 omnem
1552 4810 1835 4864 ceritatem.

542 4990 740 5047 Notum
767 4990 920 5046 vobis
967 4992 1215 5047 omnibus
1261 5001 1363 5060 est,
1396 4993 1609 5062 fratres,
1644 5003 1847 5065 quanta
1875 4997 1945 5050 sit
1973 4996 2073 5051 liii-

469 5091 622 5162 jusce
661 5087 769 5144 diei
811 5089 1116 5144 veneranda
1167 5091 1496 5158 solemnitas,
1525 5093 1827 5162 quibusque
1866 5093 2073 5162 gaudiis

472 5187 624 5236 tanta
656 5195 687 5235 a
716 5181 924 5237 cunctis
951 5182 1020 5237 sit
1042 5183 1363 5240 celebranda
1400 5186 1684 5242 festivitas.
1711 5185 1884 5242 Hodie
1928 5188 2074 5243 enim

472 5271 772 5330 Salvatoris
801 5275 974 5331 nostri
1006 5276 1096 5356 illa
1147 5286 1232 5332 est
1279 5279 1500 5348 impleta
1542 5278 1850 5349 promissio,
1879 5296 1984 5350 qua
2020 5282 2072 5336 in

472 5367 752 5437 apostolos
792 5367 1050 5439 Spiritum
1082 5379 1349 5435 sanctum,
1379 5370 1508 5426 dum
1540 5371 1656 5441 ipse
1682 5371 1735 5426 in
1789 5373 1954 5429 coelos
1988 5389 2074 5431 as-

473 5459 750 5525 cenderet,
775 5475 835 5518 se
855 5461 1068 5518 dixerat
1095 5477 1215 5520 esse
1235 5464 1544 5519 missurum.
1559 5461 1888 5522 Promiserat
1907 5468 2068 5523 enim:
2118 5513 2122 5516 .

473 5549 605 5611 Cum
625 5565 796 5612 autem
824 5559 1102 5613 ascendere
1125 5558 1192 5611 ad
1219 5556 1457 5624 Patrem,
1490 5559 1694 5615 mittam
1723 5560 1864 5616 vobis
1895 5561 2070 5616 Para-

474 5651 652 5706 clitum
680 5649 939 5722 Spiritum
977 5652 1237 5719 ueritatis,
1282 5659 1333 5706 et
1377 5653 1487 5724 ipse
1531 5669 1618 5707 ros
1657 5653 1854 5708 docebit
1897 5654 2072 5710 omnia

479 5738 658 5810 (Joan.
691 5731 826 5814 xvi).
845 5741 1124 5800 Credimus
1152 5745 1297 5801 enim
1325 5744 1393 5801 ad
1424 5746 1638 5802 Patrem
1667 5763 1856 5804 revera
1878 5762 2071 5820 perve-

478 5833 624 5892 nisse
647 5833 863 5904 Filium,
886 5851 1008 5892 cum
1031 5835 1274 5894 videmus
1303 5839 1356 5896 in
1391 5847 1606 5898 sanctos
1635 5841 1912 5918 apostolos
1941 5841 2068 5899 des-

2185 4443 2429 4500 cendisse
2449 4443 2794 4500 Paraclitum.
2819 4443 2973 4499 Illum
2993 4442 3178 4514 utique
3207 4443 3260 4498 in
3291 4443 3440 4500 cmlis
3465 4452 3790 4514 regnantem

2184 4553 2302 4595 esse
2334 4555 2442 4596 non
2469 4539 2792 4602 dubitamus,
2825 4537 3042 4608 quando
3071 4553 3193 4594 eum
3224 4539 3584 4594 sacratissima
3613 4537 3791 4610 Spiri.

2183 4640 2269 4686 tus
2314 4631 2488 4687 sancti
2535 4645 2758 4685 munera
2787 4629 2991 4685 donare
3037 4628 3283 4684 videmus
3312 4629 3364 4683 in
3395 4628 3573 4683 terris.
3597 4629 3791 4686 Victor

2181 4732 2328 4779 certe
2357 4722 2424 4777 ad
2452 4723 2730 4778 dexteram
2759 4720 2936 4776 Patris
2960 4720 3071 4790 jam
3121 4720 3302 4786 sedet,
3335 4719 3464 4775 dum
3493 4721 3571 4775 uti
3611 4721 3791 4778 victor

2179 4816 2323 4872 dona
2347 4816 2591 4885 largitur.
2641 4813 2794 4869 Unde
2840 4821 2897 4868 et
2950 4812 3201 4868 Salvator
3227 4811 3427 4867 diaboli
3456 4811 3632 4867 victor
3659 4819 3787 4882 post

2183 4909 2513 4979 triumphum
2541 4906 2850 4976 discipulos,
2876 4920 3012 4976 quos
3042 4904 3107 4959 ab
3136 4903 3277 4959 illius
3306 4903 3618 4974 captivitate
3647 4903 3789 4959 liba

2181 5001 2340 5065 ravit,
2372 4999 2534 5054 etiam
2571 4998 2804 5069 Spiritus
2838 4997 3012 5052 sancti
3042 4995 3419 5052 benedictione
3455 4995 3662 5050 ditavit.
3691 4993 3789 5050 Li-

2179 5090 2391 5146 beravit
2416 5095 2597 5146 autem
2623 5105 2740 5154 nos,
2765 5104 2888 5144 cum
2915 5087 2981 5142 ad
2996 5086 3383 5157 resurgendum
3407 5100 3508 5157 per
3526 5101 3585 5142 se
3607 5086 3787 5156 ipsum

2099 5156 2156 5218 D
2182 5191 2384 5239 tartara
2416 5183 2572 5240 nobis
2601 5181 2867 5249 occludit;
2916 5181 3106 5237 ditavit
3133 5156 3252 5246 nos,
3283 5156 3424 5234 cum?
3453 5178 3522 5237 ad
3550 5193 3788 5248 regnan-

2182 5277 2328 5346 dum,
2357 5293 2456 5349 per
2485 5276 2813 5332 Paraclitum
2843 5273 3000 5330 nobis
3027 5273 3267 5330 caelestia
3307 5271 3588 5328 reseravit.
3631 5270 3789 5328 Tunc

2182 5371 2323 5427 enim
2347 5387 2378 5426 a
2407 5378 2583 5426 morte
2608 5369 2676 5425 ad
2690 5369 2857 5425 vitam
2887 5382 3131 5424 remeare
3147 5366 3461 5432 didicimus;
3492 5364 3656 5421 modo
3683 5380 3789 5420 au-

2179 5473 2291 5520 tem
2346 5479 2377 5519 e
2433 5463 2592 5519 terris
2621 5462 2690 5519 ad
2741 5461 2908 5517 ocelos
2961 5459 3221 5516 docemur
3275 5455 3604 5522 ascendere,
3638 5457 3788 5512 sicut

2180 5559 2440 5630 scriptum
2467 5566 2576 5614 est:
2608 5555 2708 5612 Ille
2734 5572 2820 5611 ros
2845 5553 3046 5609 docebit
3065 5551 3242 5608 omnia
3266 5551 3449 5624 (Joan.
3481 5547 3617 5620 xvi).
3642 5546 3787 5615 Quid

2180 5666 2313 5706 vero
2344 5650 2506 5706 docet
2533 5648 2623 5704 ille
2651 5647 2884 5719 Spiritus
2909 5645 3172 5702 sanctus?
3194 5642 3392 5713 Utique
3432 5642 3538 5697 hoc
3565 5647 3783 5696 tantum

2179 5745 2328 5801 novit
2356 5743 2577 5807 docere,
2611 5741 2756 5812 quod
2777 5747 3022 5811 sanctum
3057 5745 3157 5794 est.
3190 5735 3327 5804 Quid
3354 5734 3511 5790 nobis
3542 5731 3784 5787 Paracli-

2182 5848 2267 5896 tus
2297 5837 2569 5895 insinuat?
2591 5834 2724 5892 Illud
2753 5834 2958 5905 utique,
2989 5830 3134 5904 quod
3153 5829 3283 5886 dicit
3302 5828 3551 5906 Salvator
3570 5843 3582 5880 :
3601 5823 3783 5882 Multa
