4052 6330
246 293 343 356 645

1689 277 1923 344 εειυιο
1958 276 2087 342 LVI.

3420 279 3529 342 646

185 435 222 477 λῃ
261 423 345 476 μω
360 417 464 460 non
484 397 925 472 5mi'ecepcris
945 395 1091 468 quod
1108 398 1301 454 timeas
1321 394 1446 463 Dei,
1467 413 1574 452 non
1589 396 1826 466 accipias
1851 402 1905 460 Α
1929 404 2056 452 sunt
2097 394 2295 452 Christi
2339 394 2601 463 cultores,
2651 402 2784 472 quot
2815 395 3061 456 diabolus
3101 406 3447 480 corruptores
3467 417 3529 461 se

201 489 224 503 ”
260 495 378 567 pind
401 493 590 558 diligas
612 489 796 546 mundi
828 509 838 542 :
867 491 1070 561 accipe,
1099 491 1339 562 “accipe,
1360 491 1535 560 virgo,
1565 490 1660 546 sed
1681 489 1828 560 quod

255 586 404 642 nnnri
433 591 639 638 aeterno
681 581 949 654 proiiciat.
1002 582 1442 650 Quotiescunque
1493 583 1560 635 ab
1609 582 1830 637 homine

249 684 521 734 consecuta
566 674 730 729 fueris
760 689 1002 739 censum,
1036 675 1114 729 sic
1154 675 1372 746 accipe,
1406 682 1464 730 ut
1492 683 1544 730 te
1574 672 1600 711 δ
1630 672 1830 729 Christi

247 782 490 836 sponsam
545 779 824 833 agnoscas.
858 764 1017 818 Videt
1073 766 1161 820 ille
1216 767 1358 822 intus
1414 766 1469 820 in
1498 773 1678 820 mente
1703 764 1833 834 quid

247 861 420 922 facias,
448 867 502 912 et
529 873 690 924 quam
724 865 1044 926 expetenter
1083 858 1201 925 ejus
1243 859 1474 927 virgines
1521 857 1828 924 comiteris,

245 949 483 1004 attendit.
531 947 719 1002 Videte
767 965 896 1016 ergo
947 948 1222 1017 quomodo
1253 951 1496 1019 sequitur
1522 951 1698 1018 Agnes
1728 948 1833 1003 Ma-

246 1043 392 1107 riam,
417 1057 512 1110 per
528 1041 838 1111 opprobria.
866 1041 1077 1095 Nullum
1101 1042 1276 1110 potuit
1298 1042 1510 1111 penitus
1541 1040 1832 1096 formidare

245 1134 590 1205 supplicium;
623 1135 706 1188 cui
741 1136 901 1188 etiam
935 1135 1159 1204 lupanar
1194 1136 1540 1204 turpitudinis
1572 1136 1721 1190 locus
1751 1135 1831 1190 ei-

244 1225 415 1283 licitur
439 1226 732 1286 orationis;
767 1236 821 1280 et
846 1225 934 1279 ubi
981 1225 1228 1282 diabolus
1250 1227 1298 1280 ei
1333 1227 1679 1296 ignominiam
1709 1244 1833 1283 cor-

241 1318 500 1389 ruptionis
529 1328 945 1388 praeparaverat,
979 1320 1085 1375 illic
1123 1335 1242 1374 eam
1271 1322 1548 1391 percipere
1579 1321 1708 1377 fecit
1731 1322 1835 1378 Do-

241 1410 412 1468 minus
430 1425 694 1465 coronam
725 1426 834 1464 suae
862 1411 1186 1479 virginitatis
1216 1422 1270 1467 et
1302 1413 1532 1482 palmam
1559 1430 1570 1478 ;
1603 1413 1696 1468 sed
1731 1414 1835 1468 hoc

241 1502 400 1557 estin
430 1502 543 1556 suis
584 1501 799 1556 sedibus
841 1503 1024 1557 hostes
1052 1503 1286 1568 vincere,
1331 1505 1599 1574 captivam
1619 1504 1832 1559 ductam

239 1593 501 1664 virginem
551 1607 570 1632 τ
601 1592 669 1650 ad
691 1594 992 1665 penetralia
1032 1597 1173 1663 regis
1204 1595 1506 1662 libidinum,
1539 1597 1712 1666 ipsum
1744 1611 1831 1650 re-

237 1697 354 1752 gem
383 1700 414 1738 a
435 1685 648 1752 virgine
668 1701 830 1754 quam
846 1687 1216 1756 captivaverat
1245 1689 1516 1753 vinctum;
1546 1697 1602 1743 et
1630 1690 1833 1743 victum

237 1789 351 1830 cum
377 1775 602 1844 virginis
629 1777 901 1846 triumpho
934 1779 1102 1832 exire.
1139 1778 1271 1832 Nam
1303 1781 1394 1850 qui
1423 1789 1692 1845 tenuerat,
1721 1790 1834 1835 ten—

1932 496 2219 562 putaverat
2267 489 2484 557 virginis
2524 489 2809 550 invenisse.
2863 491 3140 550 Remansit
3167 495 3349 566 itaque
3370 495 3528 568 juve-

1933 581 2056 637 nisi
2089 581 2180 651 qui
2224 581 2622 658 reprobationis
2659 581 2817 653 hujus
2858 592 3050 642 auctor
3083 586 3405 646 exstiterat:
3436 591 3529 662 qui
3585 600 3588 604 '

1933 690 1993 731 se
2021 674 2248 745 putabat
2275 672 2618 728 defensorem
2648 674 2868 744 virginis
2900 693 3193 748 superare,
3231 678 3323 736 hic
3349 681 3531 753 splen-

1932 765 2145 833 dorem,
2173 763 2199 802 ¹ί
2228 764 2357 819 dum
2384 774 2706 835 provocaret
2731 767 2799 822 ad
2833 765 2853 806 ι
2907 785 3096 840 uxum,
3124 771 3315 838 vitam,
3365 787 3529 844 quam

1933 859 2218 914 videbatur
2241 858 2444 912 habere
2463 899 2477 922 ,
2516 859 2726 912 amisit:
2758 869 2814 914 et
2841 870 3098 929 mortem,
3130 879 3291 934 quam
3319 881 3528 934 qurere-

1932 950 2048 1019 bat,
2079 951 2302 1005 invenit.
2335 949 2641 1006 Succedunt
2666 951 2963 1008 ridentibus
2987 954 3258 1027 lacrymzn,
3282 965 3337 1011 et
3364 958 3529 1013 insul-

1935 1043 2175 1099 tantibus
2219 1043 2378 1097 tinem
2404 1052 2440 1078 ω
2469 1042 2884 1104 lamentationes
2934 1046 3237 1116 imponunt.
3286 1049 3530 1104 Attendit

1938 1132 2086 1203 virgo
2134 1133 2405 1202 lugentem
2448 1133 2715 1202 judicem,
2763 1143 2817 1188 et
2857 1150 3016 1205 quem
3066 1139 3362 1195 minantem
3404 1150 3531 1198 ante

1935 1234 2356 1297 contempserat,
2392 1242 2534 1282 nunc
2564 1227 2945 1298 deprecantem
2976 1230 3212 1287 exaudit.
3258 1231 3406 1290 lllico
3429 1235 3532 1305 igi-

1937 1327 2044 1384 tur,
2080 1327 2138 1375 ut
2165 1320 2332 1390 cepit
2359 1336 2514 1376 orare
2538 1337 2635 1390 pro
2663 1330 2906 1388 mortuo,
2941 1331 2996 1378 et
3022 1339 3054 1380 a
3080 1327 3306 1382 mortuis
3332 1329 3532 1384 excitat

1936 1411 2167 1479 salvum,
2198 1412 2290 1480 qui
2321 1413 2481 1466 morti
2513 1411 2684 1467 fuerat
2730 1413 3046 1484 deputatus;
3079 1424 3133 1469 et
3163 1417 3229 1471 ad
3273 1419 3530 1486 gaudium

1937 1509 2160 1567 evocat,
2194 1503 2286 1572 qui
2329 1501 2502 1557 fuerat
2541 1503 2905 1575 prmcipitatns
2933 1504 2986 1559 in
3017 1505 3238 1561 luctum.
3279 1507 3408 1564 Nam
3440 1511 3531 1579 qui

1937 1593 2175 1648 incestus
2203 1592 2375 1648 fuerat
2411 1603 2686 1660 n'iortuus,
2716 1604 2896 1651 castus
2925 1596 3195 1664 exsurgit;
3226 1606 3281 1653 et
3308 1597 3365 1654 lit
3392 1615 3532 1669 pra:-

1938 1685 2152 1740 dicator
2178 1686 2541 1752 castimoniae,
2587 1689 2678 1757 qui
2718 1696 3034 1757 persecutor
3063 1689 3347 1744 exstiterat
3374 1692 3535 1746 casti-

1940 1778 2082 1831 tatis.
2134 1776 2216 1830 Ad
2263 1777 2379 1832 haec
2423 1778 2668 1848 sacrilegi
2710 1779 3101 1833 conturbantur
3129 1780 3183 1834 in
3213 1780 3446 1851 templis,
3480 1791 3535 1838 et

238 1875 324 1925 tus
357 1876 488 1933 est;
539 1869 633 1938 qui
664 1878 927 1939 traxerat,
975 1879 1182 1926 tractus
1209 1880 1322 1936 est;
1369 1874 1459 1940 qui
1501 1874 1750 1929 occidere
1776 1890 1834 1930 se
1866 1891 1910 1952 Β
1938 1870 2211 1925 Christum
2251 1879 2276 1906 η
2325 1871 2430 1925 ista
2470 1871 2734 1926 miracula
2780 1869 3065 1926 facientem
3102 1887 3209 1926 non
3260 1873 3532 1939 timentes,

235 1969 540 2030 potaverat,
573 1963 788 2018 occisus
816 1972 920 2018 est.
953 1962 1195 2034 Denique
1234 1975 1294 2020 ut
1327 1967 1616 2034 probemus
1647 1965 1833 2020 diabo-

234 2048 338 2108 lum
358 2066 390 2108 α
417 2053 631 2121 virgine
657 2051 684 2091 ἀ
713 2063 842 2110 tunc
888 2056 1054 2110 fuisse
1078 2057 1299 2120 victum,
1345 2058 1488 2112 illius
1521 2057 1736 2125 juvenis
1765 2057 1837 2110 la-

234 2151 374 2200 etum
401 2143 471 2202 ad
525 2145 762 2202 animum
817 2163 1167 2214 revocamus,
1194 2166 1354 2219 quem
1397 2158 1584 2204 contra
1615 2150 1836 2222 Agnetis

233 2233 520 2292 infantiam
549 2237 628 2293 sic
663 2247 973 2294 armaverat
1002 2240 1271 2303 inimicus,
1308 2250 1366 2295 ut
1407 2242 1602 2296 nudam
1633 2241 1837 2297 faceret

233 2326 368 2382 trahi
400 2335 424 2366 ο
451 2327 530 2382 ad
557 2327 784 2398 lupanar
807 2345 903 2400 per
917 2331 1127 2400 vulgus,
1161 2332 1260 2385 sub
1288 2347 1424 2386 voce
1453 2333 1718 2401 praeconis
1745 2332 1838 2387 du-

232 2417 308 2473 cis
336 2420 606 2489 populum
629 2421 698 2475 ad
740 2421 1020 2478 libidinem
1049 2424 1347 2479 invitantis.
1382 2423 1538 2479 Hunc
1562 2439 1693 2493 ergo
1731 2425 1835 2480 du—

231 2526 344 2566 cem
396 2511 571 2568 fuisse
607 2513 809 2569 diaboli
853 2531 1014 2572 nemo
1045 2525 1129 2570 est
1178 2519 1270 2586 qui
1302 2517 1542 2581 dubitet;
1595 2526 1650 2571 et
1690 2519 1836 2573 victo

232 2605 384 2672 duce,
417 2608 686 2678 populum
712 2624 833 2664 esse
864 2620 1177 2680 superatum
1216 2612 1465 2666 omnibUs
1496 2622 1684 2666 notum
1713 2621 1831 2667 est:

231 2701 504 2768 superatis
530 2709 710 2756 autem
740 2717 865 2758 eum
896 2719 995 2758 suo
1023 2705 1160 2759 duce
1185 2705 1420 2774 populis,
1449 2714 1733 2775 tyrannum
1764 2713 1839 2759 te-

232 2795 345 2848 neri
375 2796 656 2866 captivum
685 2798 936 2851 omnibus
966 2806 1133 2867 patet.
1178 2798 1404 2853 Constat
1427 2807 1627 2861 autem,
1658 2799 1838 2854 diabo-

233 2886 339 2941 lum
384 2897 724 2959 superatum,
757 2891 972 2959 quoties
997 2899 1186 2946 contra
1217 2893 1478 2960 virginem
1511 2908 1656 2945 arma
1696 2890 1712 2928 τ
1747 2907 1837 2945 ar-

234 2983 415 3053 ripuit.
472 2986 606 3040 Nam
665 2988 962 3057 exspoliata
1006 2988 1178 3056 virgo,
1235 2989 1473 3043 crinibus
1523 2988 1750 3056 tegitur;
1785 2994 1839 3041 et

231 3077 427 3132 nudata
463 3080 536 3133 ab
563 3079 867 3134 hominibus
897 3081 1081 3146 malis,
1113 3089 1136 3126 ε
1176 3081 1510 3135 vestiebatur
1539 3080 1606 3132 ab
1637 3078 1840 3146 angelis

232 3165 415 3238 bonis;
441 3181 502 3227 et
531 3172 781 3227 danmata
806 3174 859 3228 in
891 3175 1191 3243 prostibula
1236 3173 1602 3244 turpitudinis,
1635 3172 1688 3224 in
1719 3185 1839 3240 gre-

231 3266 341 3321 mio
363 3267 620 3337 apparuit
643 3266 1184 3322 castitatis.Eﬂicitur
1198 3268 1496 3321 oratorium
1525 3264 1838 3332 angelorum

1937 1963 2177 2017 excitant
2223 1961 2544 2018 seditionem
2586 1962 2836 2033 ignobilis
2884 1963 3058 2033 vulgi;
3109 1972 3169 2018 ut
3216 1965 3383 2033 ratio,
3417 1982 3535 2036 qua:

1937 2054 2197 2110 suadebat
2226 2055 2388 2111 tinem
2417 2054 2762 2119 seditionum,
2797 2055 3122 2112 clamoribus
3152 2057 3327 2128 pulsa,
3356 2058 3534 2115 locum

1939 2148 1991 2200 in
2041 2147 2310 2202 mentibus
2354 2147 2634 2202 hominum
2681 2148 2923 2202 invenire
2969 2163 3078 2203 non
3122 2157 3327 2218 posset.
3375 2149 3535 2207 Pater

1941 2258 2068 2296 vero
2097 2242 2341 2296 suscitati
2369 2241 2464 2296 lilii
2494 2243 2662 2297 tristis
2684 2243 2962 2309 abscessit,
2995 2251 3050 2298 et
3081 2246 3163 2315 (ut
3193 2245 3406 2316 legitur)
3430 2254 3534 2301 tur-

1937 2335 2020 2390 bis
2066 2336 2364 2390 iurentibus
2412 2336 2658 2390 vitiatum
2707 2337 3011 2408 dereliquit.
3063 2337 3316 2408 Virginea
3354 2341 3535 2411 itaque

1937 2428 2153 2496 corpori
2201 2427 2492 2483 stridentes
2519 2438 2544 2464 ο
2573 2437 2945 2498 praeparantur
2990 2429 3248 2500 ﬂammae,
3291 2432 3384 2487 sed
3410 2449 3534 2488 cor-

1937 2533 2037 2588 pus
2061 2561 2075 2584 ,
2125 2518 2267 2587 quod
2300 2520 2545 2573 incendia
2577 2520 2854 2574 libidinum
2885 2529 3235 2591 superaverat
3259 2562 3274 2588 ,
3312 2523 3534 2592 refrige-

1937 2611 2075 2665 rium
2106 2611 2264 2683 542
2296 2613 2348 2666 in
2397 2613 2590 2668 mediis
2635 2612 2867 2667 ﬂammis
2913 2615 3155 2669 invenit:
3203 2623 3259 2670 et
3303 2632 3423 2686 quae
3469 2618 3536 2674 ad

1939 2703 2047 2758 hoc
2074 2702 2224 2758 focos
2253 2704 2491 2771 ingressa
2520 2704 2715 2768 fuerat,
2743 2712 2802 2758 ut
2828 2703 3255 2776 arderet,'empit
3282 2723 3380 2778 per
3406 2721 3534 2763 san-

1937 2803 2080 2850 ctam
2125 2795 2488 2864 virginitatem
2537 2797 2749 2867 algere,
2805 2806 2832 2845 ι)
2880 2805 2940 2851 ut
2985 2798 3220 2854 disceret
3262 2800 3538 2868 virginitas

1941 2889 2186 2944 ﬂammas
2214 2890 2311 2944 sibt
2341 2896 2396 2944 et
2424 2889 2668 2944 incendia
2691 2889 2906 2959 penitus
2925 2890 3190 2946 dominari
3221 2909 3327 2948 non
3356 2909 3537 2963 posse.

1942 2981 2049 3038 Nec
2080 2983 2201 3038 illos
2232 2983 2457 3053 periisse
2497 2985 2763 3046 aestimes,
2798 2998 2934 3054 quos
2964 3000 3062 3054 pro
3091 2985 3311 3040 nomine
3337 2985 3538 3042 Christi

1940 3075 2276 3145 consumpsit
2305 3074 2625 3129 incendium.
2673 3073 2806 3128 Nam
2836 3089 2958 3129 cum
2985 3075 3178 3146 legeris
3204 3069 3374 3132 Eliam
3400 3078 3537 3146 igni-

1940 3169 2042 3223 bus
2071 3176 2306 3238 raptum,
2339 3174 2395 3220 et
2423 3182 2621 3236 pueros
2647 3175 2756 3221 tres
2780 3167 2834 3220 in
2864 3168 3056 3222 mediis
3077 3179 3104 3218 <t
3127 3170 3358 3238 ignibus,
3393 3171 3537 3226 nulla

1945 3259 2156 3314 ratione
2195 3265 2584 3327 consumptos:
2618 3265 2712 3311 aut
2738 3258 2864 3327 quia
2907 3256 3255 3313 Laurentium
3284 3261 3538 3317 craticula

233 3353 404 3423 locus,
430 3359 525 3430 qui
556 3360 888 3429 perditarum
921 3360 1095 3414 fuerat
1123 3361 1458 3423 animarum;
1493 3366 1547 3412 et
1577 3359 1665 3412 ubi
1693 3372 1837 3411 sem-
1867 3341 1913 3406 C
1949 3361 1970 3389 '
1989 3356 2368 3420 consumptum
2390 3348 2604 3412 recolis,
2622 3355 2679 3402 et
2700 3347 2926 3416 Agnem,
2950 3349 3089 3404 sicut
3109 3348 3364 3406 Theclam
3387 3351 3538 3406 llam-

232 3465 329 3522 per
367 3455 788 3522 naul‘ragaverat
811 3455 1056 3522 castitas,
1081 3453 1188 3507 illic
1213 3460 1297 3508 est
1326 3459 1586 3507 coronata
1616 3450 1840 3518 virgini-

233 3551 337 3600 tas.
373 3547 620 3616 Denique
644 3549 893 3618 populos,
927 3563 1064 3617 quos
1085 3563 1264 3618 przeco
1293 3547 1358 3601 ad
1390 3544 1664 3600 libidinem
1700 3544 1839 3598 invi—

231 3644 470 3703 taverat,
505 3637 697 3706 virgo“
729 3640 795 3694 ad
847 3640 1153 3695 castitatem
1197 3639 1466 3695 obtinuit:
1511 3645 1566 3691 et
1600 3652 1736 3706 quos
1775 3636 1840 3689 ad

235 3741 358 3782 eam
383 3728 631 3785 diabolus
652 3731 962 3801 inquinatos
985 3732 1212 3794 induxit,
1240 3731 1328 3784 illa
1351 3746 1380 3784 a
1401 3746 1459 3785 se
1482 3729 1710 3782 mundos
1733 3727 1843 3795 eje-

227 3818 336 3885 eit;
367 3835 564 3875 omnes
585 3836 817 3890 namque
838 3822 1147 3890 singillatim
1171 3822 1416 3891 ingressi,
1449 3836 1595 3874 unus
1614 3819 1843 3873 alterum

226 3911 544 3966 sustinebat
574 3913 730 3987 551
764 3915 1092 3986 ingressum,
1136 3914 1152 3953 ί
1185 3927 1344 3988 quem
1377 3927 1686 3982 egressum,
1718 3911 1842 3966 dum

215 4018 340 4059 non
375 4005 629 4060 crederet
655 4006 929 4073 mundum,
954 4022 1012 4063 se
1042 4007 1330 4063 exhibebat
1354 4004 1684 4062 immundum
1713 4023 1724 4056 :
1749 4002 1843 4058 sed

225 4095 519 4164 ingressus
542 4095 608 4150 ad
638 4097 930 4164 libidinem,
958 4099 1021 4152 ad
1045 4097 1383 4154 adorandum
1414 4098 1697 4153 Dominum
1725 4111 1841 4151 me-

224 4188 352 4243 ritis
383 4187 609 4255 virginis
649 4191 960 4258 tenebatur;
1005 4200 1060 4247 et
1100 4191 1283 4247 exibat
1322 4185 1446 4247 inde
1494 4191 1590 4246 Dei
1634 4205 1839 4254 servus,

225 4279 323 4349 qui
348 4278 558 4334 diaboli
587 4280 761 4337 fuerat
801 4299 987 4339 servus
1017 4285 1159 4340 intus
1188 4284 1492 4354 ingressus;
1526 4291 1579 4339 et
1608 4291 1689 4338 tot
1714 4279 1840 4336 facti

262 4552 275 4560 _
303 4490 330 4516 ε
375 4478 538 4549 Apud
560 4478 797 4535 Galesin.
831 4490 886 4535 et
933 4482 983 4534 in
1024 4482 1116 4534 cit.
1142 4497 1264 4535 cou.
1316 4495 1423 4535 non
1452 4481 1719 4550 repetitur
1746 4493 1838 4531 ac-

229 4568 501 4675 aplfbuo
530 4638 651 4692 mox
678 4623 844 4677 citati.
879 4607 1038 4676 codd.
1086 4621 1365 4686 Laurent.,
1392 4624 1466 4678 sic
1490 4598 1686 4692 accipe,
1715 4630 1769 4672 ut
1796 4627 1843 4674 te

227 4709 499 4764 sponsam
521 4691 710 4764 Cliristi
733 4709 842 4764 esse
863 4710 1164 4764 cognoscas.

310 4774 334 4803 ε
380 4762 524 4817 Cod.
546 4763 695 4846 .Vat.,
728 4763 796 4816 ad
825 4761 1164 4846 penetrabilia
1192 4765 1330 4834 regis
1350 4761 1640 4846 libidinum,
1669 4761 1838 4840 ipsum
1869 4783 1920 4846 ο

229 4851 454 4908 regem,
471 4835 556 4904 qui
573 4851 687 4890 eam
708 4831 1081 4908 Acapt'it'averat,
1111 4831 1338 4898 vincere,
1367 4844 1415 4888 et
1445 4834 1572 4886 victo
1596 4847 1711 4885 cum
1738 4831 1839 4884 vir-

231 4902 490 4976 ginitatis
513 4906 745 4976 exemplo
765 4905 928 4976 exire.
960 4902 1098 4976 Nam
1117 4945 1130 4969 ,
1165 4914 1269 4958 etc.

305 4974 334 5014 ⁴¹
379 4973 941 5045 Galesin.,alvirgine
963 4975 1066 5028 ista
1096 4984 1243 5039 tunc,
1269 4983 1372 5028 etc.

311 5057 336 5086 ⁸
379 5046 523 5110 Cod.
555 5043 589 5098 4
617 5045 674 5101 S.
706 5041 894 5100 Crucis
922 5045 1074 5112 lim,
1126 5055 1182 5099 ut
1227 5045 1424 5099 nudam
1470 5047 1662 5115 faceret
1710 5041 1846 5096 trahi

230 5134 327 5189 per
355 5117 566 5188 plateas
595 5117 664 5169 ad
685 5116 925 5186 lupanar,
952 5125 1056 5171 etc.

314 5187 334 5226 τ
382 5186 524 5244 Cod.
557 5186 702 5244 Vat..
731 5189 999 5244 corripuit.

310 5202 337 5306 ἐς
556 5202 1044 5314 i’ccfiiiismﬁih.
1080 5266 1135 5311 et
1156 5256 1418 5322 Galesm.,
1444 5255 1674 5310 vestitur.

310 5326 340 5365 ιι
384 5327 528 5384 Cod.
551 5327 699 5394 Vat.,
726 5329 803 5398 ad,
835 5328 1177 5398 captivitatem
1195 5326 1435 5382 obtinuit.

240 5472 250 5480 .
321 5398 336 5436 ί
386 5399 538 5480 me)“
585 5393 706 5454 θοαί·
955 5416 1102 5480 quem
1137 5415 1401 5480 egressum
1440 5396 1562 5452 dum
1583 5393 1849 5450 crederent

234 5471 601 5540 immundum,
624 5487 680 5526 se
699 5467 974 5524 exhibebat
989 5467 1255 5524 mundam.

316 5541 542 5624 ididem
590 5539 711 5598 cod.
757 5539 956 5608 Vatic.,
985 5541 1073 5611 qui
1113 5539 1431 5610 probationis
1469 5537 1624 5608 hujus
1671 5543 1850 5592 auctor

238 5621 546 5667 exstiterat.

321 5683 342 5753 ξ
388 5681 528 5753 Qad.
561 5681 686 5753 επ,
709 5682 831 5738 dum
858 5692 1157 5753 prouocaret
1178 5683 1440 5736 audacter.

322 5752 340 5792 ι
390 5750 531 5807 Cod.
560 5750 715 5814 νειμ.
740 5754 821 5810 hic
841 5750 1166 5811 soleadorem
1208 5754 1329 5813 dum
1351 5758 1650 5812 urovacaret
1670 5751 1740 5807 ad
1765 5750 1852 5806 lu-

1943 3457 2149 3496 marum
2197 3442 2388 3511 globos
2427 3441 2665 3496 evasisse
2694 3441 2993 3509 cognoscis,
3027 3443 3226 3496 nullam
3257 3443 3311 3497 in
3340 3443 3422 3497 bis
3450 3460 3538 3499 su-

1943 3535 2167 3607 spiceris
2188 3536 2504 3590 varietatem
2530 3533 2654 3588 ﬁdei
2677 3542 2805 3589 tunc
2825 3532 3015 3600 fuisse;
3045 3551 3150 3591 una
3181 3536 3377 3591 etenim
3410 3535 3540 3592 ﬁdes

1944 3637 2161 3683 sanctos
2209 3629 2305 3682 Dei
2342 3628 2395 3682 in
2425 3628 2676 3698 passione
2711 3629 2983 3696 exercuit,
3017 3639 3070 3685 et
3099 3630 3314 3686 diverso
3343 3645 3540 3700 genere

1947 3719 2238 3790 gloriarum
2267 3718 2498 3774 reddidit
2527 3719 2812 3788 utrobique
2843 3721 3092 3776 victores.
3124 3721 3258 3775 Nam
3287 3723 3377 3792 qui
3406 3739 3538 3779 con-

1945 3818 2189 3880 sumptus
2231 3817 2314 3865 est
2353 3818 2575 3882 martyr,
2623 3811 2884 3875 exsultat;
2933 3809 2987 3866 et
3024 3813 3115 3882 qui
3145 3813 3315 3867 evasit
3345 3815 3535 3880 victor,

1946 3900 2209 3966 exsultat;
2245 3908 2266 3936 ·
2300 3908 2355 3956 et
2378 3900 2570 3956 Isaiam
2599 3909 2806 3956 sectum
2835 3910 3126 3974 martyrem
3157 3903 3314 3970 fecit,
3348 3915 3402 3960 et
3436 3906 3537 3962 Da-

1947 3991 2142 4048 nielem
2190 3992 2406 4048 leonum
2455 3992 2661 4048 rabiem
2718 4007 3034 4064 morsusque
3080 4004 3534 4062 contemnentem,

1947 4083 2385 4154 probatissimum
2415 4084 2557 4139 Deus
2582 4084 2950 4140 confessorem
2985 4087 3281 4157 expressit:
3313 4102 3421 4158 quo
3455 4088 3537 4143 fa-

1945 4184 2034 4232 cto
2080 4184 2339 4246 utrosque
2383 4176 2582 4233 diaboli
2630 4176 2865 4234 ostendit
2921 4193 3041 4234 esse
3091 4179 3351 4248 victores;
3400 4196 3537 4238 unus

1945 4278 2092 4334 enim
2119 4279 2367 4345 moritur,
2403 4285 2460 4333 et
2485 4278 2807 4348 triumphat,
2838 4279 2973 4334 alius
3001 4279 3207 4348 evadit,
3247 4289 3302 4336 et
3328 4290 3535 4353 regnat.
3569 4331 3574 4338 .

1943 4483 2102 4546 cum,
2132 4479 2310 4542 vitam,
2351 4492 2506 4546 quam
2528 4474 2792 4528 ridebatur
2819 4475 3024 4541 habere,
3054 4484 3158 4531 etc.
3191 4476 3424 4533 Galesin.
3458 4481 3534 4534 le-

1943 4543 2058 4612 git:
2089 4546 2170 4625 hic
2215 4547 2337 4598 dum
2363 4543 2640 4625 splendori
2669 4547 2859 4625 calcasti
2888 4559 2991 4599 non
3027 4548 3180 4625 cessit
3206 4547 3339 4601 dans
3373 4549 3536 4605 hono-

1945 4630 2076 4682 rem,
2106 4615 2282 4679 vitam,
2300 4631 2461 4736 quam
2488 4613 2753 4670 ridebatur
2773 4614 2979 4682 habere,
3009 4622 3115 4670 etc.

2021 4692 2057 4719 π’
2099 4682 2230 4755 βοά.
2265 4685 2285 4736 l
2335 4683 2385 4746 4,
2417 4685 2572 4753 ﬁnem
2597 4684 2895 4755 lamentatio
2925 4686 3161 4755 imponit.

2023 4763 2046 4790 ¹¹
2085 4751 2350 4822 Galesin.,
2378 4751 2487 4808 [nec
2511 4753 2772 4808 mirabilia
2801 4751 3074 4825 facientem
3095 4761 3536 4820 contremiscunt:

1948 4825 2176 4878 excitant
2196 4827 2462 4880 seditionis
2479 4866 2494 4891 ,
2527 4833 2630 4880 etc.

2023 4906 2048 4930 υ
2089 4894 2222 4970 Cod.
2248 4894 2282 4950 4
2302 4896 2358 4970 S_.
2392 4895 2595 4970 Crucis
2611 4895 2832 4970 Minori,
2857 4909 3240 4970 praepararant.
3341 4937 3346 4942 -

2021 4975 2050 5047 ρ
2074 4964 2233 5047 _lde_m
2256 4965 2380 5023 cod.
2407 4965 2522 5047 4H8:
2556 4964 2744 5047 Crucis
2767 4964 2893 5047 Min.
2915 5009 2930 5034 ,
2952 4964 3020 5047 sit.
3041 4969 3345 5040 disceretur,
3376 4976 3540 5047 virgi-

1949 5036 2127 5109 nitatis
2153 5039 2390 5107 ﬂammas
2422 5037 2540 5105 sibi,
2570 5045 2619 5091 et
2638 5038 2877 5109 incendia
2903 5040 3125 5109 penitus,
3148 5051 3252 5098 etc.

2026 5117 2051 5155 τι
2091 5102 2326 5163 Galesin.
2355 5109 2482 5177 legit
2509 5102 2563 5162 in
2593 5102 3038 5234 inediisb‘ianimis.

2027 5187 2047 5214 τ
2090 5176 2226 5234 Cod.
2258 5178 2292 5232 4
2319 5180 2530 5234 Sancta:
2557 5179 2745 5234 Crucrs
2819 5197 2898 5234 in.
2921 5221 2937 5234 .
2958 5193 3038 5234 aut

2027 5187 2047 5214 π
2073 5176 2226 5253 _Cod.
2258 5178 2292 5232 4
2319 5176 2530 5235 Sancta:
2557 5179 2745 5235 Crucis
2769 5176 2898 5236 Min.
2921 5221 2937 5247 ,
2958 5189 3048 5235 aut
3067 5184 3186 5253 quia
3210 5183 3539 5242 Laurentium

1953 5249 2199 5322 craticula
2219 5261 2508 5322 susceptum
2530 5262 2890 5322 consumptum
2907 5249 3108 5307 recolis.
3134 5251 3371 5311 Galesin.
3387 5271 3540 5322 vero,

1953 5328 2042 5371 aut
2065 5320 2183 5374 dum
2207 5319 2545 5375 Laurentium
2566 5319 2821 5377 craticula
2849 5325 3079 5378 assatum
3100 5326 3302 5380 recolis.

2027 5399 2047 5424 ³
2085 5389 2350 5475 βρΙώη..
2380 5403 2429 5448 et
2460 5393 2632 5448 Isaias
2672 5403 2840 5448 sectus
2867 5403 3168 5475 .martyrem
3213 5413 3268 5475 se
3296 5397 3460 5475 fecit,
3492 5405 3542 5448 et

1953 5463 2164 5519 Daniel.
2191 5503 2204 5517 .
2233 5504 2246 5517 .
2277 5504 2290 5517 .
2317 5504 2330 5518 .
2359 5504 2373 5518 .
2407 5472 2735 5536 contemnens
2764 5463 3181 5534 probatissimum
3211 5463 3308 5536 Dei
3333 5467 3542 5536 confes-

1955 5551 2122 5592 sorem
2147 5536 2418 5605 expressit.
2465 5533 2669 5605 Textus
2715 5533 2904 5605 autem,
2932 5533 3548 5605 nosterponl'ormis'est

1956 5605 2175 5661 lectioni
2204 5602 2316 5677 tum,
2343 5605 2521 5677 codLl
2533 5604 2620 5677 74,
2639 5612 2783 5677 tum.
2812 5604 2932 5660 cod.
2959 5602 2994 5656 4
3021 5602 3079 5658 S.
3107 5603 3294 5659 Crucis
3322 5603 3551 5677 Minon,

1961 5683 2074 5732 tum
2099 5677 2262 5731 etiam
2291 5676 2427 5734 Cod.
2449 5675 2572 5731 Vat.
2599 5673 2759 5732 l267.
