  <div class='ocr_page' id='page_1' title='image "/cluster/home/n/w/nwhite01/storage/ocr_20150623/57/hvd.32044015471618/329.png"; bbox 0 0 4052 6330; ppageno 0'>
   <div class='ocr_carea' id='block_1_1' title="bbox 569 356 668 417">
    <p class='ocr_par' dir='ltr' id='par_1_1' title="bbox 569 356 668 417">
     <span class='ocr_line' id='line_1_1' title="bbox 569 356 668 417; baseline 0 0"><span class='ocrx_word' id='word_1_1' title='bbox 569 356 668 417; x_wconf 68' lang='grc' dir='ltr'><strong>θη</strong></span> 
     </span>
    </p>
   </div>
   <div class='ocr_carea' id='block_1_2' title="bbox 1543 317 2747 409">
    <p class='ocr_par' dir='ltr' id='par_1_2' title="bbox 1543 317 2747 409">
     <span class='ocr_line' id='line_1_2' title="bbox 1543 317 2747 409; baseline -0.003 0"><span class='ocrx_word' id='word_1_2' title='bbox 1543 317 1630 409; x_wconf 67' lang='grc'><strong>’5.</strong></span> <span class='ocrx_word' id='word_1_3' title='bbox 1668 347 1912 408; x_wconf 71' lang='lat' dir='ltr'><strong>MAXIM!</strong></span> <span class='ocrx_word' id='word_1_4' title='bbox 1949 344 2258 409; x_wconf 79' lang='lat' dir='ltr'><strong>EPISCOP!</strong></span> <span class='ocrx_word' id='word_1_5' title='bbox 2293 346 2747 409; x_wconf 81' lang='lat' dir='ltr'><strong>TAURINENSIS</strong></span> 
     </span>
    </p>
   </div>
   <div class='ocr_carea' id='block_1_3' title="bbox 3730 345 3831 400">
    <p class='ocr_par' dir='ltr' id='par_1_3' title="bbox 3730 345 3831 400">
     <span class='ocr_line' id='line_1_3' title="bbox 3730 345 3831 400; baseline 0 0"><span class='ocrx_word' id='word_1_6' title='bbox 3730 345 3831 400; x_wconf 68' lang='lat'><strong>648</strong></span> 
     </span>
    </p>
   </div>
   <div class='ocr_carea' id='block_1_4' title="bbox 576 459 3834 538">
    <p class='ocr_par' dir='ltr' id='par_1_4' title="bbox 576 459 3834 538">
     <span class='ocr_line' id='line_1_4' title="bbox 576 459 3834 538; baseline -0.003 -11"><span class='ocrx_word' id='word_1_7' title='bbox 576 470 707 527; x_wconf 77' lang='lat' dir='ltr'><strong>Veni</strong></span> <span class='ocrx_word' id='word_1_8' title='bbox 731 468 839 538; x_wconf 89' lang='lat' dir='ltr'><strong>jam</strong></span> <span class='ocrx_word' id='word_1_9' title='bbox 865 465 1016 535; x_wconf 87' lang='lat' dir='ltr'><strong>virgo</strong></span> <span class='ocrx_word' id='word_1_10' title='bbox 1045 464 1113 522; x_wconf 92' lang='lat' dir='ltr'><strong>ad</strong></span> <span class='ocrx_word' id='word_1_11' title='bbox 1148 463 1445 521; x_wconf 76' lang='lat' dir='ltr'><strong>thalamum</strong></span> <span class='ocrx_word' id='word_1_12' title='bbox 1485 478 1646 535; x_wconf 87' lang='lat' dir='ltr'><strong>quem</strong></span> <span class='ocrx_word' id='word_1_13' title='bbox 1673 464 1940 535; x_wconf 74' lang='lat' dir='ltr'><strong>quaesisti;</strong></span> <span class='ocrx_word' id='word_1_14' title='bbox 1971 472 2027 519; x_wconf 90' lang='lat' dir='ltr'><strong>et</strong></span> <span class='ocrx_word' id='word_1_15' title='bbox 2053 479 2150 534; x_wconf 90' lang='lat' dir='ltr'><strong>pro</strong></span> <span class='ocrx_word' id='word_1_16' title='bbox 2176 466 2228 528; x_wconf 75' lang='grc' dir='ltr'>Α</span> <span class='ocrx_word' id='word_1_17' title='bbox 2252 464 2405 534; x_wconf 81' lang='lat' dir='ltr'><strong>sequi</strong></span> <span class='ocrx_word' id='word_1_18' title='bbox 2439 463 2752 533; x_wconf 78' lang='lat' dir='ltr'><strong>vestigium;</strong></span> <span class='ocrx_word' id='word_1_19' title='bbox 2795 459 3069 516; x_wconf 90' lang='lat' dir='ltr'><strong>habebunt</strong></span> <span class='ocrx_word' id='word_1_20' title='bbox 3108 460 3251 517; x_wconf 90' lang='lat' dir='ltr'><strong>enim</strong></span> <span class='ocrx_word' id='word_1_21' title='bbox 3290 467 3468 518; x_wconf 89' lang='lat' dir='ltr'><strong>tecum</strong></span> <span class='ocrx_word' id='word_1_22' title='bbox 3495 473 3753 516; x_wconf 87' lang='lat' dir='ltr'><strong>coronam</strong></span> <span class='ocrx_word' id='word_1_23' title='bbox 3781 461 3834 516; x_wconf 91' lang='lat' dir='ltr'><strong>in</strong></span> 
     </span>
    </p>
   </div>
   <div class='ocr_carea' id='block_1_5' title="bbox 572 555 2154 629">
    <p class='ocr_par' dir='ltr' id='par_1_5' title="bbox 572 555 2154 629">
     <span class='ocr_line' id='line_1_5' title="bbox 572 555 2154 629; baseline -0.003 -13"><span class='ocrx_word' id='word_1_24' title='bbox 572 575 756 616; x_wconf 87' lang='lat' dir='ltr'><strong>amore</strong></span> <span class='ocrx_word' id='word_1_25' title='bbox 782 559 966 629; x_wconf 89' lang='lat' dir='ltr'><strong>sponsi</strong></span> <span class='ocrx_word' id='word_1_26' title='bbox 993 557 1227 627; x_wconf 75' lang='lat' dir='ltr'><strong>gladium</strong></span> <span class='ocrx_word' id='word_1_27' title='bbox 1265 557 1600 629; x_wconf 81' lang='lat' dir='ltr'><strong>percussoris</strong></span> <span class='ocrx_word' id='word_1_28' title='bbox 1628 555 1876 622; x_wconf 77' lang='lat' dir='ltr'><strong>admitte;</strong></span> <span class='ocrx_word' id='word_1_29' title='bbox 1907 564 1964 611; x_wconf 90' lang='lat' dir='ltr'><strong>ut</strong></span> <span class='ocrx_word' id='word_1_30' title='bbox 1992 572 2154 626; x_wconf 90' lang='lat' dir='ltr'><strong>spon-</strong></span> 
     </span>
    </p>
   </div>
   <div class='ocr_carea' id='block_1_6' title="bbox 571 649 2156 719">
    <p class='ocr_par' dir='ltr' id='par_1_6' title="bbox 571 649 2156 719">
     <span class='ocr_line' id='line_1_6' title="bbox 571 649 2156 719; baseline -0.002 -12"><span class='ocrx_word' id='word_1_31' title='bbox 571 667 684 708; x_wconf 85' lang='lat' dir='ltr'><strong>sam</strong></span> <span class='ocrx_word' id='word_1_32' title='bbox 727 659 780 705; x_wconf 91' lang='lat' dir='ltr'><strong>te</strong></span> <span class='ocrx_word' id='word_1_33' title='bbox 827 649 1106 719; x_wconf 72' lang='lat' dir='ltr'><strong>virginitas</strong></span> <span class='ocrx_word' id='word_1_34' title='bbox 1133 651 1472 706; x_wconf 87' lang='lat' dir='ltr'><strong>immaculata</strong></span> <span class='ocrx_word' id='word_1_35' title='bbox 1501 650 1817 719; x_wconf 84' lang='lat' dir='ltr'><strong>comprobet</strong></span> <span class='ocrx_word' id='word_1_36' title='bbox 1841 649 2068 716; x_wconf 84' lang='lat' dir='ltr'><strong>Christi,</strong></span> <span class='ocrx_word' id='word_1_37' title='bbox 2101 658 2156 705; x_wconf 92' lang='lat' dir='ltr'><strong>et</strong></span> 
     </span>
    </p>
   </div>
   <div class='ocr_carea' id='block_1_7' title="bbox 571 734 2158 814">
    <p class='ocr_par' dir='ltr' id='par_1_7' title="bbox 571 734 2158 814">
     <span class='ocr_line' id='line_1_7' title="bbox 571 734 2158 814; baseline -0.002 -16"><span class='ocrx_word' id='word_1_38' title='bbox 571 751 859 813; x_wconf 85' lang='lat' dir='ltr'><strong>martyrem</strong></span> <span class='ocrx_word' id='word_1_39' title='bbox 906 734 1174 799; x_wconf 83' lang='lat' dir='ltr'><strong>confessio</strong></span> <span class='ocrx_word' id='word_1_40' title='bbox 1221 744 1444 814; x_wconf 88' lang='lat' dir='ltr'><strong>probata</strong></span> <span class='ocrx_word' id='word_1_41' title='bbox 1485 743 1784 812; x_wconf 84' lang='lat' dir='ltr'><strong>consignet.</strong></span> <span class='ocrx_word' id='word_1_42' title='bbox 1828 752 1850 779; x_wconf 74' lang='grc' dir='ltr'>α</span> <span class='ocrx_word' id='word_1_43' title='bbox 1891 741 2041 797; x_wconf 83' lang='lat' dir='ltr'><strong>Felix</strong></span> <span class='ocrx_word' id='word_1_44' title='bbox 2073 757 2158 796; x_wconf 88' lang='lat' dir='ltr'><strong>ca-</strong></span> 
     </span>
    </p>
   </div>
   <div class='ocr_carea' id='block_1_8' title="bbox 573 832 2158 906">
    <p class='ocr_par' dir='ltr' id='par_1_8' title="bbox 573 832 2158 906">
     <span class='ocr_line' id='line_1_8' title="bbox 573 832 2158 906; baseline -0.001 -18"><span class='ocrx_word' id='word_1_45' title='bbox 573 841 720 889; x_wconf 85' lang='lat' dir='ltr'><strong>terva</strong></span> <span class='ocrx_word' id='word_1_46' title='bbox 746 834 1038 904; x_wconf 76' lang='lat' dir='ltr'><strong>virginum,</strong></span> <span class='ocrx_word' id='word_1_47' title='bbox 1071 836 1264 906; x_wconf 88' lang='lat' dir='ltr'><strong>quibus</strong></span> <span class='ocrx_word' id='word_1_48' title='bbox 1300 835 1534 891; x_wconf 89' lang='lat' dir='ltr'><strong>studium</strong></span> <span class='ocrx_word' id='word_1_49' title='bbox 1564 842 1647 888; x_wconf 90' lang='lat' dir='ltr'><strong>est</strong></span> <span class='ocrx_word' id='word_1_50' title='bbox 1679 842 1779 888; x_wconf 75' lang='lat' dir='ltr'><strong>tum</strong></span> <span class='ocrx_word' id='word_1_51' title='bbox 1809 832 2158 889; x_wconf 80' lang='lat' dir='ltr'><strong>confessionis</strong></span> 
     </span>
    </p>
   </div>
   <div class='ocr_carea' id='block_1_9' title="bbox 2255 551 3832 625">
    <p class='ocr_par' dir='ltr' id='par_1_9' title="bbox 2255 551 3832 625">
     <span class='ocr_line' id='line_1_9' title="bbox 2255 551 3832 625; baseline -0.004 -13"><span class='ocrx_word' id='word_1_52' title='bbox 2255 556 2412 621; x_wconf 86' lang='lat' dir='ltr'><strong>coelo,</strong></span> <span class='ocrx_word' id='word_1_53' title='bbox 2453 570 2572 625; x_wconf 77' lang='lat' dir='ltr'><strong>quae</strong></span> <span class='ocrx_word' id='word_1_54' title='bbox 2607 564 2784 610; x_wconf 88' lang='lat' dir='ltr'><strong>tecum</strong></span> <span class='ocrx_word' id='word_1_55' title='bbox 2811 552 3182 623; x_wconf 85' lang='lat' dir='ltr'><strong>superaverint</strong></span> <span class='ocrx_word' id='word_1_56' title='bbox 3218 552 3491 608; x_wconf 89' lang='lat' dir='ltr'><strong>inimicum</strong></span> <span class='ocrx_word' id='word_1_57' title='bbox 3530 552 3586 606; x_wconf 91' lang='lat' dir='ltr'><strong>in</strong></span> <span class='ocrx_word' id='word_1_58' title='bbox 3615 551 3832 606; x_wconf 84' lang='lat' dir='ltr'><strong>mundo.</strong></span> 
     </span>
    </p>
   </div>
   <div class='ocr_carea' id='block_1_10' title="bbox 2255 644 3838 716">
    <p class='ocr_par' dir='ltr' id='par_1_10' title="bbox 2255 644 3838 716">
     <span class='ocr_line' id='line_1_10' title="bbox 2255 644 3838 716; baseline -0.003 -14"><span class='ocrx_word' id='word_1_59' title='bbox 2255 649 2389 703; x_wconf 86' lang='lat' dir='ltr'><strong>Nam</strong></span> <span class='ocrx_word' id='word_1_60' title='bbox 2418 648 2556 702; x_wconf 84' lang='lat' dir='ltr'><strong>sicut</strong></span> <span class='ocrx_word' id='word_1_61' title='bbox 2569 646 2663 700; x_wconf 92' lang='lat' dir='ltr'><strong>tibi</strong></span> <span class='ocrx_word' id='word_1_62' title='bbox 2685 644 2865 701; x_wconf 84' lang='lat' dir='ltr'><strong>Mariae</strong></span> <span class='ocrx_word' id='word_1_63' title='bbox 2884 646 3107 714; x_wconf 90' lang='lat' dir='ltr'><strong>vestigia</strong></span> <span class='ocrx_word' id='word_1_64' title='bbox 3129 647 3474 716; x_wconf 89' lang='lat' dir='ltr'><strong>prosequenti</strong></span> <span class='ocrx_word' id='word_1_65' title='bbox 3496 645 3838 716; x_wconf 85' lang='lat' dir='ltr'><strong>participatio</strong></span> 
     </span>
    </p>
   </div>
   <div class='ocr_carea' id='block_1_11' title="bbox 2257 738 3838 810">
    <p class='ocr_par' dir='ltr' id='par_1_11' title="bbox 2257 738 3838 810">
     <span class='ocr_line' id='line_1_11' title="bbox 2257 738 3838 810; baseline -0.003 -15"><span class='ocrx_word' id='word_1_66' title='bbox 2257 748 2469 795; x_wconf 71' lang='lat' dir='ltr'><strong>aeterna:</strong></span> <span class='ocrx_word' id='word_1_67' title='bbox 2504 740 2951 795; x_wconf 87' lang='lat' dir='ltr'><strong>remunerationis</strong></span> <span class='ocrx_word' id='word_1_68' title='bbox 2992 741 3255 810; x_wconf 86' lang='lat' dir='ltr'><strong>apparuit,</strong></span> <span class='ocrx_word' id='word_1_69' title='bbox 3305 738 3334 778; x_wconf 70' lang='grc' dir='ltr'><strong>ι)</strong></span> <span class='ocrx_word' id='word_1_70' title='bbox 3363 741 3436 794; x_wconf 89' lang='lat' dir='ltr'><strong>ita</strong></span> <span class='ocrx_word' id='word_1_71' title='bbox 3464 739 3550 793; x_wconf 90' lang='lat' dir='ltr'><strong>his</strong></span> <span class='ocrx_word' id='word_1_72' title='bbox 3580 738 3838 794; x_wconf 79' lang='lat' dir='ltr'><strong>imitanti-</strong></span> 
     </span>
    </p>
   </div>
   <div class='ocr_carea' id='block_1_12' title="bbox 2259 831 3644 903">
    <p class='ocr_par' dir='ltr' id='par_1_12' title="bbox 2259 831 3644 903">
     <span class='ocr_line' id='line_1_12' title="bbox 2259 831 3644 903; baseline 0 -18"><span class='ocrx_word' id='word_1_73' title='bbox 2259 832 2359 886; x_wconf 91' lang='lat' dir='ltr'><strong>bus</strong></span> <span class='ocrx_word' id='word_1_74' title='bbox 2384 840 2586 886; x_wconf 62' lang='lat' dir='ltr'><strong>azterna</strong></span> <span class='ocrx_word' id='word_1_75' title='bbox 2615 832 2881 887; x_wconf 89' lang='lat' dir='ltr'><strong>credimus</strong></span> <span class='ocrx_word' id='word_1_76' title='bbox 2909 831 3099 902; x_wconf 81' lang='lat' dir='ltr'><strong>gaudia</strong></span> <span class='ocrx_word' id='word_1_77' title='bbox 3129 848 3236 889; x_wconf 90' lang='lat' dir='ltr'><strong>non</strong></span> <span class='ocrx_word' id='word_1_78' title='bbox 3266 831 3509 903; x_wconf 90' lang='lat' dir='ltr'><strong>neganda</strong></span> <span class='ocrx_word' id='word_1_79' title='bbox 3543 843 3590 885; x_wconf 74' lang='grc' dir='ltr'>ε.</span> <span class='ocrx_word' id='word_1_80' title='bbox 3626 833 3644 865; x_wconf 75' lang='grc'>⁸</span> 
     </span>
    </p>
   </div>
   <div class='ocr_carea' id='block_1_13' title="bbox 1959 943 2458 1007">
    <p class='ocr_par' dir='ltr' id='par_1_13' title="bbox 1959 943 2458 1007">
     <span class='ocr_line' id='line_1_13' title="bbox 1959 943 2458 1007; baseline -0.008 -1"><span class='ocrx_word' id='word_1_81' title='bbox 1959 943 2230 1007; x_wconf 78' lang='lat' dir='ltr'><strong>SERMO</strong></span> <span class='ocrx_word' id='word_1_82' title='bbox 2274 943 2375 1004; x_wconf 87' lang='lat' dir='ltr'><strong>LV</strong></span> <span class='ocrx_word' id='word_1_83' title='bbox 2382 943 2437 1004; x_wconf 75' lang='lat' dir='ltr'><strong>Il</strong></span> <span class='ocrx_word' id='word_1_84' title='bbox 2445 989 2458 1002; x_wconf 99' lang='lat'><strong>.</strong></span> 
     </span>
    </p>
   </div>
   <div class='ocr_carea' id='block_1_14' title="bbox 1685 1044 2723 1124">
    <p class='ocr_par' dir='ltr' id='par_1_14' title="bbox 1685 1044 2723 1124">
     <span class='ocr_line' id='line_1_14' title="bbox 1685 1044 2723 1124; baseline -0.002 -24"><span class='ocrx_word' id='word_1_85' title='bbox 1685 1045 1749 1100; x_wconf 86' lang='lat' dir='ltr'><strong>In</strong></span> <span class='ocrx_word' id='word_1_86' title='bbox 1779 1047 2046 1124; x_wconf 85' lang='lat' dir='ltr'><strong>nativitate</strong></span> <span class='ocrx_word' id='word_1_87' title='bbox 2075 1046 2135 1102; x_wconf 90' lang='lat' dir='ltr'><strong>S.</strong></span> <span class='ocrx_word' id='word_1_88' title='bbox 2157 1044 2379 1100; x_wconf 78' lang='lat' dir='ltr'><strong>Joannis</strong></span> <span class='ocrx_word' id='word_1_89' title='bbox 2402 1044 2648 1116; x_wconf 61' lang='lat' dir='ltr'><strong>Baptista</strong></span> <span class='ocrx_word' id='word_1_90' title='bbox 2674 1044 2723 1098; x_wconf 92' lang='grc' dir='ltr'>Ι.</span> 
     </span>
    </p>
   </div>
   <div class='ocr_carea' id='block_1_15' title="bbox 1986 1135 2374 1193">
    <p class='ocr_par' dir='ltr' id='par_1_15' title="bbox 1986 1135 2374 1193">
     <span class='ocr_line' id='line_1_15' title="bbox 1986 1135 2374 1193; baseline -0.003 -1"><span class='ocrx_word' id='word_1_91' title='bbox 1986 1135 2374 1193; x_wconf 81' lang='lat' dir='ltr'><strong>ADMONITIO.</strong></span> 
     </span>
    </p>
   </div>
   <div class='ocr_carea' id='block_1_16' title="bbox 650 1227 3843 1304">
    <p class='ocr_par' dir='ltr' id='par_1_16' title="bbox 650 1227 3843 1304">
     <span class='ocr_line' id='line_1_16' title="bbox 650 1227 3843 1304; baseline 0.002 -19"><span class='ocrx_word' id='word_1_92' title='bbox 650 1227 808 1304; x_wconf 60' lang='lat' dir='ltr'><strong>5A3</strong></span> <span class='ocrx_word' id='word_1_93' title='bbox 839 1229 1280 1304; x_wconf 77' lang='lat' dir='ltr'><strong>Antiquissimam</strong></span> <span class='ocrx_word' id='word_1_94' title='bbox 1316 1245 1436 1286; x_wconf 92' lang='lat' dir='ltr'><strong>esse</strong></span> <span class='ocrx_word' id='word_1_95' title='bbox 1469 1231 1522 1286; x_wconf 94' lang='lat' dir='ltr'><strong>in</strong></span> <span class='ocrx_word' id='word_1_96' title='bbox 1563 1229 1804 1304; x_wconf 73' lang='lat' dir='ltr'><strong>Ecclesia</strong></span> <span class='ocrx_word' id='word_1_97' title='bbox 1851 1230 2239 1304; x_wconf 78' lang='lat' dir='ltr'><strong>institutionem</strong></span> <span class='ocrx_word' id='word_1_98' title='bbox 2267 1229 2373 1304; x_wconf 90' lang='lat' dir='ltr'><strong>d_ie_i</strong></span> <span class='ocrx_word' id='word_1_99' title='bbox 2403 1229 2522 1286; x_wconf 88' lang='lat' dir='ltr'><strong>festi</strong></span> <span class='ocrx_word' id='word_1_100' title='bbox 2538 1232 2604 1304; x_wconf 92' lang='lat' dir='ltr'><strong>_in</strong></span> <span class='ocrx_word' id='word_1_101' title='bbox 2629 1233 2890 1304; x_wconf 75' lang='lat' dir='ltr'><strong>honorem</strong></span> <span class='ocrx_word' id='word_1_102' title='bbox 2919 1232 3213 1289; x_wconf 85' lang='lat' dir='ltr'><strong>nativitatis</strong></span> <span class='ocrx_word' id='word_1_103' title='bbox 3251 1231 3309 1288; x_wconf 91' lang='lat' dir='ltr'><strong>S.</strong></span> <span class='ocrx_word' id='word_1_104' title='bbox 3339 1231 3564 1289; x_wconf 85' lang='lat' dir='ltr'><strong>Joannis</strong></span> <span class='ocrx_word' id='word_1_105' title='bbox 3590 1232 3843 1304; x_wconf 80' lang='lat' dir='ltr'><strong>Baptista:</strong></span> 
     </span>
    </p>
   </div>
   <div class='ocr_carea' id='block_1_17' title="bbox 578 1300 3844 1372">
    <p class='ocr_par' dir='ltr' id='par_1_17' title="bbox 578 1300 3844 1372">
     <span class='ocr_line' id='line_1_17' title="bbox 578 1300 3844 1372; baseline 0.001 -15"><span class='ocrx_word' id='word_1_106' title='bbox 578 1300 808 1370; x_wconf 47' lang='lat' dir='ltr'><strong>arg‘udn‘t</strong></span> <span class='ocrx_word' id='word_1_107' title='bbox 827 1300 1020 1356; x_wconf 84' lang='lat' dir='ltr'><strong>eruditi</strong></span> <span class='ocrx_word' id='word_1_108' title='bbox 1047 1303 1341 1372; x_wconf 87' lang='lat' dir='ltr'><strong>scriptores</strong></span> <span class='ocrx_word' id='word_1_109' title='bbox 1371 1316 1631 1372; x_wconf 15' lang='lat' dir='ltr'><strong>exgserm.</strong></span> <span class='ocrx_word' id='word_1_110' title='bbox 1659 1300 1763 1372; x_wconf 69' lang='lat'><strong>292</strong></span> <span class='ocrx_word' id='word_1_111' title='bbox 1791 1301 2069 1370; x_wconf 80' lang='lat' dir='ltr'><strong>Augustini</strong></span> <span class='ocrx_word' id='word_1_112' title='bbox 2099 1301 2153 1354; x_wconf 91' lang='lat' dir='ltr'><strong>in</strong></span> <span class='ocrx_word' id='word_1_113' title='bbox 2186 1300 2477 1372; x_wconf 80' lang='lat' dir='ltr'><strong>festivitate</strong></span> <span class='ocrx_word' id='word_1_114' title='bbox 2501 1302 2738 1372; x_wconf 87' lang='lat' dir='ltr'><strong>ejusdem</strong></span> <span class='ocrx_word' id='word_1_115' title='bbox 2763 1302 2822 1358; x_wconf 92' lang='lat' dir='ltr'><strong>S.</strong></span> <span class='ocrx_word' id='word_1_116' title='bbox 2855 1301 3203 1360; x_wconf 69' lang='lat' dir='ltr'><strong>Prmcursoris</strong></span> <span class='ocrx_word' id='word_1_117' title='bbox 3220 1345 3236 1369; x_wconf 93' lang='lat'><strong>,</strong></span> <span class='ocrx_word' id='word_1_118' title='bbox 3272 1304 3362 1359; x_wconf 93' lang='lat' dir='ltr'><strong>ubi</strong></span> <span class='ocrx_word' id='word_1_119' title='bbox 3391 1304 3496 1368; x_wconf 87' lang='lat' dir='ltr'><strong>ait,</strong></span> <span class='ocrx_word' id='word_1_120' title='bbox 3527 1321 3646 1358; x_wconf 86' lang='lat' dir='ltr'><strong>eam</strong></span> <span class='ocrx_word' id='word_1_121' title='bbox 3669 1300 3710 1357; x_wconf 74' lang='lat' dir='ltr'><strong>a</strong></span> <span class='ocrx_word' id='word_1_122' title='bbox 3730 1324 3844 1359; x_wconf 84' lang='lat' dir='ltr'><strong>ma-</strong></span> 
     </span>
    </p>
   </div>
   <div class='ocr_carea' id='block_1_18' title="bbox 587 1370 3847 1452">
    <p class='ocr_par' dir='ltr' id='par_1_18' title="bbox 587 1370 3847 1452">
     <span class='ocr_line' id='line_1_18' title="bbox 587 1370 3847 1452; baseline 0.002 -26"><span class='ocrx_word' id='word_1_123' title='bbox 587 1372 746 1452; x_wconf 74' lang='lat' dir='ltr'><strong>jorum</strong></span> <span class='ocrx_word' id='word_1_124' title='bbox 773 1372 1050 1452; x_wconf 65' lang='lat' dir='ltr'><strong>traditione</strong></span> <span class='ocrx_word' id='word_1_125' title='bbox 1078 1370 1390 1452; x_wconf 75' lang='lat' dir='ltr'><strong>suscepisse_._</strong></span> <span class='ocrx_word' id='word_1_126' title='bbox 1427 1370 1508 1425; x_wconf 83' lang='lat' dir='ltr'><strong>Ex</strong></span> <span class='ocrx_word' id='word_1_127' title='bbox 1531 1387 1653 1452; x_wconf 81' lang='lat' dir='ltr'><strong>_quo</strong></span> <span class='ocrx_word' id='word_1_128' title='bbox 1681 1371 1961 1452; x_wconf 70' lang='lat' dir='ltr'><strong>Augustini</strong></span> <span class='ocrx_word' id='word_1_129' title='bbox 1990 1371 2110 1426; x_wconf 93' lang='lat' dir='ltr'><strong>loco</strong></span> <span class='ocrx_word' id='word_1_130' title='bbox 2140 1371 2361 1452; x_wconf 64' lang='lat' dir='ltr'><strong>eruitur,</strong></span> <span class='ocrx_word' id='word_1_131' title='bbox 2394 1370 2561 1452; x_wconf 74' lang='lat' dir='ltr'><strong>multo</strong></span> <span class='ocrx_word' id='word_1_132' title='bbox 2591 1377 2717 1452; x_wconf 80' lang='lat' dir='ltr'><strong>a_t_i_te</strong></span> <span class='ocrx_word' id='word_1_133' title='bbox 2743 1374 3030 1452; x_wconf 64' lang='lat' dir='ltr'><strong>concilium</strong></span> <span class='ocrx_word' id='word_1_134' title='bbox 3068 1374 3373 1452; x_wconf 67' lang='lat' dir='ltr'><strong>Agathense</strong></span> <span class='ocrx_word' id='word_1_135' title='bbox 3407 1375 3564 1452; x_wconf 59' lang='lat' dir='ltr'><strong>initio</strong></span> <span class='ocrx_word' id='word_1_136' title='bbox 3581 1391 3636 1429; x_wconf 75' lang='lat' dir='ltr'><strong>vr</strong></span> <span class='ocrx_word' id='word_1_137' title='bbox 3666 1377 3847 1452; x_wconf 65' lang='lat' dir='ltr'><strong>saeculi</strong></span> 
     </span>
    </p>
   </div>
   <div class='ocr_carea' id='block_1_19' title="bbox 617 1440 3071 1510">
    <p class='ocr_par' dir='ltr' id='par_1_19' title="bbox 617 1440 3071 1510">
     <span class='ocr_line' id='line_1_19' title="bbox 617 1440 3071 1510; baseline 0.002 -15"><span class='ocrx_word' id='word_1_138' title='bbox 617 1442 818 1510; x_wconf 83' lang='lat' dir='ltr'><strong>abitum</strong></span> <span class='ocrx_word' id='word_1_139' title='bbox 847 1440 904 1496; x_wconf 92' lang='lat' dir='ltr'><strong>S.</strong></span> <span class='ocrx_word' id='word_1_140' title='bbox 935 1441 1158 1497; x_wconf 87' lang='lat' dir='ltr'><strong>Joannis</strong></span> <span class='ocrx_word' id='word_1_141' title='bbox 1187 1440 1487 1495; x_wconf 82' lang='lat' dir='ltr'><strong>natalitium</strong></span> <span class='ocrx_word' id='word_1_142' title='bbox 1516 1440 1656 1496; x_wconf 83' lang='lat' dir='ltr'><strong>diem</strong></span> <span class='ocrx_word' id='word_1_143' title='bbox 1674 1484 1688 1508; x_wconf 88' lang='lat'><strong>,</strong></span> <span class='ocrx_word' id='word_1_144' title='bbox 1718 1449 1777 1495; x_wconf 90' lang='lat' dir='ltr'><strong>ut</strong></span> <span class='ocrx_word' id='word_1_145' title='bbox 1809 1441 2060 1510; x_wconf 86' lang='lat' dir='ltr'><strong>opinatus</strong></span> <span class='ocrx_word' id='word_1_146' title='bbox 2098 1449 2179 1496; x_wconf 88' lang='lat' dir='ltr'><strong>est</strong></span> <span class='ocrx_word' id='word_1_147' title='bbox 2217 1440 2591 1496; x_wconf 87' lang='lat' dir='ltr'><strong>Thomasinius</strong></span> <span class='ocrx_word' id='word_1_148' title='bbox 2615 1444 2708 1498; x_wconf 92' lang='lat' dir='ltr'><strong>lib.</strong></span> <span class='ocrx_word' id='word_1_149' title='bbox 2739 1460 2772 1497; x_wconf 91' lang='lat' dir='ltr'><strong>v</strong></span> <span class='ocrx_word' id='word_1_150' title='bbox 2799 1443 2866 1498; x_wconf 90' lang='lat' dir='ltr'><strong>de</strong></span> <span class='ocrx_word' id='word_1_151' title='bbox 2886 1441 3071 1500; x_wconf 91' lang='lat' dir='ltr'><strong>Celeb.</strong></span> 
     </span>
    </p>
   </div>
   <div class='ocr_carea' id='block_1_20' title="bbox 3145 1443 3848 1514">
    <p class='ocr_par' dir='ltr' id='par_1_20' title="bbox 3145 1443 3848 1514">
     <span class='ocr_line' id='line_1_20' title="bbox 3145 1443 3848 1514; baseline 0.001 -14"><span class='ocrx_word' id='word_1_152' title='bbox 3145 1454 3333 1510; x_wconf 88' lang='lat' dir='ltr'><strong>estor.,</strong></span> <span class='ocrx_word' id='word_1_153' title='bbox 3364 1460 3486 1514; x_wconf 92' lang='lat' dir='ltr'><strong>cap.</strong></span> <span class='ocrx_word' id='word_1_154' title='bbox 3519 1443 3572 1506; x_wconf 83' lang='lat'><strong>5,</strong></span> <span class='ocrx_word' id='word_1_155' title='bbox 3602 1445 3711 1500; x_wconf 90' lang='lat' dir='ltr'><strong>coli</strong></span> <span class='ocrx_word' id='word_1_156' title='bbox 3740 1462 3848 1502; x_wconf 73' lang='lat' dir='ltr'><strong>cae-</strong></span> 
     </span>
    </p>
   </div>
   <div class='ocr_carea' id='block_1_21' title="bbox 578 1509 3848 1584">
    <p class='ocr_par' dir='ltr' id='par_1_21' title="bbox 578 1509 3848 1584">
     <span class='ocr_line' id='line_1_21' title="bbox 578 1509 3848 1584; baseline 0.001 -18"><span class='ocrx_word' id='word_1_157' title='bbox 578 1512 742 1582; x_wconf 88' lang='lat' dir='ltr'><strong>pisse.</strong></span> <span class='ocrx_word' id='word_1_158' title='bbox 790 1509 934 1566; x_wconf 83' lang='lat' dir='ltr'><strong>inter</strong></span> <span class='ocrx_word' id='word_1_159' title='bbox 979 1513 1273 1582; x_wconf 64' lang='lat' dir='ltr'><strong>praecipuas</strong></span> <span class='ocrx_word' id='word_1_160' title='bbox 1313 1526 1442 1565; x_wconf 86' lang='lat' dir='ltr'><strong>vero</strong></span> <span class='ocrx_word' id='word_1_161' title='bbox 1478 1509 1947 1584; x_wconf 74' lang='lat' dir='ltr'><strong>celebritatesliic</strong></span> <span class='ocrx_word' id='word_1_162' title='bbox 1969 1512 2093 1584; x_wconf 91' lang='lat' dir='ltr'><strong>dies</strong></span> <span class='ocrx_word' id='word_1_163' title='bbox 2109 1511 2294 1584; x_wconf 82' lang='lat' dir='ltr'><strong>haberi</strong></span> <span class='ocrx_word' id='word_1_164' title='bbox 2316 1512 2383 1566; x_wconf 91' lang='lat' dir='ltr'><strong>ab</strong></span> <span class='ocrx_word' id='word_1_165' title='bbox 2411 1511 2650 1568; x_wconf 86' lang='lat' dir='ltr'><strong>Ecclesia</strong></span> <span class='ocrx_word' id='word_1_166' title='bbox 2679 1521 2908 1568; x_wconf 86' lang='lat' dir='ltr'><strong>testatur</strong></span> <span class='ocrx_word' id='word_1_167' title='bbox 2934 1513 2992 1568; x_wconf 92' lang='lat' dir='ltr'><strong>S.</strong></span> <span class='ocrx_word' id='word_1_168' title='bbox 3023 1509 3326 1570; x_wconf 86' lang='lat' dir='ltr'><strong>Bernardus</strong></span> <span class='ocrx_word' id='word_1_169' title='bbox 3354 1509 3512 1584; x_wconf 78' lang='lat' dir='ltr'><strong>epist.</strong></span> <span class='ocrx_word' id='word_1_170' title='bbox 3544 1514 3689 1568; x_wconf 70' lang='lat'><strong>174:</strong></span> <span class='ocrx_word' id='word_1_171' title='bbox 3722 1514 3848 1580; x_wconf 78' lang='lat' dir='ltr'><strong>Qua:</strong></span> 
     </span>
    </p>
   </div>
   <div class='ocr_carea' id='block_1_22' title="bbox 579 1581 3273 1654">
    <p class='ocr_par' dir='ltr' id='par_1_22' title="bbox 579 1581 3273 1654">
     <span class='ocr_line' id='line_1_22' title="bbox 579 1581 3273 1654; baseline 0 -18"><span class='ocrx_word' id='word_1_172' title='bbox 579 1581 877 1654; x_wconf 68' lang='lat' dir='ltr'><strong>catterorum</strong></span> <span class='ocrx_word' id='word_1_173' title='bbox 908 1581 1011 1636; x_wconf 79' lang='lat' dir='ltr'><strong>non</strong></span> <span class='ocrx_word' id='word_1_174' title='bbox 1032 1581 1370 1654; x_wconf 71' lang='lat' dir='ltr'><strong>natiuitatem,</strong></span> <span class='ocrx_word' id='word_1_175' title='bbox 1396 1581 1487 1635; x_wconf 90' lang='lat' dir='ltr'><strong>sed</strong></span> <span class='ocrx_word' id='word_1_176' title='bbox 1516 1592 1729 1635; x_wconf 84' lang='lat' dir='ltr'><strong>mortem</strong></span> <span class='ocrx_word' id='word_1_177' title='bbox 1757 1590 2054 1654; x_wconf 88' lang='lat' dir='ltr'><strong>sanctorum</strong></span> <span class='ocrx_word' id='word_1_178' title='bbox 2080 1581 2297 1654; x_wconf 75' lang='lat' dir='ltr'><strong>indicat,</strong></span> <span class='ocrx_word' id='word_1_179' title='bbox 2329 1591 2380 1636; x_wconf 91' lang='lat' dir='ltr'><strong>et</strong></span> <span class='ocrx_word' id='word_1_180' title='bbox 2404 1584 2654 1654; x_wconf 71' lang='lat' dir='ltr'><strong>praedicat</strong></span> <span class='ocrx_word' id='word_1_181' title='bbox 2680 1585 2959 1654; x_wconf 75' lang='lat' dir='ltr'><strong>pretiosam</strong></span> <span class='ocrx_word' id='word_1_182' title='bbox 2975 1623 2990 1647; x_wconf 90' lang='lat'><strong>,</strong></span> <span class='ocrx_word' id='word_1_183' title='bbox 3017 1585 3273 1654; x_wconf 74' lang='lat' dir='ltr'><strong>singulari</strong></span> 
     </span>
    </p>
   </div>
   <div class='ocr_carea' id='block_1_23' title="bbox 3363 1585 3849 1657">
    <p class='ocr_par' dir='ltr' id='par_1_23' title="bbox 3363 1585 3849 1657">
     <span class='ocr_line' id='line_1_23' title="bbox 3363 1585 3849 1657; baseline 0.006 -19"><span class='ocrx_word' id='word_1_184' title='bbox 3363 1585 3520 1639; x_wconf 87' lang='lat' dir='ltr'><strong>adam</strong></span> <span class='ocrx_word' id='word_1_185' title='bbox 3549 1589 3849 1657; x_wconf 76' lang='lat' dir='ltr'><strong>exceptione</strong></span> 
     </span>
    </p>
   </div>
   <div class='ocr_carea' id='block_1_24' title="bbox 580 1652 3849 1727">
    <p class='ocr_par' dir='ltr' id='par_1_24' title="bbox 580 1652 3849 1727">
     <span class='ocr_line' id='line_1_24' title="bbox 580 1652 3849 1727; baseline 0.002 -22"><span class='ocrx_word' id='word_1_186' title='bbox 580 1653 962 1727; x_wconf 73' lang='lat' dir='ltr'><strong>festisprtestat</strong></span> <span class='ocrx_word' id='word_1_187' title='bbox 1003 1652 1204 1727; x_wconf 74' lang='lat' dir='ltr'><strong>gaudiis</strong></span> <span class='ocrx_word' id='word_1_188' title='bbox 1217 1693 1240 1727; x_wconf 82' lang='lat'><strong>_,</strong></span> <span class='ocrx_word' id='word_1_189' title='bbox 1270 1661 1639 1727; x_wconf 69' lang='lat' dir='ltr'><strong>venergturque</strong></span> <span class='ocrx_word' id='word_1_190' title='bbox 1682 1654 1846 1727; x_wconf 81' lang='lat' dir='ltr'><strong>ipsius</strong></span> <span class='ocrx_word' id='word_1_191' title='bbox 1890 1653 2113 1706; x_wconf 85' lang='lat' dir='ltr'><strong>natalem</strong></span> <span class='ocrx_word' id='word_1_192' title='bbox 2138 1695 2152 1720; x_wconf 91' lang='lat'><strong>,</strong></span> <span class='ocrx_word' id='word_1_193' title='bbox 2203 1652 2690 1727; x_wconf 59' lang='lat' dir='ltr'><strong>dequonuntiante</strong></span> <span class='ocrx_word' id='word_1_194' title='bbox 2729 1654 2912 1727; x_wconf 81' lang='lat' dir='ltr'><strong>angelo</strong></span> <span class='ocrx_word' id='word_1_195' title='bbox 2938 1652 3272 1727; x_wconf 70' lang='lat' dir='ltr'><strong>singulariter</strong></span> <span class='ocrx_word' id='word_1_196' title='bbox 3293 1652 3478 1727; x_wconf 82' lang='lat' dir='ltr'><strong>legitur</strong></span> <span class='ocrx_word' id='word_1_197' title='bbox 3498 1673 3520 1727; x_wconf 13' lang='lat'><strong>:7</strong></span> <span class='ocrx_word' id='word_1_198' title='bbox 3543 1663 3594 1709; x_wconf 86' lang='lat' dir='ltr'><strong>et</strong></span> <span class='ocrx_word' id='word_1_199' title='bbox 3620 1652 3774 1710; x_wconf 72' lang='lat' dir='ltr'><strong>multi</strong></span> <span class='ocrx_word' id='word_1_200' title='bbox 3800 1659 3849 1710; x_wconf 76' lang='lat' dir='ltr'><strong>in</strong></span> 
     </span>
    </p>
   </div>
   <div class='ocr_carea' id='block_1_25' title="bbox 580 1720 1652 1846">
    <p class='ocr_par' dir='ltr' id='par_1_25' title="bbox 580 1720 1652 1846">
     <span class='ocr_line' id='line_1_25' title="bbox 580 1720 1652 1846; baseline 0 -72"><span class='ocrx_word' id='word_1_201' title='bbox 580 1720 846 1846; x_wconf 57' lang='grc' dir='ltr'><strong>ῗῧιὶυἱζιξιε</strong></span> <span class='ocrx_word' id='word_1_202' title='bbox 886 1720 1018 1793; x_wconf 60' lang='grc' dir='ltr'><strong>εῙιιί</strong></span> <span class='ocrx_word' id='word_1_203' title='bbox 1041 1721 1352 1794; x_wconf 88' lang='lat' dir='ltr'><strong>gaudebunt.</strong></span> <span class='ocrx_word' id='word_1_204' title='bbox 1416 1720 1652 1776; x_wconf 80' lang='lat' dir='ltr'><strong>Primum</strong></span> 
     </span>
     <span class='ocr_line' id='line_1_26' title="bbox 657 1806 814 1846; baseline -0.013 0"><span class='ocrx_word' id='word_1_205' title='bbox 657 1806 772 1846; x_wconf 66' lang='lat' dir='ltr'><strong>cavs</strong></span> <span class='ocrx_word' id='word_1_206' title='bbox 801 1831 814 1844; x_wconf 99' lang='lat'><strong>.</strong></span> 
     </span>
    </p>
   </div>
   <div class='ocr_carea' id='block_1_26' title="bbox 657 1806 814 1846">
    <p class='ocr_par' dir='ltr' id='par_1_26' title="bbox 657 1806 814 1846">
     <span class='ocr_line' id='line_1_27' title="bbox 657 1806 814 1846; baseline -0.013 0"><span class='ocrx_word' id='word_1_207' title='bbox 657 1806 814 1846; x_wconf 67' lang='grc' dir='ltr'><strong>εειγιι.</strong></span> 
     </span>
    </p>
   </div>
   <div class='ocr_carea' id='block_1_27' title="bbox 1735 1721 3850 1796">
    <p class='ocr_par' dir='ltr' id='par_1_27' title="bbox 1735 1721 3850 1796">
     <span class='ocr_line' id='line_1_28' title="bbox 1735 1721 3850 1796; baseline 0.002 -20"><span class='ocrx_word' id='word_1_208' title='bbox 1735 1738 1839 1778; x_wconf 91' lang='lat' dir='ltr'><strong>unc</strong></span> <span class='ocrx_word' id='word_1_209' title='bbox 1883 1737 2190 1778; x_wconf 80' lang='lat' dir='ltr'><strong>sermonem</strong></span> <span class='ocrx_word' id='word_1_210' title='bbox 2234 1721 2562 1778; x_wconf 79' lang='lat' dir='ltr'><strong>Mdratorius</strong></span> <span class='ocrx_word' id='word_1_211' title='bbox 2607 1740 2677 1780; x_wconf 82' lang='lat' dir='ltr'><strong>ex</strong></span> <span class='ocrx_word' id='word_1_212' title='bbox 2723 1721 2911 1780; x_wconf 88' lang='lat' dir='ltr'><strong>codice</strong></span> <span class='ocrx_word' id='word_1_213' title='bbox 2955 1721 3312 1781; x_wconf 77' lang='lat' dir='ltr'><strong>Ambrosiam</strong></span> <span class='ocrx_word' id='word_1_214' title='bbox 3340 1721 3641 1796; x_wconf 70' lang='lat' dir='ltr'><strong>exscripsit</strong></span> <span class='ocrx_word' id='word_1_215' title='bbox 3669 1736 3728 1780; x_wconf 90' lang='lat' dir='ltr'><strong>et</strong></span> <span class='ocrx_word' id='word_1_216' title='bbox 3757 1743 3850 1796; x_wconf 81' lang='lat' dir='ltr'><strong>pu-</strong></span> 
     </span>
    </p>
   </div>
   <div class='ocr_carea' id='block_1_28' title="bbox 582 1907 3829 1983">
    <p class='ocr_par' dir='ltr' id='par_1_28' title="bbox 582 1907 3829 1983">
     <span class='ocr_line' id='line_1_29' title="bbox 582 1907 3829 1983; baseline 0.001 -18"><span class='ocrx_word' id='word_1_217' title='bbox 582 1907 987 1983; x_wconf 49' lang='grc' dir='ltr'><strong>Αιιθωιεμτυιιζ</strong></span> <span class='ocrx_word' id='word_1_218' title='bbox 1011 1909 1557 1983; x_wconf 42' lang='lat' dir='ltr'><strong>1-_Ltetandum_esse</strong></span> <span class='ocrx_word' id='word_1_219' title='bbox 1577 1911 1638 1963; x_wconf 86' lang='lat' dir='ltr'><strong>de</strong></span> <span class='ocrx_word' id='word_1_220' title='bbox 1661 1908 1884 1983; x_wconf 78' lang='lat' dir='ltr'><strong>Joannis</strong></span> <span class='ocrx_word' id='word_1_221' title='bbox 1918 1910 2166 1983; x_wconf 75' lang='lat' dir='ltr'><strong>Baptista:</strong></span> <span class='ocrx_word' id='word_1_222' title='bbox 2197 1914 2244 1976; x_wconf 81' lang='grc' dir='ltr'><strong>Β</strong></span> <span class='ocrx_word' id='word_1_223' title='bbox 2269 1925 2365 1965; x_wconf 91' lang='lat' dir='ltr'><strong>sua</strong></span> <span class='ocrx_word' id='word_1_224' title='bbox 2411 1910 2715 1979; x_wconf 75' lang='lat' dir='ltr'><strong>gloriosior,</strong></span> <span class='ocrx_word' id='word_1_225' title='bbox 2745 1926 2864 1983; x_wconf 66' lang='lat' dir='ltr'><strong>quae</strong></span> <span class='ocrx_word' id='word_1_226' title='bbox 2908 1911 3036 1966; x_wconf 91' lang='lat' dir='ltr'><strong>dum</strong></span> <span class='ocrx_word' id='word_1_227' title='bbox 3074 1911 3192 1982; x_wconf 86' lang='lat' dir='ltr'><strong>ejus</strong></span> <span class='ocrx_word' id='word_1_228' title='bbox 3236 1910 3479 1968; x_wconf 78' lang='lat' dir='ltr'><strong>differtur</strong></span> <span class='ocrx_word' id='word_1_229' title='bbox 3526 1911 3829 1970; x_wconf 76' lang='lat' dir='ltr'><strong>fecunditas</strong></span> 
     </span>
    </p>
   </div>
   <div class='ocr_carea' id='block_1_29' title="bbox 652 1979 2164 2052">
    <p class='ocr_par' dir='ltr' id='par_1_29' title="bbox 652 1979 2164 2052">
     <span class='ocr_line' id='line_1_30' title="bbox 652 1979 2164 2052; baseline 0.001 -19"><span class='ocrx_word' id='word_1_230' title='bbox 652 1979 1009 2052; x_wconf 76' lang='lat' dir='ltr'><strong>nativitates.</strong></span> <span class='ocrx_word' id='word_1_231' title='bbox 1038 1979 1300 2052; x_wconf 76' lang='lat' dir='ltr'><strong>Maximus</strong></span> <span class='ocrx_word' id='word_1_232' title='bbox 1317 1979 1512 2044; x_wconf 84' lang='lat' dir='ltr'><strong>scribit,</strong></span> <span class='ocrx_word' id='word_1_233' title='bbox 1543 1981 1678 2052; x_wconf 80' lang='lat' dir='ltr'><strong>quod</strong></span> <span class='ocrx_word' id='word_1_234' title='bbox 1705 1979 2102 2052; x_wconf 69' lang='lat' dir='ltr'><strong>prwdestinatus</strong></span> <span class='ocrx_word' id='word_1_235' title='bbox 2131 1998 2164 2034; x_wconf 88' lang='lat' dir='ltr'><strong>a</strong></span> 
     </span>
    </p>
   </div>
   <div class='ocr_carea' id='block_1_30' title="bbox 657 2051 2165 2122">
    <p class='ocr_par' dir='ltr' id='par_1_30' title="bbox 657 2051 2165 2122">
     <span class='ocr_line' id='line_1_31' title="bbox 657 2051 2165 2122; baseline 0.001 -19"><span class='ocrx_word' id='word_1_236' title='bbox 657 2051 765 2104; x_wconf 87' lang='lat' dir='ltr'><strong>Deo</strong></span> <span class='ocrx_word' id='word_1_237' title='bbox 790 2051 1164 2122; x_wconf 65' lang='lat' dir='ltr'><strong>praedicaturus</strong></span> <span class='ocrx_word' id='word_1_238' title='bbox 1205 2051 1442 2122; x_wconf 70' lang='lat' dir='ltr'><strong>advenit,</strong></span> <span class='ocrx_word' id='word_1_239' title='bbox 1483 2051 1686 2122; x_wconf 78' lang='lat' dir='ltr'><strong>Agnum</strong></span> <span class='ocrx_word' id='word_1_240' title='bbox 1725 2051 1824 2122; x_wconf 83' lang='lat' dir='ltr'><strong>Dei</strong></span> <span class='ocrx_word' id='word_1_241' title='bbox 1855 2051 2165 2120; x_wconf 82' lang='lat' dir='ltr'><strong>Redempto-</strong></span> 
     </span>
    </p>
   </div>
   <div class='ocr_carea' id='block_1_31' title="bbox 653 2118 2166 2192">
    <p class='ocr_par' dir='ltr' id='par_1_31' title="bbox 653 2118 2166 2192">
     <span class='ocr_line' id='line_1_32' title="bbox 653 2118 2166 2192; baseline 0.001 -18"><span class='ocrx_word' id='word_1_242' title='bbox 653 2137 760 2192; x_wconf 59' lang='lat' dir='ltr'><strong>rem</strong></span> <span class='ocrx_word' id='word_1_243' title='bbox 791 2118 1027 2192; x_wconf 61' lang='lat' dir='ltr'><strong>nostrum</strong></span> <span class='ocrx_word' id='word_1_244' title='bbox 1057 2120 1254 2175; x_wconf 89' lang='lat' dir='ltr'><strong>adesse.</strong></span> <span class='ocrx_word' id='word_1_245' title='bbox 1270 2118 1357 2192; x_wconf 49' lang='grc' dir='ltr'><strong>-Ν</strong></span> <span class='ocrx_word' id='word_1_246' title='bbox 1361 2118 1574 2192; x_wconf 78' lang='lat' dir='ltr'><strong>onnulla</strong></span> <span class='ocrx_word' id='word_1_247' title='bbox 1603 2121 1750 2175; x_wconf 86' lang='lat' dir='ltr'><strong>addit</strong></span> <span class='ocrx_word' id='word_1_248' title='bbox 1783 2121 1845 2175; x_wconf 90' lang='lat' dir='ltr'><strong>de</strong></span> <span class='ocrx_word' id='word_1_249' title='bbox 1869 2118 2166 2192; x_wconf 84' lang='lat' dir='ltr'><strong>parentibus</strong></span> 
     </span>
    </p>
   </div>
   <div class='ocr_carea' id='block_1_32' title="bbox 652 2188 1544 2245">
    <p class='ocr_par' dir='ltr' id='par_1_32' title="bbox 652 2188 1544 2245">
     <span class='ocr_line' id='line_1_33' title="bbox 652 2188 1544 2245; baseline 0 -2"><span class='ocrx_word' id='word_1_250' title='bbox 652 2188 876 2245; x_wconf 88' lang='lat' dir='ltr'><strong>Joannis</strong></span> <span class='ocrx_word' id='word_1_251' title='bbox 896 2190 1157 2244; x_wconf 84' lang='lat' dir='ltr'><strong>Zacharia</strong></span> <span class='ocrx_word' id='word_1_252' title='bbox 1184 2199 1234 2245; x_wconf 88' lang='lat' dir='ltr'><strong>et</strong></span> <span class='ocrx_word' id='word_1_253' title='bbox 1257 2189 1544 2244; x_wconf 83' lang='lat' dir='ltr'><strong>Elisabeth.</strong></span> 
     </span>
    </p>
   </div>
   <div class='ocr_carea' id='block_1_33' title="bbox 652 2363 2164 2438">
    <p class='ocr_par' dir='ltr' id='par_1_33' title="bbox 652 2363 2164 2438">
     <span class='ocr_line' id='line_1_34' title="bbox 652 2363 2164 2438; baseline 0.001 -18"><span class='ocrx_word' id='word_1_254' title='bbox 652 2363 946 2436; x_wconf 78' lang='lat' dir='ltr'><strong>Religionis</strong></span> <span class='ocrx_word' id='word_1_255' title='bbox 994 2366 1402 2438; x_wconf 87' lang='lat' dir='ltr'><strong>devotionisque</strong></span> <span class='ocrx_word' id='word_1_256' title='bbox 1442 2373 1640 2424; x_wconf 75' lang='lat' dir='ltr'><strong>nostra:</strong></span> <span class='ocrx_word' id='word_1_257' title='bbox 1687 2367 1825 2423; x_wconf 92' lang='lat' dir='ltr'><strong>ratio</strong></span> <span class='ocrx_word' id='word_1_258' title='bbox 1849 2367 2032 2436; x_wconf 82' lang='lat' dir='ltr'><strong>exigit,</strong></span> <span class='ocrx_word' id='word_1_259' title='bbox 2056 2366 2164 2422; x_wconf 88' lang='lat' dir='ltr'><strong>fra-</strong></span> 
     </span>
    </p>
   </div>
   <div class='ocr_carea' id='block_1_34' title="bbox 582 2457 2168 2531">
    <p class='ocr_par' dir='ltr' id='par_1_34' title="bbox 582 2457 2168 2531">
     <span class='ocr_line' id='line_1_35' title="bbox 582 2457 2168 2531; baseline 0 -17"><span class='ocrx_word' id='word_1_260' title='bbox 582 2467 694 2514; x_wconf 89' lang='lat' dir='ltr'><strong>tres</strong></span> <span class='ocrx_word' id='word_1_261' title='bbox 718 2499 733 2526; x_wconf 91' lang='lat'><strong>,</strong></span> <span class='ocrx_word' id='word_1_262' title='bbox 780 2467 840 2513; x_wconf 91' lang='lat' dir='ltr'><strong>ut</strong></span> <span class='ocrx_word' id='word_1_263' title='bbox 877 2457 1036 2514; x_wconf 88' lang='lat' dir='ltr'><strong>hodie</strong></span> <span class='ocrx_word' id='word_1_264' title='bbox 1063 2459 1130 2514; x_wconf 91' lang='lat' dir='ltr'><strong>de</strong></span> <span class='ocrx_word' id='word_1_265' title='bbox 1168 2459 1313 2514; x_wconf 88' lang='lat' dir='ltr'><strong>beati</strong></span> <span class='ocrx_word' id='word_1_266' title='bbox 1349 2457 1573 2516; x_wconf 82' lang='lat' dir='ltr'><strong>Joannis</strong></span> <span class='ocrx_word' id='word_1_267' title='bbox 1607 2460 1859 2531; x_wconf 62' lang='lat' dir='ltr'><strong>Baptista</strong></span> <span class='ocrx_word' id='word_1_268' title='bbox 1890 2461 2168 2515; x_wconf 87' lang='lat' dir='ltr'><strong>nativitate</strong></span> 
     </span>
    </p>
   </div>
   <div class='ocr_carea' id='block_1_35' title="bbox 582 2549 2168 2620">
    <p class='ocr_par' dir='ltr' id='par_1_35' title="bbox 582 2549 2168 2620">
     <span class='ocr_line' id='line_1_36' title="bbox 582 2549 2168 2620; baseline 0.001 -14"><span class='ocrx_word' id='word_1_269' title='bbox 582 2549 846 2619; x_wconf 77' lang='lat' dir='ltr'><strong>laetemur,</strong></span> <span class='ocrx_word' id='word_1_270' title='bbox 892 2549 984 2619; x_wconf 87' lang='lat' dir='ltr'><strong>qui</strong></span> <span class='ocrx_word' id='word_1_271' title='bbox 1026 2549 1436 2620; x_wconf 64' lang='lat' dir='ltr'><strong>praedestinatus</strong></span> <span class='ocrx_word' id='word_1_272' title='bbox 1483 2567 1514 2606; x_wconf 91' lang='lat' dir='ltr'><strong>a</strong></span> <span class='ocrx_word' id='word_1_273' title='bbox 1556 2551 1668 2607; x_wconf 90' lang='lat' dir='ltr'><strong>Deo</strong></span> <span class='ocrx_word' id='word_1_274' title='bbox 1695 2552 1914 2607; x_wconf 85' lang='lat' dir='ltr'><strong>humani</strong></span> <span class='ocrx_word' id='word_1_275' title='bbox 1957 2552 2168 2620; x_wconf 90' lang='lat' dir='ltr'><strong>generis</strong></span> 
     </span>
    </p>
   </div>
   <div class='ocr_carea' id='block_1_36' title="bbox 500 2641 2167 2714">
    <p class='ocr_par' dir='ltr' id='par_1_36' title="bbox 500 2641 2167 2714">
     <span class='ocr_line' id='line_1_37' title="bbox 500 2641 2167 2714; baseline 0.002 -17"><span class='ocrx_word' id='word_1_276' title='bbox 500 2673 501 2676; x_wconf 59' lang='grc' dir='ltr'><strong>η</strong></span> <span class='ocrx_word' id='word_1_277' title='bbox 582 2641 822 2697; x_wconf 78' lang='lat' dir='ltr'><strong>laetitiam</strong></span> <span class='ocrx_word' id='word_1_278' title='bbox 859 2651 915 2697; x_wconf 93' lang='lat' dir='ltr'><strong>et</strong></span> <span class='ocrx_word' id='word_1_279' title='bbox 952 2642 1073 2698; x_wconf 67' lang='lat' dir='ltr'><strong>coeli</strong></span> <span class='ocrx_word' id='word_1_280' title='bbox 1113 2643 1364 2711; x_wconf 89' lang='lat' dir='ltr'><strong>gaudium</strong></span> <span class='ocrx_word' id='word_1_281' title='bbox 1392 2644 1776 2714; x_wconf 65' lang='lat' dir='ltr'><strong>praedicaturus</strong></span> <span class='ocrx_word' id='word_1_282' title='bbox 1798 2645 2029 2698; x_wconf 80' lang='lat' dir='ltr'><strong>advenit.</strong></span> <span class='ocrx_word' id='word_1_283' title='bbox 2069 2643 2167 2700; x_wconf 86' lang='lat' dir='ltr'><strong>Hic</strong></span> 
     </span>
    </p>
   </div>
   <div class='ocr_carea' id='block_1_37' title="bbox 583 2731 2162 2804">
    <p class='ocr_par' dir='ltr' id='par_1_37' title="bbox 583 2731 2162 2804">
     <span class='ocr_line' id='line_1_38' title="bbox 583 2731 2162 2804; baseline 0 -16"><span class='ocrx_word' id='word_1_284' title='bbox 583 2741 668 2788; x_wconf 89' lang='lat' dir='ltr'><strong>est</strong></span> <span class='ocrx_word' id='word_1_285' title='bbox 689 2773 704 2799; x_wconf 90' lang='lat'><strong>,</strong></span> <span class='ocrx_word' id='word_1_286' title='bbox 755 2732 822 2787; x_wconf 89' lang='lat' dir='ltr'><strong>de</strong></span> <span class='ocrx_word' id='word_1_287' title='bbox 861 2731 1015 2800; x_wconf 88' lang='lat' dir='ltr'><strong>cujus</strong></span> <span class='ocrx_word' id='word_1_288' title='bbox 1061 2748 1155 2787; x_wconf 85' lang='lat' dir='ltr'><strong>ore</strong></span> <span class='ocrx_word' id='word_1_289' title='bbox 1209 2733 1397 2789; x_wconf 91' lang='lat' dir='ltr'><strong>adesse</strong></span> <span class='ocrx_word' id='word_1_290' title='bbox 1438 2733 1853 2804; x_wconf 79' lang='lat' dir='ltr'><strong>Redemptorem</strong></span> <span class='ocrx_word' id='word_1_291' title='bbox 1899 2742 2162 2800; x_wconf 89' lang='lat' dir='ltr'><strong>nostrum,</strong></span> 
     </span>
    </p>
   </div>
   <div class='ocr_carea' id='block_1_38' title="bbox 583 2822 2166 2895">
    <p class='ocr_par' dir='ltr' id='par_1_38' title="bbox 583 2822 2166 2895">
     <span class='ocr_line' id='line_1_39' title="bbox 583 2822 2166 2895; baseline 0.001 -17"><span class='ocrx_word' id='word_1_292' title='bbox 583 2823 774 2878; x_wconf 86' lang='lat' dir='ltr'><strong>adesse</strong></span> <span class='ocrx_word' id='word_1_293' title='bbox 823 2823 1031 2891; x_wconf 83' lang='lat' dir='ltr'><strong>Agnum</strong></span> <span class='ocrx_word' id='word_1_294' title='bbox 1059 2822 1180 2889; x_wconf 90' lang='lat' dir='ltr'><strong>Dei,</strong></span> <span class='ocrx_word' id='word_1_295' title='bbox 1229 2839 1365 2878; x_wconf 86' lang='lat' dir='ltr'><strong>nova</strong></span> <span class='ocrx_word' id='word_1_296' title='bbox 1395 2840 1528 2880; x_wconf 90' lang='lat' dir='ltr'><strong>voce</strong></span> <span class='ocrx_word' id='word_1_297' title='bbox 1551 2825 1784 2881; x_wconf 87' lang='lat' dir='ltr'><strong>mundus</strong></span> <span class='ocrx_word' id='word_1_298' title='bbox 1813 2824 2044 2892; x_wconf 86' lang='lat' dir='ltr'><strong>audivit,</strong></span> <span class='ocrx_word' id='word_1_299' title='bbox 2075 2827 2166 2895; x_wconf 92' lang='lat' dir='ltr'><strong>qui</strong></span> 
     </span>
    </p>
   </div>
   <div class='ocr_carea' id='block_1_39' title="bbox 583 2912 2163 2985">
    <p class='ocr_par' dir='ltr' id='par_1_39' title="bbox 583 2912 2163 2985">
     <span class='ocr_line' id='line_1_40' title="bbox 583 2912 2163 2985; baseline 0.003 -18"><span class='ocrx_word' id='word_1_300' title='bbox 583 2919 641 2967; x_wconf 90' lang='lat' dir='ltr'><strong>et</strong></span> <span class='ocrx_word' id='word_1_301' title='bbox 665 2912 820 2967; x_wconf 89' lang='lat' dir='ltr'><strong>testis</strong></span> <span class='ocrx_word' id='word_1_302' title='bbox 845 2952 860 2978; x_wconf 91' lang='lat'><strong>,</strong></span> <span class='ocrx_word' id='word_1_303' title='bbox 911 2912 1316 2982; x_wconf 88' lang='lat' dir='ltr'><strong>desperantibus</strong></span> <span class='ocrx_word' id='word_1_304' title='bbox 1352 2913 1420 2969; x_wconf 91' lang='lat' dir='ltr'><strong>de</strong></span> <span class='ocrx_word' id='word_1_305' title='bbox 1459 2915 1798 2970; x_wconf 87' lang='lat' dir='ltr'><strong>successione</strong></span> <span class='ocrx_word' id='word_1_306' title='bbox 1836 2916 2163 2985; x_wconf 89' lang='lat' dir='ltr'><strong>parentibus,</strong></span> 
     </span>
    </p>
   </div>
   <div class='ocr_carea' id='block_1_40' title="bbox 583 3002 2168 3074">
    <p class='ocr_par' dir='ltr' id='par_1_40' title="bbox 583 3002 2168 3074">
     <span class='ocr_line' id='line_1_41' title="bbox 583 3002 2168 3074; baseline 0.003 -17"><span class='ocrx_word' id='word_1_307' title='bbox 583 3015 681 3074; x_wconf 84' lang='lat' dir='ltr'><strong>per</strong></span> <span class='ocrx_word' id='word_1_308' title='bbox 707 3002 952 3072; x_wconf 87' lang='lat' dir='ltr'><strong>angelum</strong></span> <span class='ocrx_word' id='word_1_309' title='bbox 980 3009 1142 3073; x_wconf 90' lang='lat' dir='ltr'><strong>prout</strong></span> <span class='ocrx_word' id='word_1_310' title='bbox 1169 3003 1303 3058; x_wconf 91' lang='lat' dir='ltr'><strong>tanti</strong></span> <span class='ocrx_word' id='word_1_311' title='bbox 1331 3005 1570 3074; x_wconf 87' lang='lat' dir='ltr'><strong>mysterii</strong></span> <span class='ocrx_word' id='word_1_312' title='bbox 1598 3003 1929 3060; x_wconf 88' lang='lat' dir='ltr'><strong>indubitatus</strong></span> <span class='ocrx_word' id='word_1_313' title='bbox 1956 3014 2010 3061; x_wconf 94' lang='lat' dir='ltr'><strong>et</strong></span> <span class='ocrx_word' id='word_1_314' title='bbox 2038 3023 2168 3062; x_wconf 93' lang='lat' dir='ltr'><strong>nun-</strong></span> 
     </span>
    </p>
   </div>
   <div class='ocr_carea' id='block_1_41' title="bbox 583 3092 2166 3167">
    <p class='ocr_par' dir='ltr' id='par_1_41' title="bbox 583 3092 2166 3167">
     <span class='ocr_line' id='line_1_42' title="bbox 583 3092 2166 3167; baseline 0.004 -22"><span class='ocrx_word' id='word_1_315' title='bbox 583 3092 692 3147; x_wconf 88' lang='lat' dir='ltr'><strong>tius</strong></span> <span class='ocrx_word' id='word_1_316' title='bbox 720 3101 902 3160; x_wconf 92' lang='lat' dir='ltr'><strong>esset,</strong></span> <span class='ocrx_word' id='word_1_317' title='bbox 941 3093 1172 3147; x_wconf 90' lang='lat' dir='ltr'><strong>mittitur</strong></span> <span class='ocrx_word' id='word_1_318' title='bbox 1197 3095 1516 3149; x_wconf 88' lang='lat' dir='ltr'><strong>nasciturus.</strong></span> <span class='ocrx_word' id='word_1_319' title='bbox 1565 3095 1694 3162; x_wconf 84' lang='lat' dir='ltr'><strong>Quis</strong></span> <span class='ocrx_word' id='word_1_320' title='bbox 1726 3104 1906 3150; x_wconf 89' lang='lat' dir='ltr'><strong>autem</strong></span> <span class='ocrx_word' id='word_1_321' title='bbox 1932 3097 2166 3167; x_wconf 90' lang='lat' dir='ltr'><strong>pruden-</strong></span> 
     </span>
    </p>
   </div>
   <div class='ocr_carea' id='block_1_42' title="bbox 584 3185 2165 3260">
    <p class='ocr_par' dir='ltr' id='par_1_42' title="bbox 584 3185 2165 3260">
     <span class='ocr_line' id='line_1_43' title="bbox 584 3185 2165 3260; baseline 0.003 -20"><span class='ocrx_word' id='word_1_322' title='bbox 584 3185 692 3241; x_wconf 90' lang='lat' dir='ltr'><strong>tius</strong></span> <span class='ocrx_word' id='word_1_323' title='bbox 711 3201 818 3242; x_wconf 91' lang='lat' dir='ltr'><strong>non</strong></span> <span class='ocrx_word' id='word_1_324' title='bbox 845 3185 1029 3241; x_wconf 87' lang='lat' dir='ltr'><strong>credat</strong></span> <span class='ocrx_word' id='word_1_325' title='bbox 1056 3201 1179 3242; x_wconf 91' lang='lat' dir='ltr'><strong>eum</strong></span> <span class='ocrx_word' id='word_1_326' title='bbox 1207 3185 1385 3241; x_wconf 90' lang='lat' dir='ltr'><strong>divina</strong></span> <span class='ocrx_word' id='word_1_327' title='bbox 1415 3187 1760 3244; x_wconf 88' lang='lat' dir='ltr'><strong>an&#39;nuntiasse</strong></span> <span class='ocrx_word' id='word_1_328' title='bbox 1794 3189 2048 3260; x_wconf 87' lang='lat' dir='ltr'><strong>mysteria</strong></span> <span class='ocrx_word' id='word_1_329' title='bbox 2066 3230 2080 3256; x_wconf 90' lang='lat'><strong>,</strong></span> <span class='ocrx_word' id='word_1_330' title='bbox 2113 3189 2165 3244; x_wconf 92' lang='lat' dir='ltr'><strong>in</strong></span> 
     </span>
    </p>
   </div>
   <div class='ocr_carea' id='block_1_43' title="bbox 2269 2001 3851 2076">
    <p class='ocr_par' dir='ltr' id='par_1_43' title="bbox 2269 2001 3851 2076">
     <span class='ocr_line' id='line_1_44' title="bbox 2269 2001 3851 2076; baseline 0.003 -20"><span class='ocrx_word' id='word_1_331' title='bbox 2269 2001 2414 2057; x_wconf 91' lang='lat' dir='ltr'><strong>dono</strong></span> <span class='ocrx_word' id='word_1_332' title='bbox 2443 2010 2628 2072; x_wconf 90' lang='lat' dir='ltr'><strong>partus</strong></span> <span class='ocrx_word' id='word_1_333' title='bbox 2669 2004 2826 2058; x_wconf 91' lang='lat' dir='ltr'><strong>unius</strong></span> <span class='ocrx_word' id='word_1_334' title='bbox 2866 2003 3127 2060; x_wconf 87' lang='lat' dir='ltr'><strong>honorem</strong></span> <span class='ocrx_word' id='word_1_335' title='bbox 3158 2005 3322 2061; x_wconf 89' lang='lat' dir='ltr'><strong>totius</strong></span> <span class='ocrx_word' id='word_1_336' title='bbox 3346 2007 3682 2076; x_wconf 87' lang='lat' dir='ltr'><strong>posteritatis</strong></span> <span class='ocrx_word' id='word_1_337' title='bbox 3710 2007 3851 2062; x_wconf 68' lang='lat' dir='ltr'><strong>obti~</strong></span> 
     </span>
    </p>
   </div>
   <div class='ocr_carea' id='block_1_44' title="bbox 2267 2093 3851 2169">
    <p class='ocr_par' dir='ltr' id='par_1_44' title="bbox 2267 2093 3851 2169">
     <span class='ocr_line' id='line_1_45' title="bbox 2267 2093 3851 2169; baseline 0.005 -21"><span class='ocrx_word' id='word_1_338' title='bbox 2267 2094 2402 2148; x_wconf 91' lang='lat' dir='ltr'><strong>nuit.</strong></span> <span class='ocrx_word' id='word_1_339' title='bbox 2435 2093 2590 2161; x_wconf 67' lang='lat' dir='ltr'><strong>Quae,</strong></span> <span class='ocrx_word' id='word_1_340' title='bbox 2630 2095 2756 2150; x_wconf 90' lang='lat' dir='ltr'><strong>dum</strong></span> <span class='ocrx_word' id='word_1_341' title='bbox 2784 2095 2931 2151; x_wconf 88' lang='lat' dir='ltr'><strong>velut</strong></span> <span class='ocrx_word' id='word_1_342' title='bbox 2959 2095 3287 2154; x_wconf 90' lang='lat' dir='ltr'><strong>infructuosa</strong></span> <span class='ocrx_word' id='word_1_343' title='bbox 3322 2099 3439 2154; x_wconf 91' lang='lat' dir='ltr'><strong>viro</strong></span> <span class='ocrx_word' id='word_1_344' title='bbox 3469 2115 3572 2154; x_wconf 91' lang='lat' dir='ltr'><strong>suo</strong></span> <span class='ocrx_word' id='word_1_345' title='bbox 3602 2115 3774 2169; x_wconf 85' lang='lat' dir='ltr'><strong>usque</strong></span> <span class='ocrx_word' id='word_1_346' title='bbox 3804 2101 3851 2158; x_wconf 90' lang='lat' dir='ltr'><strong>in</strong></span> 
     </span>
    </p>
   </div>
   <div class='ocr_carea' id='block_1_45' title="bbox 2265 2186 3851 2256">
    <p class='ocr_par' dir='ltr' id='par_1_45' title="bbox 2265 2186 3851 2256">
     <span class='ocr_line' id='line_1_46' title="bbox 2265 2186 3851 2256; baseline 0.005 -17"><span class='ocrx_word' id='word_1_347' title='bbox 2265 2192 2482 2240; x_wconf 79' lang='lat' dir='ltr'><strong>aetatem</strong></span> <span class='ocrx_word' id='word_1_348' title='bbox 2509 2186 2749 2240; x_wconf 90' lang='lat' dir='ltr'><strong>ultimam</strong></span> <span class='ocrx_word' id='word_1_349' title='bbox 2777 2188 3142 2256; x_wconf 86' lang='lat' dir='ltr'><strong>congemiscit,</strong></span> <span class='ocrx_word' id='word_1_350' title='bbox 3173 2188 3350 2244; x_wconf 85' lang='lat' dir='ltr'><strong>subito</strong></span> <span class='ocrx_word' id='word_1_351' title='bbox 3379 2205 3486 2244; x_wconf 90' lang='lat' dir='ltr'><strong>non</strong></span> <span class='ocrx_word' id='word_1_352' title='bbox 3515 2189 3620 2244; x_wconf 86' lang='lat' dir='ltr'><strong>sibi</strong></span> <span class='ocrx_word' id='word_1_353' title='bbox 3647 2198 3851 2248; x_wconf 87' lang='lat' dir='ltr'><strong>tantum</strong></span> 
     </span>
    </p>
   </div>
   <div class='ocr_carea' id='block_1_46' title="bbox 2267 2274 3852 2342">
    <p class='ocr_par' dir='ltr' id='par_1_46' title="bbox 2267 2274 3852 2342">
     <span class='ocr_line' id='line_1_47' title="bbox 2267 2274 3852 2342; baseline 0.004 -12"><span class='ocrx_word' id='word_1_354' title='bbox 2267 2274 2433 2330; x_wconf 84' lang='lat' dir='ltr'><strong>filium</strong></span> <span class='ocrx_word' id='word_1_355' title='bbox 2456 2317 2471 2342; x_wconf 92' lang='lat'><strong>,</strong></span> <span class='ocrx_word' id='word_1_356' title='bbox 2519 2277 2614 2332; x_wconf 89' lang='lat' dir='ltr'><strong>sed</strong></span> <span class='ocrx_word' id='word_1_357' title='bbox 2651 2278 2900 2332; x_wconf 67' lang='lat' dir='ltr'><strong>universo</strong></span> <span class='ocrx_word' id='word_1_358' title='bbox 2929 2277 3126 2333; x_wconf 91' lang='lat' dir='ltr'><strong>mundo</strong></span> <span class='ocrx_word' id='word_1_359' title='bbox 3152 2279 3337 2334; x_wconf 88' lang='lat' dir='ltr'><strong>salutis</strong></span> <span class='ocrx_word' id='word_1_360' title='bbox 3361 2288 3582 2335; x_wconf 69' lang='lat' dir='ltr'><strong>aeternae</strong></span> <span class='ocrx_word' id='word_1_361' title='bbox 3609 2281 3852 2338; x_wconf 81' lang='lat' dir='ltr'><strong>nuntium</strong></span> 
     </span>
    </p>
   </div>
   <div class='ocr_carea' id='block_1_47' title="bbox 2265 2368 3853 2442">
    <p class='ocr_par' dir='ltr' id='par_1_47' title="bbox 2265 2368 3853 2442">
     <span class='ocr_line' id='line_1_48' title="bbox 2265 2368 3853 2442; baseline 0.003 -20"><span class='ocrx_word' id='word_1_362' title='bbox 2265 2369 2573 2440; x_wconf 87' lang='lat' dir='ltr'><strong>parturivit,</strong></span> <span class='ocrx_word' id='word_1_363' title='bbox 2605 2376 2661 2424; x_wconf 92' lang='lat' dir='ltr'><strong>et</strong></span> <span class='ocrx_word' id='word_1_364' title='bbox 2681 2368 2989 2439; x_wconf 90' lang='lat' dir='ltr'><strong>hujusmodi</strong></span> <span class='ocrx_word' id='word_1_365' title='bbox 3013 2371 3278 2438; x_wconf 90' lang='lat' dir='ltr'><strong>nuntium,</strong></span> <span class='ocrx_word' id='word_1_366' title='bbox 3307 2379 3370 2426; x_wconf 91' lang='lat' dir='ltr'><strong>ut</strong></span> <span class='ocrx_word' id='word_1_367' title='bbox 3391 2370 3701 2441; x_wconf 88' lang='lat' dir='ltr'><strong>priusquam</strong></span> <span class='ocrx_word' id='word_1_368' title='bbox 3730 2387 3853 2442; x_wconf 89' lang='lat' dir='ltr'><strong>pro-</strong></span> 
     </span>
    </p>
   </div>
   <div class='ocr_carea' id='block_1_48' title="bbox 2266 2460 3853 2532">
    <p class='ocr_par' dir='ltr' id='par_1_48' title="bbox 2266 2460 3853 2532">
     <span class='ocr_line' id='line_1_49' title="bbox 2266 2460 3853 2532; baseline 0 -16"><span class='ocrx_word' id='word_1_369' title='bbox 2266 2460 2407 2516; x_wconf 90' lang='lat' dir='ltr'><strong>diret</strong></span> <span class='ocrx_word' id='word_1_370' title='bbox 2435 2475 2502 2515; x_wconf 83' lang='lat' dir='ltr'><strong>ex</strong></span> <span class='ocrx_word' id='word_1_371' title='bbox 2530 2467 2684 2516; x_wconf 91' lang='lat' dir='ltr'><strong>utero</strong></span> <span class='ocrx_word' id='word_1_372' title='bbox 2703 2499 2717 2526; x_wconf 92' lang='lat'><strong>,</strong></span> <span class='ocrx_word' id='word_1_373' title='bbox 2756 2461 3036 2532; x_wconf 86' lang='lat' dir='ltr'><strong>privilegio</strong></span> <span class='ocrx_word' id='word_1_374' title='bbox 3056 2460 3168 2530; x_wconf 88' lang='lat' dir='ltr'><strong>jam</strong></span> <span class='ocrx_word' id='word_1_375' title='bbox 3197 2460 3362 2517; x_wconf 91' lang='lat' dir='ltr'><strong>futuri</strong></span> <span class='ocrx_word' id='word_1_376' title='bbox 3386 2462 3702 2528; x_wconf 86' lang='lat' dir='ltr'><strong>ministerii,</strong></span> <span class='ocrx_word' id='word_1_377' title='bbox 3739 2477 3853 2517; x_wconf 83' lang='lat' dir='ltr'><strong>ma-</strong></span> 
     </span>
    </p>
   </div>
   <div class='ocr_carea' id='block_1_49' title="bbox 2269 2551 3854 2624">
    <p class='ocr_par' dir='ltr' id='par_1_49' title="bbox 2269 2551 3854 2624">
     <span class='ocr_line' id='line_1_50' title="bbox 2269 2551 3854 2624; baseline 0.004 -20"><span class='ocrx_word' id='word_1_378' title='bbox 2269 2558 2439 2606; x_wconf 62' lang='lat' dir='ltr'><strong>terna:</strong></span> <span class='ocrx_word' id='word_1_379' title='bbox 2455 2551 2649 2620; x_wconf 68' lang='lat' dir='ltr'><strong>linguae</strong></span> <span class='ocrx_word' id='word_1_380' title='bbox 2673 2552 3044 2622; x_wconf 90' lang='lat' dir='ltr'><strong>prophetalem</strong></span> <span class='ocrx_word' id='word_1_381' title='bbox 3066 2553 3314 2624; x_wconf 89' lang='lat' dir='ltr'><strong>spiritum</strong></span> <span class='ocrx_word' id='word_1_382' title='bbox 3331 2555 3662 2624; x_wconf 86' lang='lat' dir='ltr'><strong>propinaret,</strong></span> <span class='ocrx_word' id='word_1_383' title='bbox 3697 2562 3854 2624; x_wconf 82' lang='lat' dir='ltr'><strong>atque</strong></span> 
     </span>
    </p>
   </div>
   <div class='ocr_carea' id='block_1_50' title="bbox 2269 2643 3855 2714">
    <p class='ocr_par' dir='ltr' id='par_1_50' title="bbox 2269 2643 3855 2714">
     <span class='ocr_line' id='line_1_51' title="bbox 2269 2643 3855 2714; baseline 0 -16"><span class='ocrx_word' id='word_1_384' title='bbox 2269 2658 2331 2698; x_wconf 91' lang='lat' dir='ltr'><strong>os</strong></span> <span class='ocrx_word' id='word_1_385' title='bbox 2378 2643 2645 2699; x_wconf 72' lang='lat' dir='ltr'><strong>Zacharia:</strong></span> <span class='ocrx_word' id='word_1_386' title='bbox 2693 2645 2862 2714; x_wconf 87' lang='lat' dir='ltr'><strong>patris</strong></span> <span class='ocrx_word' id='word_1_387' title='bbox 2891 2685 2906 2711; x_wconf 92' lang='lat'><strong>,</strong></span> <span class='ocrx_word' id='word_1_388' title='bbox 2961 2644 3106 2714; x_wconf 91' lang='lat' dir='ltr'><strong>quod</strong></span> <span class='ocrx_word' id='word_1_389' title='bbox 3153 2644 3500 2700; x_wconf 84' lang='lat' dir='ltr'><strong>incredulitas</strong></span> <span class='ocrx_word' id='word_1_390' title='bbox 3541 2645 3811 2699; x_wconf 86' lang='lat' dir='ltr'><strong>clauserat</strong></span> <span class='ocrx_word' id='word_1_391' title='bbox 3839 2682 3855 2708; x_wconf 88' lang='lat'><strong>,</strong></span> 
     </span>
    </p>
   </div>
   <div class='ocr_carea' id='block_1_51' title="bbox 2267 2736 3856 2808">
    <p class='ocr_par' dir='ltr' id='par_1_51' title="bbox 2267 2736 3856 2808">
     <span class='ocr_line' id='line_1_52' title="bbox 2267 2736 3856 2808; baseline 0.002 -18"><span class='ocrx_word' id='word_1_392' title='bbox 2267 2736 2503 2806; x_wconf 73' lang='lat' dir='ltr'><strong>prmdicti</strong></span> <span class='ocrx_word' id='word_1_393' title='bbox 2534 2752 2632 2806; x_wconf 91' lang='lat' dir='ltr'><strong>per</strong></span> <span class='ocrx_word' id='word_1_394' title='bbox 2672 2737 2918 2808; x_wconf 90' lang='lat' dir='ltr'><strong>angelum</strong></span> <span class='ocrx_word' id='word_1_395' title='bbox 2959 2737 3191 2793; x_wconf 89' lang='lat' dir='ltr'><strong>nominis</strong></span> <span class='ocrx_word' id='word_1_396' title='bbox 3225 2737 3308 2793; x_wconf 88' lang='lat' dir='ltr'><strong>sui</strong></span> <span class='ocrx_word' id='word_1_397' title='bbox 3335 2739 3537 2793; x_wconf 86' lang='lat' dir='ltr'><strong>virtute</strong></span> <span class='ocrx_word' id='word_1_398' title='bbox 3565 2745 3856 2794; x_wconf 86' lang='lat' dir='ltr'><strong>reseraret.</strong></span> 
     </span>
    </p>
   </div>
   <div class='ocr_carea' id='block_1_52' title="bbox 2268 2824 3856 2893">
    <p class='ocr_par' dir='ltr' id='par_1_52' title="bbox 2268 2824 3856 2893">
     <span class='ocr_line' id='line_1_53' title="bbox 2268 2824 3856 2893; baseline 0.002 -13"><span class='ocrx_word' id='word_1_399' title='bbox 2268 2824 2611 2882; x_wconf 88' lang='lat' dir='ltr'><strong>Conticuerat</strong></span> <span class='ocrx_word' id='word_1_400' title='bbox 2638 2827 2779 2882; x_wconf 91' lang='lat' dir='ltr'><strong>enim</strong></span> <span class='ocrx_word' id='word_1_401' title='bbox 2805 2827 3122 2893; x_wconf 88' lang='lat' dir='ltr'><strong>Zacharias,</strong></span> <span class='ocrx_word' id='word_1_402' title='bbox 3167 2842 3274 2882; x_wconf 91' lang='lat' dir='ltr'><strong>non</strong></span> <span class='ocrx_word' id='word_1_403' title='bbox 3319 2835 3378 2881; x_wconf 91' lang='lat' dir='ltr'><strong>ut</strong></span> <span class='ocrx_word' id='word_1_404' title='bbox 3405 2835 3588 2883; x_wconf 90' lang='lat' dir='ltr'><strong>mutus</strong></span> <span class='ocrx_word' id='word_1_405' title='bbox 3611 2843 3856 2883; x_wconf 76' lang='lat' dir='ltr'><strong>remane~</strong></span> 
     </span>
    </p>
   </div>
   <div class='ocr_carea' id='block_1_53' title="bbox 2265 2917 3858 2988">
    <p class='ocr_par' dir='ltr' id='par_1_53' title="bbox 2265 2917 3858 2988">
     <span class='ocr_line' id='line_1_54' title="bbox 2265 2917 3858 2988; baseline 0.003 -17"><span class='ocrx_word' id='word_1_406' title='bbox 2265 2923 2382 2982; x_wconf 89' lang='lat' dir='ltr'><strong>ret,</strong></span> <span class='ocrx_word' id='word_1_407' title='bbox 2409 2917 2503 2972; x_wconf 89' lang='lat' dir='ltr'><strong>sed</strong></span> <span class='ocrx_word' id='word_1_408' title='bbox 2545 2926 2604 2972; x_wconf 94' lang='lat' dir='ltr'><strong>ut</strong></span> <span class='ocrx_word' id='word_1_409' title='bbox 2643 2917 2896 2973; x_wconf 90' lang='lat' dir='ltr'><strong>divinitus</strong></span> <span class='ocrx_word' id='word_1_410' title='bbox 2930 2918 2981 2974; x_wconf 93' lang='lat' dir='ltr'><strong>ei</strong></span> <span class='ocrx_word' id='word_1_411' title='bbox 3008 2918 3261 2988; x_wconf 90' lang='lat' dir='ltr'><strong>loquendi</strong></span> <span class='ocrx_word' id='word_1_412' title='bbox 3289 2934 3416 2974; x_wconf 90' lang='lat' dir='ltr'><strong>usus</strong></span> <span class='ocrx_word' id='word_1_413' title='bbox 3441 2918 3704 2985; x_wconf 90' lang='lat' dir='ltr'><strong>redditus,</strong></span> <span class='ocrx_word' id='word_1_414' title='bbox 3748 2935 3858 2975; x_wconf 72' lang='lat' dir='ltr'><strong>cce-</strong></span> 
     </span>
    </p>
   </div>
   <div class='ocr_carea' id='block_1_54' title="bbox 2267 3009 3856 3084">
    <p class='ocr_par' dir='ltr' id='par_1_54' title="bbox 2267 3009 3856 3084">
     <span class='ocr_line' id='line_1_55' title="bbox 2267 3009 3856 3084; baseline 0.003 -20"><span class='ocrx_word' id='word_1_415' title='bbox 2267 3009 2400 3066; x_wconf 92' lang='lat' dir='ltr'><strong>leste</strong></span> <span class='ocrx_word' id='word_1_416' title='bbox 2429 3013 2790 3067; x_wconf 87' lang='lat' dir='ltr'><strong>testimonium</strong></span> <span class='ocrx_word' id='word_1_417' title='bbox 2820 3009 3134 3084; x_wconf 90' lang='lat' dir='ltr'><strong>prophetico</strong></span> <span class='ocrx_word' id='word_1_418' title='bbox 3162 3013 3469 3084; x_wconf 90' lang='lat' dir='ltr'><strong>perhiberet</strong></span> <span class='ocrx_word' id='word_1_419' title='bbox 3491 3012 3696 3068; x_wconf 86' lang='lat' dir='ltr'><strong>infanti.</strong></span> <span class='ocrx_word' id='word_1_420' title='bbox 3726 3012 3856 3068; x_wconf 81' lang='lat' dir='ltr'><strong>ideo</strong></span> 
     </span>
    </p>
   </div>
   <div class='ocr_carea' id='block_1_55' title="bbox 2267 3105 3860 3176">
    <p class='ocr_par' dir='ltr' id='par_1_55' title="bbox 2267 3105 3860 3176">
     <span class='ocr_line' id='line_1_56' title="bbox 2267 3105 3860 3176; baseline 0.003 -20"><span class='ocrx_word' id='word_1_421' title='bbox 2267 3111 2446 3157; x_wconf 92' lang='lat' dir='ltr'><strong>autem</strong></span> <span class='ocrx_word' id='word_1_422' title='bbox 2485 3105 2736 3161; x_wconf 89' lang='lat' dir='ltr'><strong>sacerdos</strong></span> <span class='ocrx_word' id='word_1_423' title='bbox 2783 3107 2874 3176; x_wconf 92' lang='lat' dir='ltr'><strong>qui</strong></span> <span class='ocrx_word' id='word_1_424' title='bbox 2913 3107 3174 3162; x_wconf 72' lang='lat' dir='ltr'><strong>universa:</strong></span> <span class='ocrx_word' id='word_1_425' title='bbox 3213 3107 3356 3176; x_wconf 90' lang='lat' dir='ltr'><strong>plebi</strong></span> <span class='ocrx_word' id='word_1_426' title='bbox 3385 3105 3718 3176; x_wconf 83' lang='lat' dir='ltr'><strong>loquebatur,</strong></span> <span class='ocrx_word' id='word_1_427' title='bbox 3747 3105 3860 3160; x_wconf 81' lang='lat' dir='ltr'><strong>ob-</strong></span> 
     </span>
    </p>
   </div>
   <div class='ocr_carea' id='block_1_56' title="bbox 2265 3197 3858 3270">
    <p class='ocr_par' dir='ltr' id='par_1_56' title="bbox 2265 3197 3858 3270">
     <span class='ocr_line' id='line_1_57' title="bbox 2265 3197 3858 3270; baseline 0.002 -20"><span class='ocrx_word' id='word_1_428' title='bbox 2265 3197 2490 3263; x_wconf 91' lang='lat' dir='ltr'><strong>mutuit,</strong></span> <span class='ocrx_word' id='word_1_429' title='bbox 2531 3207 2588 3253; x_wconf 94' lang='lat' dir='ltr'><strong>ut</strong></span> <span class='ocrx_word' id='word_1_430' title='bbox 2624 3199 2749 3270; x_wconf 87' lang='lat' dir='ltr'><strong>quia</strong></span> <span class='ocrx_word' id='word_1_431' title='bbox 2786 3200 2997 3270; x_wconf 89' lang='lat' dir='ltr'><strong>publica</strong></span> <span class='ocrx_word' id='word_1_432' title='bbox 3023 3208 3139 3257; x_wconf 89' lang='lat' dir='ltr'><strong>erat</strong></span> <span class='ocrx_word' id='word_1_433' title='bbox 3165 3201 3500 3256; x_wconf 86' lang='lat' dir='ltr'><strong>taciturnitas</strong></span> <span class='ocrx_word' id='word_1_434' title='bbox 3528 3198 3858 3264; x_wconf 85' lang='lat' dir='ltr'><strong>sacerdotis,</strong></span> 
     </span>
    </p>
   </div>
   <div class='ocr_carea' id='block_1_57' title="bbox 581 3265 3858 3376">
    <p class='ocr_par' dir='ltr' id='par_1_57' title="bbox 581 3265 3858 3376">
     <span class='ocr_line' id='line_1_58' title="bbox 581 3265 3858 3376; baseline 0.003 -42"><span class='ocrx_word' id='word_1_435' title='bbox 581 3291 688 3347; x_wconf 87' lang='lat' dir='ltr'><strong>quo</strong></span> <span class='ocrx_word' id='word_1_436' title='bbox 725 3278 1061 3346; x_wconf 87' lang='lat' dir='ltr'><strong>procreando</strong></span> <span class='ocrx_word' id='word_1_437' title='bbox 1099 3294 1282 3334; x_wconf 89' lang='lat' dir='ltr'><strong>curam</strong></span> <span class='ocrx_word' id='word_1_438' title='bbox 1321 3265 1624 3349; x_wconf 79' lang='lat' dir='ltr'><strong>pervideret</strong></span> <span class='ocrx_word' id='word_1_439' title='bbox 1661 3278 1825 3336; x_wconf 89' lang='lat' dir='ltr'><strong>fuisse</strong></span> <span class='ocrx_word' id='word_1_440' title='bbox 1850 3281 2163 3338; x_wconf 59' lang='lat' dir='ltr'><strong>caelestem?</strong></span> <span class='ocrx_word' id='word_1_441' title='bbox 2189 3291 2235 3356; x_wconf 66' lang='grc' dir='ltr'><strong>(ξ,</strong></span> <span class='ocrx_word' id='word_1_442' title='bbox 2263 3288 2333 3344; x_wconf 92' lang='lat' dir='ltr'><strong>ad</strong></span> <span class='ocrx_word' id='word_1_443' title='bbox 2363 3290 2526 3345; x_wconf 90' lang='lat' dir='ltr'><strong>totius</strong></span> <span class='ocrx_word' id='word_1_444' title='bbox 2553 3265 2736 3361; x_wconf 79' lang='lat' dir='ltr'><strong>populi</strong></span> <span class='ocrx_word' id='word_1_445' title='bbox 2777 3265 3024 3348; x_wconf 80' lang='lat' dir='ltr'><strong>notitiam</strong></span> <span class='ocrx_word' id='word_1_446' title='bbox 3053 3301 3273 3348; x_wconf 81' lang='lat' dir='ltr'><strong>sacratae</strong></span> <span class='ocrx_word' id='word_1_447' title='bbox 3315 3292 3609 3376; x_wconf 35' lang='lat' dir='ltr'><strong>nativitatis</strong></span> <span class='ocrx_word' id='word_1_448' title='bbox 3651 3300 3858 3363; x_wconf 77' lang='lat' dir='ltr'><strong>myste-</strong></span> 
     </span>
    </p>
   </div>
   <div class='ocr_carea' id='block_1_58' title="bbox 583 3366 2165 3442">
    <p class='ocr_par' dir='ltr' id='par_1_58' title="bbox 583 3366 2165 3442">
     <span class='ocr_line' id='line_1_59' title="bbox 583 3366 2165 3442; baseline 0.004 -20"><span class='ocrx_word' id='word_1_449' title='bbox 583 3366 829 3434; x_wconf 83' lang='lat' dir='ltr'><strong>Quicum</strong></span> <span class='ocrx_word' id='word_1_450' title='bbox 855 3368 1082 3424; x_wconf 90' lang='lat' dir='ltr'><strong>necdum</strong></span> <span class='ocrx_word' id='word_1_451' title='bbox 1102 3377 1243 3424; x_wconf 89' lang='lat' dir='ltr'><strong>esset</strong></span> <span class='ocrx_word' id='word_1_452' title='bbox 1273 3367 1430 3436; x_wconf 82' lang='lat' dir='ltr'><strong>ﬁlius,</strong></span> <span class='ocrx_word' id='word_1_453' title='bbox 1463 3370 1910 3442; x_wconf 89' lang='lat' dir='ltr'><strong>imperfectusque</strong></span> <span class='ocrx_word' id='word_1_454' title='bbox 1937 3373 1992 3428; x_wconf 91' lang='lat' dir='ltr'><strong>in</strong></span> <span class='ocrx_word' id='word_1_455' title='bbox 2012 3380 2165 3429; x_wconf 92' lang='lat' dir='ltr'><strong>utero</strong></span> 
     </span>
    </p>
   </div>
   <div class='ocr_carea' id='block_1_59' title="bbox 581 3461 2166 3534">
    <p class='ocr_par' dir='ltr' id='par_1_59' title="bbox 581 3461 2166 3534">
     <span class='ocr_line' id='line_1_60' title="bbox 581 3461 2166 3534; baseline 0.004 -22"><span class='ocrx_word' id='word_1_456' title='bbox 581 3466 903 3526; x_wconf 72' lang='lat' dir='ltr'><strong>gestaretur,</strong></span> <span class='ocrx_word' id='word_1_457' title='bbox 953 3461 1306 3530; x_wconf 65' lang='lat' dir='ltr'><strong>praerogativa</strong></span> <span class='ocrx_word' id='word_1_458' title='bbox 1354 3469 1530 3516; x_wconf 90' lang='lat' dir='ltr'><strong>tamen</strong></span> <span class='ocrx_word' id='word_1_459' title='bbox 1576 3461 1792 3518; x_wconf 70' lang='lat' dir='ltr'><strong>indulta:</strong></span> <span class='ocrx_word' id='word_1_460' title='bbox 1838 3462 1938 3518; x_wconf 85' lang='lat' dir='ltr'><strong>sibi</strong></span> <span class='ocrx_word' id='word_1_461' title='bbox 1982 3466 2166 3534; x_wconf 66' lang='lat' dir='ltr'><strong>gratim</strong></span> 
     </span>
    </p>
   </div>
   <div class='ocr_carea' id='block_1_60' title="bbox 582 3551 2163 3625">
    <p class='ocr_par' dir='ltr' id='par_1_60' title="bbox 582 3551 2163 3625">
     <span class='ocr_line' id='line_1_61' title="bbox 582 3551 2163 3625; baseline 0.003 -19"><span class='ocrx_word' id='word_1_462' title='bbox 582 3558 786 3606; x_wconf 71' lang='lat' dir='ltr'><strong>aeterno</strong></span> <span class='ocrx_word' id='word_1_463' title='bbox 814 3551 1007 3618; x_wconf 82' lang='lat' dir='ltr'><strong>gaudio</strong></span> <span class='ocrx_word' id='word_1_464' title='bbox 1045 3552 1254 3607; x_wconf 87' lang='lat' dir='ltr'><strong>viscera</strong></span> <span class='ocrx_word' id='word_1_465' title='bbox 1295 3561 1538 3608; x_wconf 88' lang='lat' dir='ltr'><strong>materna</strong></span> <span class='ocrx_word' id='word_1_466' title='bbox 1573 3555 1870 3625; x_wconf 90' lang='lat' dir='ltr'><strong>supplevit,</strong></span> <span class='ocrx_word' id='word_1_467' title='bbox 1900 3564 1957 3612; x_wconf 93' lang='lat' dir='ltr'><strong>et</strong></span> <span class='ocrx_word' id='word_1_468' title='bbox 1994 3555 2163 3611; x_wconf 81' lang='lat' dir='ltr'><strong>felici-</strong></span> 
     </span>
    </p>
   </div>
   <div class='ocr_carea' id='block_1_61' title="bbox 582 3642 2164 3717">
    <p class='ocr_par' dir='ltr' id='par_1_61' title="bbox 582 3642 2164 3717">
     <span class='ocr_line' id='line_1_62' title="bbox 582 3642 2164 3717; baseline 0.005 -22"><span class='ocrx_word' id='word_1_469' title='bbox 582 3649 748 3696; x_wconf 90' lang='lat' dir='ltr'><strong>tatem</strong></span> <span class='ocrx_word' id='word_1_470' title='bbox 777 3642 974 3698; x_wconf 91' lang='lat' dir='ltr'><strong>dudum</strong></span> <span class='ocrx_word' id='word_1_471' title='bbox 999 3643 1196 3698; x_wconf 89' lang='lat' dir='ltr'><strong>sterilis</strong></span> <span class='ocrx_word' id='word_1_472' title='bbox 1223 3645 1425 3700; x_wconf 84' lang='lat' dir='ltr'><strong>ventris</strong></span> <span class='ocrx_word' id='word_1_473' title='bbox 1445 3653 1569 3700; x_wconf 89' lang='lat' dir='ltr'><strong>ante</strong></span> <span class='ocrx_word' id='word_1_474' title='bbox 1589 3656 1798 3717; x_wconf 84' lang='lat' dir='ltr'><strong>partum</strong></span> <span class='ocrx_word' id='word_1_475' title='bbox 1827 3663 1979 3702; x_wconf 87' lang='lat' dir='ltr'><strong>suum</strong></span> <span class='ocrx_word' id='word_1_476' title='bbox 2008 3648 2164 3703; x_wconf 90' lang='lat' dir='ltr'><strong>beata</strong></span> 
     </span>
    </p>
   </div>
   <div class='ocr_carea' id='block_1_62' title="bbox 582 3731 2164 3805">
    <p class='ocr_par' dir='ltr' id='par_1_62' title="bbox 582 3731 2164 3805">
     <span class='ocr_line' id='line_1_63' title="bbox 582 3731 2164 3805; baseline 0.006 -23"><span class='ocrx_word' id='word_1_477' title='bbox 582 3739 757 3784; x_wconf 89' lang='lat' dir='ltr'><strong>mater</strong></span> <span class='ocrx_word' id='word_1_478' title='bbox 784 3732 1020 3800; x_wconf 86' lang='lat' dir='ltr'><strong>agnovit.</strong></span> <span class='ocrx_word' id='word_1_479' title='bbox 1052 3731 1139 3785; x_wconf 85' lang='lat' dir='ltr'><strong>Ait</strong></span> <span class='ocrx_word' id='word_1_480' title='bbox 1161 3733 1302 3787; x_wconf 91' lang='lat' dir='ltr'><strong>enim</strong></span> <span class='ocrx_word' id='word_1_481' title='bbox 1320 3775 1335 3801; x_wconf 91' lang='lat'><strong>,</strong></span> <span class='ocrx_word' id='word_1_482' title='bbox 1367 3735 1505 3790; x_wconf 91' lang='lat' dir='ltr'><strong>sicut</strong></span> <span class='ocrx_word' id='word_1_483' title='bbox 1533 3734 1730 3791; x_wconf 90' lang='lat' dir='ltr'><strong>lectum</strong></span> <span class='ocrx_word' id='word_1_484' title='bbox 1759 3744 1861 3805; x_wconf 86' lang='lat' dir='ltr'><strong>est,</strong></span> <span class='ocrx_word' id='word_1_485' title='bbox 1891 3735 2164 3792; x_wconf 87' lang='lat' dir='ltr'><strong>Elisabcth</strong></span> 
     </span>
    </p>
   </div>
   <div class='ocr_carea' id='block_1_63' title="bbox 581 3817 2164 3896">
    <p class='ocr_par' dir='ltr' id='par_1_63' title="bbox 581 3817 2164 3896">
     <span class='ocr_line' id='line_1_64' title="bbox 581 3817 2164 3896; baseline 0.006 -23"><span class='ocrx_word' id='word_1_486' title='bbox 581 3817 652 3873; x_wconf 86' lang='lat' dir='ltr'><strong>ad</strong></span> <span class='ocrx_word' id='word_1_487' title='bbox 679 3817 900 3875; x_wconf 83' lang='lat' dir='ltr'><strong>Mariam</strong></span> <span class='ocrx_word' id='word_1_488' title='bbox 928 3839 939 3872; x_wconf 93' lang='lat'>:</span> <span class='ocrx_word' id='word_1_489' title='bbox 973 3820 1106 3876; x_wconf 82' lang='lat' dir='ltr'><strong>Ecce</strong></span> <span class='ocrx_word' id='word_1_490' title='bbox 1131 3831 1187 3876; x_wconf 89' lang='lat' dir='ltr'><strong>ut</strong></span> <span class='ocrx_word' id='word_1_491' title='bbox 1215 3827 1356 3896; x_wconf 82' lang='lat' dir='ltr'><strong>facta</strong></span> <span class='ocrx_word' id='word_1_492' title='bbox 1383 3835 1459 3880; x_wconf 86' lang='lat' dir='ltr'><strong>est</strong></span> <span class='ocrx_word' id='word_1_493' title='bbox 1487 3843 1584 3880; x_wconf 76' lang='lat' dir='ltr'><strong>vox</strong></span> <span class='ocrx_word' id='word_1_494' title='bbox 1611 3827 1792 3881; x_wconf 85' lang='lat' dir='ltr'><strong>salutis</strong></span> <span class='ocrx_word' id='word_1_495' title='bbox 1815 3836 1916 3882; x_wconf 77' lang='lat' dir='ltr'><strong>tua:</strong></span> <span class='ocrx_word' id='word_1_496' title='bbox 1946 3830 2000 3882; x_wconf 91' lang='lat' dir='ltr'><strong>in</strong></span> <span class='ocrx_word' id='word_1_497' title='bbox 2024 3831 2164 3882; x_wconf 90' lang='lat' dir='ltr'><strong>auri-</strong></span> 
     </span>
    </p>
   </div>
   <div class='ocr_carea' id='block_1_64' title="bbox 581 3909 2160 3989">
    <p class='ocr_par' dir='ltr' id='par_1_64' title="bbox 581 3909 2160 3989">
     <span class='ocr_line' id='line_1_65' title="bbox 581 3909 2160 3989; baseline 0.008 -26"><span class='ocrx_word' id='word_1_498' title='bbox 581 3909 674 3963; x_wconf 89' lang='lat' dir='ltr'><strong>bus</strong></span> <span class='ocrx_word' id='word_1_499' title='bbox 700 3912 846 3976; x_wconf 86' lang='lat' dir='ltr'><strong>meis,</strong></span> <span class='ocrx_word' id='word_1_500' title='bbox 873 3913 1150 3968; x_wconf 77' lang='lat' dir='ltr'><strong>exsultavit</strong></span> <span class='ocrx_word' id='word_1_501' title='bbox 1189 3916 1525 3986; x_wconf 66' lang='lat' dir='ltr'><strong>inn-gaudium</strong></span> <span class='ocrx_word' id='word_1_502' title='bbox 1571 3919 1748 3989; x_wconf 76' lang='lat' dir='ltr'><strong>infans</strong></span> <span class='ocrx_word' id='word_1_503' title='bbox 1775 3920 1829 3972; x_wconf 88' lang='lat' dir='ltr'><strong>in</strong></span> <span class='ocrx_word' id='word_1_504' title='bbox 1857 3930 1999 3974; x_wconf 85' lang='lat' dir='ltr'><strong>utero</strong></span> <span class='ocrx_word' id='word_1_505' title='bbox 2030 3938 2160 3975; x_wconf 87' lang='lat' dir='ltr'><strong>meo.</strong></span> 
     </span>
    </p>
   </div>
   <div class='ocr_carea' id='block_1_65' title="bbox 582 3997 2166 4070">
    <p class='ocr_par' dir='ltr' id='par_1_65' title="bbox 582 3997 2166 4070">
     <span class='ocr_line' id='line_1_66' title="bbox 582 3997 2166 4070; baseline 0.008 -17"><span class='ocrx_word' id='word_1_506' title='bbox 582 3997 652 4053; x_wconf 86' lang='lat' dir='ltr'><strong>Et</strong></span> <span class='ocrx_word' id='word_1_507' title='bbox 672 4002 808 4056; x_wconf 89' lang='lat' dir='ltr'><strong>unde</strong></span> <span class='ocrx_word' id='word_1_508' title='bbox 839 4003 934 4058; x_wconf 84' lang='lat' dir='ltr'><strong>hoc</strong></span> <span class='ocrx_word' id='word_1_509' title='bbox 960 4005 1106 4070; x_wconf 83' lang='lat' dir='ltr'><strong>mihi,</strong></span> <span class='ocrx_word' id='word_1_510' title='bbox 1137 4014 1193 4058; x_wconf 89' lang='lat' dir='ltr'><strong>ut</strong></span> <span class='ocrx_word' id='word_1_511' title='bbox 1232 4005 1404 4060; x_wconf 82' lang='lat' dir='ltr'><strong>Mater</strong></span> <span class='ocrx_word' id='word_1_512' title='bbox 1431 4006 1643 4062; x_wconf 88' lang='lat' dir='ltr'><strong>Domini</strong></span> <span class='ocrx_word' id='word_1_513' title='bbox 1669 4011 1769 4063; x_wconf 89' lang='lat' dir='ltr'><strong>mei</strong></span> <span class='ocrx_word' id='word_1_514' title='bbox 1799 4012 1966 4064; x_wconf 85' lang='lat' dir='ltr'><strong>veniat</strong></span> <span class='ocrx_word' id='word_1_515' title='bbox 1994 4011 2062 4064; x_wconf 90' lang='lat' dir='ltr'><strong>ad</strong></span> <span class='ocrx_word' id='word_1_516' title='bbox 2086 4029 2166 4066; x_wconf 90' lang='lat' dir='ltr'><strong>me</strong></span> 
     </span>
    </p>
   </div>
   <div class='ocr_carea' id='block_1_66' title="bbox 583 4088 2166 4174">
    <p class='ocr_par' dir='ltr' id='par_1_66' title="bbox 583 4088 2166 4174">
     <span class='ocr_line' id='line_1_67' title="bbox 583 4088 2166 4174; baseline 0.011 -32"><span class='ocrx_word' id='word_1_517' title='bbox 583 4088 738 4160; x_wconf 88' lang='lat' dir='ltr'><strong>(Luc.</strong></span> <span class='ocrx_word' id='word_1_518' title='bbox 769 4093 849 4159; x_wconf 78' lang='lat'><strong>1)?</strong></span> <span class='ocrx_word' id='word_1_519' title='bbox 881 4094 996 4148; x_wconf 86' lang='lat' dir='ltr'><strong>Non</strong></span> <span class='ocrx_word' id='word_1_520' title='bbox 1025 4097 1239 4163; x_wconf 91' lang='lat' dir='ltr'><strong>mirum,</strong></span> <span class='ocrx_word' id='word_1_521' title='bbox 1269 4098 1632 4166; x_wconf 89' lang='lat' dir='ltr'><strong>dilectissimi,</strong></span> <span class='ocrx_word' id='word_1_522' title='bbox 1663 4102 1707 4156; x_wconf 90' lang='lat' dir='ltr'><strong>si</strong></span> <span class='ocrx_word' id='word_1_523' title='bbox 1737 4117 1870 4156; x_wconf 91' lang='lat' dir='ltr'><strong>anus</strong></span> <span class='ocrx_word' id='word_1_524' title='bbox 1899 4103 2014 4158; x_wconf 80' lang='lat' dir='ltr'><strong>h:ec</strong></span> <span class='ocrx_word' id='word_1_525' title='bbox 2032 4119 2166 4174; x_wconf 74' lang='lat' dir='ltr'><strong>pra:-</strong></span> 
     </span>
    </p>
   </div>
   <div class='ocr_carea' id='block_1_67' title="bbox 582 4182 2168 4261">
    <p class='ocr_par' dir='ltr' id='par_1_67' title="bbox 582 4182 2168 4261">
     <span class='ocr_line' id='line_1_68' title="bbox 582 4182 2168 4261; baseline 0.009 -26"><span class='ocrx_word' id='word_1_526' title='bbox 582 4182 820 4238; x_wconf 73' lang='lat' dir='ltr'><strong>seientizn</strong></span> <span class='ocrx_word' id='word_1_527' title='bbox 865 4186 1030 4240; x_wconf 86' lang='lat' dir='ltr'><strong>ditata</strong></span> <span class='ocrx_word' id='word_1_528' title='bbox 1076 4198 1158 4243; x_wconf 88' lang='lat' dir='ltr'><strong>est</strong></span> <span class='ocrx_word' id='word_1_529' title='bbox 1203 4205 1460 4256; x_wconf 90' lang='lat' dir='ltr'><strong>munere,</strong></span> <span class='ocrx_word' id='word_1_530' title='bbox 1499 4207 1617 4261; x_wconf 75' lang='lat' dir='ltr'><strong>qua:</strong></span> <span class='ocrx_word' id='word_1_531' title='bbox 1643 4192 1897 4249; x_wconf 80' lang='lat' dir='ltr'><strong>Altissimi</strong></span> <span class='ocrx_word' id='word_1_532' title='bbox 1925 4194 2020 4250; x_wconf 90' lang='lat' dir='ltr'><strong>Dei</strong></span> <span class='ocrx_word' id='word_1_533' title='bbox 2052 4206 2168 4252; x_wconf 89' lang='lat' dir='ltr'><strong>erat</strong></span> 
     </span>
    </p>
   </div>
   <div class='ocr_carea' id='block_1_68' title="bbox 532 4273 2167 4355">
    <p class='ocr_par' dir='ltr' id='par_1_68' title="bbox 532 4273 2167 4355">
     <span class='ocr_line' id='line_1_69' title="bbox 532 4273 2167 4355; baseline 0.01 -29"><span class='ocrx_word' id='word_1_534' title='bbox 532 4338 546 4350; x_wconf 82' lang='lat'>_</span> <span class='ocrx_word' id='word_1_535' title='bbox 584 4273 824 4343; x_wconf 81' lang='lat' dir='ltr'><strong>paritura</strong></span> <span class='ocrx_word' id='word_1_536' title='bbox 850 4291 1172 4347; x_wconf 61' lang='lat' dir='ltr'><strong>praeconem.</strong></span> <span class='ocrx_word' id='word_1_537' title='bbox 1204 4279 1370 4355; x_wconf 78' lang='lat' dir='ltr'><strong>Facta</strong></span> <span class='ocrx_word' id='word_1_538' title='bbox 1398 4289 1483 4336; x_wconf 92' lang='lat' dir='ltr'><strong>est</strong></span> <span class='ocrx_word' id='word_1_539' title='bbox 1503 4282 1664 4354; x_wconf 65' lang='grc'><strong>544</strong></span> <span class='ocrx_word' id='word_1_540' title='bbox 1682 4291 1858 4338; x_wconf 89' lang='lat' dir='ltr'><strong>autem</strong></span> <span class='ocrx_word' id='word_1_541' title='bbox 1887 4286 2167 4344; x_wconf 89' lang='lat' dir='ltr'><strong>sterilitate</strong></span> 
     </span>
    </p>
   </div>
   <div class='ocr_carea' id='block_1_69' title="bbox 2268 3382 3858 3452">
    <p class='ocr_par' dir='ltr' id='par_1_69' title="bbox 2268 3382 3858 3452">
     <span class='ocr_line' id='line_1_70' title="bbox 2268 3382 3858 3452; baseline 0.002 -17"><span class='ocrx_word' id='word_1_542' title='bbox 2268 3382 2405 3436; x_wconf 90' lang='lat' dir='ltr'><strong>rium</strong></span> <span class='ocrx_word' id='word_1_543' title='bbox 2454 3385 2787 3452; x_wconf 87' lang='lat' dir='ltr'><strong>perveniret,</strong></span> <span class='ocrx_word' id='word_1_544' title='bbox 2839 3393 2895 3440; x_wconf 91' lang='lat' dir='ltr'><strong>et</strong></span> <span class='ocrx_word' id='word_1_545' title='bbox 2933 3401 3040 3441; x_wconf 92' lang='lat' dir='ltr'><strong>non</strong></span> <span class='ocrx_word' id='word_1_546' title='bbox 3081 3385 3303 3441; x_wconf 89' lang='lat' dir='ltr'><strong>credere</strong></span> <span class='ocrx_word' id='word_1_547' title='bbox 3330 3386 3382 3441; x_wconf 93' lang='lat' dir='ltr'><strong>ei</strong></span> <span class='ocrx_word' id='word_1_548' title='bbox 3409 3385 3584 3440; x_wconf 85' lang='lat' dir='ltr'><strong>nullus</strong></span> <span class='ocrx_word' id='word_1_549' title='bbox 3608 3382 3858 3439; x_wconf 85' lang='lat' dir='ltr'><strong>auderet.</strong></span> 
     </span>
    </p>
   </div>
   <div class='ocr_carea' id='block_1_70' title="bbox 2271 3472 3859 3549">
    <p class='ocr_par' dir='ltr' id='par_1_70' title="bbox 2271 3472 3859 3549">
     <span class='ocr_line' id='line_1_71' title="bbox 2271 3472 3859 3549; baseline 0.003 -21"><span class='ocrx_word' id='word_1_550' title='bbox 2271 3472 2438 3540; x_wconf 84' lang='lat' dir='ltr'><strong>Quem</strong></span> <span class='ocrx_word' id='word_1_551' title='bbox 2464 3475 2575 3544; x_wconf 92' lang='lat' dir='ltr'><strong>jam</strong></span> <span class='ocrx_word' id='word_1_552' title='bbox 2605 3478 2931 3532; x_wconf 90' lang='lat' dir='ltr'><strong>nasciturum</strong></span> <span class='ocrx_word' id='word_1_553' title='bbox 2973 3478 3310 3535; x_wconf 88' lang='lat' dir='ltr'><strong>dubitaverat</strong></span> <span class='ocrx_word' id='word_1_554' title='bbox 3339 3487 3514 3549; x_wconf 87' lang='lat' dir='ltr'><strong>pater,</strong></span> <span class='ocrx_word' id='word_1_555' title='bbox 3560 3477 3859 3532; x_wconf 87' lang='lat' dir='ltr'><strong>vindictam</strong></span> 
     </span>
    </p>
   </div>
   <div class='ocr_carea' id='block_1_71' title="bbox 2269 3557 3857 3640">
    <p class='ocr_par' dir='ltr' id='par_1_71' title="bbox 2269 3557 3857 3640">
     <span class='ocr_line' id='line_1_72' title="bbox 2269 3557 3857 3640; baseline 0.003 -22"><span class='ocrx_word' id='word_1_556' title='bbox 2269 3557 2648 3622; x_wconf 81' lang='lat' dir='ltr'><strong>taciturnitatis</strong></span> <span class='ocrx_word' id='word_1_557' title='bbox 2696 3569 2921 3623; x_wconf 84' lang='lat' dir='ltr'><strong>incurrit</strong></span> <span class='ocrx_word' id='word_1_558' title='bbox 2945 3587 2956 3622; x_wconf 92' lang='lat'>:</span> <span class='ocrx_word' id='word_1_559' title='bbox 3006 3570 3081 3624; x_wconf 88' lang='lat' dir='ltr'><strong>ait</strong></span> <span class='ocrx_word' id='word_1_560' title='bbox 3107 3570 3250 3625; x_wconf 91' lang='lat' dir='ltr'><strong>enim</strong></span> <span class='ocrx_word' id='word_1_561' title='bbox 3277 3568 3622 3640; x_wconf 86' lang='lat' dir='ltr'><strong>Evangelista</strong></span> <span class='ocrx_word' id='word_1_562' title='bbox 3649 3568 3716 3625; x_wconf 88' lang='lat' dir='ltr'><strong>de</strong></span> <span class='ocrx_word' id='word_1_563' title='bbox 3742 3584 3816 3625; x_wconf 80' lang='lat' dir='ltr'><strong>eo</strong></span> <span class='ocrx_word' id='word_1_564' title='bbox 3844 3588 3857 3622; x_wconf 90' lang='lat'>:</span> 
     </span>
    </p>
   </div>
   <div class='ocr_carea' id='block_1_72' title="bbox 2270 3654 3860 3733">
    <p class='ocr_par' dir='ltr' id='par_1_72' title="bbox 2270 3654 3860 3733">
     <span class='ocr_line' id='line_1_73' title="bbox 2270 3654 3860 3733; baseline 0.003 -23"><span class='ocrx_word' id='word_1_565' title='bbox 2270 3654 2395 3711; x_wconf 86' lang='lat' dir='ltr'><strong>Non</strong></span> <span class='ocrx_word' id='word_1_566' title='bbox 2431 3667 2542 3711; x_wconf 91' lang='lat' dir='ltr'><strong>erat</strong></span> <span class='ocrx_word' id='word_1_567' title='bbox 2588 3659 2696 3730; x_wconf 86' lang='lat' dir='ltr'><strong>ipse</strong></span> <span class='ocrx_word' id='word_1_568' title='bbox 2725 3659 2836 3728; x_wconf 77' lang='lat' dir='ltr'><strong>lux,</strong></span> <span class='ocrx_word' id='word_1_569' title='bbox 2872 3661 2964 3715; x_wconf 91' lang='lat' dir='ltr'><strong>sed</strong></span> <span class='ocrx_word' id='word_1_570' title='bbox 3000 3670 3056 3714; x_wconf 92' lang='lat' dir='ltr'><strong>ut</strong></span> <span class='ocrx_word' id='word_1_571' title='bbox 3096 3663 3444 3718; x_wconf 86' lang='lat' dir='ltr'><strong>testimonium</strong></span> <span class='ocrx_word' id='word_1_572' title='bbox 3480 3662 3771 3733; x_wconf 82' lang='lat' dir='ltr'><strong>perhiberet</strong></span> <span class='ocrx_word' id='word_1_573' title='bbox 3797 3662 3860 3715; x_wconf 82' lang='lat' dir='ltr'><strong>de</strong></span> 
     </span>
    </p>
   </div>
   <div class='ocr_carea' id='block_1_73' title="bbox 2269 3747 3859 3824">
    <p class='ocr_par' dir='ltr' id='par_1_73' title="bbox 2269 3747 3859 3824">
     <span class='ocr_line' id='line_1_74' title="bbox 2269 3747 3859 3824; baseline 0.003 -22"><span class='ocrx_word' id='word_1_574' title='bbox 2269 3747 2480 3814; x_wconf 85' lang='lat' dir='ltr'><strong>lumine,</strong></span> <span class='ocrx_word' id='word_1_575' title='bbox 2519 3759 2576 3802; x_wconf 90' lang='lat' dir='ltr'><strong>ut</strong></span> <span class='ocrx_word' id='word_1_576' title='bbox 2615 3767 2790 3805; x_wconf 85' lang='lat' dir='ltr'><strong>omnes</strong></span> <span class='ocrx_word' id='word_1_577' title='bbox 2819 3752 3082 3808; x_wconf 86' lang='lat' dir='ltr'><strong>crederent</strong></span> <span class='ocrx_word' id='word_1_578' title='bbox 3109 3770 3200 3824; x_wconf 87' lang='lat' dir='ltr'><strong>per</strong></span> <span class='ocrx_word' id='word_1_579' title='bbox 3228 3753 3376 3808; x_wconf 82' lang='lat' dir='ltr'><strong>illum</strong></span> <span class='ocrx_word' id='word_1_580' title='bbox 3405 3751 3583 3824; x_wconf 88' lang='lat' dir='ltr'><strong>(Joan.</strong></span> <span class='ocrx_word' id='word_1_581' title='bbox 3616 3753 3679 3824; x_wconf 86' lang='grc' dir='ltr'><strong>ι).</strong></span> <span class='ocrx_word' id='word_1_582' title='bbox 3739 3751 3859 3807; x_wconf 81' lang='lat' dir='ltr'><strong>Non</strong></span> 
     </span>
    </p>
   </div>
   <div class='ocr_carea' id='block_1_74' title="bbox 2269 3840 3858 3914">
    <p class='ocr_par' dir='ltr' id='par_1_74' title="bbox 2269 3840 3858 3914">
     <span class='ocr_line' id='line_1_75' title="bbox 2269 3840 3858 3914; baseline 0.001 -20"><span class='ocrx_word' id='word_1_583' title='bbox 2269 3847 2386 3894; x_wconf 90' lang='lat' dir='ltr'><strong>erat</strong></span> <span class='ocrx_word' id='word_1_584' title='bbox 2412 3840 2627 3908; x_wconf 90' lang='lat' dir='ltr'><strong>quidem</strong></span> <span class='ocrx_word' id='word_1_585' title='bbox 2654 3841 2764 3907; x_wconf 80' lang='lat' dir='ltr'><strong>lux,</strong></span> <span class='ocrx_word' id='word_1_586' title='bbox 2797 3843 2890 3898; x_wconf 90' lang='lat' dir='ltr'><strong>sed</strong></span> <span class='ocrx_word' id='word_1_587' title='bbox 2919 3851 3036 3898; x_wconf 90' lang='lat' dir='ltr'><strong>erat</strong></span> <span class='ocrx_word' id='word_1_588' title='bbox 3057 3851 3200 3900; x_wconf 81' lang='lat' dir='ltr'><strong>totus</strong></span> <span class='ocrx_word' id='word_1_589' title='bbox 3228 3844 3282 3898; x_wconf 91' lang='lat' dir='ltr'><strong>in</strong></span> <span class='ocrx_word' id='word_1_590' title='bbox 3311 3843 3512 3899; x_wconf 91' lang='lat' dir='ltr'><strong>lumine</strong></span> <span class='ocrx_word' id='word_1_591' title='bbox 3530 3885 3547 3909; x_wconf 89' lang='lat'><strong>,</strong></span> <span class='ocrx_word' id='word_1_592' title='bbox 3588 3843 3681 3914; x_wconf 94' lang='lat' dir='ltr'><strong>qui</strong></span> <span class='ocrx_word' id='word_1_593' title='bbox 3709 3843 3858 3897; x_wconf 74' lang='lat' dir='ltr'><strong>testi-</strong></span> 
     </span>
    </p>
   </div>
   <div class='ocr_carea' id='block_1_75' title="bbox 2269 3932 3859 4010">
    <p class='ocr_par' dir='ltr' id='par_1_75' title="bbox 2269 3932 3859 4010">
     <span class='ocr_line' id='line_1_76' title="bbox 2269 3932 3859 4010; baseline 0.001 -25"><span class='ocrx_word' id='word_1_594' title='bbox 2269 3933 2506 3986; x_wconf 90' lang='lat' dir='ltr'><strong>monium</strong></span> <span class='ocrx_word' id='word_1_595' title='bbox 2534 3934 2728 4010; x_wconf 86' lang='lat' dir='ltr'><strong>meruit</strong></span> <span class='ocrx_word' id='word_1_596' title='bbox 2759 3949 2890 3989; x_wconf 88' lang='lat' dir='ltr'><strong>vero</strong></span> <span class='ocrx_word' id='word_1_597' title='bbox 2931 3934 3119 3990; x_wconf 91' lang='lat' dir='ltr'><strong>lumini</strong></span> <span class='ocrx_word' id='word_1_598' title='bbox 3146 3934 3452 4005; x_wconf 91' lang='lat' dir='ltr'><strong>perhibere.</strong></span> <span class='ocrx_word' id='word_1_599' title='bbox 3485 3932 3555 3987; x_wconf 88' lang='lat' dir='ltr'><strong>Et</strong></span> <span class='ocrx_word' id='word_1_600' title='bbox 3581 3933 3726 3997; x_wconf 87' lang='lat' dir='ltr'><strong>ideo,</strong></span> <span class='ocrx_word' id='word_1_601' title='bbox 3764 3933 3859 3986; x_wconf 83' lang='lat' dir='ltr'><strong>fra-</strong></span> 
     </span>
    </p>
   </div>
   <div class='ocr_carea' id='block_1_76' title="bbox 2275 4021 3859 4087">
    <p class='ocr_par' dir='ltr' id='par_1_76' title="bbox 2275 4021 3859 4087">
     <span class='ocr_line' id='line_1_77' title="bbox 2275 4021 3859 4087; baseline 0.001 -13"><span class='ocrx_word' id='word_1_602' title='bbox 2275 4027 2404 4087; x_wconf 90' lang='lat' dir='ltr'><strong>tres,</strong></span> <span class='ocrx_word' id='word_1_603' title='bbox 2439 4021 2508 4077; x_wconf 92' lang='lat' dir='ltr'><strong>ob</strong></span> <span class='ocrx_word' id='word_1_604' title='bbox 2537 4022 2796 4080; x_wconf 84' lang='lat' dir='ltr'><strong>honorem</strong></span> <span class='ocrx_word' id='word_1_605' title='bbox 2825 4023 3116 4079; x_wconf 87' lang='lat' dir='ltr'><strong>beatissimi</strong></span> <span class='ocrx_word' id='word_1_606' title='bbox 3143 4021 3365 4079; x_wconf 89' lang='lat' dir='ltr'><strong>Joannis</strong></span> <span class='ocrx_word' id='word_1_607' title='bbox 3388 4023 3532 4078; x_wconf 90' lang='lat' dir='ltr'><strong>hunc</strong></span> <span class='ocrx_word' id='word_1_608' title='bbox 3557 4022 3859 4076; x_wconf 85' lang='lat' dir='ltr'><strong>nativitatis</strong></span> 
     </span>
    </p>
   </div>
   <div class='ocr_carea' id='block_1_77' title="bbox 2269 4112 3858 4184">
    <p class='ocr_par' dir='ltr' id='par_1_77' title="bbox 2269 4112 3858 4184">
     <span class='ocr_line' id='line_1_78' title="bbox 2269 4112 3858 4184; baseline 0.001 -18"><span class='ocrx_word' id='word_1_609' title='bbox 2269 4112 2386 4181; x_wconf 89' lang='lat' dir='ltr'><strong>ejus</strong></span> <span class='ocrx_word' id='word_1_610' title='bbox 2413 4114 2553 4168; x_wconf 88' lang='lat' dir='ltr'><strong>diem</strong></span> <span class='ocrx_word' id='word_1_611' title='bbox 2575 4117 2721 4170; x_wconf 93' lang='lat' dir='ltr'><strong>omni</strong></span> <span class='ocrx_word' id='word_1_612' title='bbox 2742 4131 2863 4172; x_wconf 89' lang='lat' dir='ltr'><strong>cum</strong></span> <span class='ocrx_word' id='word_1_613' title='bbox 2894 4117 3247 4173; x_wconf 76' lang='lat' dir='ltr'><strong>exsultatione</strong></span> <span class='ocrx_word' id='word_1_614' title='bbox 3275 4116 3627 4183; x_wconf 89' lang='lat' dir='ltr'><strong>celebremus,</strong></span> <span class='ocrx_word' id='word_1_615' title='bbox 3658 4116 3760 4184; x_wconf 86' lang='lat' dir='ltr'><strong>qui</strong></span> <span class='ocrx_word' id='word_1_616' title='bbox 3792 4114 3858 4168; x_wconf 85' lang='lat' dir='ltr'><strong>ad</strong></span> 
     </span>
    </p>
   </div>
   <div class='ocr_carea' id='block_1_78' title="bbox 2267 4205 3860 4284">
    <p class='ocr_par' dir='ltr' id='par_1_78' title="bbox 2267 4205 3860 4284">
     <span class='ocr_line' id='line_1_79' title="bbox 2267 4205 3860 4284; baseline 0.001 -26"><span class='ocrx_word' id='word_1_617' title='bbox 2267 4205 2644 4274; x_wconf 88' lang='lat' dir='ltr'><strong>propellendas</strong></span> <span class='ocrx_word' id='word_1_618' title='bbox 2691 4208 2886 4284; x_wconf 49' lang='lat' dir='ltr'><strong>mundi.</strong></span> <span class='ocrx_word' id='word_1_619' title='bbox 2915 4209 3166 4264; x_wconf 89' lang='lat' dir='ltr'><strong>tenebras</strong></span> <span class='ocrx_word' id='word_1_620' title='bbox 3203 4208 3587 4278; x_wconf 89' lang='lat' dir='ltr'><strong>sempiternum</strong></span> <span class='ocrx_word' id='word_1_621' title='bbox 3621 4206 3750 4263; x_wconf 61' lang='lat' dir='ltr'><strong>caeli</strong></span> <span class='ocrx_word' id='word_1_622' title='bbox 3781 4206 3860 4260; x_wconf 83' lang='lat' dir='ltr'><strong>lu-</strong></span> 
     </span>
    </p>
   </div>
   <div class='ocr_carea' id='block_1_79' title="bbox 2269 4298 3670 4373">
    <p class='ocr_par' dir='ltr' id='par_1_79' title="bbox 2269 4298 3670 4373">
     <span class='ocr_line' id='line_1_80' title="bbox 2269 4298 3670 4373; baseline 0.002 -23"><span class='ocrx_word' id='word_1_623' title='bbox 2269 4312 2391 4352; x_wconf 90' lang='lat' dir='ltr'><strong>men</strong></span> <span class='ocrx_word' id='word_1_624' title='bbox 2420 4304 2620 4355; x_wconf 86' lang='lat' dir='ltr'><strong>etante</strong></span> <span class='ocrx_word' id='word_1_625' title='bbox 2640 4316 2828 4358; x_wconf 90' lang='lat' dir='ltr'><strong>omnes</strong></span> <span class='ocrx_word' id='word_1_626' title='bbox 2856 4302 3092 4373; x_wconf 84' lang='lat' dir='ltr'><strong>agnovit,</strong></span> <span class='ocrx_word' id='word_1_627' title='bbox 3116 4309 3170 4359; x_wconf 90' lang='lat' dir='ltr'><strong>et</strong></span> <span class='ocrx_word' id='word_1_628' title='bbox 3193 4301 3397 4373; x_wconf 73' lang='lat' dir='ltr'><strong>priinus</strong></span> <span class='ocrx_word' id='word_1_629' title='bbox 3419 4298 3670 4358; x_wconf 87' lang='lat' dir='ltr'><strong>ostendit.</strong></span> 
     </span>
    </p>
   </div>
   <div class='ocr_carea' id='block_1_80' title="bbox 1948 4405 2480 4475">
    <p class='ocr_par' dir='ltr' id='par_1_80' title="bbox 1948 4405 2480 4475">
     <span class='ocr_line' id='line_1_81' title="bbox 1948 4405 2480 4475; baseline 0.019 -10"><span class='ocrx_word' id='word_1_630' title='bbox 1948 4405 2217 4471; x_wconf 85' lang='lat' dir='ltr'><strong>SERMO</strong></span> <span class='ocrx_word' id='word_1_631' title='bbox 2259 4412 2480 4475; x_wconf 84' lang='lat' dir='ltr'><strong>LVIII.</strong></span> 
     </span>
    </p>
   </div>
   <div class='ocr_carea' id='block_1_81' title="bbox 1721 4503 2698 4588">
    <p class='ocr_par' dir='ltr' id='par_1_81' title="bbox 1721 4503 2698 4588">
     <span class='ocr_line' id='line_1_82' title="bbox 1721 4503 2698 4588; baseline 0.016 -30"><span class='ocrx_word' id='word_1_632' title='bbox 1721 4503 1801 4560; x_wconf 91' lang='lat' dir='ltr'><strong>De</strong></span> <span class='ocrx_word' id='word_1_633' title='bbox 1823 4507 2001 4562; x_wconf 89' lang='lat' dir='ltr'><strong>eodem</strong></span> <span class='ocrx_word' id='word_1_634' title='bbox 2029 4509 2090 4565; x_wconf 90' lang='lat' dir='ltr'><strong>S.</strong></span> <span class='ocrx_word' id='word_1_635' title='bbox 2121 4510 2327 4568; x_wconf 79' lang='lat' dir='ltr'><strong>Joanne</strong></span> <span class='ocrx_word' id='word_1_636' title='bbox 2357 4515 2593 4588; x_wconf 87' lang='lat' dir='ltr'><strong>Baptista</strong></span> <span class='ocrx_word' id='word_1_637' title='bbox 2615 4518 2698 4574; x_wconf 88' lang='grc' dir='ltr'><strong>ΙΙ.</strong></span> 
     </span>
    </p>
   </div>
   <div class='ocr_carea' id='block_1_82' title="bbox 658 4601 3074 4759">
    <p class='ocr_par' dir='ltr' id='par_1_82' title="bbox 658 4601 3074 4759">
     <span class='ocr_line' id='line_1_83' title="bbox 658 4601 3074 4759; baseline 0.013 -31"><span class='ocrx_word' id='word_1_638' title='bbox 658 4671 816 4750; x_wconf 64' lang='grc'><strong>54⁵</strong></span> <span class='ocrx_word' id='word_1_639' title='bbox 845 4676 1043 4734; x_wconf 89' lang='lat' dir='ltr'><strong>Erutus</strong></span> <span class='ocrx_word' id='word_1_640' title='bbox 1070 4693 1140 4734; x_wconf 72' lang='lat' dir='ltr'><strong>ex</strong></span> <span class='ocrx_word' id='word_1_641' title='bbox 1174 4679 1358 4737; x_wconf 90' lang='lat' dir='ltr'><strong>codice</strong></span> <span class='ocrx_word' id='word_1_642' title='bbox 1385 4681 1764 4757; x_wconf 72' lang='lat' dir='ltr'><strong>Ambrosnano,</strong></span> <span class='ocrx_word' id='word_1_643' title='bbox 1792 4695 1848 4744; x_wconf 88' lang='lat' dir='ltr'><strong>et</strong></span> <span class='ocrx_word' id='word_1_644' title='bbox 1871 4601 2423 4754; x_wconf 62' lang='lat' dir='ltr'><strong>editu:</strong></span> <span class='ocrx_word' id='word_1_645' title='bbox 2452 4709 2583 4755; x_wconf 91' lang='lat' dir='ltr'><strong>tom.</strong></span> <span class='ocrx_word' id='word_1_646' title='bbox 2616 4700 2680 4756; x_wconf 81' lang='grc' dir='ltr'><strong>ιν</strong></span> <span class='ocrx_word' id='word_1_647' title='bbox 2711 4659 2966 4759; x_wconf 83' lang='lat' dir='ltr'><strong>Anecdot.</strong></span> <span class='ocrx_word' id='word_1_648' title='bbox 2999 4747 3001 4749; x_wconf 87' lang='lat'><strong>.</strong></span> <span class='ocrx_word' id='word_1_649' title='bbox 3069 4649 3074 4653; x_wconf 24' lang='grc'><strong><em>1</em></strong></span> 
     </span>
    </p>
   </div>
   <div class='ocr_carea' id='block_1_83' title="bbox 585 4791 2164 4860">
    <p class='ocr_par' dir='ltr' id='par_1_83' title="bbox 585 4791 2164 4860">
     <span class='ocr_line' id='line_1_84' title="bbox 585 4791 2164 4860; baseline 0.008 -14"><span class='ocrx_word' id='word_1_650' title='bbox 585 4791 971 4847; x_wconf 76' lang='lat' dir='ltr'><strong>Ancuusuruu.</strong></span> <span class='ocrx_word' id='word_1_651' title='bbox 996 4826 1068 4836; x_wconf 91' lang='lat'><em>—</em></span> <span class='ocrx_word' id='word_1_652' title='bbox 1084 4793 1313 4848; x_wconf 86' lang='lat' dir='ltr'><strong>Joannes</strong></span> <span class='ocrx_word' id='word_1_653' title='bbox 1335 4834 1352 4860; x_wconf 96' lang='lat'><strong>,</strong></span> <span class='ocrx_word' id='word_1_654' title='bbox 1401 4798 1584 4854; x_wconf 86' lang='lat' dir='ltr'><strong>missus</strong></span> <span class='ocrx_word' id='word_1_655' title='bbox 1630 4816 1662 4854; x_wconf 92' lang='lat' dir='ltr'><strong>a</strong></span> <span class='ocrx_word' id='word_1_656' title='bbox 1704 4800 1814 4856; x_wconf 91' lang='lat' dir='ltr'><strong>Deo</strong></span> <span class='ocrx_word' id='word_1_657' title='bbox 1841 4804 2048 4857; x_wconf 88' lang='lat' dir='ltr'><strong>nuntius</strong></span> <span class='ocrx_word' id='word_1_658' title='bbox 2068 4805 2164 4859; x_wconf 89' lang='lat' dir='ltr'><strong>ad-</strong></span> 
     </span>
    </p>
   </div>
   <div class='ocr_carea' id='block_1_84' title="bbox 655 4861 2163 4941">
    <p class='ocr_par' dir='ltr' id='par_1_84' title="bbox 655 4861 2163 4941">
     <span class='ocr_line' id='line_1_85' title="bbox 655 4861 2163 4941; baseline 0.011 -28"><span class='ocrx_word' id='word_1_659' title='bbox 655 4874 833 4941; x_wconf 56' lang='lat' dir='ltr'><strong>uentus</strong></span> <span class='ocrx_word' id='word_1_660' title='bbox 861 4861 1051 4941; x_wconf 61' lang='lat' dir='ltr'><strong>Qhristi</strong></span> <span class='ocrx_word' id='word_1_661' title='bbox 1077 4903 1092 4929; x_wconf 97' lang='lat'><strong>,</strong></span> <span class='ocrx_word' id='word_1_662' title='bbox 1125 4865 1332 4941; x_wconf 77' lang='lat' dir='ltr'><strong>ejusque</strong></span> <span class='ocrx_word' id='word_1_663' title='bbox 1381 4867 1666 4941; x_wconf 79' lang='lat' dir='ltr'><strong>salutifera:</strong></span> <span class='ocrx_word' id='word_1_664' title='bbox 1703 4875 2068 4941; x_wconf 85' lang='lat' dir='ltr'><strong>reparationis,</strong></span> <span class='ocrx_word' id='word_1_665' title='bbox 2099 4876 2163 4929; x_wconf 92' lang='lat' dir='ltr'><strong>ab</strong></span> 
     </span>
    </p>
   </div>
   <div class='ocr_carea' id='block_1_85' title="bbox 658 4933 2160 5004">
    <p class='ocr_par' dir='ltr' id='par_1_85' title="bbox 658 4933 2160 5004">
     <span class='ocr_line' id='line_1_86' title="bbox 658 4933 2160 5004; baseline 0.01 -20"><span class='ocrx_word' id='word_1_666' title='bbox 658 4933 1058 5004; x_wconf 73' lang='lat' dir='ltr'><strong>ipsa_nativitate</strong></span> <span class='ocrx_word' id='word_1_667' title='bbox 1085 4933 1343 5004; x_wconf 69' lang='lat' dir='ltr'><strong>mysteriis</strong></span> <span class='ocrx_word' id='word_1_668' title='bbox 1372 4933 1604 4994; x_wconf 77' lang='lat' dir='ltr'><strong>omnibus</strong></span> <span class='ocrx_word' id='word_1_669' title='bbox 1629 4933 2006 4997; x_wconf 78' lang='lat' dir='ltr'><strong>consecrandus</strong></span> <span class='ocrx_word' id='word_1_670' title='bbox 2029 4933 2160 5000; x_wconf 74' lang='lat' dir='ltr'><strong>erat.</strong></span> 
     </span>
    </p>
   </div>
   <div class='ocr_carea' id='block_1_86' title="bbox 707 4998 2164 5071">
    <p class='ocr_par' dir='ltr' id='par_1_86' title="bbox 707 4998 2164 5071">
     <span class='ocr_line' id='line_1_87' title="bbox 707 4998 2164 5071; baseline 0.012 -19"><span class='ocrx_word' id='word_1_671' title='bbox 707 5017 734 5052; x_wconf 89' lang='lat' dir='ltr'><strong>e</strong></span> <span class='ocrx_word' id='word_1_672' title='bbox 752 4998 1021 5056; x_wconf 71' lang='lat' dir='ltr'><strong>Zacharia</strong></span> <span class='ocrx_word' id='word_1_673' title='bbox 1043 4998 1256 5058; x_wconf 71' lang='lat' dir='ltr'><strong>silentio</strong></span> <span class='ocrx_word' id='word_1_674' title='bbox 1279 5045 1294 5069; x_wconf 89' lang='lat'><strong>,</strong></span> <span class='ocrx_word' id='word_1_675' title='bbox 1335 5006 1495 5071; x_wconf 83' lang='lat' dir='ltr'><strong>deque</strong></span> <span class='ocrx_word' id='word_1_676' title='bbox 1531 5009 1752 5066; x_wconf 79' lang='lat' dir='ltr'><strong>Joannis</strong></span> <span class='ocrx_word' id='word_1_677' title='bbox 1798 5014 2026 5068; x_wconf 86' lang='lat' dir='ltr'><strong>nondum</strong></span> <span class='ocrx_word' id='word_1_678' title='bbox 2052 4998 2164 5071; x_wconf 84' lang='lat' dir='ltr'><strong>nati</strong></span> 
     </span>
    </p>
   </div>
   <div class='ocr_carea' id='block_1_87' title="bbox 661 5071 1610 5136">
    <p class='ocr_par' dir='ltr' id='par_1_87' title="bbox 661 5071 1610 5136">
     <span class='ocr_line' id='line_1_88' title="bbox 661 5071 1610 5136; baseline 0.011 -11"><span class='ocrx_word' id='word_1_679' title='bbox 661 5071 838 5125; x_wconf 72' lang='lat' dir='ltr'><strong>virtute</strong></span> <span class='ocrx_word' id='word_1_680' title='bbox 861 5080 1066 5126; x_wconf 87' lang='lat' dir='ltr'><strong>sanctus</strong></span> <span class='ocrx_word' id='word_1_681' title='bbox 1095 5072 1357 5129; x_wconf 73' lang='lat' dir='ltr'><strong>Maximus</strong></span> <span class='ocrx_word' id='word_1_682' title='bbox 1386 5071 1610 5136; x_wconf 82' lang='lat' dir='ltr'><strong>disserit.</strong></span> 
     </span>
    </p>
   </div>
   <div class='ocr_carea' id='block_1_88' title="bbox 656 5235 2161 5318">
    <p class='ocr_par' dir='ltr' id='par_1_88' title="bbox 656 5235 2161 5318">
     <span class='ocr_line' id='line_1_89' title="bbox 656 5235 2161 5318; baseline 0.01 -30"><span class='ocrx_word' id='word_1_683' title='bbox 656 5235 854 5318; x_wconf 51' lang='lat' dir='ltr'><strong>*“Cod.</strong></span> <span class='ocrx_word' id='word_1_684' title='bbox 887 5235 1055 5318; x_wconf 63' lang='lat' dir='ltr'><strong>Vatic.</strong></span> <span class='ocrx_word' id='word_1_685' title='bbox 1090 5236 1247 5318; x_wconf 64' lang='lat'><strong>1267,</strong></span> <span class='ocrx_word' id='word_1_686' title='bbox 1275 5238 1430 5318; x_wconf 69' lang='lat' dir='ltr'><strong>Felix</strong></span> <span class='ocrx_word' id='word_1_687' title='bbox 1450 5251 1652 5318; x_wconf 75' lang='lat' dir='ltr'><strong>caterva</strong></span> <span class='ocrx_word' id='word_1_688' title='bbox 1680 5246 1953 5317; x_wconf 87' lang='lat' dir='ltr'><strong>virginum,</strong></span> <span class='ocrx_word' id='word_1_689' title='bbox 1979 5246 2161 5318; x_wconf 84' lang='lat' dir='ltr'><strong>quibus</strong></span> 
     </span>
    </p>
   </div>
   <div class='ocr_carea' id='block_1_89' title="bbox 584 5305 2156 5385">
    <p class='ocr_par' dir='ltr' id='par_1_89' title="bbox 584 5305 2156 5385">
     <span class='ocr_line' id='line_1_90' title="bbox 584 5305 2156 5385; baseline 0.009 -27"><span class='ocrx_word' id='word_1_690' title='bbox 584 5305 808 5360; x_wconf 81' lang='lat' dir='ltr'><strong>studium</strong></span> <span class='ocrx_word' id='word_1_691' title='bbox 842 5315 916 5360; x_wconf 87' lang='lat' dir='ltr'><strong>est</strong></span> <span class='ocrx_word' id='word_1_692' title='bbox 964 5316 1064 5362; x_wconf 68' lang='lat' dir='ltr'><strong>tua:</strong></span> <span class='ocrx_word' id='word_1_693' title='bbox 1095 5305 1242 5385; x_wconf 81' lang='lat' dir='ltr'><strong>sequi</strong></span> <span class='ocrx_word' id='word_1_694' title='bbox 1276 5315 1614 5385; x_wconf 74' lang='lat' dir='ltr'><strong>confessionis</strong></span> <span class='ocrx_word' id='word_1_695' title='bbox 1661 5305 1902 5372; x_wconf 68' lang='lat' dir='ltr'><strong>coronam</strong></span> <span class='ocrx_word' id='word_1_696' title='bbox 1929 5305 2156 5373; x_wconf 58' lang='lat' dir='ltr'><strong>in&#39;caeto.</strong></span> 
     </span>
    </p>
   </div>
   <div class='ocr_carea' id='block_1_90' title="bbox 581 5384 1404 5450">
    <p class='ocr_par' dir='ltr' id='par_1_90' title="bbox 581 5384 1404 5450">
     <span class='ocr_line' id='line_1_91' title="bbox 581 5384 1404 5450; baseline 0.01 -21"><span class='ocrx_word' id='word_1_697' title='bbox 581 5393 696 5450; x_wconf 71' lang='lat' dir='ltr'><strong>qua:</strong></span> <span class='ocrx_word' id='word_1_698' title='bbox 720 5387 880 5450; x_wconf 64' lang='lat' dir='ltr'><strong>tecum</strong></span> <span class='ocrx_word' id='word_1_699' title='bbox 910 5384 1278 5450; x_wconf 81' lang='lat' dir='ltr'><strong>superaverint,</strong></span> <span class='ocrx_word' id='word_1_700' title='bbox 1301 5384 1404 5438; x_wconf 88' lang='lat' dir='ltr'><strong>etc.</strong></span> 
     </span>
    </p>
   </div>
   <div class='ocr_carea' id='block_1_91' title="bbox 654 5447 1748 5518">
    <p class='ocr_par' dir='ltr' id='par_1_91' title="bbox 654 5447 1748 5518">
     <span class='ocr_line' id='line_1_92' title="bbox 654 5447 1748 5518; baseline 0.008 -17"><span class='ocrx_word' id='word_1_701' title='bbox 654 5447 680 5486; x_wconf 73' lang='grc' dir='ltr'>δ</span> <span class='ocrx_word' id='word_1_702' title='bbox 721 5447 1116 5518; x_wconf 54' lang='grc' dir='ltr'><strong>ϐίιιρεὶηίιθςίι</strong></span> <span class='ocrx_word' id='word_1_703' title='bbox 1136 5452 1209 5504; x_wconf 91' lang='lat' dir='ltr'><strong>ita</strong></span> <span class='ocrx_word' id='word_1_704' title='bbox 1230 5447 1304 5506; x_wconf 87' lang='lat' dir='ltr'><strong>eis</strong></span> <span class='ocrx_word' id='word_1_705' title='bbox 1334 5463 1380 5506; x_wconf 88' lang='lat' dir='ltr'><strong>te</strong></span> <span class='ocrx_word' id='word_1_706' title='bbox 1407 5455 1748 5511; x_wconf 87' lang='lat' dir='ltr'><strong>imitantibus.</strong></span> 
     </span>
    </p>
   </div>
   <div class='ocr_carea' id='block_1_92' title="bbox 657 5519 2156 5594">
    <p class='ocr_par' dir='ltr' id='par_1_92' title="bbox 657 5519 2156 5594">
     <span class='ocr_line' id='line_1_93' title="bbox 657 5519 2156 5594; baseline 0.007 -22"><span class='ocrx_word' id='word_1_707' title='bbox 657 5529 680 5556; x_wconf 78' lang='grc' dir='ltr'>ε</span> <span class='ocrx_word' id='word_1_708' title='bbox 721 5519 903 5575; x_wconf 62' lang='lat' dir='ltr'><strong>Codex</strong></span> <span class='ocrx_word' id='word_1_709' title='bbox 951 5519 1472 5594; x_wconf 37' lang='lat' dir='ltr'><strong>{Sanctaa‘Crucis</strong></span> <span class='ocrx_word' id='word_1_710' title='bbox 1518 5523 1745 5593; x_wconf 89' lang='lat' dir='ltr'><strong>Minor.,</strong></span> <span class='ocrx_word' id='word_1_711' title='bbox 1797 5535 1851 5581; x_wconf 92' lang='lat' dir='ltr'><strong>et</strong></span> <span class='ocrx_word' id='word_1_712' title='bbox 1897 5525 2156 5594; x_wconf 87' lang='lat' dir='ltr'><strong>Galesin.,</strong></span> 
     </span>
    </p>
   </div>
   <div class='ocr_carea' id='block_1_93' title="bbox 582 5585 2160 5665">
    <p class='ocr_par' dir='ltr' id='par_1_93' title="bbox 582 5585 2160 5665">
     <span class='ocr_line' id='line_1_94' title="bbox 582 5585 2160 5665; baseline 0.007 -23"><span class='ocrx_word' id='word_1_713' title='bbox 582 5585 797 5660; x_wconf 84' lang='lat' dir='ltr'><strong>Itaque,</strong></span> <span class='ocrx_word' id='word_1_714' title='bbox 849 5606 878 5643; x_wconf 93' lang='grc' dir='ltr'><strong><em>ο</em></strong></span> <span class='ocrx_word' id='word_1_715' title='bbox 924 5591 1197 5661; x_wconf 86' lang='lat' dir='ltr'><strong>splendida</strong></span> <span class='ocrx_word' id='word_1_716' title='bbox 1242 5589 1482 5657; x_wconf 82' lang='lat' dir='ltr'><strong>Christo,</strong></span> <span class='ocrx_word' id='word_1_717' title='bbox 1524 5585 1744 5664; x_wconf 74' lang='lat' dir='ltr'><strong>pulo/mi</strong></span> <span class='ocrx_word' id='word_1_718' title='bbox 1786 5596 1885 5650; x_wconf 88' lang='lat' dir='ltr'><strong>Dei</strong></span> <span class='ocrx_word' id='word_1_719' title='bbox 1925 5599 2085 5665; x_wconf 82' lang='lat' dir='ltr'><strong>Filio,</strong></span> <span class='ocrx_word' id='word_1_720' title='bbox 2113 5585 2160 5652; x_wconf 75' lang='lat' dir='ltr'><strong>et</strong></span> 
     </span>
    </p>
   </div>
   <div class='ocr_carea' id='block_1_94' title="bbox 653 5722 2158 5800">
    <p class='ocr_par' dir='ltr' id='par_1_94' title="bbox 653 5722 2158 5800">
     <span class='ocr_line' id='line_1_95' title="bbox 653 5722 2158 5800; baseline 0.009 -24"><span class='ocrx_word' id='word_1_721' title='bbox 653 5724 670 5755; x_wconf 78' lang='grc'>³</span> <span class='ocrx_word' id='word_1_722' title='bbox 699 5722 813 5778; x_wconf 86' lang='lat' dir='ltr'><strong>Non</strong></span> <span class='ocrx_word' id='word_1_723' title='bbox 842 5724 1096 5800; x_wconf 83' lang='lat' dir='ltr'><strong>Galesinii</strong></span> <span class='ocrx_word' id='word_1_724' title='bbox 1125 5728 1436 5792; x_wconf 89' lang='lat' dir='ltr'><strong>editionem,</strong></span> <span class='ocrx_word' id='word_1_725' title='bbox 1461 5729 1553 5784; x_wconf 89' lang='lat' dir='ltr'><strong>sed</strong></span> <span class='ocrx_word' id='word_1_726' title='bbox 1576 5728 1933 5800; x_wconf 67' lang='lat' dir='ltr'><strong>Parisiensem</strong></span> <span class='ocrx_word' id='word_1_727' title='bbox 1962 5733 2158 5790; x_wconf 84' lang='lat' dir='ltr'><strong>Mauri—</strong></span> 
     </span>
    </p>
   </div>
   <div class='ocr_carea' id='block_1_95' title="bbox 581 5796 2161 5870">
    <p class='ocr_par' dir='ltr' id='par_1_95' title="bbox 581 5796 2161 5870">
     <span class='ocr_line' id='line_1_96' title="bbox 581 5796 2161 5870; baseline 0.009 -20"><span class='ocrx_word' id='word_1_728' title='bbox 581 5806 770 5850; x_wconf 85' lang='lat' dir='ltr'><strong>norum</strong></span> <span class='ocrx_word' id='word_1_729' title='bbox 799 5796 966 5851; x_wconf 89' lang='lat' dir='ltr'><strong>secuti</strong></span> <span class='ocrx_word' id='word_1_730' title='bbox 991 5815 1193 5864; x_wconf 81' lang='lat' dir='ltr'><strong>sumus,</strong></span> <span class='ocrx_word' id='word_1_731' title='bbox 1223 5815 1383 5870; x_wconf 87' lang='lat' dir='ltr'><strong>quam</strong></span> <span class='ocrx_word' id='word_1_732' title='bbox 1414 5816 1532 5856; x_wconf 89' lang='lat' dir='ltr'><strong>esse</strong></span> <span class='ocrx_word' id='word_1_733' title='bbox 1569 5796 1990 5862; x_wconf 87' lang='lat' dir='ltr'><strong>emendatiorem</strong></span> <span class='ocrx_word' id='word_1_734' title='bbox 2011 5807 2161 5867; x_wconf 76' lang='lat' dir='ltr'><strong>novi-</strong></span> 
     </span>
    </p>
   </div>
   <div class='ocr_carea' id='block_1_96' title="bbox 2192 4809 3860 4893">
    <p class='ocr_par' dir='ltr' id='par_1_96' title="bbox 2192 4809 3860 4893">
     <span class='ocr_line' id='line_1_97' title="bbox 2192 4809 3860 4893; baseline 0.009 -30"><span class='ocrx_word' id='word_1_735' title='bbox 2192 4813 2246 4874; x_wconf 78' lang='grc' dir='ltr'><strong>Β</strong></span> <span class='ocrx_word' id='word_1_736' title='bbox 2338 4809 2517 4867; x_wconf 85' lang='lat' dir='ltr'><strong>Multis</strong></span> <span class='ocrx_word' id='word_1_737' title='bbox 2576 4813 2890 4884; x_wconf 89' lang='lat' dir='ltr'><strong>magnisque</strong></span> <span class='ocrx_word' id='word_1_738' title='bbox 2933 4814 3217 4872; x_wconf 89' lang='lat' dir='ltr'><strong>virtutibus</strong></span> <span class='ocrx_word' id='word_1_739' title='bbox 3241 4854 3256 4884; x_wconf 95' lang='lat'><strong>,</strong></span> <span class='ocrx_word' id='word_1_740' title='bbox 3314 4815 3508 4874; x_wconf 86' lang='lat' dir='ltr'><strong>fratres</strong></span> <span class='ocrx_word' id='word_1_741' title='bbox 3563 4821 3860 4893; x_wconf 77' lang='lat' dir='ltr'><strong>carissimi,</strong></span> 
     </span>
    </p>
   </div>
   <div class='ocr_carea' id='block_1_97' title="bbox 2270 4902 3857 4985">
    <p class='ocr_par' dir='ltr' id='par_1_97' title="bbox 2270 4902 3857 4985">
     <span class='ocr_line' id='line_1_98' title="bbox 2270 4902 3857 4985; baseline 0.008 -28"><span class='ocrx_word' id='word_1_742' title='bbox 2270 4902 2410 4958; x_wconf 91' lang='lat' dir='ltr'><strong>Deus</strong></span> <span class='ocrx_word' id='word_1_743' title='bbox 2437 4919 2498 4960; x_wconf 92' lang='lat' dir='ltr'><strong>ac</strong></span> <span class='ocrx_word' id='word_1_744' title='bbox 2523 4904 2776 4960; x_wconf 92' lang='lat' dir='ltr'><strong>Dominus</strong></span> <span class='ocrx_word' id='word_1_745' title='bbox 2799 4914 2984 4962; x_wconf 91' lang='lat' dir='ltr'><strong>noster</strong></span> <span class='ocrx_word' id='word_1_746' title='bbox 3009 4910 3444 4966; x_wconf 87' lang='lat' dir='ltr'><strong>concurrentium</strong></span> <span class='ocrx_word' id='word_1_747' title='bbox 3472 4911 3543 4966; x_wconf 90' lang='lat' dir='ltr'><strong>ad</strong></span> <span class='ocrx_word' id='word_1_748' title='bbox 3583 4927 3644 4968; x_wconf 91' lang='lat' dir='ltr'><strong>se</strong></span> <span class='ocrx_word' id='word_1_749' title='bbox 3673 4929 3857 4985; x_wconf 76' lang='lat' dir='ltr'><strong>papu-</strong></span> 
     </span>
    </p>
   </div>
   <div class='ocr_carea' id='block_1_98' title="bbox 2270 4994 3860 5072">
    <p class='ocr_par' dir='ltr' id='par_1_98' title="bbox 2270 4994 3860 5072">
     <span class='ocr_line' id='line_1_99' title="bbox 2270 4994 3860 5072; baseline 0.007 -23"><span class='ocrx_word' id='word_1_750' title='bbox 2270 4994 2442 5050; x_wconf 89' lang='lat' dir='ltr'><strong>lorum</strong></span> <span class='ocrx_word' id='word_1_751' title='bbox 2493 4996 2733 5063; x_wconf 88' lang='lat' dir='ltr'><strong>animos,</strong></span> <span class='ocrx_word' id='word_1_752' title='bbox 2767 4996 3031 5069; x_wconf 82' lang='lat' dir='ltr'><strong>iidemque</strong></span> <span class='ocrx_word' id='word_1_753' title='bbox 3058 4999 3374 5068; x_wconf 81' lang='lat' dir='ltr'><strong>confirmat,</strong></span> <span class='ocrx_word' id='word_1_754' title='bbox 3416 5003 3510 5072; x_wconf 92' lang='lat' dir='ltr'><strong>qui</strong></span> <span class='ocrx_word' id='word_1_755' title='bbox 3553 5003 3860 5060; x_wconf 87' lang='lat' dir='ltr'><strong>electorum</strong></span> 
     </span>
    </p>
   </div>
   <div class='ocr_carea' id='block_1_99' title="bbox 2268 5089 3859 5174">
    <p class='ocr_par' dir='ltr' id='par_1_99' title="bbox 2268 5089 3859 5174">
     <span class='ocr_line' id='line_1_100' title="bbox 2268 5089 3859 5174; baseline 0.006 -32"><span class='ocrx_word' id='word_1_756' title='bbox 2268 5102 2488 5174; x_wconf 82' lang='lat' dir='ltr'><strong>suorum</strong></span> <span class='ocrx_word' id='word_1_757' title='bbox 2517 5104 2626 5142; x_wconf 93' lang='lat' dir='ltr'><strong>non</strong></span> <span class='ocrx_word' id='word_1_758' title='bbox 2659 5089 2831 5144; x_wconf 88' lang='lat' dir='ltr'><strong>solum</strong></span> <span class='ocrx_word' id='word_1_759' title='bbox 2859 5089 3184 5146; x_wconf 87' lang='lat' dir='ltr'><strong>laudabilem</strong></span> <span class='ocrx_word' id='word_1_760' title='bbox 3209 5092 3408 5156; x_wconf 85' lang='lat' dir='ltr'><strong>vitam,</strong></span> <span class='ocrx_word' id='word_1_761' title='bbox 3439 5094 3533 5150; x_wconf 88' lang='lat' dir='ltr'><strong>sed</strong></span> <span class='ocrx_word' id='word_1_762' title='bbox 3561 5097 3725 5151; x_wconf 87' lang='lat' dir='ltr'><strong>etiam</strong></span> <span class='ocrx_word' id='word_1_763' title='bbox 3759 5114 3859 5152; x_wconf 85' lang='lat' dir='ltr'><strong>na-</strong></span> 
     </span>
    </p>
   </div>
   <div class='ocr_carea' id='block_1_100' title="bbox 2266 5249 3860 5323">
    <p class='ocr_par' dir='ltr' id='par_1_100' title="bbox 2266 5249 3860 5323">
     <span class='ocr_line' id='line_1_101' title="bbox 2266 5249 3860 5323; baseline 0.007 -21"><span class='ocrx_word' id='word_1_764' title='bbox 2266 5249 2500 5323; x_wconf 80' lang='lat' dir='ltr'><strong>omnibns</strong></span> <span class='ocrx_word' id='word_1_765' title='bbox 2522 5251 2721 5322; x_wconf 88' lang='lat' dir='ltr'><strong>angelis</strong></span> <span class='ocrx_word' id='word_1_766' title='bbox 2749 5258 2799 5304; x_wconf 86' lang='lat' dir='ltr'><strong>et</strong></span> <span class='ocrx_word' id='word_1_767' title='bbox 2826 5251 3153 5323; x_wconf 82' lang='lat' dir='ltr'><strong>archangetis</strong></span> <span class='ocrx_word' id='word_1_768' title='bbox 3180 5263 3360 5323; x_wconf 90' lang='lat' dir='ltr'><strong>grata,</strong></span> <span class='ocrx_word' id='word_1_769' title='bbox 3387 5265 3442 5309; x_wconf 89' lang='lat' dir='ltr'><strong>ut</strong></span> <span class='ocrx_word' id='word_1_770' title='bbox 3470 5259 3641 5310; x_wconf 87' lang='lat' dir='ltr'><strong>nostri</strong></span> <span class='ocrx_word' id='word_1_771' title='bbox 3669 5262 3860 5313; x_wconf 78' lang='lat' dir='ltr'><strong>memi-</strong></span> 
     </span>
    </p>
   </div>
   <div class='ocr_carea' id='block_1_101' title="bbox 2264 5319 3859 5393">
    <p class='ocr_par' dir='ltr' id='par_1_101' title="bbox 2264 5319 3859 5393">
     <span class='ocr_line' id='line_1_102' title="bbox 2264 5319 3859 5393; baseline 0.006 -21"><span class='ocrx_word' id='word_1_772' title='bbox 2264 5321 2402 5373; x_wconf 86' lang='lat' dir='ltr'><strong>nisse</strong></span> <span class='ocrx_word' id='word_1_773' title='bbox 2426 5319 2706 5393; x_wconf 61' lang='lat' dir='ltr'><strong>digneris,</strong></span> <span class='ocrx_word' id='word_1_774' title='bbox 2732 5319 2910 5393; x_wconf 85' lang='lat' dir='ltr'><strong>quibus</strong></span> <span class='ocrx_word' id='word_1_775' title='bbox 2957 5319 3224 5392; x_wconf 72' lang='lat' dir='ltr'><strong>possumus</strong></span> <span class='ocrx_word' id='word_1_776' title='bbox 3270 5327 3502 5393; x_wconf 86' lang='lat' dir='ltr'><strong>precibus</strong></span> <span class='ocrx_word' id='word_1_777' title='bbox 3533 5344 3859 5390; x_wconf 72' lang='lat' dir='ltr'><strong>exoramus;</strong></span> 
     </span>
    </p>
   </div>
   <div class='ocr_carea' id='block_1_102' title="bbox 2264 5388 3861 5468">
    <p class='ocr_par' dir='ltr' id='par_1_102' title="bbox 2264 5388 3861 5468">
     <span class='ocr_line' id='line_1_103' title="bbox 2264 5388 3861 5468; baseline 0.007 -27"><span class='ocrx_word' id='word_1_778' title='bbox 2264 5397 2320 5441; x_wconf 89' lang='lat' dir='ltr'><strong>ut</strong></span> <span class='ocrx_word' id='word_1_779' title='bbox 2348 5388 2600 5444; x_wconf 22' lang='lat' dir='ltr'><strong>nobis‘ille</strong></span> <span class='ocrx_word' id='word_1_780' title='bbox 2621 5388 2813 5468; x_wconf 39' lang='lat' dir='ltr'><strong>tribu-at</strong></span> <span class='ocrx_word' id='word_1_781' title='bbox 2837 5388 3158 5468; x_wconf 75' lang='lat' dir='ltr'><strong>peccatorum</strong></span> <span class='ocrx_word' id='word_1_782' title='bbox 3174 5388 3560 5468; x_wconf 65' lang='lat' dir='ltr'><strong>indulgentiam</strong></span> <span class='ocrx_word' id='word_1_783' title='bbox 3583 5439 3598 5464; x_wconf 93' lang='lat'><strong>,</strong></span> <span class='ocrx_word' id='word_1_784' title='bbox 3639 5400 3726 5468; x_wconf 82' lang='lat' dir='ltr'><strong>qui</strong></span> <span class='ocrx_word' id='word_1_785' title='bbox 3761 5388 3861 5452; x_wconf 81' lang='lat' dir='ltr'><strong>tibi</strong></span> 
     </span>
    </p>
   </div>
   <div class='ocr_carea' id='block_1_103' title="bbox 2267 5461 3861 5538">
    <p class='ocr_par' dir='ltr' id='par_1_103' title="bbox 2267 5461 3861 5538">
     <span class='ocr_line' id='line_1_104' title="bbox 2267 5461 3861 5538; baseline 0.006 -27"><span class='ocrx_word' id='word_1_786' title='bbox 2267 5468 2466 5538; x_wconf 65' lang='lat' dir='ltr'><strong>tuorum</strong></span> <span class='ocrx_word' id='word_1_787' title='bbox 2495 5461 2974 5538; x_wconf 45' lang='lat' dir='ltr'><strong>omniumhlaborum</strong></span> <span class='ocrx_word' id='word_1_788' title='bbox 3013 5463 3223 5516; x_wconf 84' lang='lat' dir='ltr'><strong>tradidit</strong></span> <span class='ocrx_word' id='word_1_789' title='bbox 3259 5461 3509 5538; x_wconf 76' lang='lat' dir='ltr'><strong>palmam,</strong></span> <span class='ocrx_word' id='word_1_790' title='bbox 3541 5461 3632 5537; x_wconf 79' lang='lat' dir='ltr'><strong>qui</strong></span> <span class='ocrx_word' id='word_1_791' title='bbox 3652 5461 3861 5538; x_wconf 60' lang='lat' dir='ltr'><strong>&#39;regrmt</strong></span> 
     </span>
    </p>
   </div>
   <div class='ocr_carea' id='block_1_104' title="bbox 2264 5529 3856 5606">
    <p class='ocr_par' dir='ltr' id='par_1_104' title="bbox 2264 5529 3856 5606">
     <span class='ocr_line' id='line_1_105' title="bbox 2264 5529 3856 5606; baseline 0.006 -26"><span class='ocrx_word' id='word_1_792' title='bbox 2264 5544 2376 5606; x_wconf 77' lang='lat' dir='ltr'><strong>cum</strong></span> <span class='ocrx_word' id='word_1_793' title='bbox 2419 5529 2578 5606; x_wconf 76' lang='lat' dir='ltr'><strong>Patre</strong></span> <span class='ocrx_word' id='word_1_794' title='bbox 2615 5539 2664 5584; x_wconf 89' lang='lat' dir='ltr'><strong>et</strong></span> <span class='ocrx_word' id='word_1_795' title='bbox 2705 5530 2904 5602; x_wconf 86' lang='lat' dir='ltr'><strong>Spiritu</strong></span> <span class='ocrx_word' id='word_1_796' title='bbox 2947 5542 3124 5606; x_wconf 80' lang='lat' dir='ltr'><strong>sancto</strong></span> <span class='ocrx_word' id='word_1_797' title='bbox 3162 5549 3180 5606; x_wconf 69' lang='grc' dir='ltr'><strong><em>ς</em></strong></span> <span class='ocrx_word' id='word_1_798' title='bbox 3222 5529 3342 5604; x_wconf 82' lang='lat' dir='ltr'><strong>quia</strong></span> <span class='ocrx_word' id='word_1_799' title='bbox 3386 5536 3488 5606; x_wconf 86' lang='lat' dir='ltr'><strong>ipsi</strong></span> <span class='ocrx_word' id='word_1_800' title='bbox 3543 5529 3620 5591; x_wconf 79' lang='lat' dir='ltr'><strong>est</strong></span> <span class='ocrx_word' id='word_1_801' title='bbox 3662 5529 3856 5606; x_wconf 64' lang='lat' dir='ltr'><strong>honor,</strong></span> 
     </span>
    </p>
   </div>
   <div class='ocr_carea' id='block_1_105' title="bbox 2264 5598 3776 5672">
    <p class='ocr_par' dir='ltr' id='par_1_105' title="bbox 2264 5598 3776 5672">
     <span class='ocr_line' id='line_1_106' title="bbox 2264 5598 3776 5672; baseline 0.007 -20"><span class='ocrx_word' id='word_1_802' title='bbox 2264 5598 2400 5666; x_wconf 88' lang='lat' dir='ltr'><strong>laus,</strong></span> <span class='ocrx_word' id='word_1_803' title='bbox 2430 5601 2597 5672; x_wconf 86' lang='lat' dir='ltr'><strong>gloria</strong></span> <span class='ocrx_word' id='word_1_804' title='bbox 2623 5609 2673 5654; x_wconf 88' lang='lat' dir='ltr'><strong>et</strong></span> <span class='ocrx_word' id='word_1_805' title='bbox 2697 5598 2921 5672; x_wconf 85' lang='lat' dir='ltr'><strong>potestas</strong></span> <span class='ocrx_word' id='word_1_806' title='bbox 2941 5603 2995 5656; x_wconf 89' lang='lat' dir='ltr'><strong>in</strong></span> <span class='ocrx_word' id='word_1_807' title='bbox 3021 5603 3211 5658; x_wconf 74' lang='lat' dir='ltr'><strong>stecula</strong></span> <span class='ocrx_word' id='word_1_808' title='bbox 3233 5598 3564 5659; x_wconf 72' lang='lat' dir='ltr'><strong>steculbmm.</strong></span> <span class='ocrx_word' id='word_1_809' title='bbox 3588 5609 3776 5664; x_wconf 76' lang='lat' dir='ltr'><strong>Amen.</strong></span> 
     </span>
    </p>
   </div>
   <div class='ocr_carea' id='block_1_106' title="bbox 2262 5739 3862 5814">
    <p class='ocr_par' dir='ltr' id='par_1_106' title="bbox 2262 5739 3862 5814">
     <span class='ocr_line' id='line_1_107' title="bbox 2262 5739 3862 5814; baseline 0.009 -23"><span class='ocrx_word' id='word_1_810' title='bbox 2262 5752 2421 5814; x_wconf 83' lang='lat' dir='ltr'><strong>mus,</strong></span> <span class='ocrx_word' id='word_1_811' title='bbox 2475 5739 2683 5814; x_wconf 77' lang='lat' dir='ltr'><strong>collatis</strong></span> <span class='ocrx_word' id='word_1_812' title='bbox 2729 5741 3312 5814; x_wconf 81' lang='lat' dir='ltr'><strong>praecitatiscodicibus</strong></span> <span class='ocrx_word' id='word_1_813' title='bbox 3335 5742 3746 5814; x_wconf 85' lang='lat' dir='ltr'><strong>Laurentianis,</strong></span> <span class='ocrx_word' id='word_1_814' title='bbox 3780 5761 3862 5812; x_wconf 69' lang='lat' dir='ltr'><strong>ex</strong></span> 
     </span>
    </p>
   </div>
   <div class='ocr_carea' id='block_1_107' title="bbox 2260 5809 3694 5894">
    <p class='ocr_par' dir='ltr' id='par_1_107' title="bbox 2260 5809 3694 5894">
     <span class='ocr_line' id='line_1_108' title="bbox 2260 5809 3694 5894; baseline 0.014 -32"><span class='ocrx_word' id='word_1_815' title='bbox 2260 5809 2458 5884; x_wconf 85' lang='lat' dir='ltr'><strong>quibus</strong></span> <span class='ocrx_word' id='word_1_816' title='bbox 2484 5809 2697 5886; x_wconf 80' lang='lat' dir='ltr'><strong>aliquas</strong></span> <span class='ocrx_word' id='word_1_817' title='bbox 2718 5809 2995 5874; x_wconf 78' lang='lat' dir='ltr'><strong>variantes</strong></span> <span class='ocrx_word' id='word_1_818' title='bbox 3011 5811 3397 5894; x_wconf 54' lang='grc' dir='ltr'><strong>ἀπογράψας.</strong></span> <span class='ocrx_word' id='word_1_819' title='bbox 3692 5815 3694 5818; x_wconf 62' lang='grc'><em>’</em></span> 
     </span>
    </p>
   </div>
  </div>
