4052 6330
254 293 355 354 649

1711 276 1940 336 διειιιιο
1979 277 2112 334 le.
2207 341 2214 346 ,

3379 275 3532 333 ‘650

262 408 525 466 tivitatem
551 400 683 456 fecit
707 413 827 455 esse
850 396 1183 461 mirabilem;
1215 394 1352 452 sicut
1376 392 1444 448 de
1463 393 1626 447 beato
1644 389 1851 447 Joanne
1877 394 1922 455 Α
1953 390 2062 445 Nec
2091 389 2287 444 mirum
2323 388 2366 442 si
2397 387 2511 443 lucc
2555 395 2663 442 tam
2691 385 2952 458 stupenda
2980 384 3237 441 miracula
3265 399 3362 456 per
3389 383 3534 443 illius

272 497 498 570 Baptista
527 492 751 549 decursa
778 489 1052 559 Evangelii
1090 488 1322 545 lectione
1354 487 1702 556 cognovimus
1722 529 1736 554 ,
1765 489 1850 542 cui

273 600 414 651 tanta
458 585 660 644 indulta
704 593 790 642 est
831 583 1184 657 praerogativa
1214 582 1464 640 nascendi
1480 587 1501 649 ',
1532 589 1592 637 ut
1621 581 1855 653 prophe-

273 683 384 740 ticis
408 687 568 750 atque
592 675 914 746 evangelicis
951 675 1399 746 praznuntiaretur
1422 671 1643 728 vocibus
1671 665 1849 725 nasci-

273 780 432 826 turus.
468 761 609 822 'Aut
653 762 929 836 quomodo
979 781 1088 820 non
1127 764 1378 819 omnibus
1421 770 1539 818 erat
1582 760 1851 834 mysteriis

274 858 694 933 consecrandus,
740 859 832 928 qui
881 855 1128 914 veniebat
1171 871 1271 926 pro
1316 853 1687 924 redemptione
1714 849 1851 908 deli-

271 952 454 1010 cientis
496 948 682 1006 mundi
729 954 1189 1004 sacramentorum
1236 945 1519 1001 Dominum
1565 944 1851 999 revelare?

272 1043 528 1115 Concepit
555 1056 687 1113 ergo
713 1058 862 1105 eum,
893 1042 1032 1098 sicut
1059 1039 1302 1106 audistis,
1331 1039 1398 1094 de
1415 1031 1712 1108 justissimo
1735 1039 1850 1095 viro

271 1129 546 1196 senissima
592 1141 649 1190 et
694 1133 891 1192 sterilis
915 1131 1110 1189 femina
1130 1175 1145 1198 ,
1178 1140 1236 1187 ut
1263 1148 1331 1187 ex
1359 1131 1636 1202 multiplici
1659 1131 1851 1203 despe-

273 1228 475 1285 ratione
504 1233 561 1281 et
590 1223 862 1281 nascentis
890 1223 1040 1294 pueri
1087 1223 1254 1292 gloria
1281 1263 1296 1288 ,
1341 1232 1397 1278 et
1434 1223 1674 1293 potentia
1717 1238 1852 1293 ope-

270 1317 432 1374 rantis
459 1315 560 1372 Dei
604 1312 1030 1385 magniﬁcentior
1056 1321 1360 1384 appareret.
1409 1313 1506 1370 Hic
1535 1325 1616 1370 est
1639 1313 1707 1370 de
1745 1330 1854 1385 quo

269 1407 578 1479 prmdictum
606 1405 831 1474 legimus
875 1419 972 1476 per
1012 1403 1370 1475 Prophetam:
1431 1404 1540 1459 Vox
1581 1405 1854 1461 clamantis

269 1501 320 1556 in
347 1500 552 1555 deserto
584 1498 603 1570 (
621 1497 750 1562 Isai.
785 1515 872 1566 xL,
905 1496 1032 1552 Luc.
1067 1497 1173 1568 ιιι).
1214 1496 1282 1551 Et
1308 1496 1432 1553 ideo
1455 1497 1741 1554 Zacharias
1769 1514 1854 1554 sa-

268 1592 458 1650 cerdos
507 1591 609 1647 sub
659 1591 924 1648 sententia
971 1591 1148 1661 angeli
1190 1589 1519 1662 increpantis
1544 1592 1852 1659 obmutuit;

267 1684 387 1756 quia
430 1683 686 1754 promissi
734 1682 1100 1753 magnitudine
1144 1682 1492 1738 conturbatus
1533 1682 1769 1737 futurum
1796 1696 1856 1738 se

1951 482 2143 536 merita
2191 486 2587 551 provenerunt,
2630 494 2788 548 quem
2838 485 2984 533 tanta
3021 476 3118 534 Dei
3157 477 3410 534 comitata
3449 487 3537 534 est

1953 574 2118 640 gratia
2145 611 2160 638 ,
2211 581 2269 626 ut
2316 570 2383 626 de
2428 570 2656 626 adventu
2701 569 2898 626 Christi
2943 573 3246 626 mensuram
3288 569 3535 626 humana:
3617 645 3620 648 Δ

1951 664 2320 734 conceptionis
2365 677 2611 733 egressus
2657 663 2796 716 intra
2842 663 3047 718 viscera
3088 661 3263 716 adhuc
3291 669 3535 716 materna
3619 675 3631 724 ξ

1951 755 2232 824 gauderet.
2282 753 2370 808 Ait
2415 753 2588 818 enim,
2630 751 2768 806 sicut
2793 751 3121 819 audivimus,
3162 749 3436 808 Elisabeth
3464 751 3536 806 ad

1952 843 2174 899 Mariam
2201 861 2212 897 :
2242 843 2375 897 Ecce
2409 852 2464 896 ut
2505 843 2644 914 facta
2685 851 2761 896 est
2790 859 2885 897 vox
2914 843 3098 896 salutis
3126 850 3228 896 tute
3245 843 3300 896 in
3326 841 3538 896 auribus
3619 827 3623 832 ί

1952 938 2102 1000 meis,
2133 935 2409 991 exsultavit
2435 935 2488 988 in
2514 934 2760 1006 gaudium
2787 935 2972 1006 infans
2995 936 3048 988 in
3073 942 3219 988 utero
3247 950 3358 989 meo
3382 932 3533 1005 (Luc.
3595 927 3615 981 ὲ

1952 1033 2016 1097 ι).
2065 1027 2238 1084 Tanta
2286 1028 2428 1084 enim
2458 1027 2642 1094 illum,
2692 1027 2854 1081 etiam
2894 1043 3017 1082 cum
3055 1026 3398 1096 formaretur,
3424 1025 3538 1097 jam

1953 1122 2124 1176 virtus
2152 1123 2348 1190 agebat
2365 1163 2380 1188 ,
2425 1127 2484 1174 ut
2511 1119 2576 1174 ad
2605 1119 2986 1174 documentum
3013 1120 3248 1176 caelestis
3272 1120 3536 1192 mysterii,

1953 1213 2100 1283 quod
2127 1213 2537 1284 prmdicaturum
2567 1227 2625 1266 se
2654 1210 2887 1266 humano
2914 1212 3097 1280 generi
3127 1212 3412 1279 sentiebat,
3443 1207 3539 1266 na-

1956 1306 2218 1360 tivitatem
2272 1320 2422 1360 suam
2477 1302 2882 1375 prophetalibus
2930 1302 3139 1358 indiciis
3195 1305 3536 1374 przeveniret.

1956 1397 2094 1465 Quid
2135 1411 2264 1465 ergo
2305 1397 2563 1452 miramur
2601 1396 2646 1450 si
2674 1393 2908 1452 Joannes
2936 1395 3240 1451 venientem
3269 1396 3539 1452 Christum

1956 1491 2024 1547 ad
2061 1491 2383 1562 baptismum
2420 1506 2575 1545 suum
2614 1490 2816 1560 absque
2845 1489 2951 1543 ulla
2979 1488 3315 1545 hzesitationc
3337 1503 3538 1560 cogno-

1958 1583 2071 1649 vit,
2119 1583 2164 1637 si
2207 1597 2327 1637 cum
2358 1581 2584 1636 necdum
2618 1581 2730 1651 ipse
2757 1580 3044 1650 prodiisset
3072 1581 3124 1634 in
3155 1579 3348 1644 lucem,
3380 1581 3539 1650 virgi-

1958 1673 2066 1727 nali
2089 1687 2210 1727 eum
2256 1673 2307 1726 in
2338 1679 2494 1727 utero
2523 1671 2714 1727 adesse
2740 1671 3052 1742 praesensit?
3089 1669 3217 1738 Qua:
3255 1687 3382 1726 vero
3418 1687 3543 1728 cum

267 1784 472 1848 partem
524 1774 852 1830 annuntians
898 1773 1047 1830 vocis
1093 1787 1213 1830 esse
1256 1789 1363 1828 non
1415 1773 1657 1830 credidit.
1701 1773 1856 1840 Quod
1887 1768 1935 1830 B
1962 1765 2102 1820 intra
2127 1765 2302 1820 alvum
2334 1773 2632 1819 maternam
2661 1764 2951 1819 exsultatio
2989 1765 3398 1831 commovisset,
3442 1765 3544 1820 cla-

266 1865 478 1938 quidem
529 1878 723 1934 magna
768 1864 866 1920 Dei
907 1864 1306 1936 dispensatione
1352 1863 1553 1920 factum
1581 1880 1702 1921 esse
1729 1881 1854 1936 per-

263 1957 525 2028 spicimus
543 1999 558 2025 ,
585 1964 646 2012 ut
673 1957 920 2012 universa
944 1955 1250 2012 Judaaorum
1272 1955 1422 2026 plebs
1438 1996 1454 2021 ,
1484 1955 1611 2011 dum
1638 1971 1855 2012 causam

264 2047 394 2102 tanti
422 2047 627 2103 silentii
659 2054 1058 2126 percunctatur,
1098 2047 1416 2118 procreandi
1441 2047 1594 2117 pueri
1623 2046 1858 2103 disceret

264 2138 550 2194 veritatem
575 2179 590 2206 ,
639 2147 697 2194 et
741 2145 940 2194 sancta:
988 2137 1356 2208 conceptionis
1378 2145 1646 2194 secretum
1677 2139 1856 2208 magni

263 2228 535 2300 pontiﬁcis
563 2229 900 2286 taciturnitas
928 2227 1241 2300 publicaret.
1272 2227 1526 2283 lndicitur
1551 2242 1680 2298 ergo
1695 2228 1858 2284 silen-

268 2322 398 2378 tium
446 2321 594 2393 patri
621 2359 638 2386 ,
687 2335 756 2377 ne
801 2336 981 2392 praeco
1015 2320 1248 2376 cwlestis
1269 2319 1432 2375 Verbi
1462 2333 1559 2390 per
1585 2319 1858 2376 silentium

263 2420 600 2478 nasceretur,
648 2426 953 2482 quanquam
998 2411 1206 2466 altioris
1254 2411 1307 2464 in
1355 2411 1457 2466 hoc
1501 2412 1742 2483 mysterii
1771 2428 1859 2468 ar-

263 2519 394 2559 cana
419 2503 752 2576 pandantur.
805 2503 938 2558 Nam
969 2503 1022 2558 in
1052 2503 1144 2558 illo
1173 2496 1386 2558 silentio
1407 2503 1729 2570 sacerdotis,
1761 2503 1860 2558 ad-
1903 2503 1910 2506 ’

261 2603 522 2650 ventante
541 2595 723 2665 utique
738 2593 936 2650 Christi
956 2595 1151 2663 gratia,
1175 2601 1229 2650 et
1243 2595 1509 2650 severitas
1530 2597 1762 2665 antiquae
1781 2597 1860 2653 le-

259 2687 338 2758 gis
357 2687 654 2752 obmutuit,
686 2685 849 2759 556
861 2693 914 2742 et
935 2686 1070 2742 ritus
1093 2687 1268 2744 omnis
1292 2687 1584 2743 carnalium
1605 2689 1862 2745 conticuit

263 2779 631 2835 victimarum.
663 2777 770 2835 Sed
800 2789 978 2834 tamen
1004 2794 1073 2834 ne
1097 2779 1224 2850 quid
1254 2779 1307 2834 in
1336 2780 1497 2836 beato
1525 2778 1731 2836 Joanne
1752 2797 1860 2837 non

261 2879 403 2928 esset
449 2869 731 2935 mirabile,
774 2870 1008 2940 linguam
1033 2870 1227 2942 patris,
1275 2886 1436 2940 quam
1475 2870 1862 2951 concipiendus

262 2964 693 3029 vinxerat,natus
714 2962 960 3028 absolvit,
988 2971 1046 3018 ut
1064 2963 1402 3020 beatissimus
1414 2979 1596 3028 senex,
1615 2965 1703 3035 qui
1725 2967 1865 3022 inter

263 3051 438 3109 ofﬁcia
484 3061 727 3108 veterum
753 3053 1098 3109 traditionum
1122 3069 1275 3110 usum
1303 3055 1568 3110 sermonis
1586 3057 1858 3124 amiserat,

265 3143 526 3201 innovata
555 3158 652 3215 per
679 3143 844 3200 lilium
873 3160 1004 3202 voce
1023 3187 1037 3211 ,
1071 3161 1207 3202 nova
1239 3147 1494 3218 mysteria
1523 3147 1857 3217 prmdicaret.
1885 3156 1932 3217 ρ

1960 1859 2170 1914 rissima
2218 1857 2558 1928 postmodum
2598 1872 2732 1913 voce
2779 1865 3006 1912 testatus
3051 1865 3135 1912 est
3159 1856 3376 1913 dicens:
3408 1856 3546 1911 Ecca

1959 1954 2133 2023 Agnus
2162 1949 2259 2004 Dei
2283 1989 2298 2015 ,
2324 1935 2460 2014 ἐσσε
2499 1951 2584 2021 qui
2622 1949 2756 2004 to‘llit
2791 1959 3001 2023 peccata
3021 1950 3198 2004 mundi
3247 1949 3427 2022 (Joan.
3461 1954 3541 2021 II).

1960 2043 2185 2114 Propter
2213 2045 2350 2099 hanc
2379 2059 2566 2119 vocem
2585 2084 2600 2110 ,
2649 2044 2940 2111 carissimi,
2975 2044 3153 2099 omnia
3182 2043 3270 2098 illa
3299 2058 3417 2112 qua:
3445 2057 3545 2096 au-

1958 2136 2110 2191 distis
2137 2136 2190 2190 in
2211 2135 2440 2202 Joanne,
2464 2137 2740 2206 praemissa
2767 2145 2891 2191 sunt
2909 2143 3263 2200 sacramenta,
3294 2143 3545 2204 propter-

1958 2243 2021 2284 ea
2075 2229 2216 2284 illius
2261 2229 2493 2298 gloriosa
2539 2217 2822 2300 conceptio
2869 2237 2924 2284 et
2978 2229 3085 2284 vita
3135 2236 3217 2283 est
3265 2226 3546 2282 laudabilis

1960 2329 2260 2392 prmparata
2285 2363 2301 2388 ,
2346 2330 2405 2376 ut
2449 2321 2516 2377 de
2557 2337 2652 2377 ore
2690 2331 2800 2378 tam
2837 2329 3026 2378 sancto
3062 2319 3411 2377 absolutionis
3439 2334 3548 2375 sua)

1961 2431 2151 2472 vocem
2200 2414 2432 2472 mundus
2458 2416 2686 2470 audiret.
2735 2414 2906 2482 Quam
2936 2414 3157 2485 pulchre
3182 2420 3362 2468 autem
3388 2411 3548 2467 Chri-

1960 2515 2101 2563 stum
2129 2505 2416 2562 Dominnm
2460 2515 2705 2562 nostrum
2742 2506 2864 2576 agni
2901 2505 3163 2561 vocabulo
3196 2503 3548 2574 nuncupavit,

1961 2596 2113 2667 cujus
2159 2597 2325 2653 solius
2371 2596 2632 2667 sanguine
2671 2596 2964 2667 placandus
2992 2603 3112 2651 erat
3142 2594 3311 2660 Deus,
3343 2603 3397 2649 et
3425 2594 3547 2648 uni-

1962 2706 2117 2747 versa
2143 2690 2453 2746 redimenda
2473 2688 3058 2758 mortalitasLDignum
3073 2702 3202 2756 ergo
3227 2686 3549 2757 est,fratres,

1963 2790 2022 2836 ut
2047 2797 2147 2853 pro
2178 2781 2384 2838 honore
2414 2781 2548 2836 tanti
2583 2780 2682 2836 viri
2719 2779 3077 2836 devotissimis
3105 2791 3318 2848 semper
3348 2778 3550 2832 festivi-

1964 2875 2160 2930 tatibus
2207 2875 2540 2931 exsullemus
2566 2915 2582 2942 ,
2630 2872 2722 2944 qui
2756 2889 2864 2928 uno
2894 2873 3096 2944 pariter
3124 2871 3465 2936 testimonio,
3495 2878 3550 2930 el
3644 2899 3652 2905 -

1965 2969 2305 3040 praesentiam
2346 2966 2556 3022 Domini
2593 2965 2850 3038 prodidit,
2882 2973 2937 3021 et
2966 2963 3432 3034 imminentisejns
3460 2977 3550 3021 rev

1967 3057 2140 3114 media
2169 3058 2530 3130 prophetavit.

1670 3261 1942 3325 SERMO
1982 3263 2148 3324 LIX.

1227 3358 1307 3415 De
1331 3360 1512 3415 eadem
1552 3361 1820 3417 uatiuitale
1852 3361 1914 3418 S.
1935 3362 2158 3417 Joannis
2191 3363 2441 3435 Baptista:
2469 3359 2586 3416 111.

1708 3471 2099 3527 ΑΒΜΟΝΙΤΙΟ.

1708 3472 1753 3526 A
1801 3471 1851 3526 Μ
2086 3514 2099 3527 .

337 3561 506 3635 547
535 3558 618 3616 Ex
642 3568 829 3617 vetere
847 3559 1036 3618 codice
1062 3560 1310 3617 bibliotb.
1340 3562 1397 3617 S.
1424 3470 2101 3633 Emmerami?higsta1rrlr?o
2130 3583 2272 3623 nunc
2301 3569 2532 3640 primum
2562 3567 2617 3623 in
2645 3566 2821 3623 lucem
2846 3565 3046 3638 prodit.

266 3695 666 3752 ARGUIENTUI.
689 3722 760 3732 ——
782 3689 866 3762 De,
882 3690 1042 3744 beata!
1063 3689 1504 3762 Maria:_Virginis
1528 3704 1575 3745 et
1597 3692 1864 3747 Elisabeth

334 3779 560 3833 occursu
599 3769 750 3833 atque
785 3760 1134 3833 salutatione;
1159 3761 1224 3814 de
1239 3759 1476 3833 Joanne,
1509 3764 1592 3833 qui
1623 3763 1685 3833 ab
1717 3763 1866 3818 Isaia

323 3849 441 3889 vox
482 3829 764 3900 clamantis
807 3831 862 3884 in
905 3829 1119 3885 deserto
1155 3830 1444 3900 appellatus
1484 3829 1578 3885 est.
1633 3832 1770 3897 Quid
1798 3835 1867 3889 sit

333 3919 532 3975 parare
551 3901 684 3956 viam
711 3899 956 3968 Domino,
989 3908 1038 3954 et
1078 3899 1244 3955 rectas
1272 3903 1442 3972 facere
1463 3903 1670 3957 semitas
1696 3904 1826 3974 ejus.

269 4060 277 4066 ’
334 4081 497 4135 Beati
541 4077 763 4133 Joannis
805 4077 1060 4149 Baptista:
1089 4080 1393 4136 veneranda
1421 4080 1687 4138 festivitas
1711 4127 1726 4151 ,
1755 4084 1863 4138 lra-

260 4180 386 4226 tres
417 4167 720 4236 carissimi,
751 4184 849 4240 per
874 4169 1177 4225 universum
1204 4171 1461 4227 mundum
1490 4173 1652 4230 hodie
1676 4190 1706 4230 a
1735 4173 1866 4232 lide-

258 4259 414 4316 libus
445 4253 766 4326 celebratur,
814 4259 905 4328 qui
954 4259 1058 4315 hoc
1098 4261 1414 4332 prophetica
1443 4263 1704 4335 dignitate
1729 4282 1860 4338 pro-

140 4425 161 4435 δ
258 4349 492 4419 meruit,
520 4365 590 4405 ne
616 4365 647 4406 a
677 4350 920 4406 laudibus
948 4350 1064 4421 ejus
1088 4353 1270 4408 sileret
1291 4353 1522 4411 ﬁdelium
1552 4359 1860 4430 posteritas,

255 4444 426 4516 cujus
455 4459 485 4498 a
514 4443 626 4500 Deo
664 4443 873 4501 dicatur
901 4445 1016 4516 ipsa
1047 4446 1318 4502 nativitas.
1357 4447 1416 4504 ln
1447 4458 1653 4506 tantum
1681 4461 1862 4508 autem

1967 3705 2140 3753 mater
2175 3697 2383 3754 Domini
2431 3698 2729 3754 Salvatoris
2776 3706 3005 3755 matrem
3033 3699 3216 3755 visitat
3245 3698 3551 3761 Prmcurso-

1969 3792 2072 3849 ris!
2105 3791 2149 3847 Ο
2172 3810 2331 3864 quam
2369 3794 2690 3850 beatissima:
2729 3803 2927 3850 matres
2970 3796 3400 3854 beatissimorum
3428 3815 3554 3869 par-

1968 3888 2212 3942 vulorum
2233 3887 2580 3944 sanctissimae
2601 3887 2868 3944 nutrices!
2899 3887 2943 3943 Ο
2968 3889 3259 3959 gloriosum
3291 3892 3557 3962 praeconis

1876 3989 1889 3993 “
1968 3978 2200 4035 oflicium
2222 4021 2238 4047 ,
2267 3979 2358 4049 qui
2391 3979 2531 4034 intra
2558 3979 2762 4035 viscera
2793 3987 3035 4036 materna
3067 3981 3241 4037 adhuc
3268 3981 3556 4040 conclusus

1966 4071 2034 4127 ad
2062 4070 2296 4126 futurum
2320 4069 2432 4140 jam
2457 4070 2790 4126 Salvatorem
2819 4070 3022 4139 mundi,
3050 4086 3208 4142 quem
3239 4072 3412 4128 adhuc
3447 4087 3556 4129 ser~

1968 4179 2127 4219 mone
2154 4179 2261 4218 non
2299 4171 2540 4235 poterat,
2581 4163 2773 4234 spiritu
2805 4172 2979 4218 tamen
3010 4164 3325 4235 prophetico
3354 4167 3556 4221 revela:

1968 4255 2097 4321 bat;
2131 4270 2229 4310 nec
2257 4255 2400 4310 enim
2425 4262 2638 4325 poterat
2663 4255 2832 4310 veteri
2860 4255 2957 4310 sub
2982 4255 3099 4325 lege
3124 4255 3369 4312 ordinem
3396 4273 3554 4314 suum

1969 4357 2156 4407 natura
2185 4348 2428 4404 mortalis
2471 4363 2716 4413 servare,
2765 4348 2978 4417 quando
3006 4363 3105 4418 per
3137 4365 3334 4404 novam
3363 4350 3554 4405 divinic

1971 4444 2095 4497 tatis
2122 4444 2348 4512 gratiam
2385 4458 2583 4497 novum
2612 4443 2770 4497 saluti
2799 4443 3075 4498 hominum
3112 4444 3426 4514 mysterium
3452 4461 3553 4515 pa-

257 4535 525 4611 specialis
572 4535 627 4591 in
671 4552 740 4593 eo
787 4536 1044 4609 prmfulsit
1091 4541 1308 4608 electio,
1359 4550 1416 4594 ut
1463 4557 1527 4596 ex
1552 4541 1863 4612 justissimis
1891 4529 1942 4590 D
1967 4536 2202 4590 rabatur.
2248 4534 2346 4589 llic
2375 4543 2457 4590 est
2483 4535 2624 4589 enim
2651 4533 2885 4588 Joannes
2911 4535 3002 4605 qui
3029 4535 3097 4588 ab
3123 4535 3258 4590 Isaia
3289 4538 3552 4608 propheta

228 4639 427 4711 portus
455 4629 766 4700 parentibus
805 4638 965 4686 antea
1003 4640 1303 4686 mereretur
1337 4633 1659 4689 annuntiare
1683 4635 1866 4690 Domi-

261 4737 402 4779 num
454 4719 610 4790 hujus
655 4719 840 4776 mundi
887 4719 1220 4777 Salvatorem
1247 4730 1554 4789 venturum,
1582 4740 1743 4796 quam
1773 4719 1896 4779 na-'

260 4811 463 4872 scendi
491 4812 718 4868 haberet
749 4811 977 4866 initium.
1025 4811 1264 4883 Denique
1291 4811 1567 4868 Elisabetb
1597 4823 1782 4870 sancta
1811 4822 1869 4870 et

261 4921 406 4961 anus
438 4904 650 4972 mulier,
698 4918 820 4958 cum
841 4910 1066 4974 propter
1093 4902 1430 4960 sterilitatem
1461 4903 1632 4960 dillisa
1662 4904 1728 4960 de
1756 4905 1866 4961 lilio

259 5017 291 5054 τι
324 4990 467 5054 sene
486 4996 597 5066 jam
627 4997 856 5062 marito,
883 4997 1075 5066 angelo
1103 5003 1548 5067 praemonstrante
1567 5039 1582 5065 ,
1614 5000 1867 5069 concipe-

261 5098 375 5156 ret,
412 5090 665 5145 visitante
691 5105 750 5146 se
775 5089 1072 5146 castissima
1102 5090 1307 5159 virgine
1333 5089 1497 5146 Maria
1517 5131 1530 5156 ,
1554 5105 1674 5161 qua:
1703 5091 1866 5147 etiam

263 5189 323 5236 ct
355 5198 389 5235 a
423 5180 628 5251 Spiritu
655 5190 842 5237 sancto
864 5222 879 5247 ,
931 5181 1124 5252 angelo
1151 5181 1428 5250 dictante,
1457 5192 1785 5254 conceperat
1813 5184 1867 5239 in

263 5280 434 5326 utero
463 5269 801 5327 Salvatorem
819 5313 834 5339 ,
866 5271 916 5326 in
967 5271 1082 5342 ipso
1107 5271 1446 5328 salutationis
1473 5287 1701 5328 occursu
1723 5273 1868 5330 dice-

263 5362 365 5417 bat
394 5379 409 5414 :
445 5360 722 5416 Benedicta
750 5370 807 5415 tu
826 5363 961 5416 inter
987 5363 1246 5431 mulieres,
1275 5370 1324 5416 et
1346 5348 1638 5417 benedictus
1668 5363 1862 5434 {ructus

263 5453 471 5510 ventris
491 5455 564 5508 tui
587 5470 604 5507 :
626 5469 741 5508 ecce
762 5455 916 5518 enim,
947 5463 1004 5508 ut
1023 5456 1164 5527 facta
1183 5465 1258 5510 est
1285 5471 1383 5510 vox
1411 5455 1738 5510 salutationis
1763 5464 1864 5511 tua:

267 5545 328 5599 in
358 5543 574 5600 auribus
596 5547 723 5600 meis
743 5588 758 5612 ,
799 5546 1071 5600 exsultavit
1109 5548 1164 5601 in
1194 5545 1384 5618 gaudio
1423 5547 1598 5616 infans
1640 5549 1693 5600 in
1720 5559 1864 5604 utero

266 5655 392 5694 meo
426 5637 573 5706 (Luc.
607 5641 665 5710 l).
714 5638 759 5694 Ο
784 5653 946 5708 quam
974 5638 1164 5708 dignus
1191 5647 1247 5694 et
1275 5637 1400 5694 felix
1429 5619 1736 5694 sanctarum
1765 5657 1861 5696 oc-

265 5742 471 5786 cursus
507 5729 857 5785 feminarum!
912 5729 957 5783 0
983 5745 1143 5800 quam
1172 5738 1354 5789 sancta
1384 5729 1658 5799 salutatio,
1692 5730 1854 5804 Virgo

564 5822 830 5883 Ρλτιιοι.
879 5820 1068 5887 LVII.

1980 4628 2092 4682 Vox
2133 4629 2405 4681 clamantis
2442 4628 2497 4680 in
2535 4627 2734 4680 deserto
2780 4624 2936 4695 (Issi.
2969 4625 3058 4695 XL)
3101 4627 3414 4698 vocabatur,
3461 4631 3554 4700 qui

1971 4729 2117 4776 recte
2145 4735 2249 4776 vox
2277 4719 2500 4785 dicitur,
2539 4717 2664 4788 quia
2693 4717 2835 4772 enim
2865 4718 3144 4773 intonante
3170 4720 3439 4790 prmeonio
3468 4738 3555 4777 sa-

1937 4817 2243 4879 cramenta
2290 4810 2452 4883 5&8
2496 4807 2883 4879 redemptionis
2943 4809 3189 4864 humana:
3233 4810 3393 4866 surda
3445 4811 3556 4882 jam

1970 4902 2169 4958 dudum
2195 4902 2442 4958 ab-omni
2472 4901 2657 4958 auditu
2677 4901 2819 4957 bono
2839 4901 3004 4972 erepit
3023 4899 3207 4957 audire
3228 4904 3556 4960 mortalitas.

1973 4996 2080 5052 Nos
2127 4996 2328 5066 itaque,
2373 4984 2664 5060 carissimi,
2697 4993 2975 5048 audiamus
3003 4992 3131 5063 quid
3161 4993 3226 5047 ad
3256 4994 3556 5064 profectum

1973 5088 2212 5146 omnium
2237 5087 2479 5144 nosti-um
2505 5086 2800 5142 Salvatoris
2827 5087 3045 5141 nuntius
3072 5085 3394 5157 pnedicahat
3420 5105 3432 5139 :
3459 5086 3556 5140 Pa-

1972 5189 2103 5248 rate,
2134 5180 2338 5251 inquit,
2367 5181 2502 5234 riam
2531 5177 2776 5244 Domino,
2816 5187 2983 5232 rectas
3024 5177 3180 5248 facile
3207 5179 3418 5232 semitas
3448 5178 3555 5247 ejus

1974 5269 2124 5341 (Luc.
2160 5260 2261 5340 ιιι)ξ
2300 5262 2440 5326 Vere
2472 5269 2662 5339 dignus
2697 5269 2888 5323 beatus
2927 5265 3162 5323 Joannes
3203 5268 3295 5336 qui
3327 5267 3378 5320 in
3403 5267 3557 5320 semi-

1975 5368 2056 5418 tas
2085 5347 2262 5416 rectas
2290 5360 2429 5417 male
2456 5359 2747 5415 viventium
2775 5358 3032 5429 dirigeret
3050 5357 3370 5428 pravitatem
3391 5373 3404 5407 :
3429 5356 3556 5423 quid

1971 5454 2114 5509 enim
2142 5462 2225 5510 est
2250 5467 2439 5525 parare
2474 5453 2611 5506 viam
2647 5451 2908 5516 Domino,
2939 5449 3040 5504 nisi
3062 5448 3296 5503 venienti
3323 5445 3390 5500 de
3417 5446 3555 5500 cmlo

1967 5547 2157 5614 Judici,
2185 5557 2410 5618 purgato
2435 5562 2464 5601 a
2496 5547 2638 5601 vitiis
2666 5560 2763 5615 per
2789 5541 3183 5600 confessionem
3212 5549 3268 5596 et
3296 5540 3555 5610 poeniten-

1969 5642 2094 5695 tiam
2145 5648 2363 5709 pectore
2383 5681 2397 5705 ,
2439 5638 2698 5708 simplicis
2726 5634 2902 5691 cordis
2932 5631 3294 5687 habitaculum
3326 5629 3554 5687 Domino

1969 5733 2316 5803 praeparare?
2354 5730 2492 5798 Quid
2533 5737 2611 5784 est
2652 5733 2828 5784 rectas
2870 5723 3046 5781 facere
3083 5724 3304 5780 semitas
3333 5723 3429 5782 Dei
3457 5741 3552 5783 no~

3205 5817 3280 5881 21
