4052 6330
543 366 653 426 655

1756 350 1812 408 S.
1852 348 2098 406 MAXIM!
2137 344 2585 405 TAURINENSIS

3713 338 3819 393 656

539 472 1201 545 Attenuatum—Caiatia
1236 444 1515 545 meditanti
1552 468 1869 545 nativitatem
1896 464 2122 545 Joannis
2148 466 2203 529 Α
2226 463 2542 521 constituit?
2571 461 2680 517 Lex
2710 461 2847 515 enim
2874 468 2926 515 et
2945 459 3240 533 Propheta,
3271 469 3333 517 ut
3352 461 3567 517 Veritas
3594 459 3813 538 ait,.us-

612 533 861 619 Baptisto:
885 560 1006 600 mox
1034 533 1256 619 occari-it
1280 540 1521 595 uaticitas
1547 537 1758 619 Clu-isti.
1789 535 2020 618 Joannes
2050 533 2122 587 ad

608 606 925 686 evadendum
988 613 1241 686 originale
1284 619 1546 686 peccatum
1584 606 1972 686 circumcisione
2014 621 2119 660 non

606 673 764 751 cauit.
794 673 1218 751 Quomodo'natis
1246 673 1514 751 mulierum
1534 695 1636 732 non
1651 677 1717 751 sit
1731 673 2120 747 majorJoanne

689 747 845 831 ptista
858 755 1078 831 {Plana
1102 754 1164 831 de
1193 752 1312 831 Elia
1339 759 1389 805 et
1430 750 1622 805 Elisazo
1648 747 1882 803 Joannes
1929 762 1994 800 ea:
2032 761 2121 800 ore

608 824 823 886 summa:
858 826 1100 882 Veritatis
1122 824 1384 908 laudatus.

612 944 881 999 Hodierna
939 939 1216 1005 festivitas,
1270 933 1626 1001 dilectissimi,
1676 938 1792 986 toto
1858 911 2122 986 terrarum

542 1037 674 1092 orbe
726 1032 1011 1100 conspicua
1042 1036 1267 1084 mentes'
1281 1037 1493 1083 nostras
1519 1040 1585 1079 eo
1613 1023 1808 1079 clarius
1836 1020 2123 1092 splendore

539 1124 770 1196 qundam
804 1108 955 1175 novte
977 1119 1109 1173 lucis
1138 1116 1380 1185 irradiat,
1409 1131 1517 1185 quo
1538 1122 1592 1169 et
1639 1111 1990 1183 primordium
2019 1125 2120 1165 no-

536 1224 664 1271 strae
684 1210 1066 1281 redemptionis
1084 1225 1147 1264 ac
1162 1209 1274 1263 veri
1296 1207 1505 1263 luminis
1520 1212 1695 1260 ortum
1720 1210 1778 1257 ut
1798 1202 2118 1264 recolamus,

539 1306 748 1371 invitat.
781 1304 877 1360 Cui
902 1302 1044 1357 enim
1075 1299 1352 1355 meditanti
1402 1296 1735 1351 nativitatem
1763 1292 1985 1348 Joannis
2013 1307 2121 1347 non

540 1415 667 1454 mox
696 1397 930 1452 occurrit
976 1393 1227 1448 nativitas
1264 1389 1495 1446 Christi?
1524 1386 1821 1459 praesertim
1850 1400 1972 1439 cum
1994 1398 2119 1438 nas-

541 1489 699 1547 cendi
729 1487 989 1543 Joannem
1018 1485 1085 1539 de
1132 1491 1285 1553 patre
1329 1495 1459 1537 sene
1503 1489 1558 1535 et
1587 1477 1754 1534 sterili
1783 1484 1956 1532 matre
1975 1475 2119 1530 nulla

540 1581 644 1635 alia
672 1577 942 1634 exstiterit
968 1589 1150 1637 causa,
1184 1571 1284 1627 nisi
1313 1579 1372 1625 ut
1396 1568 1717 1625 mirabiliter
1736 1574 1892 1621 natus
1915 1579 2119 1635 praece-

539 1673 691 1728 deret
705 1667 1043 1737 singulariter
1062 1663 1388 1719 nasciturum
1415 1679 1428 1713 :
1452 1661 1655 1714 amicus
1676 1656 1925 1712 videlicet
1945 1654 2121 1726 Spon-

538 1780 677 1827 sum,
712 1761 951 1827 famulus.
968 1756 1273 1823 Dominum,
1303 1770 1408 1809 vox
1438 1753 1691 1816 Verbum,
1746 1750 1963 1806 lucerna
2011 1747 2114 1805 So-

2223 575 2319 629 que
2362 556 2431 611 ad
2474 551 2912 625 Joannem.(Luc.
2939 553 3076 624 xvr).
3104 550 3343 610 Joannes
3391 552 3536 608 enim
3560 552 3663 607 iste
3690 565 3812 605 cum

2226 652 2454 708 Domino
2474 648 2937 707 circumcisionem
2964 646 3179 717 quidem
3207 647 3263 702 in
3283 661 3380 702 sua
3408 660 3575 703 carne
3623 658 3812 700 susce-

2222 743 2319 814 pit,
2351 741 2448 798 sed
2476 740 2771 812 suscipiens
2791 737 3119 795 terminavit.
3153 736 3219 791 Et
3243 737 3366 793 ideo
3393 738 3485 807 qui
3516 750 3672 791 nova:
3692 749 3816 804 gra-

2222 836 2312 891 tiae
2339 849 2538 905 prteco,
2568 840 2625 889 et
2651 830 2966 901 magniﬁcus
2988 830 3339 885 annuntiator
3358 829 3572 893 enituit,
3595 825 3665 882 ad
3692 841 3817 881 eva-

2222 924 2456 981 dendum
2478 923 2739 992 originale
2762 929 3045 994 peccatum
3072 920 3481 978 circumcisione
3506 935 3617 975 non
3645 917 3812 986 eguit;

2222 1016 2316 1071 sed
2345 1030 2469 1070 eum
2490 1029 2649 1084 supra
2678 1014 2871 1083 legem,
2900 1027 3062 1083 supra
3091 1012 3339 1067 humana:
3359 1010 3688 1068 conditionis
3718 1024 3813 1065 or-

2221 1105 2400 1161 dinem
2429 1104 2625 1160 electio
2645 1102 2828 1158 divina
2847 1102 3121 1174 provexit.
3151 1101 3252 1158 Cui
3279 1102 3445 1158 etiam
3475 1101 3614 1157 tanti
3641 1101 3816 1156 hono-

2220 1196 2295 1251 ris
2321 1195 2516 1251 collata
2536 1202 2617 1250 est
2640 1194 2832 1264 gloria,
2855 1202 2915 1248 ut
2941 1193 3221 1249 nativitati
3240 1193 3357 1263 ejus
3382 1195 3497 1263 ipsa
3528 1193 3626 1262 Dei
3644 1190 3815 1247 Geni-

2222 1288 2328 1343 trix
2356 1288 2659 1351 interesset,
2688 1284 2912 1357 ejusque
2961 1285 3279 1357 principium
3327 1286 3503 1341 latens
3551 1286 3607 1340 in
3659 1292 3818 1340 utero

2221 1377 2405 1433 mundi
2451 1375 2713 1433 Conditor
2763 1392 2861 1431 sua
2915 1375 3203 1446 praisentia
3228 1375 3527 1431 dedicaret.
3560 1374 3818 1431 Testatur

2220 1472 2327 1529 hoc
2350 1472 2521 1528 Lucas
2561 1470 2909 1540 evangelista,
2938 1485 3061 1540 cum
3088 1468 3220 1524 dicit
3251 1486 3265 1539 ς
3296 1470 3488 1524 mansit
3508 1478 3683 1523 autem
3706 1467 3820 1522 lla-

2221 1564 2302 1618 ria
2346 1580 2463 1617 cum
2507 1561 2621 1624 illa,
2652 1537 2902 1617 videlicet
2928 1537 3225 1628 Elisabeth,
3256 1537 3406 1628 quasi
3433 1560 3697 1614 mensibus
3725 1562 3823 1614 tri-

2222 1656 2344 1718 bus;
2374 1663 2425 1709 et
2471 1669 2678 1708 reversa
2713 1661 2792 1707 est
2836 1653 2891 1707 in
2918 1652 3128 1707 domum
3155 1668 3304 1706 suam
3333 1650 3482 1723 (Luc.
3510 1650 3573 1721 ι).
3608 1651 3655 1704 Α
3681 1666 3820 1706 cuu-

2222 1746 2472 1817 ceptionc
2499 1745 2700 1814 quippe
2731 1742 2944 1798 Domini
2972 1757 3143 1813 usque
3187 1743 3255 1796 ad
3301 1742 3643 1797 nativitatem
3671 1741 3820 1795 beati

538 1856 664 1919 lem,
681 1869 853 1924 praeco
867 1849 1128 1913 Judicem,
1149 1847 1380 1910 salvatus
1399 1850 1747 1915 praecurreret
1761 1841 2113 1897 Salvatorem.
2150 1831 2192 1892 Β
2218 1836 2440 1894 Joannis
2460 1843 2569 1892 tres
2595 1849 2809 1890 menses
2835 1841 2981 1889 sunt.
3004 1832 3233 1893 Nolebat
3260 1833 3444 1903 itaque
3462 1831 3632 1887 Maria
3652 1830 3820 1887 disce.

540 1946 791 2002 Testatur
840 1950 896 1998 et
943 1941 1058 2011 ipse
1110 1936 1343 1992 Joannes
1384 1936 1524 1989 hanc
1568 1948 1687 1989 esse
1737 1932 1825 2011 sui,
1860 1930 2119 1986 adventus

541 2052 782 2101 causam,
808 2049 914 2089 non
943 2010 1002 2087 ut
1021 2029 1336 2101 simpliciter
1362 2026 1593 2091 veniret,
1621 2023 1715 2079 sed
1742 2031 1803 2078 ut
1822 2010 2117 2077 Dominum

539 2127 607 2182 ad
625 2142 734 2182 sua:
754 2100 1199 2178 manifestationis
1222 2116 1475 2172 indicium
1496 2113 1833 2186 praeveniret.
1865 2100 1995 2166 Post
2015 2127 2116 2178 me,

540 2219 733 2291 inquit,
758 2218 889 2272 venit
909 2216 985 2269 vir
1004 2214 1088 2286 qui
1111 2220 1234 2266 ante
1252 2225 1331 2265 me
1360 2212 1526 2281 factus
1554 2216 1649 2273 est,
1677 2205 1798 2279 quia
1850 2205 1994 2275 prior
2038 2218 2119 2257 me

537 2318 669 2375 erat,
694 2318 742 2363 et
768 2324 861 2379 ego
884 2304 1172 2360 nesciebam
1192 2316 1334 2365 eum;
1358 2299 1450 2354 sed
1488 2306 1544 2351 ut
1570 2298 1927 2368 manifestetar
1952 2295 2007 2348 in
2034 2292 2120 2348 Is-

537 2401 664 2467 rael,
723 2406 995 2467 propterea
1036 2394 1149 2449 veni
1176 2409 1269 2463 ego
1297 2393 1352 2445 in
1379 2406 1517 2462 aqua
1545 2386 1815 2457 baptisans
1840 2383 2021 2457 (Joan.
2051 2383 2113 2454 ι).

536 2456 829 2546 Prgven'it'
857 2503 981 2543 eum
1035 2456 1327 2546 nascendo,
1380 2456 1739 2551 praedicando,
1771 2475 2116 2546 baptizando,

538 2581 841 2647 moriendo,
889 2586 1167 2651 postremo
1231 2582 1285 2630 et
1336 2573 1404 2627 ad
1469 2572 1669 2626 inferos
1720 2567 2113 2625 descendendo.

539 2674 813 2731 Pnecessit
844 2673 1023 2740 itaque
1051 2664 1643 2736 Dominum,pr.ecessit
1669 2670 1725 2717 et
1750 2660 2115 2731 semetipsum.

539 2767 678 2820 Ante
706 2765 848 2819 enim
877 2776 1038 2831 quam
1064 2760 1440 2829 conciperetur
1463 2757 1515 2811 in
1545 2764 1722 2822 utero,
1753 2764 2036 2824 paternum
2055 2767 2119 2809 os

537 2854 889 2911 incredulitas
915 2849 1126 2914 clausit,
1175 2850 1317 2919 quod
1348 2850 1462 2929 ipse
1491 2856 1779 2916 antequam
1809 2846 2120 2915 loqueretur

539 2947 887 3019 expressione
910 2945 991 3000 sui
1019 2942 1252 2999 nominis
1298 2940 1617 2996 mirabiliter
1641 2938 1920 2994 reseravit.
1953 2937 2118 2995 Plane

2220 1931 2366 1995 dere,
2390 1929 2563 1985 donec
2583 1927 2877 1998 grandaevae
2895 1941 3174 2003 puerpera:
3198 1926 3561 1983 ministerium
3608 1924 3820 1979 seduli-

2220 2023 2345 2079 tatis
2364 2019 2719 2093 impenderet,
2751 2027 2807 2076 et
2831 2033 2952 2089 qua:
2979 2018 3312 2093 gestabatin
3341 2016 3461 2072 aula
3493 2016 3574 2074 sui
3612 2030 3819 2085 corpo—

2227 2115 2303 2173 ris
2331 2127 2534 2184 regem,
2563 2118 2810 2169 eerneret
2835 2108 3041 2166 anteire
3068 2123 3392 2181 prteconem.
3425 2099 3571 2163 Felix
3607 2115 3818 2177 partus,

2225 2222 2387 2277 quem
2414 2204 2502 2260 illa
2520 2204 2614 2259 lux
2633 2202 2836 2274 exeipit
2852 2217 2972 2274 quae
2993 2202 3262 2258 illuminat
3281 2214 3496 2257 omnem
3539 2200 3818 2259 hominem

2168 2336 2176 2343 -
2223 2299 2529 2356 venientem
2557 2297 2715 2370 555
2745 2297 2801 2352 in
2828 2296 2973 2352 hunc
2998 2294 3276 2351 mundum.
3299 2292 3407 2350 Sed
3434 2293 3565 2349 dum
3592 2293 3711 2349 hate
3731 2293 3818 2349 lo-

2218 2393 2450 2464 quimur,
2495 2398 2718 2462 repente
2752 2389 2978 2459 quaestio
3007 2388 3162 2444 nobis
3178 2387 3443 2452 oboritur,
3474 2400 3599 2457 qute
3625 2385 3819 2441 dubie-

2219 2494 2385 2542 tatem
2408 2483 2606 2542 inferre
2633 2498 2741 2540 non
2761 2482 2877 2539 sine
2904 2496 3067 2539 causa
3094 2480 3357 2537 videatur.
3386 2479 3646 2535 Testatur
3668 2480 3820 2535 enim

2220 2577 2479 2633 Dominus
2533 2575 2657 2647 quia
2707 2576 2849 2630 inter
2893 2582 3052 2629 natos
3096 2572 3384 2627 mulierum
3437 2586 3550 2628 non
3575 2571 3820 2627 surrexit

2219 2669 2393 2740 major
2413 2668 2620 2725 Joanne
2645 2668 2883 2740 Baptista
2906 2668 3055 2741 (Luc.
3078 2667 3195 2739 vn).
3227 2664 3464 2725 Exclusit
3500 2666 3681 2737 itaque
3703 2682 3822 2720 ma-

2216 2760 2412 2830 jorem,
2444 2776 2554 2817 non
2592 2761 2808 2830 negavit
2854 2759 3134 2829 aequalem.
3167 2757 3303 2814 Hinc
3323 2764 3409 2813 est
3426 2756 3574 2836 quod
3608 2757 3676 2813 ad
3706 2757 3820 2812 Za-

2221 2853 2457 2909 chariam
2499 2852 2725 2923 angelus
2746 2852 2881 2908 dixit
2910 2869 2923 2905 :
2958 2850 3079 2923 Ipse
3106 2850 3377 2919 praecedet;
3408 2862 3530 2903 ante
3576 2848 3731 2917 illum
3760 2850 3821 2905 iis

2220 2944 2404 3014 spiritu
2431 2951 2481 2998 et
2501 2945 2685 2997 virtute
2709 2939 2849 2997 Elia:
2875 2941 3087 3013 (Ibid.).
3120 2939 3225 2995 Par
3249 2952 3377 3009 ergo
3409 2936 3538 2996 Elian
3574 2938 3821 2995 Joannes

541 3056 666 3097 cum
690 3038 915 3093 necdum
938 3042 1119 3106 posset
1137 3032 1446 3089 hominibus
1474 3031 1639 3086 verba
1668 3029 2005 3100 depromere.
2029 3046 2121 3100 pO-
2218 3037 2447 3103 videtur,
2474 3037 2527 3091 in
2555 3037 2710 3107 cujus
2736 3036 2928 3107 spiritu
2954 3043 3010 3091 et
3028 3034 3228 3090 virtute
3249 3032 3508 3090 asseritur
3526 3041 3817 3088 venturus.

538 3134 642 3189 tuit
686 3129 1004 3194 exsultando
1055 3128 1314 3183 latentem
1360 3127 1415 3181 in
1462 3133 1619 3180 utero
1666 3124 1897 3194 Virginis
1936 3138 2116 3194 regem
2220 3129 2521 3186 Prmsenim
2549 3146 2670 3186 cum
2697 3137 2753 3185 et,
2774 3128 2898 3184 alibi
2933 3129 3045 3199 ipsa
3073 3127 3287 3183 veritas
3306 3125 3487 3182 dicat:
3520 3124 3667 3179 Elius
3681 3125 3821 3195 jam

536 3225 659 3281 cmli
688 3210 946 3279 maternis
972 3220 1268 3276 visceribus
1289 3218 1556 3274 nuntiare.
1582 3216 1812 3287 Spiritus
1834 3217 1979 3272 enim
2002 3233 2119 3273 san-
2144 3216 2191 3278 C
2220 3224 2373 3288 venit,
2396 3231 2565 3277 etnon
2581 3231 2926 3294 cognoverunt
2946 3236 3081 3291 nam,
3104 3219 3197 3274 sed
3215 3221 3449 3291 fecerunt
3465 3219 3520 3273 in
3538 3233 3650 3272 eum
3669 3233 3821 3287 «μω,

533 3323 670 3379 ctus,
701 3314 793 3383 qni
822 3319 1286 3380 eum,oantequam
1311 3309 1504 3365 vitales
1531 3322 1693 3364 auras
1720 3318 1984 3379 carperet,
2010 3309 2120 3364 ani.
2218 3331 2413 3388 cunque
2435 3314 2731 3379 voluerunt;
2755 3321 2807 3368 et
2833 3314 2877 3367 si
2905 3313 3056 3368 vultis
3083 3313 3237 3377 scire,
3275 3308 3508 3366 Joannes
3535 3317 3609 3363 est
3654 3306 3822 3365 Elius

532 3406 720 3471 mavit,
763 3404 934 3475 ipsum
959 3416 1175 3472 quoque
1215 3400 1446 3457 materni
1467 3400 1688 3472 pudoris
1713 3400 2029 3470 hospitium,
2061 3402 2117 3457 in
2219 3408 2433 3479 (Manli.
2460 3408 2613 3477 xm):
2636 3407 2743 3462 sed
2770 3421 2896 3462 ecce
2918 3422 2949 3461 θ
2975 3406 3188 3461 diverso
3221 3403 3350 3459 illud
3374 3401 3629 3466 occurrit,
3654 3402 3819 3472 quod

532 3513 641 3568 quo
660 3496 906 3565 degebat,
931 3494 1191 3565 implevit.
1223 3492 1375 3548 Unde
1394 3492 1671 3549 Elisabeth
1696 3511 1708 3546 :
1740 3491 1895 3560 Ecce,
1925 3493 2114 3563 inquit,

530 3598 587 3643 ut
614 3592 755 3662 facta
782 3597 860 3642 est
899 3604 994 3643 r01;
1021 3587 1350 3642 salutationis
1379 3578 1482 3641 tuae
1524 3588 1579 3640 in
1609 3586 1821 3661 auribus
1848 3589 1993 3649 meis,
2024 3605 2117 3643 ea:-

529 3678 735 3732 sultarit
786 3679 840 3730 iu
872 3676 1059 3748 gaudio
1104 3677 1281 3747 infans
1322 3677 1378 3731 in
1412 3685 1557 3731 utero
1585 3693 1696 3731 meo
1727 3676 1877 3749 (Lac.
1920 3678 1980 3749 ι).
2015 3677 2115 3735 Ubi

530 3769 875 3841 quaerendum
903 3777 986 3823 est
1012 3768 1287 3839 quomodo
1310 3768 1423 3823 ﬁeri
1446 3770 1623 3838 potuit
1647 3776 1705 3824 ut
1725 3769 1778 3823 in
1809 3769 1972 3843 554
1991 3785 2115 3825 eum

531 3861 762 3933 Spiritus
788 3870 1007 3917 sanctus
1032 3876 1128 3917 sua
1156 3861 1299 3915 dona
1328 3860 1675 3930 diffunderet,
1704 3877 1827 3916 cum
1853 3862 2006 3931 juxta
2036 3862 2112 3917 ri-

531 3961 646 4009 tum
668 3953 994 4009 conditionis
1017 3954 1262 4008 humana:
1282 3951 1457 4006 adhuc
1481 3952 1535 4005 in
1561 3952 1934 4023 iniquitatibus
1978 3968 2111 4008 con-

530 4050 718 4111 ceptus
742 4043 1019 4105 existeret,
1051 4051 1106 4096 et
1127 4041 1355 4096 necdum
1396 4042 1668 4111 originalis
1696 4044 1902 4113 peccati
1929 4044 2113 4101 vincu-

2217 3499 2438 3555 Elisaeus
2491 3499 2758 3570 duplicem
2814 3496 2944 3555 Elite
2991 3496 3239 3568 spiritum
3280 3494 3435 3564 juxta
3455 3492 3672 3549 modum
3696 3508 3820 3549 sxta:
3922 3525 3927 3528 -

2218 3591 2493 3662 petitionis
2521 3591 2747 3661 accepit.
2782 3589 3009 3645 Obsecro
3035 3596 3091 3643 ut
3118 3588 3215 3659 ﬁat
3233 3586 3445 3658 spiritus
3472 3593 3588 3639 tuus
3612 3584 3821 3653 duplex

2215 3684 2269 3737 in
2293 3700 2372 3738 me
2395 3680 2450 3755 (1
2460 3682 2503 3737 γ
2555 3681 2683 3754 Reg.
2716 3681 2796 3752 ιι).
2852 3680 3009 3752 Quod
3047 3678 3296 3736 si'etiam
3324 3675 3821 3747 Μίδεω-δυβιά-

2215 3784 2299 3832 ter
2326 3775 2613 3841 antecellit,
2644 3774 2904 3845 aequalem
2926 3772 3052 3828 Elia:
3078 3770 3341 3828 Joannem
3380 3768 3652 3841 quomodo
3691 3754 3847 3826 non.

2212 3876 2453 3938 superat,
2480 3882 2589 3937 quo
2615 3866 2758 3921 inter
2783 3873 2939 3923 natos
2965 3864 3248 3920 mulierum
3290 3861 3465 3932 major
3492 3875 3651 3917 nemo
3676 3875 3820 3917 sur-

2214 3959 2392 4014 rexit?
2420 3944 2820 4024 Verumtamen,
2852 3964 2911 4012 ut
2953 3956 3194 4011 solvatur
3213 3954 3460 4025 quaestio,
3485 3952 3815 4024 ponderan-

2214 4049 2314 4105 dus
2334 4058 2419 4105 est
2443 4063 2653 4116 sensus,
2678 4056 2744 4109 ut
2769 4047 2915 4117 quod
2935 4046 3128 4103 durum
3158 4048 3211 4102 in
3232 4046 3411 4102 verbis
3439 4044 3821 4103 exterioribus

530 4131 662 4196 lum,
682 4135 937 4201 percepta
968 4132 1153 4199 legalis
1177 4132 1530 4188 observantite
1546 4135 1973 4202 circumcisione,
2003 4137 2113 4193 sol-

529 4223 707 4280 visset.
734 4221 872 4277 Cum
894 4238 991 4293 per
1019 4222 1236 4293 Moysen
1259 4223 1439 4278 divina
1464 4242 1569 4280 vox
1609 4226 1753 4281 dicat
1780 4246 1791 4280 :
1846 4227 2110 4285 Masculus

2211 4150 2389 4206 sonat,
2439 4141 2508 4197 de
2548 4140 2638 4211 pia
2667 4140 2966 4195 intentione
3013 4136 3314 4211 procedere
3338 4136 3590 4193 discretio
3616 4135 3820 4193 sobrie

2210 4231 2491 4291 sentientis
2518 4230 2801 4301 intelligat.
2832 4230 3031 4286 Durum
3060 4226 3258 4301 qdﬁpe
3284 4227 3427 4299 quod
3454 4226 3674 4283 Elis'eus
3697 4226 3819 4284 dn-

527 4317 671 4387 cnjas
698 4317 935 4387 ρνωριιιὶί
965 4333 1087 4370 caro
1108 4316 1412 4370 circumcisa
1436 4334 1539 4372 non
1569 4320 1751 4389 fuerit;
1767 4320 1953 4390 peribit
1982 4322 2105 4377 ani-
2213 4325 2408 4397 plicem
2432 4324 2671 4393 magistri
2696 4323 2944 4394 spiritum
2982 4322 3157 4393 petiit,
3186 4336 3306 4377 cum
3336 4335 3445 4376 non
3466 4319 3534 4375 sit
3557 4318 3819 4390 discipu—

526 4425 614 4463 ma
667 4409 763 4463 illa
809 4408 876 4463 de
927 4408 1114 4479 populo
1140 4425 1257 4475 suo,
1290 4419 1314 4444 ι·
1336 4410 1457 4480 quia
1478 4418 1683 4481 pactum
1710 4429 1876 4467 meum
1905 4414 2106 4471 irritum
2211 4416 2295 4471 lus
2320 4430 2483 4485 supra
2503 4416 2836 4491 magistrum.
2869 4412 2976 4470 Sed
3004 4429 3073 4469 ex
3094 4427 3226 4484 pura
3247 4419 3428 4467 mente
3453 4410 3642 4482 petitio
3692 4411 3875 4486 ista.

526 4503 648 4575 fecit
668 4500 821 4572 (Gen.
846 4501 961 4572 vn).
987 4499 1095 4556 Sed
1118 4501 1411 4557 notandum
1434 4511 1516 4557 est
1535 4504 1659 4573 quia
1680 4503 1908 4575 Spiritus
1934 4508 2107 4564 sancti
2209 4508 2495 4580 processit,
2522 4503 2647 4578 quia
2675 4522 2784 4563 non
2805 4514 3076 4562 terrenum
3097 4503 3315 4575 aliquid,
3339 4502 3433 4559 sed
3459 4500 3818 4574 spiritualem

521 4594 693 4667 gratia
738 4594 860 4661 lege
906 4608 1014 4649 non
1064 4592 1361 4663 stringitur,
1395 4597 1729 4653 necessitatis
1751 4598 1966 4656 vinculo
1993 4617 2104 4659 non
2133 4589 2184 4652 D
2208 4598 2436 4669 gratiam
2465 4597 2775 4669 postulavit.
2810 4594 2963 4652 Unde
2990 4603 3047 4651 et
3074 4593 3218 4649 Elias
3254 4592 3409 4663 quasi
3448 4590 3817 4660 subindigna-

519 4693 766 4751 tenetur;
791 4685 885 4741 sed
903 4685 1040 4741 sicut
1070 4686 1156 4741 ubi
1186 4686 1300 4740 vult
1328 4688 1514 4757 spirat,
1546 4690 1624 4744 sic
1665 4699 1722 4745 et
1752 4692 1944 4761 quibus
1989 4682 2104 4750 vult
2208 4699 2296 4746 tus
2325 4691 2540 4746 incauta
2575 4688 2821 4758 discipuli
2852 4687 3012 4743 verba
3036 4685 3307 4755 redarguit
3335 4699 3457 4740 cum
3502 4683 3574 4737 ait
3608 4700 3622 4735 :
3660 4681 3818 4740 Rem

514 4776 682 4842 gratis
703 4792 798 4830 sua
821 4774 964 4830 dona
986 4776 1281 4846 dispensat.
1308 4778 1438 4833 Nam
1486 4787 1542 4835 et
1579 4779 1884 4837 Cornelium
1913 4792 2102 4840 centu-

519 4865 750 4933 rionem,
782 4874 1068 4936 antequam
1095 4851 1343 4937 baptismi
1371 4871 1668 4941 susciperet
1691 4872 1982 4941 lavacrum,
2014 4874 2098 4931 in-

517 4953 761 5021 spiravit,
819 4948 875 5010 et
930 4956 982 5010 in
1028 4956 1305 5035 quosdam
1348 4959 1525 5038 adhuc
1568 4962 1815 5031 gentiles,
1845 4963 2098 5034 loquente

515 5040 698 5107 Petro,
726 5060 840 5111 non
868 5045 1060 5111 solum,
1094 5055 1151 5102 ut
1179 5046 1455 5119 Scriptura
1484 5051 1621 5122 (Act.
1647 5053 1706 5123 x)
1731 5060 1977 5121 testatur,
2008 5070 2098 5112 ce-

514 5135 663 5202 cidit,
714 5137 811 5192 sed
865 5138 1029 5193 etiam
1083 5146 1143 5194 ut
1196 5141 1389 5211 linguis
1429 5143 1794 5214 loquerentur,
1826 5147 2093 5204 instruxit.

513 5226 652 5296 Quid
697 5244 826 5299 ergo
866 5232 1059 5288 mirum
1087 5233 1131 5289 Si
1159 5234 1377 5292 beatum
1425 5238 1686 5294 Joannem
1741 5248 1867 5296 ante
1910 5239 2099 5310 legalis

512 5322 748 5378 mandati
771 5325 1130 5399 quodcunque
1160 5330 1456 5389 remedium
1484 5330 1714 5402 Spiritus
1733 5340 1950 5390 sanctus
1990 5332 2093 5388 im-

510 5416 694 5486 plevit,
726 5431 887 5487 quem
917 5420 1083 5490 ipsius
1131 5421 1262 5491 legis
1290 5429 1345 5477 et.
1373 5424 1779 5494 prophetarum,
1810 5441 1875 5481 ac
1929 5425 2095 5481 totius

509 5506 718 5565 Veteris
748 5510 1077 5568 Testamenti
1105 5513 1332 5569 limitem
1360 5514 1666 5586 quemdam,
1700 5523 1881 5586 atque,
1933 5524 1992 5571 ut
2018 5517 2093 5572 ita

510 5598 717 5670 loquar,
744 5602 1231 5661 intransmeabilem
1256 5605 1539 5661 terminum
1562 5605 1896 5676 providentia
1917 5606 2094 5664 divina

571 5793 612 5849 ,ι
640 5779 773 5840 Cod.
801 5785 946 5856 Vat.,
969 5788 1210 5858 quoniam
1232 5796 1443 5859 pactum
1472 5804 1659 5846 meum.

2209 4781 2464 4853 diﬁcilem
2492 4780 2788 4851 postulasti.
2819 4778 3228 4850 Simplicitatem
3247 4791 3377 4833 vero
3398 4775 3497 4846 piae
3524 4774 3813 4831 intentio-

2162 4941 2167 4945 ζ
2206 4872 2292 4926 nis
2317 4870 2583 4941 aspiciens
2618 4878 2815 4939 praesto
2869 4868 3177 4939 subjungit:
3208 4868 3468 4934 Attamen,
3507 4865 3549 4919 si
3596 4865 3816 4923 videris

2208 4980 2287 5017 me
2338 4961 2543 5036 quando
2573 4962 2727 5016 tollar
2772 4977 2805 5015 a
2841 4969 2911 5028 te,
2941 4963 3041 5016 erit
3066 4960 3200 5033 quod
3226 4960 3399 5028 petisti
3425 4957 3633 5028 (Ibid.).
3668 4958 3813 5017 Non

2205 5052 2454 5109 videlicet
2494 5052 2798 5124 duplicitas,
2825 5067 2986 5124 quam
3010 5053 3258 5109 incautus
3298 5066 3478 5107 sermo
3522 5038 3812 5121 piofudit,
3860 5117 3865 5120 ,

2204 5146 2297 5203 sed
2346 5146 2547 5203 donum
2594 5146 2832 5217 spiritus,
2891 5145 3035 5218 quod
3083 5144 3271 5202 humili
3298 5140 3362 5201 ac
3390 5145 3597 5199 sincera
3629 5141 3658 5182 δ
3690 5157 3813 5200 sua

2202 5253 2354 5294 meus
2375 5239 2675 5295 intentione
2702 5239 2966 5310 quaesivit.
2997 5237 3111 5295 Hoc
3163 5239 3345 5310 itaque
3373 5236 3533 5293 modo
3572 5252 3810 5309 nequa-

2200 5346 2362 5404 quam
2391 5329 2653 5386 Joannem
2682 5338 2903 5401 superat
2928 5329 3169 5398 Elisteus,
3198 5330 3338 5385 sicut
3357 5345 3458 5385 nec
3483 5327 3659 5397 major
3705 5339 3811 5387 est

2200 5436 2362 5494 quam
2391 5420 2553 5477 Elius.
2586 5421 2969 5477 Verumtamen
2998 5423 3043 5477 si
3082 5434 3248 5477 sacra:
3275 5420 3512 5476 historia:
3538 5424 3807 5488 tenorem

2202 5512 2545 5584 inspiciamus
2555 5512 2857 5580 diligenter,
2873 5513 3195 5580 uberiorem,
3214 5512 3327 5568 sive
3354 5496 3642 5568 clariorem
3674 5512 3806 5571 Eli-

2204 5621 2369 5664 saeum
2393 5621 2555 5676 quam
2591 5604 2759 5660 Eliam
2799 5606 2851 5660 in
2880 5605 3257 5685 miraculorum
3304 5601 3467 5660 fuisse
3495 5587 3806 5665 virtutibus

2266 5786 2295 5828 δ
2326 5786 2457 5845 Cod.
2492 5788 2614 5843 Vat.
2648 5787 2985 5876 omittit~sua.
