  <div class='ocr_page' id='page_1' title='image "/cluster/home/n/w/nwhite01/storage/ocr_20150623/57/hvd.32044015471618/334.png"; bbox 0 0 4052 6330; ppageno 0'>
   <div class='ocr_carea' id='block_1_1' title="bbox 277 299 412 357">
    <p class='ocr_par' dir='ltr' id='par_1_1' title="bbox 277 299 412 357">
     <span class='ocr_line' id='line_1_1' title="bbox 277 299 412 357; baseline 0 0"><span class='ocrx_word' id='word_1_1' title='bbox 277 299 412 357; x_wconf 70' lang='lat'><strong>657&#39;</strong></span> 
     </span>
    </p>
   </div>
   <div class='ocr_carea' id='block_1_2' title="bbox 1725 299 2142 357">
    <p class='ocr_par' dir='ltr' id='par_1_2' title="bbox 1725 299 2142 357">
     <span class='ocr_line' id='line_1_2' title="bbox 1725 299 2142 357; baseline 0.007 -3"><span class='ocrx_word' id='word_1_2' title='bbox 1725 299 1955 354; x_wconf 82' lang='lat' dir='ltr'><strong>SERMO</strong></span> <span class='ocrx_word' id='word_1_3' title='bbox 1993 301 2142 357; x_wconf 76' lang='lat' dir='ltr'><strong>LXII.</strong></span> 
     </span>
    </p>
   </div>
   <div class='ocr_carea' id='block_1_3' title="bbox 3433 305 3538 368">
    <p class='ocr_par' dir='ltr' id='par_1_3' title="bbox 3433 305 3538 368">
     <span class='ocr_line' id='line_1_3' title="bbox 3433 305 3538 368; baseline 0.038 -4"><span class='ocrx_word' id='word_1_4' title='bbox 3433 305 3538 368; x_wconf 72' lang='grc'><strong>638</strong></span> 
     </span>
    </p>
   </div>
   <div class='ocr_carea' id='block_1_4' title="bbox 275 413 3542 494">
    <p class='ocr_par' dir='ltr' id='par_1_4' title="bbox 275 413 3542 494">
     <span class='ocr_line' id='line_1_4' title="bbox 275 413 3542 494; baseline 0.003 -25"><span class='ocrx_word' id='word_1_5' title='bbox 275 420 586 471; x_wconf 81' lang='lat' dir='ltr'><strong>invenimus.</strong></span> <span class='ocrx_word' id='word_1_6' title='bbox 634 414 726 467; x_wconf 69' lang='lat' dir='ltr'><strong>ille</strong></span> <span class='ocrx_word' id='word_1_7' title='bbox 778 413 1024 468; x_wconf 55' lang='lat' dir='ltr'><strong>nin’iirum</strong></span> <span class='ocrx_word' id='word_1_8' title='bbox 1073 429 1257 468; x_wconf 79' lang='lat' dir='ltr'><strong>Vivens</strong></span> <span class='ocrx_word' id='word_1_9' title='bbox 1286 413 1592 468; x_wconf 80' lang='lat' dir='ltr'><strong>defunctum</strong></span> <span class='ocrx_word' id='word_1_10' title='bbox 1624 430 1851 482; x_wconf 82' lang='lat' dir='ltr'><strong>puerum</strong></span> <span class='ocrx_word' id='word_1_11' title='bbox 1881 414 1932 473; x_wconf 79' lang='grc' dir='ltr'>Α</span> <span class='ocrx_word' id='word_1_12' title='bbox 1961 433 2152 483; x_wconf 62' lang='lat' dir='ltr'><strong>mana-9,</strong></span> <span class='ocrx_word' id='word_1_13' title='bbox 2186 419 2316 472; x_wconf 86' lang='lat' dir='ltr'><strong>nihil</strong></span> <span class='ocrx_word' id='word_1_14' title='bbox 2345 419 2634 488; x_wconf 82' lang='lat' dir='ltr'><strong>religionis,</strong></span> <span class='ocrx_word' id='word_1_15' title='bbox 2675 419 2803 475; x_wconf 90' lang='lat' dir='ltr'><strong>nihil</strong></span> <span class='ocrx_word' id='word_1_16' title='bbox 2833 419 3176 490; x_wconf 77' lang='lat' dir='ltr'><strong>perfectionis</strong></span> <span class='ocrx_word' id='word_1_17' title='bbox 3225 421 3361 477; x_wconf 89' lang='lat' dir='ltr'><strong>ultra</strong></span> <span class='ocrx_word' id='word_1_18' title='bbox 3411 439 3542 494; x_wconf 80' lang='lat' dir='ltr'><strong>pro-</strong></span> 
     </span>
    </p>
   </div>
   <div class='ocr_carea' id='block_1_5' title="bbox 273 503 1850 568">
    <p class='ocr_par' dir='ltr' id='par_1_5' title="bbox 273 503 1850 568">
     <span class='ocr_line' id='line_1_5' title="bbox 273 503 1850 568; baseline -0.001 -7"><span class='ocrx_word' id='word_1_19' title='bbox 273 509 387 561; x_wconf 77' lang='lat' dir='ltr'><strong>vita:</strong></span> <span class='ocrx_word' id='word_1_20' title='bbox 421 506 683 568; x_wconf 71' lang='lat' dir='ltr'><strong>restituit;</strong></span> <span class='ocrx_word' id='word_1_21' title='bbox 718 505 816 559; x_wconf 89' lang='lat' dir='ltr'><strong>iste</strong></span> <span class='ocrx_word' id='word_1_22' title='bbox 847 515 1091 560; x_wconf 90' lang='lat' dir='ltr'><strong>mortuus</strong></span> <span class='ocrx_word' id='word_1_23' title='bbox 1121 514 1388 559; x_wconf 89' lang='lat' dir='ltr'><strong>mortuum</strong></span> <span class='ocrx_word' id='word_1_24' title='bbox 1418 505 1713 560; x_wconf 72' lang='lat' dir='ltr'><strong>suscitavit.</strong></span> <span class='ocrx_word' id='word_1_25' title='bbox 1754 503 1850 559; x_wconf 92' lang='lat' dir='ltr'><strong>Illo</strong></span> 
     </span>
    </p>
   </div>
   <div class='ocr_carea' id='block_1_6' title="bbox 270 595 1848 669">
    <p class='ocr_par' dir='ltr' id='par_1_6' title="bbox 270 595 1848 669">
     <span class='ocr_line' id='line_1_6' title="bbox 270 595 1848 669; baseline -0.001 -17"><span class='ocrx_word' id='word_1_26' title='bbox 270 598 624 669; x_wconf 88' lang='lat' dir='ltr'><strong>prophetante</strong></span> <span class='ocrx_word' id='word_1_27' title='bbox 646 596 830 666; x_wconf 85' lang='lat' dir='ltr'><strong>hydria</strong></span> <span class='ocrx_word' id='word_1_28' title='bbox 859 595 1044 650; x_wconf 64' lang='lat' dir='ltr'><strong>farintc</strong></span> <span class='ocrx_word' id='word_1_29' title='bbox 1070 605 1124 650; x_wconf 93' lang='lat' dir='ltr'><strong>et</strong></span> <span class='ocrx_word' id='word_1_30' title='bbox 1158 597 1332 651; x_wconf 85' lang='lat' dir='ltr'><strong>licitus</strong></span> <span class='ocrx_word' id='word_1_31' title='bbox 1354 597 1460 652; x_wconf 84' lang='lat' dir='ltr'><strong>olei</strong></span> <span class='ocrx_word' id='word_1_32' title='bbox 1490 612 1596 652; x_wconf 93' lang='lat' dir='ltr'><strong>non</strong></span> <span class='ocrx_word' id='word_1_33' title='bbox 1625 596 1848 668; x_wconf 74' lang='lat' dir='ltr'><strong>defecit;</strong></span> 
     </span>
    </p>
   </div>
   <div class='ocr_carea' id='block_1_7' title="bbox 270 687 1851 760">
    <p class='ocr_par' dir='ltr' id='par_1_7' title="bbox 270 687 1851 760">
     <span class='ocr_line' id='line_1_7' title="bbox 270 687 1851 760; baseline 0 -16"><span class='ocrx_word' id='word_1_34' title='bbox 270 691 366 745; x_wconf 84' lang='lat' dir='ltr'><strong>iste</strong></span> <span class='ocrx_word' id='word_1_35' title='bbox 383 689 614 744; x_wconf 78' lang='lat' dir='ltr'><strong>obsessae</strong></span> <span class='ocrx_word' id='word_1_36' title='bbox 643 695 697 742; x_wconf 92' lang='lat' dir='ltr'><strong>et</strong></span> <span class='ocrx_word' id='word_1_37' title='bbox 725 687 935 744; x_wconf 71' lang='lat' dir='ltr'><strong>amictae</strong></span> <span class='ocrx_word' id='word_1_38' title='bbox 964 689 1165 744; x_wconf 83' lang='lat' dir='ltr'><strong>civitati</strong></span> <span class='ocrx_word' id='word_1_39' title='bbox 1194 690 1438 760; x_wconf 88' lang='lat' dir='ltr'><strong>protinus</strong></span> <span class='ocrx_word' id='word_1_40' title='bbox 1463 690 1518 744; x_wconf 90' lang='lat' dir='ltr'><strong>in</strong></span> <span class='ocrx_word' id='word_1_41' title='bbox 1546 689 1686 745; x_wconf 90' lang='lat' dir='ltr'><strong>diem</strong></span> <span class='ocrx_word' id='word_1_42' title='bbox 1716 689 1851 744; x_wconf 91' lang='lat' dir='ltr'><strong>alte-</strong></span> 
     </span>
    </p>
   </div>
   <div class='ocr_carea' id='block_1_8' title="bbox 269 779 1846 851">
    <p class='ocr_par' dir='ltr' id='par_1_8' title="bbox 269 779 1846 851">
     <span class='ocr_line' id='line_1_8' title="bbox 269 779 1846 851; baseline -0.001 -16"><span class='ocrx_word' id='word_1_43' title='bbox 269 797 383 835; x_wconf 86' lang='lat' dir='ltr'><strong>rum</strong></span> <span class='ocrx_word' id='word_1_44' title='bbox 413 779 752 835; x_wconf 86' lang='lat' dir='ltr'><strong>incredibiles</strong></span> <span class='ocrx_word' id='word_1_45' title='bbox 779 780 1052 835; x_wconf 86' lang='lat' dir='ltr'><strong>hostilium</strong></span> <span class='ocrx_word' id='word_1_46' title='bbox 1074 789 1373 836; x_wconf 89' lang='lat' dir='ltr'><strong>castrorum</strong></span> <span class='ocrx_word' id='word_1_47' title='bbox 1397 781 1581 851; x_wconf 89' lang='lat' dir='ltr'><strong>copias</strong></span> <span class='ocrx_word' id='word_1_48' title='bbox 1619 781 1846 836; x_wconf 88' lang='lat' dir='ltr'><strong>obtudit.</strong></span> 
     </span>
    </p>
   </div>
   <div class='ocr_carea' id='block_1_9' title="bbox 265 870 1844 941">
    <p class='ocr_par' dir='ltr' id='par_1_9' title="bbox 265 870 1844 941">
     <span class='ocr_line' id='line_1_9' title="bbox 265 870 1844 941; baseline -0.001 -15"><span class='ocrx_word' id='word_1_49' title='bbox 265 873 442 941; x_wconf 83' lang='lat' dir='ltr'><strong>Atque</strong></span> <span class='ocrx_word' id='word_1_50' title='bbox 483 879 544 926; x_wconf 90' lang='lat' dir='ltr'><strong>ut</strong></span> <span class='ocrx_word' id='word_1_51' title='bbox 596 870 746 926; x_wconf 87' lang='lat' dir='ltr'><strong>brevi</strong></span> <span class='ocrx_word' id='word_1_52' title='bbox 791 871 1104 928; x_wconf 83' lang='lat' dir='ltr'><strong>concludam</strong></span> <span class='ocrx_word' id='word_1_53' title='bbox 1132 881 1346 940; x_wconf 89' lang='lat' dir='ltr'><strong>cuncta,</strong></span> <span class='ocrx_word' id='word_1_54' title='bbox 1377 870 1520 927; x_wconf 87' lang='lat' dir='ltr'><strong>Elias</strong></span> <span class='ocrx_word' id='word_1_55' title='bbox 1542 871 1844 936; x_wconf 86' lang='lat' dir='ltr'><strong>duodecim,</strong></span> 
     </span>
    </p>
   </div>
   <div class='ocr_carea' id='block_1_10' title="bbox 264 948 1850 1035">
    <p class='ocr_par' dir='ltr' id='par_1_10' title="bbox 264 948 1850 1035">
     <span class='ocr_line' id='line_1_10' title="bbox 264 948 1850 1035; baseline -0.001 -16"><span class='ocrx_word' id='word_1_56' title='bbox 264 963 511 1034; x_wconf 68' lang='lat' dir='ltr'><strong>Elisaaus,</strong></span> <span class='ocrx_word' id='word_1_57' title='bbox 540 974 600 1020; x_wconf 91' lang='lat' dir='ltr'><strong>ut</strong></span> <span class='ocrx_word' id='word_1_58' title='bbox 627 963 917 1035; x_wconf 76' lang='lat' dir='ltr'><strong>Scriptura:</strong></span> <span class='ocrx_word' id='word_1_59' title='bbox 955 966 1152 1020; x_wconf 88' lang='lat' dir='ltr'><strong>veritas</strong></span> <span class='ocrx_word' id='word_1_60' title='bbox 1175 948 1358 1030; x_wconf 75' lang='lat' dir='ltr'><strong>tradit,</strong></span> <span class='ocrx_word' id='word_1_61' title='bbox 1405 964 1591 1034; x_wconf 78' lang='lat' dir='ltr'><strong>viginti</strong></span> <span class='ocrx_word' id='word_1_62' title='bbox 1619 973 1850 1033; x_wconf 90' lang='lat' dir='ltr'><strong>quatuor</strong></span> 
     </span>
    </p>
   </div>
   <div class='ocr_carea' id='block_1_11' title="bbox 263 1055 1849 1128">
    <p class='ocr_par' dir='ltr' id='par_1_11' title="bbox 263 1055 1849 1128">
     <span class='ocr_line' id='line_1_11' title="bbox 263 1055 1849 1128; baseline 0.001 -17"><span class='ocrx_word' id='word_1_63' title='bbox 263 1056 646 1111; x_wconf 85' lang='lat' dir='ltr'><strong>miraculorum</strong></span> <span class='ocrx_word' id='word_1_64' title='bbox 674 1056 840 1124; x_wconf 80' lang='lat' dir='ltr'><strong>signis</strong></span> <span class='ocrx_word' id='word_1_65' title='bbox 862 1057 1073 1123; x_wconf 85' lang='lat' dir='ltr'><strong>enituit,</strong></span> <span class='ocrx_word' id='word_1_66' title='bbox 1096 1073 1212 1128; x_wconf 76' lang='lat' dir='ltr'><strong>qua:</strong></span> <span class='ocrx_word' id='word_1_67' title='bbox 1240 1057 1506 1123; x_wconf 84' lang='lat' dir='ltr'><strong>videlicet,</strong></span> <span class='ocrx_word' id='word_1_68' title='bbox 1530 1056 1652 1128; x_wconf 84' lang='lat' dir='ltr'><strong>quia</strong></span> <span class='ocrx_word' id='word_1_69' title='bbox 1701 1055 1849 1112; x_wconf 85' lang='lat' dir='ltr'><strong>fasti-</strong></span> 
     </span>
    </p>
   </div>
   <div class='ocr_carea' id='block_1_12' title="bbox 262 1147 1850 1220">
    <p class='ocr_par' dir='ltr' id='par_1_12' title="bbox 262 1147 1850 1220">
     <span class='ocr_line' id='line_1_12' title="bbox 262 1147 1850 1220; baseline 0 -16"><span class='ocrx_word' id='word_1_70' title='bbox 262 1150 407 1205; x_wconf 88' lang='lat' dir='ltr'><strong>dium</strong></span> <span class='ocrx_word' id='word_1_71' title='bbox 456 1148 782 1214; x_wconf 85' lang='lat' dir='ltr'><strong>devitamus,</strong></span> <span class='ocrx_word' id='word_1_72' title='bbox 826 1149 913 1204; x_wconf 90' lang='lat' dir='ltr'><strong>hic</strong></span> <span class='ocrx_word' id='word_1_73' title='bbox 956 1164 1270 1206; x_wconf 83' lang='lat' dir='ltr'><strong>enumerare</strong></span> <span class='ocrx_word' id='word_1_74' title='bbox 1295 1149 1686 1220; x_wconf 91' lang='lat' dir='ltr'><strong>postponimus.</strong></span> <span class='ocrx_word' id='word_1_75' title='bbox 1711 1147 1850 1216; x_wconf 83' lang='lat' dir='ltr'><strong>Quo-</strong></span> 
     </span>
    </p>
   </div>
   <div class='ocr_carea' id='block_1_13' title="bbox 263 1241 1849 1312">
    <p class='ocr_par' dir='ltr' id='par_1_13' title="bbox 263 1241 1849 1312">
     <span class='ocr_line' id='line_1_13' title="bbox 263 1241 1849 1312; baseline -0.001 -16"><span class='ocrx_word' id='word_1_76' title='bbox 263 1241 426 1297; x_wconf 89' lang='lat' dir='ltr'><strong>modo</strong></span> <span class='ocrx_word' id='word_1_77' title='bbox 459 1241 622 1311; x_wconf 81' lang='lat' dir='ltr'><strong>igitur</strong></span> <span class='ocrx_word' id='word_1_78' title='bbox 651 1241 807 1311; x_wconf 91' lang='lat' dir='ltr'><strong>hujus</strong></span> <span class='ocrx_word' id='word_1_79' title='bbox 829 1257 915 1297; x_wconf 90' lang='lat' dir='ltr'><strong>me</strong></span> <span class='ocrx_word' id='word_1_80' title='bbox 944 1241 1088 1296; x_wconf 92' lang='lat' dir='ltr'><strong>nodo</strong></span> <span class='ocrx_word' id='word_1_81' title='bbox 1116 1242 1428 1312; x_wconf 76' lang='lat' dir='ltr'><strong>qlnestionis</strong></span> <span class='ocrx_word' id='word_1_82' title='bbox 1457 1241 1767 1312; x_wconf 80' lang='lat' dir='ltr'><strong>expediam,</strong></span> <span class='ocrx_word' id='word_1_83' title='bbox 1789 1248 1849 1295; x_wconf 92' lang='lat' dir='ltr'><strong>ut</strong></span> 
     </span>
    </p>
   </div>
   <div class='ocr_carea' id='block_1_14' title="bbox 262 1331 1847 1404">
    <p class='ocr_par' dir='ltr' id='par_1_14' title="bbox 262 1331 1847 1404">
     <span class='ocr_line' id='line_1_14' title="bbox 262 1331 1847 1404; baseline 0 -17"><span class='ocrx_word' id='word_1_84' title='bbox 262 1333 470 1404; x_wconf 89' lang='lat' dir='ltr'><strong>prolata</strong></span> <span class='ocrx_word' id='word_1_85' title='bbox 499 1333 568 1389; x_wconf 92' lang='lat' dir='ltr'><strong>de</strong></span> <span class='ocrx_word' id='word_1_86' title='bbox 588 1333 955 1402; x_wconf 82' lang='lat' dir='ltr'><strong>magnitudine</strong></span> <span class='ocrx_word' id='word_1_87' title='bbox 973 1331 1194 1388; x_wconf 82' lang='lat' dir='ltr'><strong>Joannis</strong></span> <span class='ocrx_word' id='word_1_88' title='bbox 1215 1349 1321 1388; x_wconf 95' lang='lat' dir='ltr'><strong>non</strong></span> <span class='ocrx_word' id='word_1_89' title='bbox 1343 1333 1558 1388; x_wconf 87' lang='lat' dir='ltr'><strong>vacillet</strong></span> <span class='ocrx_word' id='word_1_90' title='bbox 1581 1332 1847 1388; x_wconf 85' lang='lat' dir='ltr'><strong>sententia</strong></span> 
     </span>
    </p>
   </div>
   <div class='ocr_carea' id='block_1_15' title="bbox 262 1425 1848 1499">
    <p class='ocr_par' dir='ltr' id='par_1_15' title="bbox 262 1425 1848 1499">
     <span class='ocr_line' id='line_1_15' title="bbox 262 1425 1848 1499; baseline -0.001 -18"><span class='ocrx_word' id='word_1_91' title='bbox 262 1425 539 1492; x_wconf 79' lang='lat' dir='ltr'><strong>Veritatis,</strong></span> <span class='ocrx_word' id='word_1_92' title='bbox 569 1439 675 1495; x_wconf 89' lang='lat' dir='ltr'><strong>qua</strong></span> <span class='ocrx_word' id='word_1_93' title='bbox 697 1425 894 1481; x_wconf 88' lang='lat' dir='ltr'><strong>dicitur</strong></span> <span class='ocrx_word' id='word_1_94' title='bbox 917 1444 929 1479; x_wconf 92' lang='lat'><strong>:</strong></span> <span class='ocrx_word' id='word_1_95' title='bbox 958 1426 1118 1499; x_wconf 79' lang='lat'><strong>556</strong></span> <span class='ocrx_word' id='word_1_96' title='bbox 1136 1427 1275 1480; x_wconf 90' lang='lat' dir='ltr'><strong>natis</strong></span> <span class='ocrx_word' id='word_1_97' title='bbox 1294 1426 1576 1481; x_wconf 88' lang='lat' dir='ltr'><strong>mulierum</strong></span> <span class='ocrx_word' id='word_1_98' title='bbox 1602 1442 1707 1480; x_wconf 93' lang='lat' dir='ltr'><strong>non</strong></span> <span class='ocrx_word' id='word_1_99' title='bbox 1729 1439 1848 1480; x_wconf 90' lang='lat' dir='ltr'><strong>esse</strong></span> 
     </span>
    </p>
   </div>
   <div class='ocr_carea' id='block_1_16' title="bbox 259 1515 1846 1588">
    <p class='ocr_par' dir='ltr' id='par_1_16' title="bbox 259 1515 1846 1588">
     <span class='ocr_line' id='line_1_16' title="bbox 259 1515 1846 1588; baseline -0.001 -16"><span class='ocrx_word' id='word_1_100' title='bbox 259 1518 524 1587; x_wconf 87' lang='lat' dir='ltr'><strong>majorem</strong></span> <span class='ocrx_word' id='word_1_101' title='bbox 538 1515 750 1572; x_wconf 81' lang='lat' dir='ltr'><strong>Joanne</strong></span> <span class='ocrx_word' id='word_1_102' title='bbox 773 1515 1050 1588; x_wconf 87' lang='lat' dir='ltr'><strong>Baptista?</strong></span> <span class='ocrx_word' id='word_1_103' title='bbox 1078 1516 1209 1572; x_wconf 85' lang='lat' dir='ltr'><strong>Nam</strong></span> <span class='ocrx_word' id='word_1_104' title='bbox 1238 1519 1281 1572; x_wconf 91' lang='lat' dir='ltr'><strong>si</strong></span> <span class='ocrx_word' id='word_1_105' title='bbox 1306 1517 1479 1587; x_wconf 89' lang='lat' dir='ltr'><strong>major</strong></span> <span class='ocrx_word' id='word_1_106' title='bbox 1497 1526 1580 1572; x_wconf 89' lang='lat' dir='ltr'><strong>est</strong></span> <span class='ocrx_word' id='word_1_107' title='bbox 1627 1515 1846 1571; x_wconf 66' lang='lat' dir='ltr'><strong>Elismus</strong></span> 
     </span>
    </p>
   </div>
   <div class='ocr_carea' id='block_1_17' title="bbox 156 1611 1844 1683">
    <p class='ocr_par' dir='ltr' id='par_1_17' title="bbox 156 1611 1844 1683">
     <span class='ocr_line' id='line_1_17' title="bbox 156 1611 1844 1683; baseline 0 -16"><span class='ocrx_word' id='word_1_108' title='bbox 156 1635 161 1640; x_wconf 64' lang='grc' dir='ltr'><em>ι</em></span> <span class='ocrx_word' id='word_1_109' title='bbox 258 1627 426 1682; x_wconf 88' lang='lat' dir='ltr'><strong>quam</strong></span> <span class='ocrx_word' id='word_1_110' title='bbox 480 1611 646 1680; x_wconf 86' lang='lat' dir='ltr'><strong>Elias,</strong></span> <span class='ocrx_word' id='word_1_111' title='bbox 697 1628 826 1683; x_wconf 87' lang='lat' dir='ltr'><strong>ergo</strong></span> <span class='ocrx_word' id='word_1_112' title='bbox 871 1613 1045 1682; x_wconf 88' lang='lat' dir='ltr'><strong>major</strong></span> <span class='ocrx_word' id='word_1_113' title='bbox 1098 1621 1182 1669; x_wconf 88' lang='lat' dir='ltr'><strong>est</strong></span> <span class='ocrx_word' id='word_1_114' title='bbox 1216 1623 1272 1669; x_wconf 89' lang='lat' dir='ltr'><strong>et</strong></span> <span class='ocrx_word' id='word_1_115' title='bbox 1297 1613 1539 1669; x_wconf 89' lang='lat' dir='ltr'><strong>Joanne?</strong></span> <span class='ocrx_word' id='word_1_116' title='bbox 1567 1613 1708 1683; x_wconf 88' lang='lat' dir='ltr'><strong>quod</strong></span> <span class='ocrx_word' id='word_1_117' title='bbox 1732 1611 1844 1667; x_wconf 80' lang='lat' dir='ltr'><strong>fieri</strong></span> 
     </span>
    </p>
   </div>
   <div class='ocr_carea' id='block_1_18' title="bbox 259 1703 1843 1774">
    <p class='ocr_par' dir='ltr' id='par_1_18' title="bbox 259 1703 1843 1774">
     <span class='ocr_line' id='line_1_18' title="bbox 259 1703 1843 1774; baseline 0.001 -18"><span class='ocrx_word' id='word_1_118' title='bbox 259 1703 596 1774; x_wconf 86' lang='lat' dir='ltr'><strong>impossibile</strong></span> <span class='ocrx_word' id='word_1_119' title='bbox 629 1713 730 1760; x_wconf 90' lang='lat' dir='ltr'><strong>est.</strong></span> <span class='ocrx_word' id='word_1_120' title='bbox 763 1703 869 1760; x_wconf 88' lang='lat' dir='ltr'><strong>Sed</strong></span> <span class='ocrx_word' id='word_1_121' title='bbox 893 1704 1188 1760; x_wconf 89' lang='lat' dir='ltr'><strong>notandum</strong></span> <span class='ocrx_word' id='word_1_122' title='bbox 1235 1704 1378 1774; x_wconf 89' lang='lat' dir='ltr'><strong>quod</strong></span> <span class='ocrx_word' id='word_1_123' title='bbox 1407 1704 1548 1772; x_wconf 78' lang='lat' dir='ltr'><strong>aliud</strong></span> <span class='ocrx_word' id='word_1_124' title='bbox 1595 1713 1678 1760; x_wconf 82' lang='lat' dir='ltr'><strong>est</strong></span> <span class='ocrx_word' id='word_1_125' title='bbox 1728 1720 1843 1758; x_wconf 90' lang='lat' dir='ltr'><strong>ma-</strong></span> 
     </span>
    </p>
   </div>
   <div class='ocr_carea' id='block_1_19' title="bbox 257 1784 1920 1868">
    <p class='ocr_par' dir='ltr' id='par_1_19' title="bbox 257 1784 1920 1868">
     <span class='ocr_line' id='line_1_19' title="bbox 257 1784 1920 1868; baseline -0.001 -19"><span class='ocrx_word' id='word_1_126' title='bbox 257 1809 425 1863; x_wconf 85' lang='lat' dir='ltr'><strong>gnum</strong></span> <span class='ocrx_word' id='word_1_127' title='bbox 473 1795 602 1866; x_wconf 88' lang='lat' dir='ltr'><strong>quid</strong></span> <span class='ocrx_word' id='word_1_128' title='bbox 631 1809 791 1864; x_wconf 88' lang='lat' dir='ltr'><strong>agere</strong></span> <span class='ocrx_word' id='word_1_129' title='bbox 834 1795 887 1850; x_wconf 91' lang='lat' dir='ltr'><strong>in</strong></span> <span class='ocrx_word' id='word_1_130' title='bbox 917 1797 1081 1868; x_wconf 77' lang='lat' dir='ltr'><strong>signis</strong></span> <span class='ocrx_word' id='word_1_131' title='bbox 1109 1795 1507 1861; x_wconf 89' lang='lat' dir='ltr'><strong>miraculorum,</strong></span> <span class='ocrx_word' id='word_1_132' title='bbox 1557 1795 1698 1850; x_wconf 82' lang='lat' dir='ltr'><strong>aliud</strong></span> <span class='ocrx_word' id='word_1_133' title='bbox 1725 1811 1844 1849; x_wconf 83' lang='lat' dir='ltr'><strong>ma-</strong></span> <span class='ocrx_word' id='word_1_134' title='bbox 1875 1784 1920 1845; x_wconf 87' lang='grc' dir='ltr'><strong>Β</strong></span> 
     </span>
    </p>
   </div>
   <div class='ocr_carea' id='block_1_20' title="bbox 257 1886 1847 1956">
    <p class='ocr_par' dir='ltr' id='par_1_20' title="bbox 257 1886 1847 1956">
     <span class='ocr_line' id='line_1_20' title="bbox 257 1886 1847 1956; baseline 0 -14"><span class='ocrx_word' id='word_1_135' title='bbox 257 1901 425 1956; x_wconf 82' lang='lat' dir='ltr'><strong>gnum</strong></span> <span class='ocrx_word' id='word_1_136' title='bbox 455 1903 576 1943; x_wconf 87' lang='lat' dir='ltr'><strong>esse</strong></span> <span class='ocrx_word' id='word_1_137' title='bbox 607 1887 926 1943; x_wconf 89' lang='lat' dir='ltr'><strong>excellentia</strong></span> <span class='ocrx_word' id='word_1_138' title='bbox 973 1887 1304 1943; x_wconf 88' lang='lat' dir='ltr'><strong>meritorum.</strong></span> <span class='ocrx_word' id='word_1_139' title='bbox 1339 1886 1468 1941; x_wconf 88' lang='lat' dir='ltr'><strong>Nam</strong></span> <span class='ocrx_word' id='word_1_140' title='bbox 1499 1889 1542 1942; x_wconf 91' lang='lat' dir='ltr'><strong>si</strong></span> <span class='ocrx_word' id='word_1_141' title='bbox 1590 1887 1847 1942; x_wconf 80' lang='lat' dir='ltr'><strong>demira-</strong></span> 
     </span>
    </p>
   </div>
   <div class='ocr_carea' id='block_1_21' title="bbox 258 1978 1846 2048">
    <p class='ocr_par' dir='ltr' id='par_1_21' title="bbox 258 1978 1846 2048">
     <span class='ocr_line' id='line_1_21' title="bbox 258 1978 1846 2048; baseline -0.001 -14"><span class='ocrx_word' id='word_1_142' title='bbox 258 1980 400 2034; x_wconf 89' lang='lat' dir='ltr'><strong>culis</strong></span> <span class='ocrx_word' id='word_1_143' title='bbox 441 1979 635 2048; x_wconf 85' lang='lat' dir='ltr'><strong>agitur,</strong></span> <span class='ocrx_word' id='word_1_144' title='bbox 684 1978 888 2033; x_wconf 86' lang='lat' dir='ltr'><strong>nullum</strong></span> <span class='ocrx_word' id='word_1_145' title='bbox 935 1978 1124 2034; x_wconf 81' lang='lat' dir='ltr'><strong>fecisse</strong></span> <span class='ocrx_word' id='word_1_146' title='bbox 1168 1979 1482 2034; x_wconf 87' lang='lat' dir='ltr'><strong>miraculum</strong></span> <span class='ocrx_word' id='word_1_147' title='bbox 1529 1978 1764 2034; x_wconf 87' lang='lat' dir='ltr'><strong>Joannes</strong></span> <span class='ocrx_word' id='word_1_148' title='bbox 1790 1979 1846 2032; x_wconf 91' lang='lat' dir='ltr'><strong>in</strong></span> 
     </span>
    </p>
   </div>
   <div class='ocr_carea' id='block_1_22' title="bbox 257 2068 1848 2141">
    <p class='ocr_par' dir='ltr' id='par_1_22' title="bbox 257 2068 1848 2141">
     <span class='ocr_line' id='line_1_22' title="bbox 257 2068 1848 2141; baseline -0.001 -15"><span class='ocrx_word' id='word_1_149' title='bbox 257 2070 662 2140; x_wconf 89' lang='lat' dir='ltr'><strong>Scripturarum</strong></span> <span class='ocrx_word' id='word_1_150' title='bbox 689 2070 896 2141; x_wconf 79' lang='lat' dir='ltr'><strong>paginis</strong></span> <span class='ocrx_word' id='word_1_151' title='bbox 916 2070 1206 2126; x_wconf 88' lang='lat' dir='ltr'><strong>invenitur.</strong></span> <span class='ocrx_word' id='word_1_152' title='bbox 1229 2068 1337 2125; x_wconf 88' lang='lat' dir='ltr'><strong>Sed</strong></span> <span class='ocrx_word' id='word_1_153' title='bbox 1367 2070 1603 2140; x_wconf 86' lang='lat' dir='ltr'><strong>nunquid</strong></span> <span class='ocrx_word' id='word_1_154' title='bbox 1625 2078 1848 2140; x_wconf 77' lang='lat' dir='ltr'><strong>prOpter</strong></span> 
     </span>
    </p>
   </div>
   <div class='ocr_carea' id='block_1_23' title="bbox 259 2161 1847 2231">
    <p class='ocr_par' dir='ltr' id='par_1_23' title="bbox 259 2161 1847 2231">
     <span class='ocr_line' id='line_1_23' title="bbox 259 2161 1847 2231; baseline -0.002 -14"><span class='ocrx_word' id='word_1_155' title='bbox 259 2163 366 2218; x_wconf 87' lang='lat' dir='ltr'><strong>hoc</strong></span> <span class='ocrx_word' id='word_1_156' title='bbox 397 2161 610 2218; x_wconf 83' lang='lat' dir='ltr'><strong>iniimus</strong></span> <span class='ocrx_word' id='word_1_157' title='bbox 637 2162 740 2217; x_wconf 90' lang='lat' dir='ltr'><strong>erit</strong></span> <span class='ocrx_word' id='word_1_158' title='bbox 782 2162 1004 2217; x_wconf 90' lang='lat' dir='ltr'><strong>omnino</strong></span> <span class='ocrx_word' id='word_1_159' title='bbox 1034 2170 1360 2226; x_wconf 89' lang='lat' dir='ltr'><strong>sanctorum,</strong></span> <span class='ocrx_word' id='word_1_160' title='bbox 1392 2161 1516 2231; x_wconf 84' lang='lat' dir='ltr'><strong>quia</strong></span> <span class='ocrx_word' id='word_1_161' title='bbox 1547 2161 1687 2215; x_wconf 90' lang='lat' dir='ltr'><strong>nulla</strong></span> <span class='ocrx_word' id='word_1_162' title='bbox 1738 2169 1847 2215; x_wconf 87' lang='lat' dir='ltr'><strong>tra-</strong></span> 
     </span>
    </p>
   </div>
   <div class='ocr_carea' id='block_1_24' title="bbox 259 2241 1847 2323">
    <p class='ocr_par' dir='ltr' id='par_1_24' title="bbox 259 2241 1847 2323">
     <span class='ocr_line' id='line_1_24' title="bbox 259 2241 1847 2323; baseline -0.004 -12"><span class='ocrx_word' id='word_1_163' title='bbox 259 2257 408 2312; x_wconf 84' lang='lat' dir='ltr'><strong>ditur</strong></span> <span class='ocrx_word' id='word_1_164' title='bbox 435 2255 585 2323; x_wconf 87' lang='lat' dir='ltr'><strong>signa</strong></span> <span class='ocrx_word' id='word_1_165' title='bbox 614 2241 804 2310; x_wconf 79' lang='lat' dir='ltr'><strong>fecisse</strong></span> <span class='ocrx_word' id='word_1_166' title='bbox 830 2255 1107 2310; x_wconf 89' lang='lat' dir='ltr'><strong>virtutum.</strong></span> <span class='ocrx_word' id='word_1_167' title='bbox 1141 2253 1363 2308; x_wconf 69' lang='lat' dir='ltr'><strong>Elismus</strong></span> <span class='ocrx_word' id='word_1_168' title='bbox 1391 2268 1518 2322; x_wconf 86' lang='lat' dir='ltr'><strong>ergo</strong></span> <span class='ocrx_word' id='word_1_169' title='bbox 1566 2253 1738 2322; x_wconf 85' lang='lat' dir='ltr'><strong>major</strong></span> <span class='ocrx_word' id='word_1_170' title='bbox 1765 2259 1847 2307; x_wconf 92' lang='lat' dir='ltr'><strong>est</strong></span> 
     </span>
    </p>
   </div>
   <div class='ocr_carea' id='block_1_25' title="bbox 259 2345 1848 2419">
    <p class='ocr_par' dir='ltr' id='par_1_25' title="bbox 259 2345 1848 2419">
     <span class='ocr_line' id='line_1_25' title="bbox 259 2345 1848 2419; baseline -0.003 -18"><span class='ocrx_word' id='word_1_171' title='bbox 259 2363 424 2419; x_wconf 86' lang='lat' dir='ltr'><strong>quam</strong></span> <span class='ocrx_word' id='word_1_172' title='bbox 446 2345 588 2402; x_wconf 87' lang='lat' dir='ltr'><strong>Elias</strong></span> <span class='ocrx_word' id='word_1_173' title='bbox 617 2347 668 2401; x_wconf 91' lang='lat' dir='ltr'><strong>in</strong></span> <span class='ocrx_word' id='word_1_174' title='bbox 698 2346 1026 2401; x_wconf 81' lang='lat' dir='ltr'><strong>exhibitione</strong></span> <span class='ocrx_word' id='word_1_175' title='bbox 1047 2346 1342 2413; x_wconf 84' lang='lat' dir='ltr'><strong>signorum,</strong></span> <span class='ocrx_word' id='word_1_176' title='bbox 1366 2360 1522 2414; x_wconf 81' lang='lat' dir='ltr'><strong>quem</strong></span> <span class='ocrx_word' id='word_1_177' title='bbox 1546 2354 1723 2399; x_wconf 67' lang='lat' dir='ltr'><strong>tamen</strong></span> <span class='ocrx_word' id='word_1_178' title='bbox 1755 2359 1848 2398; x_wconf 85' lang='lat' dir='ltr'><strong>ne-</strong></span> 
     </span>
    </p>
   </div>
   <div class='ocr_carea' id='block_1_26' title="bbox 259 2436 1846 2510">
    <p class='ocr_par' dir='ltr' id='par_1_26' title="bbox 259 2436 1846 2510">
     <span class='ocr_line' id='line_1_26' title="bbox 259 2436 1846 2510; baseline -0.003 -15"><span class='ocrx_word' id='word_1_179' title='bbox 259 2455 532 2510; x_wconf 86' lang='lat' dir='ltr'><strong>quaquam</strong></span> <span class='ocrx_word' id='word_1_180' title='bbox 585 2449 830 2509; x_wconf 88' lang='lat' dir='ltr'><strong>superest</strong></span> <span class='ocrx_word' id='word_1_181' title='bbox 875 2440 925 2492; x_wconf 91' lang='lat' dir='ltr'><strong>in</strong></span> <span class='ocrx_word' id='word_1_182' title='bbox 987 2439 1232 2493; x_wconf 84' lang='lat' dir='ltr'><strong>cumulo</strong></span> <span class='ocrx_word' id='word_1_183' title='bbox 1265 2439 1595 2492; x_wconf 87' lang='lat' dir='ltr'><strong>meritorum.</strong></span> <span class='ocrx_word' id='word_1_184' title='bbox 1646 2436 1723 2490; x_wconf 79' lang='lat' dir='ltr'><strong>lla</strong></span> <span class='ocrx_word' id='word_1_185' title='bbox 1791 2444 1846 2492; x_wconf 89' lang='lat' dir='ltr'><strong>et</strong></span> 
     </span>
    </p>
   </div>
   <div class='ocr_carea' id='block_1_27' title="bbox 259 2530 1842 2611">
    <p class='ocr_par' dir='ltr' id='par_1_27' title="bbox 259 2530 1842 2611">
     <span class='ocr_line' id='line_1_27' title="bbox 259 2530 1842 2611; baseline 0 -25"><span class='ocrx_word' id='word_1_186' title='bbox 259 2531 503 2587; x_wconf 83' lang='lat' dir='ltr'><strong>Joannes</strong></span> <span class='ocrx_word' id='word_1_187' title='bbox 531 2547 628 2602; x_wconf 89' lang='lat' dir='ltr'><strong>par</strong></span> <span class='ocrx_word' id='word_1_188' title='bbox 669 2531 884 2601; x_wconf 89' lang='lat' dir='ltr'><strong>quidem</strong></span> <span class='ocrx_word' id='word_1_189' title='bbox 919 2541 1008 2611; x_wconf 82' lang='lat' dir='ltr'><strong>est</strong></span> <span class='ocrx_word' id='word_1_190' title='bbox 1046 2531 1193 2595; x_wconf 70' lang='lat' dir='ltr'><strong>Elian,</strong></span> <span class='ocrx_word' id='word_1_191' title='bbox 1225 2532 1348 2600; x_wconf 90' lang='lat' dir='ltr'><strong>quia</strong></span> <span class='ocrx_word' id='word_1_192' title='bbox 1378 2532 1514 2586; x_wconf 88' lang='lat' dir='ltr'><strong>sicut</strong></span> <span class='ocrx_word' id='word_1_193' title='bbox 1552 2530 1638 2584; x_wconf 83' lang='lat' dir='ltr'><strong>illc</strong></span> <span class='ocrx_word' id='word_1_194' title='bbox 1667 2546 1842 2602; x_wconf 72' lang='lat' dir='ltr'><strong>prmco</strong></span> 
     </span>
    </p>
   </div>
   <div class='ocr_carea' id='block_1_28' title="bbox 261 2623 1840 2694">
    <p class='ocr_par' dir='ltr' id='par_1_28' title="bbox 261 2623 1840 2694">
     <span class='ocr_line' id='line_1_28' title="bbox 261 2623 1840 2694; baseline 0 -15"><span class='ocrx_word' id='word_1_195' title='bbox 261 2624 475 2680; x_wconf 85' lang='lat' dir='ltr'><strong>futurus</strong></span> <span class='ocrx_word' id='word_1_196' title='bbox 494 2632 578 2680; x_wconf 91' lang='lat' dir='ltr'><strong>est</strong></span> <span class='ocrx_word' id='word_1_197' title='bbox 596 2623 810 2693; x_wconf 90' lang='lat' dir='ltr'><strong>judicis,</strong></span> <span class='ocrx_word' id='word_1_198' title='bbox 840 2625 910 2678; x_wconf 90' lang='lat' dir='ltr'><strong>ita</strong></span> <span class='ocrx_word' id='word_1_199' title='bbox 935 2633 988 2680; x_wconf 88' lang='lat' dir='ltr'><strong>et</strong></span> <span class='ocrx_word' id='word_1_200' title='bbox 1011 2624 1096 2679; x_wconf 92' lang='lat' dir='ltr'><strong>hic</strong></span> <span class='ocrx_word' id='word_1_201' title='bbox 1113 2639 1409 2694; x_wconf 71' lang='lat' dir='ltr'><strong>przecursor</strong></span> <span class='ocrx_word' id='word_1_202' title='bbox 1431 2624 1599 2678; x_wconf 68' lang='lat' dir='ltr'><strong>factus</strong></span> <span class='ocrx_word' id='word_1_203' title='bbox 1630 2634 1710 2676; x_wconf 70' lang='lat' dir='ltr'><strong>est</strong></span> <span class='ocrx_word' id='word_1_204' title='bbox 1734 2623 1840 2679; x_wconf 80' lang='lat' dir='ltr'><strong>Re-</strong></span> 
     </span>
    </p>
   </div>
   <div class='ocr_carea' id='block_1_29' title="bbox 263 2714 1844 2787">
    <p class='ocr_par' dir='ltr' id='par_1_29' title="bbox 263 2714 1844 2787">
     <span class='ocr_line' id='line_1_29' title="bbox 263 2714 1844 2787; baseline 0.001 -18"><span class='ocrx_word' id='word_1_205' title='bbox 263 2717 592 2786; x_wconf 85' lang='lat' dir='ltr'><strong>demptoris;</strong></span> <span class='ocrx_word' id='word_1_206' title='bbox 619 2716 712 2771; x_wconf 90' lang='lat' dir='ltr'><strong>sed</strong></span> <span class='ocrx_word' id='word_1_207' title='bbox 742 2717 912 2787; x_wconf 89' lang='lat' dir='ltr'><strong>major</strong></span> <span class='ocrx_word' id='word_1_208' title='bbox 942 2714 1079 2783; x_wconf 85' lang='lat' dir='ltr'><strong>Elia,</strong></span> <span class='ocrx_word' id='word_1_209' title='bbox 1109 2717 1230 2784; x_wconf 87' lang='lat' dir='ltr'><strong>quia</strong></span> <span class='ocrx_word' id='word_1_210' title='bbox 1255 2731 1411 2784; x_wconf 79' lang='lat' dir='ltr'><strong>quem</strong></span> <span class='ocrx_word' id='word_1_211' title='bbox 1439 2716 1844 2780; x_wconf 78' lang='lat' dir='ltr'><strong>demonstravit,</strong></span> 
     </span>
    </p>
   </div>
   <div class='ocr_carea' id='block_1_30' title="bbox 260 2807 1854 2878">
    <p class='ocr_par' dir='ltr' id='par_1_30' title="bbox 260 2807 1854 2878">
     <span class='ocr_line' id='line_1_30' title="bbox 260 2807 1854 2878; baseline -0.002 -15"><span class='ocrx_word' id='word_1_212' title='bbox 260 2809 432 2863; x_wconf 80' lang='lat' dir='ltr'><strong>etiam</strong></span> <span class='ocrx_word' id='word_1_213' title='bbox 480 2808 788 2878; x_wconf 79' lang='lat' dir='ltr'><strong>baptizavit.</strong></span> <span class='ocrx_word' id='word_1_214' title='bbox 839 2807 896 2862; x_wconf 93' lang='lat' dir='ltr'><strong>ln</strong></span> <span class='ocrx_word' id='word_1_215' title='bbox 924 2807 1016 2862; x_wconf 90' lang='lat' dir='ltr'><strong>illo</strong></span> <span class='ocrx_word' id='word_1_216' title='bbox 1055 2807 1285 2877; x_wconf 89' lang='lat' dir='ltr'><strong>denique</strong></span> <span class='ocrx_word' id='word_1_217' title='bbox 1315 2808 1649 2876; x_wconf 87' lang='lat' dir='ltr'><strong>baptismatis</strong></span> <span class='ocrx_word' id='word_1_218' title='bbox 1669 2822 1854 2861; x_wconf 70' lang='lat' dir='ltr'><strong>sacra-</strong></span> 
     </span>
    </p>
   </div>
   <div class='ocr_carea' id='block_1_31' title="bbox 265 2897 1846 2969">
    <p class='ocr_par' dir='ltr' id='par_1_31' title="bbox 265 2897 1846 2969">
     <span class='ocr_line' id='line_1_31' title="bbox 265 2897 1846 2969; baseline 0 -14"><span class='ocrx_word' id='word_1_219' title='bbox 265 2907 457 2955; x_wconf 88' lang='lat' dir='ltr'><strong>mento</strong></span> <span class='ocrx_word' id='word_1_220' title='bbox 475 2897 723 2956; x_wconf 89' lang='lat' dir='ltr'><strong>Jordanis</strong></span> <span class='ocrx_word' id='word_1_221' title='bbox 751 2898 893 2955; x_wconf 91' lang='lat' dir='ltr'><strong>unda</strong></span> <span class='ocrx_word' id='word_1_222' title='bbox 925 2900 1097 2968; x_wconf 88' lang='lat' dir='ltr'><strong>magis</strong></span> <span class='ocrx_word' id='word_1_223' title='bbox 1126 2908 1208 2954; x_wconf 86' lang='lat' dir='ltr'><strong>est</strong></span> <span class='ocrx_word' id='word_1_224' title='bbox 1237 2899 1343 2954; x_wconf 78' lang='lat' dir='ltr'><strong>leta</strong></span> <span class='ocrx_word' id='word_1_225' title='bbox 1372 2915 1531 2969; x_wconf 88' lang='lat' dir='ltr'><strong>quam</strong></span> <span class='ocrx_word' id='word_1_226' title='bbox 1582 2900 1707 2954; x_wconf 88' lang='lat' dir='ltr'><strong>lavit</strong></span> <span class='ocrx_word' id='word_1_227' title='bbox 1732 2917 1745 2952; x_wconf 90' lang='lat'>:</span> <span class='ocrx_word' id='word_1_228' title='bbox 1779 2917 1846 2955; x_wconf 86' lang='lat' dir='ltr'><strong>cx</strong></span> 
     </span>
    </p>
   </div>
   <div class='ocr_carea' id='block_1_32' title="bbox 264 2991 1848 3065">
    <p class='ocr_par' dir='ltr' id='par_1_32' title="bbox 264 2991 1848 3065">
     <span class='ocr_line' id='line_1_32' title="bbox 264 2991 1848 3065; baseline 0.001 -19"><span class='ocrx_word' id='word_1_229' title='bbox 264 3008 375 3061; x_wconf 81' lang='lat' dir='ltr'><strong>qua</strong></span> <span class='ocrx_word' id='word_1_230' title='bbox 401 2992 617 3062; x_wconf 89' lang='lat' dir='ltr'><strong>insuper</strong></span> <span class='ocrx_word' id='word_1_231' title='bbox 644 2993 748 3047; x_wconf 88' lang='lat' dir='ltr'><strong>vim</strong></span> <span class='ocrx_word' id='word_1_232' title='bbox 777 2991 1213 3048; x_wconf 78' lang='lat' dir='ltr'><strong>sanctificationis</strong></span> <span class='ocrx_word' id='word_1_233' title='bbox 1244 2994 1418 3048; x_wconf 91' lang='lat' dir='ltr'><strong>omnis</strong></span> <span class='ocrx_word' id='word_1_234' title='bbox 1447 2994 1643 3065; x_wconf 87' lang='lat' dir='ltr'><strong>ubique</strong></span> <span class='ocrx_word' id='word_1_235' title='bbox 1678 3002 1848 3050; x_wconf 87' lang='lat' dir='ltr'><strong>terra-</strong></span> 
     </span>
    </p>
   </div>
   <div class='ocr_carea' id='block_1_33' title="bbox 265 3084 1850 3166">
    <p class='ocr_par' dir='ltr' id='par_1_33' title="bbox 265 3084 1850 3166">
     <span class='ocr_line' id='line_1_33' title="bbox 265 3084 1850 3166; baseline 0.001 -29"><span class='ocrx_word' id='word_1_236' title='bbox 265 3097 388 3138; x_wconf 82' lang='lat' dir='ltr'><strong>rum</strong></span> <span class='ocrx_word' id='word_1_237' title='bbox 437 3099 572 3154; x_wconf 91' lang='lat' dir='ltr'><strong>aqua</strong></span> <span class='ocrx_word' id='word_1_238' title='bbox 623 3085 891 3154; x_wconf 90' lang='lat' dir='ltr'><strong>concepit.</strong></span> <span class='ocrx_word' id='word_1_239' title='bbox 943 3084 1056 3141; x_wconf 88' lang='lat' dir='ltr'><strong>Illic</strong></span> <span class='ocrx_word' id='word_1_240' title='bbox 1083 3085 1271 3139; x_wconf 91' lang='lat' dir='ltr'><strong>beatus</strong></span> <span class='ocrx_word' id='word_1_241' title='bbox 1291 3084 1524 3140; x_wconf 82' lang='lat' dir='ltr'><strong>Joannes</strong></span> <span class='ocrx_word' id='word_1_242' title='bbox 1547 3102 1731 3166; x_wconf 79' lang='lat' dir='ltr'><strong>vocem</strong></span> <span class='ocrx_word' id='word_1_243' title='bbox 1754 3086 1850 3140; x_wconf 88' lang='lat' dir='ltr'><strong>Pa-</strong></span> 
     </span>
    </p>
   </div>
   <div class='ocr_carea' id='block_1_34' title="bbox 266 3160 1921 3247">
    <p class='ocr_par' dir='ltr' id='par_1_34' title="bbox 266 3160 1921 3247">
     <span class='ocr_line' id='line_1_34' title="bbox 266 3160 1921 3247; baseline 0.002 -20"><span class='ocrx_word' id='word_1_244' title='bbox 266 3175 371 3229; x_wconf 78' lang='lat' dir='ltr'><strong>tris</strong></span> <span class='ocrx_word' id='word_1_245' title='bbox 408 3174 627 3239; x_wconf 82' lang='lat' dir='ltr'><strong>audivit,</strong></span> <span class='ocrx_word' id='word_1_246' title='bbox 686 3174 940 3245; x_wconf 90' lang='lat' dir='ltr'><strong>Spiritum</strong></span> <span class='ocrx_word' id='word_1_247' title='bbox 995 3184 1237 3230; x_wconf 86' lang='lat' dir='ltr'><strong>sanctum</strong></span> <span class='ocrx_word' id='word_1_248' title='bbox 1291 3177 1342 3230; x_wconf 90' lang='lat' dir='ltr'><strong>in</strong></span> <span class='ocrx_word' id='word_1_249' title='bbox 1386 3160 1644 3231; x_wconf 74' lang='lat' dir='ltr'><strong>columba:</strong></span> <span class='ocrx_word' id='word_1_250' title='bbox 1673 3176 1850 3247; x_wconf 88' lang='lat' dir='ltr'><strong>specie</strong></span> <span class='ocrx_word' id='word_1_251' title='bbox 1877 3160 1921 3221; x_wconf 68' lang='grc' dir='ltr'>Ο</span> 
     </span>
    </p>
   </div>
   <div class='ocr_carea' id='block_1_35' title="bbox 266 3267 1850 3338">
    <p class='ocr_par' dir='ltr' id='par_1_35' title="bbox 266 3267 1850 3338">
     <span class='ocr_line' id='line_1_35' title="bbox 266 3267 1850 3338; baseline 0 -17"><span class='ocrx_word' id='word_1_252' title='bbox 266 3267 686 3324; x_wconf 81' lang='lat' dir='ltr'><strong>descendentem</strong></span> <span class='ocrx_word' id='word_1_253' title='bbox 730 3268 958 3338; x_wconf 81' lang='lat' dir='ltr'><strong>aspexit,</strong></span> <span class='ocrx_word' id='word_1_254' title='bbox 1011 3268 1343 3323; x_wconf 89' lang='lat' dir='ltr'><strong>tremendum</strong></span> <span class='ocrx_word' id='word_1_255' title='bbox 1385 3270 1588 3336; x_wconf 83' lang='lat' dir='ltr'><strong>angelis</strong></span> <span class='ocrx_word' id='word_1_256' title='bbox 1633 3268 1727 3323; x_wconf 92' lang='lat' dir='ltr'><strong>Dei</strong></span> <span class='ocrx_word' id='word_1_257' title='bbox 1758 3268 1850 3322; x_wconf 88' lang='lat' dir='ltr'><strong>Fi-</strong></span> 
     </span>
    </p>
   </div>
   <div class='ocr_carea' id='block_1_36' title="bbox 269 3357 1853 3429">
    <p class='ocr_par' dir='ltr' id='par_1_36' title="bbox 269 3357 1853 3429">
     <span class='ocr_line' id='line_1_36' title="bbox 269 3357 1853 3429; baseline 0.002 -17"><span class='ocrx_word' id='word_1_258' title='bbox 269 3357 426 3425; x_wconf 81' lang='lat' dir='ltr'><strong>lium,</strong></span> <span class='ocrx_word' id='word_1_259' title='bbox 473 3358 584 3412; x_wconf 90' lang='lat' dir='ltr'><strong>suis</strong></span> <span class='ocrx_word' id='word_1_260' title='bbox 623 3359 868 3413; x_wconf 88' lang='lat' dir='ltr'><strong>manibus</strong></span> <span class='ocrx_word' id='word_1_261' title='bbox 916 3359 1225 3413; x_wconf 90' lang='lat' dir='ltr'><strong>inclinatum</strong></span> <span class='ocrx_word' id='word_1_262' title='bbox 1275 3360 1426 3429; x_wconf 85' lang='lat' dir='ltr'><strong>aquis</strong></span> <span class='ocrx_word' id='word_1_263' title='bbox 1456 3360 1686 3413; x_wconf 89' lang='lat' dir='ltr'><strong>intinxit.</strong></span> <span class='ocrx_word' id='word_1_264' title='bbox 1720 3360 1853 3415; x_wconf 87' lang='lat' dir='ltr'><strong>Illud</strong></span> 
     </span>
    </p>
   </div>
   <div class='ocr_carea' id='block_1_37' title="bbox 270 3447 1854 3520">
    <p class='ocr_par' dir='ltr' id='par_1_37' title="bbox 270 3447 1854 3520">
     <span class='ocr_line' id='line_1_37' title="bbox 270 3447 1854 3520; baseline 0.002 -18"><span class='ocrx_word' id='word_1_265' title='bbox 270 3449 420 3503; x_wconf 84' lang='lat' dir='ltr'><strong>enim</strong></span> <span class='ocrx_word' id='word_1_266' title='bbox 451 3447 847 3504; x_wconf 89' lang='lat' dir='ltr'><strong>fundamentum</strong></span> <span class='ocrx_word' id='word_1_267' title='bbox 872 3457 926 3504; x_wconf 87' lang='lat' dir='ltr'><strong>et</strong></span> <span class='ocrx_word' id='word_1_268' title='bbox 953 3450 1105 3518; x_wconf 84' lang='lat' dir='ltr'><strong>origo</strong></span> <span class='ocrx_word' id='word_1_269' title='bbox 1133 3450 1469 3520; x_wconf 86' lang='lat' dir='ltr'><strong>baptismatis</strong></span> <span class='ocrx_word' id='word_1_270' title='bbox 1493 3451 1647 3505; x_wconf 87' lang='lat' dir='ltr'><strong>rebus</strong></span> <span class='ocrx_word' id='word_1_271' title='bbox 1675 3459 1854 3506; x_wconf 87' lang='lat' dir='ltr'><strong>osten-</strong></span> 
     </span>
    </p>
   </div>
   <div class='ocr_carea' id='block_1_38' title="bbox 274 3539 1855 3612">
    <p class='ocr_par' dir='ltr' id='par_1_38' title="bbox 274 3539 1855 3612">
     <span class='ocr_line' id='line_1_38' title="bbox 274 3539 1855 3612; baseline 0.003 -20"><span class='ocrx_word' id='word_1_272' title='bbox 274 3539 376 3607; x_wconf 86' lang='lat' dir='ltr'><strong>dit,</strong></span> <span class='ocrx_word' id='word_1_273' title='bbox 408 3540 550 3611; x_wconf 88' lang='lat' dir='ltr'><strong>quod</strong></span> <span class='ocrx_word' id='word_1_274' title='bbox 577 3541 786 3596; x_wconf 83' lang='lat' dir='ltr'><strong>Veritas</strong></span> <span class='ocrx_word' id='word_1_275' title='bbox 815 3541 1157 3612; x_wconf 88' lang='lat' dir='ltr'><strong>postmodum</strong></span> <span class='ocrx_word' id='word_1_276' title='bbox 1188 3540 1476 3610; x_wconf 73' lang='lat' dir='ltr'><strong>disripulos</strong></span> <span class='ocrx_word' id='word_1_277' title='bbox 1497 3556 1655 3610; x_wconf 86' lang='lat' dir='ltr'><strong>agere</strong></span> <span class='ocrx_word' id='word_1_278' title='bbox 1678 3542 1855 3597; x_wconf 84' lang='lat' dir='ltr'><strong>verbis</strong></span> 
     </span>
    </p>
   </div>
   <div class='ocr_carea' id='block_1_39' title="bbox 275 3619 1858 3709">
    <p class='ocr_par' dir='ltr' id='par_1_39' title="bbox 275 3619 1858 3709">
     <span class='ocr_line' id='line_1_39' title="bbox 275 3619 1858 3709; baseline 0.004 -27"><span class='ocrx_word' id='word_1_279' title='bbox 275 3631 477 3687; x_wconf 76' lang='lat' dir='ltr'><strong>virtute</strong></span> <span class='ocrx_word' id='word_1_280' title='bbox 502 3632 672 3702; x_wconf 91' lang='lat' dir='ltr'><strong>plenis</strong></span> <span class='ocrx_word' id='word_1_281' title='bbox 701 3619 932 3688; x_wconf 81' lang='lat' dir='ltr'><strong>edocuit.</strong></span> <span class='ocrx_word' id='word_1_282' title='bbox 960 3631 1061 3699; x_wconf 84' lang='lat' dir='ltr'><strong>Ite,</strong></span> <span class='ocrx_word' id='word_1_283' title='bbox 1099 3634 1295 3707; x_wconf 77' lang='lat' dir='ltr'><strong>inquit,</strong></span> <span class='ocrx_word' id='word_1_284' title='bbox 1325 3634 1501 3687; x_wconf 85' lang='lat' dir='ltr'><strong>docete</strong></span> <span class='ocrx_word' id='word_1_285' title='bbox 1530 3651 1702 3688; x_wconf 85' lang='lat' dir='ltr'><strong>omnes</strong></span> <span class='ocrx_word' id='word_1_286' title='bbox 1733 3653 1858 3709; x_wconf 69' lang='lat' dir='ltr'><strong>gen-</strong></span> 
     </span>
    </p>
   </div>
   <div class='ocr_carea' id='block_1_40' title="bbox 278 3710 1856 3796">
    <p class='ocr_par' dir='ltr' id='par_1_40' title="bbox 278 3710 1856 3796">
     <span class='ocr_line' id='line_1_40' title="bbox 278 3710 1856 3796; baseline 0.004 -22"><span class='ocrx_word' id='word_1_287' title='bbox 278 3732 376 3784; x_wconf 80' lang='lat' dir='ltr'><strong>(es,</strong></span> <span class='ocrx_word' id='word_1_288' title='bbox 409 3710 724 3794; x_wconf 72' lang='lat' dir='ltr'><strong>baptizantes</strong></span> <span class='ocrx_word' id='word_1_289' title='bbox 741 3742 828 3778; x_wconf 81' lang='lat' dir='ltr'><strong>eos</strong></span> <span class='ocrx_word' id='word_1_290' title='bbox 856 3726 906 3777; x_wconf 86' lang='lat' dir='ltr'><strong>in</strong></span> <span class='ocrx_word' id='word_1_291' title='bbox 932 3725 1138 3778; x_wconf 80' lang='lat' dir='ltr'><strong>nomine</strong></span> <span class='ocrx_word' id='word_1_292' title='bbox 1159 3723 1354 3790; x_wconf 77' lang='lat' dir='ltr'><strong>Patris,</strong></span> <span class='ocrx_word' id='word_1_293' title='bbox 1383 3734 1431 3778; x_wconf 86' lang='lat' dir='ltr'><strong>et</strong></span> <span class='ocrx_word' id='word_1_294' title='bbox 1452 3719 1600 3788; x_wconf 74' lang='lat' dir='ltr'><strong>Filii,</strong></span> <span class='ocrx_word' id='word_1_295' title='bbox 1633 3736 1680 3778; x_wconf 90' lang='lat' dir='ltr'><strong>et</strong></span> <span class='ocrx_word' id='word_1_296' title='bbox 1735 3727 1856 3796; x_wconf 82' lang='lat' dir='ltr'><strong>Spi-</strong></span> 
     </span>
    </p>
   </div>
   <div class='ocr_carea' id='block_1_41' title="bbox 275 3813 1858 3881">
    <p class='ocr_par' dir='ltr' id='par_1_41' title="bbox 275 3813 1858 3881">
     <span class='ocr_line' id='line_1_41' title="bbox 275 3813 1858 3881; baseline 0.002 -15"><span class='ocrx_word' id='word_1_297' title='bbox 275 3814 412 3867; x_wconf 78' lang='lat' dir='ltr'><strong>n’tus</strong></span> <span class='ocrx_word' id='word_1_298' title='bbox 430 3815 598 3868; x_wconf 83' lang='lat' dir='ltr'><strong>sancti</strong></span> <span class='ocrx_word' id='word_1_299' title='bbox 627 3814 840 3881; x_wconf 84' lang='lat' dir='ltr'><strong>(Matth.</strong></span> <span class='ocrx_word' id='word_1_300' title='bbox 871 3815 1074 3881; x_wconf 83' lang='lat' dir='ltr'><strong>xxvni).</strong></span> <span class='ocrx_word' id='word_1_301' title='bbox 1107 3813 1219 3868; x_wconf 90' lang='lat' dir='ltr'><strong>lllic</strong></span> <span class='ocrx_word' id='word_1_302' title='bbox 1249 3830 1334 3868; x_wconf 90' lang='lat' dir='ltr'><strong>res</strong></span> <span class='ocrx_word' id='word_1_303' title='bbox 1362 3815 1638 3869; x_wconf 85' lang='lat' dir='ltr'><strong>manifesta</strong></span> <span class='ocrx_word' id='word_1_304' title='bbox 1668 3823 1722 3869; x_wconf 93' lang='lat' dir='ltr'><strong>et</strong></span> <span class='ocrx_word' id='word_1_305' title='bbox 1749 3832 1858 3870; x_wconf 91' lang='lat' dir='ltr'><strong>non</strong></span> 
     </span>
    </p>
   </div>
   <div class='ocr_carea' id='block_1_42' title="bbox 277 3905 1861 3972">
    <p class='ocr_par' dir='ltr' id='par_1_42' title="bbox 277 3905 1861 3972">
     <span class='ocr_line' id='line_1_42' title="bbox 277 3905 1861 3972; baseline 0.004 -14"><span class='ocrx_word' id='word_1_306' title='bbox 277 3906 472 3968; x_wconf 74' lang='lat' dir='ltr'><strong>verba;</strong></span> <span class='ocrx_word' id='word_1_307' title='bbox 505 3906 591 3960; x_wconf 91' lang='lat' dir='ltr'><strong>hic</strong></span> <span class='ocrx_word' id='word_1_308' title='bbox 619 3905 800 3970; x_wconf 89' lang='lat' dir='ltr'><strong>verba,</strong></span> <span class='ocrx_word' id='word_1_309' title='bbox 833 3914 888 3959; x_wconf 90' lang='lat' dir='ltr'><strong>et</strong></span> <span class='ocrx_word' id='word_1_310' title='bbox 917 3921 1002 3958; x_wconf 75' lang='lat' dir='ltr'><strong>res</strong></span> <span class='ocrx_word' id='word_1_311' title='bbox 1031 3921 1179 3972; x_wconf 88' lang='lat' dir='ltr'><strong>vera,</strong></span> <span class='ocrx_word' id='word_1_312' title='bbox 1228 3905 1318 3959; x_wconf 88' lang='lat' dir='ltr'><strong>sed</strong></span> <span class='ocrx_word' id='word_1_313' title='bbox 1348 3906 1574 3960; x_wconf 89' lang='lat' dir='ltr'><strong>occulta.</strong></span> <span class='ocrx_word' id='word_1_314' title='bbox 1623 3905 1861 3964; x_wconf 87' lang='lat' dir='ltr'><strong>Joannes</strong></span> 
     </span>
    </p>
   </div>
   <div class='ocr_carea' id='block_1_43' title="bbox 278 3997 1858 4066">
    <p class='ocr_par' dir='ltr' id='par_1_43' title="bbox 278 3997 1858 4066">
     <span class='ocr_line' id='line_1_43' title="bbox 278 3997 1858 4066; baseline 0.002 -15"><span class='ocrx_word' id='word_1_315' title='bbox 278 3998 466 4066; x_wconf 89' lang='lat' dir='ltr'><strong>itaque</strong></span> <span class='ocrx_word' id='word_1_316' title='bbox 513 3997 864 4050; x_wconf 88' lang='lat' dir='ltr'><strong>humanorum</strong></span> <span class='ocrx_word' id='word_1_317' title='bbox 893 3997 1046 4051; x_wconf 88' lang='lat' dir='ltr'><strong>limes</strong></span> <span class='ocrx_word' id='word_1_318' title='bbox 1069 4006 1152 4052; x_wconf 88' lang='lat' dir='ltr'><strong>est</strong></span> <span class='ocrx_word' id='word_1_319' title='bbox 1202 3998 1534 4051; x_wconf 89' lang='lat' dir='ltr'><strong>meritorum.</strong></span> <span class='ocrx_word' id='word_1_320' title='bbox 1561 3998 1858 4065; x_wconf 87' lang='lat' dir='ltr'><strong>Quantum-</strong></span> 
     </span>
    </p>
   </div>
   <div class='ocr_carea' id='block_1_44' title="bbox 276 4088 1860 4163">
    <p class='ocr_par' dir='ltr' id='par_1_44' title="bbox 276 4088 1860 4163">
     <span class='ocr_line' id='line_1_44' title="bbox 276 4088 1860 4163; baseline 0.003 -20"><span class='ocrx_word' id='word_1_321' title='bbox 276 4103 495 4158; x_wconf 86' lang='lat' dir='ltr'><strong>cunque</strong></span> <span class='ocrx_word' id='word_1_322' title='bbox 529 4089 670 4141; x_wconf 89' lang='lat' dir='ltr'><strong>enim</strong></span> <span class='ocrx_word' id='word_1_323' title='bbox 700 4088 978 4158; x_wconf 90' lang='lat' dir='ltr'><strong>apostolici</strong></span> <span class='ocrx_word' id='word_1_324' title='bbox 1016 4097 1236 4145; x_wconf 86' lang='lat' dir='ltr'><strong>senatus</strong></span> <span class='ocrx_word' id='word_1_325' title='bbox 1265 4089 1494 4146; x_wconf 86' lang='lat' dir='ltr'><strong>excellat</strong></span> <span class='ocrx_word' id='word_1_326' title='bbox 1547 4093 1860 4163; x_wconf 86' lang='lat' dir='ltr'><strong>auctoritas,</strong></span> 
     </span>
    </p>
   </div>
   <div class='ocr_carea' id='block_1_45' title="bbox 277 4178 1860 4248">
    <p class='ocr_par' dir='ltr' id='par_1_45' title="bbox 277 4178 1860 4248">
     <span class='ocr_line' id='line_1_45' title="bbox 277 4178 1860 4248; baseline 0.006 -19"><span class='ocrx_word' id='word_1_327' title='bbox 277 4185 755 4246; x_wconf 86' lang='lat' dir='ltr'><strong>quantumcunque</strong></span> <span class='ocrx_word' id='word_1_328' title='bbox 781 4179 865 4232; x_wconf 89' lang='lat' dir='ltr'><strong>vel</strong></span> <span class='ocrx_word' id='word_1_329' title='bbox 916 4179 1334 4248; x_wconf 84' lang='lat' dir='ltr'><strong>patriarcharum</strong></span> <span class='ocrx_word' id='word_1_330' title='bbox 1392 4178 1523 4236; x_wconf 84' lang='lat' dir='ltr'><strong>ﬁdes</strong></span> <span class='ocrx_word' id='word_1_331' title='bbox 1580 4183 1632 4236; x_wconf 89' lang='lat' dir='ltr'><strong>in</strong></span> <span class='ocrx_word' id='word_1_332' title='bbox 1683 4184 1860 4240; x_wconf 88' lang='lat' dir='ltr'><strong>divina</strong></span> 
     </span>
    </p>
   </div>
   <div class='ocr_carea' id='block_1_46' title="bbox 277 4268 1862 4340">
    <p class='ocr_par' dir='ltr' id='par_1_46' title="bbox 277 4268 1862 4340">
     <span class='ocr_line' id='line_1_46' title="bbox 277 4268 1862 4340; baseline 0.005 -17"><span class='ocrx_word' id='word_1_333' title='bbox 277 4268 558 4336; x_wconf 78' lang='lat' dir='ltr'><strong>agnitione</strong></span> <span class='ocrx_word' id='word_1_334' title='bbox 588 4268 847 4338; x_wconf 67' lang='lat' dir='ltr'><strong>proﬁciat,</strong></span> <span class='ocrx_word' id='word_1_335' title='bbox 873 4271 955 4326; x_wconf 91' lang='lat' dir='ltr'><strong>vel</strong></span> <span class='ocrx_word' id='word_1_336' title='bbox 978 4271 1358 4340; x_wconf 86' lang='lat' dir='ltr'><strong>prophetarum</strong></span> <span class='ocrx_word' id='word_1_337' title='bbox 1389 4273 1603 4328; x_wconf 89' lang='lat' dir='ltr'><strong>oracula</strong></span> <span class='ocrx_word' id='word_1_338' title='bbox 1625 4275 1691 4329; x_wconf 86' lang='lat' dir='ltr'><strong>ad</strong></span> <span class='ocrx_word' id='word_1_339' title='bbox 1714 4290 1862 4331; x_wconf 87' lang='lat' dir='ltr'><strong>rese-</strong></span> 
     </span>
    </p>
   </div>
   <div class='ocr_carea' id='block_1_47' title="bbox 279 4358 1862 4435">
    <p class='ocr_par' dir='ltr' id='par_1_47' title="bbox 279 4358 1862 4435">
     <span class='ocr_line' id='line_1_47' title="bbox 279 4358 1862 4435; baseline 0.004 -20"><span class='ocrx_word' id='word_1_340' title='bbox 279 4358 454 4415; x_wconf 85' lang='lat' dir='ltr'><strong>randa</strong></span> <span class='ocrx_word' id='word_1_341' title='bbox 503 4375 699 4416; x_wconf 89' lang='lat' dir='ltr'><strong>arcana</strong></span> <span class='ocrx_word' id='word_1_342' title='bbox 747 4362 998 4434; x_wconf 84' lang='lat' dir='ltr'><strong>mysteria</strong></span> <span class='ocrx_word' id='word_1_343' title='bbox 1043 4363 1417 4432; x_wconf 87' lang='lat' dir='ltr'><strong>convalescat,</strong></span> <span class='ocrx_word' id='word_1_344' title='bbox 1469 4366 1862 4435; x_wconf 90' lang='lat' dir='ltr'><strong>quantumlibet</strong></span> 
     </span>
    </p>
   </div>
   <div class='ocr_carea' id='block_1_48' title="bbox 280 4454 1856 4530">
    <p class='ocr_par' dir='ltr' id='par_1_48' title="bbox 280 4454 1856 4530">
     <span class='ocr_line' id='line_1_48' title="bbox 280 4454 1856 4530; baseline 0.003 -23"><span class='ocrx_word' id='word_1_345' title='bbox 280 4461 432 4508; x_wconf 81' lang='lat' dir='ltr'><strong>certe</strong></span> <span class='ocrx_word' id='word_1_346' title='bbox 475 4454 776 4509; x_wconf 88' lang='lat' dir='ltr'><strong>cumuletur</strong></span> <span class='ocrx_word' id='word_1_347' title='bbox 831 4455 1269 4524; x_wconf 87' lang='lat' dir='ltr'><strong>triumphantium</strong></span> <span class='ocrx_word' id='word_1_348' title='bbox 1325 4456 1492 4524; x_wconf 87' lang='lat' dir='ltr'><strong>gloria</strong></span> <span class='ocrx_word' id='word_1_349' title='bbox 1543 4467 1856 4530; x_wconf 82' lang='lat' dir='ltr'><strong>martyrum,</strong></span> 
     </span>
    </p>
   </div>
   <div class='ocr_carea' id='block_1_49' title="bbox 281 4531 1942 4619">
    <p class='ocr_par' dir='ltr' id='par_1_49' title="bbox 281 4531 1942 4619">
     <span class='ocr_line' id='line_1_49' title="bbox 281 4531 1942 4619; baseline 0.008 -25"><span class='ocrx_word' id='word_1_350' title='bbox 281 4544 646 4611; x_wconf 84' lang='lat' dir='ltr'><strong>quamtumvis</strong></span> <span class='ocrx_word' id='word_1_351' title='bbox 665 4542 909 4601; x_wconf 82' lang='lat' dir='ltr'><strong>efﬂoreat</strong></span> <span class='ocrx_word' id='word_1_352' title='bbox 933 4562 1165 4602; x_wconf 89' lang='lat' dir='ltr'><strong>vernans</strong></span> <span class='ocrx_word' id='word_1_353' title='bbox 1187 4549 1440 4618; x_wconf 90' lang='lat' dir='ltr'><strong>pudicitia</strong></span> <span class='ocrx_word' id='word_1_354' title='bbox 1469 4551 1757 4619; x_wconf 79' lang='lat' dir='ltr'><strong>virginum,</strong></span> <span class='ocrx_word' id='word_1_355' title='bbox 1777 4551 1863 4607; x_wconf 91' lang='lat' dir='ltr'><strong>vel</strong></span> <span class='ocrx_word' id='word_1_356' title='bbox 1891 4531 1942 4590; x_wconf 76' lang='grc' dir='ltr'><strong>ι)</strong></span> 
     </span>
    </p>
   </div>
   <div class='ocr_carea' id='block_1_50' title="bbox 283 4638 1869 4710">
    <p class='ocr_par' dir='ltr' id='par_1_50' title="bbox 283 4638 1869 4710">
     <span class='ocr_line' id='line_1_50' title="bbox 283 4638 1869 4710; baseline 0.005 -18"><span class='ocrx_word' id='word_1_357' title='bbox 283 4638 341 4692; x_wconf 88' lang='lat' dir='ltr'><strong>in</strong></span> <span class='ocrx_word' id='word_1_358' title='bbox 361 4638 540 4710; x_wconf 81' lang='lat' dir='ltr'><strong>verbis</strong></span> <span class='ocrx_word' id='word_1_359' title='bbox 567 4639 686 4694; x_wconf 66' lang='lat' dir='ltr'><strong>vitae</strong></span> <span class='ocrx_word' id='word_1_360' title='bbox 714 4655 772 4695; x_wconf 91' lang='lat' dir='ltr'><strong>se</strong></span> <span class='ocrx_word' id='word_1_361' title='bbox 801 4650 1053 4696; x_wconf 86' lang='lat' dir='ltr'><strong>exerceat</strong></span> <span class='ocrx_word' id='word_1_362' title='bbox 1075 4642 1252 4710; x_wconf 87' lang='lat' dir='ltr'><strong>lingua</strong></span> <span class='ocrx_word' id='word_1_363' title='bbox 1269 4641 1572 4709; x_wconf 89' lang='lat' dir='ltr'><strong>doctorum,</strong></span> <span class='ocrx_word' id='word_1_364' title='bbox 1595 4645 1727 4699; x_wconf 90' lang='lat' dir='ltr'><strong>citra</strong></span> <span class='ocrx_word' id='word_1_365' title='bbox 1761 4660 1869 4700; x_wconf 86' lang='lat' dir='ltr'><strong>me-</strong></span> 
     </span>
    </p>
   </div>
   <div class='ocr_carea' id='block_1_51' title="bbox 286 4729 1866 4802">
    <p class='ocr_par' dir='ltr' id='par_1_51' title="bbox 286 4729 1866 4802">
     <span class='ocr_line' id='line_1_51' title="bbox 286 4729 1866 4802; baseline 0.005 -21"><span class='ocrx_word' id='word_1_366' title='bbox 286 4738 394 4783; x_wconf 85' lang='lat' dir='ltr'><strong>tam</strong></span> <span class='ocrx_word' id='word_1_367' title='bbox 425 4729 644 4786; x_wconf 89' lang='lat' dir='ltr'><strong>Joannis</strong></span> <span class='ocrx_word' id='word_1_368' title='bbox 672 4731 850 4785; x_wconf 90' lang='lat' dir='ltr'><strong>omnia</strong></span> <span class='ocrx_word' id='word_1_369' title='bbox 895 4732 1230 4797; x_wconf 85' lang='lat' dir='ltr'><strong>cohibentur,</strong></span> <span class='ocrx_word' id='word_1_370' title='bbox 1262 4732 1498 4802; x_wconf 91' lang='lat' dir='ltr'><strong>nihilque</strong></span> <span class='ocrx_word' id='word_1_371' title='bbox 1529 4735 1740 4788; x_wconf 86' lang='lat' dir='ltr'><strong>virtutis</strong></span> <span class='ocrx_word' id='word_1_372' title='bbox 1768 4736 1866 4789; x_wconf 90' lang='lat' dir='ltr'><strong>hu-</strong></span> 
     </span>
    </p>
   </div>
   <div class='ocr_carea' id='block_1_52' title="bbox 1957 511 3536 584">
    <p class='ocr_par' dir='ltr' id='par_1_52' title="bbox 1957 511 3536 584">
     <span class='ocr_line' id='line_1_52' title="bbox 1957 511 3536 584; baseline 0.004 -18"><span class='ocrx_word' id='word_1_373' title='bbox 1957 511 2213 580; x_wconf 89' lang='lat' dir='ltr'><strong>greditur.</strong></span> <span class='ocrx_word' id='word_1_374' title='bbox 2273 511 2441 578; x_wconf 87' lang='lat' dir='ltr'><strong>Cujus</strong></span> <span class='ocrx_word' id='word_1_375' title='bbox 2488 512 2922 584; x_wconf 90' lang='lat' dir='ltr'><strong>incomparabilis</strong></span> <span class='ocrx_word' id='word_1_376' title='bbox 2951 514 3072 568; x_wconf 74' lang='lat' dir='ltr'><strong>vitte</strong></span> <span class='ocrx_word' id='word_1_377' title='bbox 3101 515 3293 570; x_wconf 89' lang='lat' dir='ltr'><strong>seriem</strong></span> <span class='ocrx_word' id='word_1_378' title='bbox 3321 530 3429 571; x_wconf 92' lang='lat' dir='ltr'><strong>non</strong></span> <span class='ocrx_word' id='word_1_379' title='bbox 3451 517 3536 571; x_wconf 88' lang='lat' dir='ltr'><strong>hi-</strong></span> 
     </span>
    </p>
   </div>
   <div class='ocr_carea' id='block_1_53' title="bbox 1957 606 3537 678">
    <p class='ocr_par' dir='ltr' id='par_1_53' title="bbox 1957 606 3537 678">
     <span class='ocr_line' id='line_1_53' title="bbox 1957 606 3537 678; baseline 0.004 -19"><span class='ocrx_word' id='word_1_380' title='bbox 1957 606 2362 676; x_wconf 87' lang='lat' dir='ltr'><strong>storiographus</strong></span> <span class='ocrx_word' id='word_1_381' title='bbox 2390 606 2652 677; x_wconf 91' lang='lat' dir='ltr'><strong>quispiam</strong></span> <span class='ocrx_word' id='word_1_382' title='bbox 2685 615 2805 677; x_wconf 91' lang='lat' dir='ltr'><strong>post</strong></span> <span class='ocrx_word' id='word_1_383' title='bbox 2831 608 2946 678; x_wconf 92' lang='lat' dir='ltr'><strong>ejus</strong></span> <span class='ocrx_word' id='word_1_384' title='bbox 2973 608 3179 664; x_wconf 90' lang='lat' dir='ltr'><strong>obitum</strong></span> <span class='ocrx_word' id='word_1_385' title='bbox 3237 610 3389 675; x_wconf 86' lang='lat' dir='ltr'><strong>texit,</strong></span> <span class='ocrx_word' id='word_1_386' title='bbox 3441 611 3537 666; x_wconf 89' lang='lat' dir='ltr'><strong>sed</strong></span> 
     </span>
    </p>
   </div>
   <div class='ocr_carea' id='block_1_54' title="bbox 1954 700 3541 772">
    <p class='ocr_par' dir='ltr' id='par_1_54' title="bbox 1954 700 3541 772">
     <span class='ocr_line' id='line_1_54' title="bbox 1954 700 3541 772; baseline 0.003 -19"><span class='ocrx_word' id='word_1_387' title='bbox 1954 700 2309 768; x_wconf 86' lang='lat' dir='ltr'><strong>archangelus</strong></span> <span class='ocrx_word' id='word_1_388' title='bbox 2330 700 2418 755; x_wconf 89' lang='lat' dir='ltr'><strong>ille</strong></span> <span class='ocrx_word' id='word_1_389' title='bbox 2440 700 2739 771; x_wconf 75' lang='lat' dir='ltr'><strong>przecipuus</strong></span> <span class='ocrx_word' id='word_1_390' title='bbox 2761 709 3050 771; x_wconf 90' lang='lat' dir='ltr'><strong>antequam</strong></span> <span class='ocrx_word' id='word_1_391' title='bbox 3079 709 3372 772; x_wconf 88' lang='lat' dir='ltr'><strong>conceptus</strong></span> <span class='ocrx_word' id='word_1_392' title='bbox 3393 711 3541 758; x_wconf 88' lang='lat' dir='ltr'><strong>esset</strong></span> 
     </span>
    </p>
   </div>
   <div class='ocr_carea' id='block_1_55' title="bbox 1955 792 3537 866">
    <p class='ocr_par' dir='ltr' id='par_1_55' title="bbox 1955 792 3537 866">
     <span class='ocr_line' id='line_1_55' title="bbox 1955 792 3537 866; baseline 0.003 -18"><span class='ocrx_word' id='word_1_393' title='bbox 1955 793 2006 848; x_wconf 94' lang='lat' dir='ltr'><strong>in</strong></span> <span class='ocrx_word' id='word_1_394' title='bbox 2052 803 2224 859; x_wconf 92' lang='lat' dir='ltr'><strong>utero,</strong></span> <span class='ocrx_word' id='word_1_395' title='bbox 2273 795 2410 859; x_wconf 75' lang='lat' dir='ltr'><strong>sicut</strong></span> <span class='ocrx_word' id='word_1_396' title='bbox 2456 792 2689 860; x_wconf 90' lang='lat' dir='ltr'><strong>Domini,</strong></span> <span class='ocrx_word' id='word_1_397' title='bbox 2747 795 2825 851; x_wconf 91' lang='lat' dir='ltr'><strong>sic</strong></span> <span class='ocrx_word' id='word_1_398' title='bbox 2850 804 2905 851; x_wconf 92' lang='lat' dir='ltr'><strong>et</strong></span> <span class='ocrx_word' id='word_1_399' title='bbox 2926 795 3084 864; x_wconf 89' lang='lat' dir='ltr'><strong>hujus</strong></span> <span class='ocrx_word' id='word_1_400' title='bbox 3107 812 3271 866; x_wconf 88' lang='lat' dir='ltr'><strong>opera</strong></span> <span class='ocrx_word' id='word_1_401' title='bbox 3294 795 3537 852; x_wconf 87' lang='lat' dir='ltr'><strong>miranda</strong></span> 
     </span>
    </p>
   </div>
   <div class='ocr_carea' id='block_1_56' title="bbox 1952 886 3536 958">
    <p class='ocr_par' dir='ltr' id='par_1_56' title="bbox 1952 886 3536 958">
     <span class='ocr_line' id='line_1_56' title="bbox 1952 886 3536 958; baseline 0.001 -16"><span class='ocrx_word' id='word_1_402' title='bbox 1952 887 2211 942; x_wconf 80' lang='lat' dir='ltr'><strong>narravit.</strong></span> <span class='ocrx_word' id='word_1_403' title='bbox 2246 886 2416 956; x_wconf 82' lang='lat' dir='ltr'><strong>Hujus</strong></span> <span class='ocrx_word' id='word_1_404' title='bbox 2444 903 2573 943; x_wconf 90' lang='lat' dir='ltr'><strong>sane</strong></span> <span class='ocrx_word' id='word_1_405' title='bbox 2602 889 2926 958; x_wconf 77' lang='lat' dir='ltr'><strong>prteconium</strong></span> <span class='ocrx_word' id='word_1_406' title='bbox 2957 904 3062 943; x_wconf 93' lang='lat' dir='ltr'><strong>non</strong></span> <span class='ocrx_word' id='word_1_407' title='bbox 3110 889 3410 945; x_wconf 88' lang='lat' dir='ltr'><strong>assertione</strong></span> <span class='ocrx_word' id='word_1_408' title='bbox 3437 904 3536 944; x_wconf 86' lang='lat' dir='ltr'><strong>ve-</strong></span> 
     </span>
    </p>
   </div>
   <div class='ocr_carea' id='block_1_57' title="bbox 1951 978 3536 1050">
    <p class='ocr_par' dir='ltr' id='par_1_57' title="bbox 1951 978 3536 1050">
     <span class='ocr_line' id='line_1_57' title="bbox 1951 978 3536 1050; baseline 0.001 -17"><span class='ocrx_word' id='word_1_409' title='bbox 1951 978 2101 1039; x_wconf 85' lang='lat' dir='ltr'><strong>ridici</strong></span> <span class='ocrx_word' id='word_1_410' title='bbox 2149 978 2436 1047; x_wconf 90' lang='lat' dir='ltr'><strong>cujuslibet</strong></span> <span class='ocrx_word' id='word_1_411' title='bbox 2481 978 2732 1043; x_wconf 89' lang='lat' dir='ltr'><strong>hominis,</strong></span> <span class='ocrx_word' id='word_1_412' title='bbox 2766 979 2862 1034; x_wconf 90' lang='lat' dir='ltr'><strong>sed</strong></span> <span class='ocrx_word' id='word_1_413' title='bbox 2892 995 2958 1034; x_wconf 86' lang='lat' dir='ltr'><strong>ex</strong></span> <span class='ocrx_word' id='word_1_414' title='bbox 3003 995 3097 1034; x_wconf 89' lang='lat' dir='ltr'><strong>ore</strong></span> <span class='ocrx_word' id='word_1_415' title='bbox 3120 981 3286 1050; x_wconf 86' lang='lat' dir='ltr'><strong>ipsius</strong></span> <span class='ocrx_word' id='word_1_416' title='bbox 3312 995 3536 1036; x_wconf 70' lang='lat' dir='ltr'><strong>summae</strong></span> 
     </span>
    </p>
   </div>
   <div class='ocr_carea' id='block_1_58' title="bbox 1951 1071 3538 1129">
    <p class='ocr_par' dir='ltr' id='par_1_58' title="bbox 1951 1071 3538 1129">
     <span class='ocr_line' id='line_1_58' title="bbox 1951 1071 3538 1129; baseline -0.001 -2"><span class='ocrx_word' id='word_1_417' title='bbox 1951 1071 2235 1127; x_wconf 88' lang='lat' dir='ltr'><strong>didicimus</strong></span> <span class='ocrx_word' id='word_1_418' title='bbox 2263 1071 2518 1127; x_wconf 81' lang='lat' dir='ltr'><strong>Veritatis</strong></span> <span class='ocrx_word' id='word_1_419' title='bbox 2552 1090 2563 1124; x_wconf 88' lang='lat'><strong>:</strong></span> <span class='ocrx_word' id='word_1_420' title='bbox 2599 1079 2656 1126; x_wconf 91' lang='lat' dir='ltr'><strong>et</strong></span> <span class='ocrx_word' id='word_1_421' title='bbox 2695 1071 2784 1126; x_wconf 90' lang='lat' dir='ltr'><strong>ille</strong></span> <span class='ocrx_word' id='word_1_422' title='bbox 2823 1081 2907 1126; x_wconf 90' lang='lat' dir='ltr'><strong>est</strong></span> <span class='ocrx_word' id='word_1_423' title='bbox 2957 1082 3191 1128; x_wconf 89' lang='lat' dir='ltr'><strong>assertor</strong></span> <span class='ocrx_word' id='word_1_424' title='bbox 3210 1085 3267 1129; x_wconf 88' lang='lat' dir='ltr'><strong>et</strong></span> <span class='ocrx_word' id='word_1_425' title='bbox 3288 1073 3538 1127; x_wconf 88' lang='lat' dir='ltr'><strong>laudator</strong></span> 
     </span>
    </p>
   </div>
   <div class='ocr_carea' id='block_1_59' title="bbox 1949 1163 3537 1234">
    <p class='ocr_par' dir='ltr' id='par_1_59' title="bbox 1949 1163 3537 1234">
     <span class='ocr_line' id='line_1_59' title="bbox 1949 1163 3537 1234; baseline -0.001 -16"><span class='ocrx_word' id='word_1_426' title='bbox 1949 1163 2188 1229; x_wconf 85' lang='lat' dir='ltr'><strong>Joannis,</strong></span> <span class='ocrx_word' id='word_1_427' title='bbox 2219 1165 2310 1234; x_wconf 91' lang='lat' dir='ltr'><strong>qui</strong></span> <span class='ocrx_word' id='word_1_428' title='bbox 2343 1164 2553 1220; x_wconf 89' lang='lat' dir='ltr'><strong>cunctis</strong></span> <span class='ocrx_word' id='word_1_429' title='bbox 2582 1163 2888 1221; x_wconf 69' lang='lat' dir='ltr'><strong>cmlestibus</strong></span> <span class='ocrx_word' id='word_1_430' title='bbox 2935 1180 2999 1219; x_wconf 88' lang='lat' dir='ltr'><strong>ac</strong></span> <span class='ocrx_word' id='word_1_431' title='bbox 3031 1167 3258 1220; x_wconf 72' lang='lat' dir='ltr'><strong>ten-enis</strong></span> <span class='ocrx_word' id='word_1_432' title='bbox 3286 1164 3537 1219; x_wconf 87' lang='lat' dir='ltr'><strong>laudatur</strong></span> 
     </span>
    </p>
   </div>
   <div class='ocr_carea' id='block_1_60' title="bbox 1949 1254 3535 1324">
    <p class='ocr_par' dir='ltr' id='par_1_60' title="bbox 1949 1254 3535 1324">
     <span class='ocr_line' id='line_1_60' title="bbox 1949 1254 3535 1324; baseline -0.003 -12"><span class='ocrx_word' id='word_1_433' title='bbox 1949 1266 2005 1312; x_wconf 92' lang='lat' dir='ltr'><strong>et</strong></span> <span class='ocrx_word' id='word_1_434' title='bbox 2032 1256 2367 1312; x_wconf 81' lang='lat' dir='ltr'><strong>benedicitur</strong></span> <span class='ocrx_word' id='word_1_435' title='bbox 2386 1255 2666 1312; x_wconf 89' lang='lat' dir='ltr'><strong>creaturis.</strong></span> <span class='ocrx_word' id='word_1_436' title='bbox 2700 1255 2782 1310; x_wconf 89' lang='lat' dir='ltr'><strong>Ab</strong></span> <span class='ocrx_word' id='word_1_437' title='bbox 2802 1255 2894 1310; x_wconf 91' lang='lat' dir='ltr'><strong>illo</strong></span> <span class='ocrx_word' id='word_1_438' title='bbox 2924 1254 3155 1324; x_wconf 88' lang='lat' dir='ltr'><strong>denique</strong></span> <span class='ocrx_word' id='word_1_439' title='bbox 3179 1256 3342 1310; x_wconf 88' lang='lat' dir='ltr'><strong>verbo</strong></span> <span class='ocrx_word' id='word_1_440' title='bbox 3364 1254 3535 1309; x_wconf 86' lang='lat' dir='ltr'><strong>Joan-</strong></span> 
     </span>
    </p>
   </div>
   <div class='ocr_carea' id='block_1_61' title="bbox 1951 1345 3536 1419">
    <p class='ocr_par' dir='ltr' id='par_1_61' title="bbox 1951 1345 3536 1419">
     <span class='ocr_line' id='line_1_61' title="bbox 1951 1345 3536 1419; baseline -0.001 -17"><span class='ocrx_word' id='word_1_441' title='bbox 1951 1348 2033 1404; x_wconf 90' lang='lat' dir='ltr'><strong>nis</strong></span> <span class='ocrx_word' id='word_1_442' title='bbox 2084 1355 2208 1403; x_wconf 88' lang='lat' dir='ltr'><strong>sunt</strong></span> <span class='ocrx_word' id='word_1_443' title='bbox 2253 1347 2572 1418; x_wconf 86' lang='lat' dir='ltr'><strong>deprompta</strong></span> <span class='ocrx_word' id='word_1_444' title='bbox 2603 1347 2894 1419; x_wconf 68' lang='lat' dir='ltr'><strong>prteconia,</strong></span> <span class='ocrx_word' id='word_1_445' title='bbox 2919 1361 3018 1416; x_wconf 91' lang='lat' dir='ltr'><strong>per</strong></span> <span class='ocrx_word' id='word_1_446' title='bbox 3038 1346 3182 1415; x_wconf 90' lang='lat' dir='ltr'><strong>quod</strong></span> <span class='ocrx_word' id='word_1_447' title='bbox 3203 1345 3419 1401; x_wconf 88' lang='lat' dir='ltr'><strong>fundata</strong></span> <span class='ocrx_word' id='word_1_448' title='bbox 3449 1353 3536 1402; x_wconf 88' lang='lat' dir='ltr'><strong>est</strong></span> 
     </span>
    </p>
   </div>
   <div class='ocr_carea' id='block_1_62' title="bbox 1947 1437 3534 1512">
    <p class='ocr_par' dir='ltr' id='par_1_62' title="bbox 1947 1437 3534 1512">
     <span class='ocr_line' id='line_1_62' title="bbox 1947 1437 3534 1512; baseline -0.003 -16"><span class='ocrx_word' id='word_1_449' title='bbox 1947 1440 2116 1508; x_wconf 89' lang='lat' dir='ltr'><strong>arida,</strong></span> <span class='ocrx_word' id='word_1_450' title='bbox 2139 1450 2426 1498; x_wconf 87' lang='lat' dir='ltr'><strong>moventur</strong></span> <span class='ocrx_word' id='word_1_451' title='bbox 2449 1438 2643 1507; x_wconf 89' lang='lat' dir='ltr'><strong>sidera,</strong></span> <span class='ocrx_word' id='word_1_452' title='bbox 2668 1439 2882 1494; x_wconf 86' lang='lat' dir='ltr'><strong>condita</strong></span> <span class='ocrx_word' id='word_1_453' title='bbox 2914 1439 3072 1512; x_wconf 82' lang='lat'><strong>557</strong></span> <span class='ocrx_word' id='word_1_454' title='bbox 3097 1447 3222 1493; x_wconf 89' lang='lat' dir='ltr'><strong>sunt</strong></span> <span class='ocrx_word' id='word_1_455' title='bbox 3244 1437 3534 1492; x_wconf 82' lang='lat' dir='ltr'><strong>elementa.</strong></span> 
     </span>
    </p>
   </div>
   <div class='ocr_carea' id='block_1_63' title="bbox 1946 1521 3536 1604">
    <p class='ocr_par' dir='ltr' id='par_1_63' title="bbox 1946 1521 3536 1604">
     <span class='ocr_line' id='line_1_63' title="bbox 1946 1521 3536 1604; baseline 0 -17"><span class='ocrx_word' id='word_1_456' title='bbox 1946 1533 2237 1590; x_wconf 86' lang='lat' dir='ltr'><strong>Enimvero</strong></span> <span class='ocrx_word' id='word_1_457' title='bbox 2288 1541 2504 1603; x_wconf 61' lang='lat' dir='ltr'><strong>quanta!</strong></span> <span class='ocrx_word' id='word_1_458' title='bbox 2543 1521 2954 1604; x_wconf 74' lang='lat' dir='ltr'><strong>magniﬁcentia:</strong></span> <span class='ocrx_word' id='word_1_459' title='bbox 3001 1540 3083 1587; x_wconf 90' lang='lat' dir='ltr'><strong>est</strong></span> <span class='ocrx_word' id='word_1_460' title='bbox 3110 1532 3177 1586; x_wconf 87' lang='lat' dir='ltr'><strong>ab</strong></span> <span class='ocrx_word' id='word_1_461' title='bbox 3217 1531 3308 1586; x_wconf 91' lang='lat' dir='ltr'><strong>illo</strong></span> <span class='ocrx_word' id='word_1_462' title='bbox 3337 1531 3536 1587; x_wconf 88' lang='lat' dir='ltr'><strong>mereri</strong></span> 
     </span>
    </p>
   </div>
   <div class='ocr_carea' id='block_1_64' title="bbox 1945 1621 3536 1696">
    <p class='ocr_par' dir='ltr' id='par_1_64' title="bbox 1945 1621 3536 1696">
     <span class='ocr_line' id='line_1_64' title="bbox 1945 1621 3536 1696; baseline -0.001 -19"><span class='ocrx_word' id='word_1_463' title='bbox 1945 1624 2169 1693; x_wconf 87' lang='lat' dir='ltr'><strong>gloriam</strong></span> <span class='ocrx_word' id='word_1_464' title='bbox 2199 1625 2394 1693; x_wconf 91' lang='lat' dir='ltr'><strong>laudis,</strong></span> <span class='ocrx_word' id='word_1_465' title='bbox 2425 1625 2568 1696; x_wconf 91' lang='lat' dir='ltr'><strong>apud</strong></span> <span class='ocrx_word' id='word_1_466' title='bbox 2595 1639 2754 1694; x_wconf 91' lang='lat' dir='ltr'><strong>quem</strong></span> <span class='ocrx_word' id='word_1_467' title='bbox 2783 1639 2988 1679; x_wconf 88' lang='lat' dir='ltr'><strong>summa</strong></span> <span class='ocrx_word' id='word_1_468' title='bbox 3020 1621 3246 1679; x_wconf 86' lang='lat' dir='ltr'><strong>felicitas</strong></span> <span class='ocrx_word' id='word_1_469' title='bbox 3275 1631 3300 1659; x_wconf 72' lang='grc' dir='ltr'>ιι</span> <span class='ocrx_word' id='word_1_470' title='bbox 3331 1632 3413 1677; x_wconf 88' lang='lat' dir='ltr'><strong>est</strong></span> <span class='ocrx_word' id='word_1_471' title='bbox 3441 1631 3536 1676; x_wconf 79' lang='lat' dir='ltr'><strong>ut—</strong></span> 
     </span>
    </p>
   </div>
   <div class='ocr_carea' id='block_1_65' title="bbox 1947 1713 3537 1788">
    <p class='ocr_par' dir='ltr' id='par_1_65' title="bbox 1947 1713 3537 1788">
     <span class='ocr_line' id='line_1_65' title="bbox 1947 1713 3537 1788; baseline -0.003 -16"><span class='ocrx_word' id='word_1_472' title='bbox 1947 1732 2155 1787; x_wconf 91' lang='lat' dir='ltr'><strong>cunque</strong></span> <span class='ocrx_word' id='word_1_473' title='bbox 2174 1718 2428 1788; x_wconf 86' lang='lat' dir='ltr'><strong>probari!</strong></span> <span class='ocrx_word' id='word_1_474' title='bbox 2465 1718 2553 1772; x_wconf 89' lang='lat' dir='ltr'><strong>Ait</strong></span> <span class='ocrx_word' id='word_1_475' title='bbox 2581 1718 2722 1772; x_wconf 91' lang='lat' dir='ltr'><strong>enim</strong></span> <span class='ocrx_word' id='word_1_476' title='bbox 2749 1735 2761 1770; x_wconf 91' lang='lat'>:</span> <span class='ocrx_word' id='word_1_477' title='bbox 2797 1714 2932 1781; x_wconf 75' lang='lat' dir='ltr'><strong>Quid</strong></span> <span class='ocrx_word' id='word_1_478' title='bbox 2962 1717 3140 1786; x_wconf 66' lang='lat' dir='ltr'><strong>existis</strong></span> <span class='ocrx_word' id='word_1_479' title='bbox 3172 1715 3378 1770; x_wconf 84' lang='lat' dir='ltr'><strong>videre?</strong></span> <span class='ocrx_word' id='word_1_480' title='bbox 3398 1713 3537 1768; x_wconf 87' lang='lat' dir='ltr'><strong>Pro-</strong></span> 
     </span>
    </p>
   </div>
   <div class='ocr_carea' id='block_1_66' title="bbox 1948 1807 3532 1881">
    <p class='ocr_par' dir='ltr' id='par_1_66' title="bbox 1948 1807 3532 1881">
     <span class='ocr_line' id='line_1_66' title="bbox 1948 1807 3532 1881; baseline 0.001 -19"><span class='ocrx_word' id='word_1_481' title='bbox 1948 1809 2194 1881; x_wconf 80' lang='lat' dir='ltr'><strong>pltetam?</strong></span> <span class='ocrx_word' id='word_1_482' title='bbox 2240 1808 2371 1864; x_wconf 85' lang='lat' dir='ltr'><strong>Dico</strong></span> <span class='ocrx_word' id='word_1_483' title='bbox 2409 1810 2549 1864; x_wconf 78' lang='lat' dir='ltr'><strong>vobis</strong></span> <span class='ocrx_word' id='word_1_484' title='bbox 2575 1818 2627 1865; x_wconf 88' lang='lat' dir='ltr'><strong>et</strong></span> <span class='ocrx_word' id='word_1_485' title='bbox 2663 1810 2777 1881; x_wconf 89' lang='lat' dir='ltr'><strong>plus</strong></span> <span class='ocrx_word' id='word_1_486' title='bbox 2803 1826 2957 1880; x_wconf 83' lang='lat' dir='ltr'><strong>quam</strong></span> <span class='ocrx_word' id='word_1_487' title='bbox 2983 1810 3287 1880; x_wconf 79' lang='lat' dir='ltr'><strong>prophetam</strong></span> <span class='ocrx_word' id='word_1_488' title='bbox 3318 1807 3532 1878; x_wconf 80' lang='lat' dir='ltr'><strong>(Matth.</strong></span> 
     </span>
    </p>
   </div>
   <div class='ocr_carea' id='block_1_67' title="bbox 1949 1889 3565 1973">
    <p class='ocr_par' dir='ltr' id='par_1_67' title="bbox 1949 1889 3565 1973">
     <span class='ocr_line' id='line_1_67' title="bbox 1949 1889 3565 1973; baseline -0.001 -17"><span class='ocrx_word' id='word_1_489' title='bbox 1949 1901 2047 1972; x_wconf 84' lang='lat' dir='ltr'><strong>xl).</strong></span> <span class='ocrx_word' id='word_1_490' title='bbox 2105 1900 2212 1956; x_wconf 90' lang='lat' dir='ltr'><strong>Sed</strong></span> <span class='ocrx_word' id='word_1_491' title='bbox 2255 1903 2380 1970; x_wconf 91' lang='lat' dir='ltr'><strong>quia</strong></span> <span class='ocrx_word' id='word_1_492' title='bbox 2418 1902 2681 1973; x_wconf 88' lang='lat' dir='ltr'><strong>propheta</strong></span> <span class='ocrx_word' id='word_1_493' title='bbox 2709 1902 2850 1962; x_wconf 88' lang='lat' dir='ltr'><strong>inter</strong></span> <span class='ocrx_word' id='word_1_494' title='bbox 2873 1909 3100 1956; x_wconf 71' lang='lat' dir='ltr'><strong>cmteros</strong></span> <span class='ocrx_word' id='word_1_495' title='bbox 3124 1901 3368 1956; x_wconf 92' lang='lat' dir='ltr'><strong>homines</strong></span> <span class='ocrx_word' id='word_1_496' title='bbox 3390 1889 3565 1968; x_wconf 38' lang='lat' dir='ltr'><strong>egre?</strong></span> 
     </span>
    </p>
   </div>
   <div class='ocr_carea' id='block_1_68' title="bbox 1947 1983 3535 2064">
    <p class='ocr_par' dir='ltr' id='par_1_68' title="bbox 1947 1983 3535 2064">
     <span class='ocr_line' id='line_1_68' title="bbox 1947 1983 3535 2064; baseline -0.001 -17"><span class='ocrx_word' id='word_1_497' title='bbox 1947 1994 2065 2062; x_wconf 87' lang='lat' dir='ltr'><strong>gius</strong></span> <span class='ocrx_word' id='word_1_498' title='bbox 2086 2002 2169 2050; x_wconf 89' lang='lat' dir='ltr'><strong>est</strong></span> <span class='ocrx_word' id='word_1_499' title='bbox 2196 1983 2250 2048; x_wconf 84' lang='lat' dir='ltr'><strong>et</strong></span> <span class='ocrx_word' id='word_1_500' title='bbox 2271 1994 2512 2062; x_wconf 83' lang='lat' dir='ltr'><strong>insignis,</strong></span> <span class='ocrx_word' id='word_1_501' title='bbox 2544 1995 2635 2064; x_wconf 93' lang='lat' dir='ltr'><strong>qui</strong></span> <span class='ocrx_word' id='word_1_502' title='bbox 2659 1994 2861 2049; x_wconf 92' lang='lat' dir='ltr'><strong>nullum</strong></span> <span class='ocrx_word' id='word_1_503' title='bbox 2889 1995 2944 2048; x_wconf 92' lang='lat' dir='ltr'><strong>in</strong></span> <span class='ocrx_word' id='word_1_504' title='bbox 2965 1993 3237 2049; x_wconf 93' lang='lat' dir='ltr'><strong>communi</strong></span> <span class='ocrx_word' id='word_1_505' title='bbox 3258 1992 3535 2048; x_wconf 84' lang='lat' dir='ltr'><strong>hominum</strong></span> 
     </span>
    </p>
   </div>
   <div class='ocr_carea' id='block_1_69' title="bbox 1947 2085 3534 2155">
    <p class='ocr_par' dir='ltr' id='par_1_69' title="bbox 1947 2085 3534 2155">
     <span class='ocr_line' id='line_1_69' title="bbox 1947 2085 3534 2155; baseline 0 -17"><span class='ocrx_word' id='word_1_506' title='bbox 1947 2099 2144 2153; x_wconf 88' lang='lat' dir='ltr'><strong>genere</strong></span> <span class='ocrx_word' id='word_1_507' title='bbox 2167 2085 2371 2139; x_wconf 87' lang='lat' dir='ltr'><strong>habens</strong></span> <span class='ocrx_word' id='word_1_508' title='bbox 2388 2086 2647 2155; x_wconf 57' lang='lat' dir='ltr'><strong>aequalem</strong></span> <span class='ocrx_word' id='word_1_509' title='bbox 2678 2087 2838 2140; x_wconf 89' lang='lat' dir='ltr'><strong>etiam</strong></span> <span class='ocrx_word' id='word_1_510' title='bbox 2865 2085 3142 2155; x_wconf 61' lang='lat' dir='ltr'><strong>prophetae</strong></span> <span class='ocrx_word' id='word_1_511' title='bbox 3170 2085 3534 2155; x_wconf 64' lang='lat' dir='ltr'><strong>prmponitur,</strong></span> 
     </span>
    </p>
   </div>
   <div class='ocr_carea' id='block_1_70' title="bbox 1949 2175 3533 2245">
    <p class='ocr_par' dir='ltr' id='par_1_70' title="bbox 1949 2175 3533 2245">
     <span class='ocr_line' id='line_1_70' title="bbox 1949 2175 3533 2245; baseline 0.002 -15"><span class='ocrx_word' id='word_1_512' title='bbox 1949 2183 2115 2230; x_wconf 88' lang='lat' dir='ltr'><strong>restat</strong></span> <span class='ocrx_word' id='word_1_513' title='bbox 2165 2183 2222 2230; x_wconf 94' lang='lat' dir='ltr'><strong>ut</strong></span> <span class='ocrx_word' id='word_1_514' title='bbox 2246 2175 2356 2244; x_wconf 91' lang='lat' dir='ltr'><strong>jam</strong></span> <span class='ocrx_word' id='word_1_515' title='bbox 2406 2192 2513 2231; x_wconf 83' lang='lat' dir='ltr'><strong>non</strong></span> <span class='ocrx_word' id='word_1_516' title='bbox 2568 2177 2749 2240; x_wconf 91' lang='lat' dir='ltr'><strong>homo,</strong></span> <span class='ocrx_word' id='word_1_517' title='bbox 2802 2177 2895 2231; x_wconf 90' lang='lat' dir='ltr'><strong>sed</strong></span> <span class='ocrx_word' id='word_1_518' title='bbox 2922 2176 3145 2245; x_wconf 90' lang='lat' dir='ltr'><strong>angelus</strong></span> <span class='ocrx_word' id='word_1_519' title='bbox 3172 2183 3533 2245; x_wconf 88' lang='lat' dir='ltr'><strong>nuncupetur.</strong></span> 
     </span>
    </p>
   </div>
   <div class='ocr_carea' id='block_1_71' title="bbox 1954 2265 3535 2336">
    <p class='ocr_par' dir='ltr' id='par_1_71' title="bbox 1954 2265 3535 2336">
     <span class='ocr_line' id='line_1_71' title="bbox 1954 2265 3535 2336; baseline -0.001 -15"><span class='ocrx_word' id='word_1_520' title='bbox 1954 2265 2104 2322; x_wconf 90' lang='lat' dir='ltr'><strong>Unde</strong></span> <span class='ocrx_word' id='word_1_521' title='bbox 2136 2275 2189 2321; x_wconf 89' lang='lat' dir='ltr'><strong>et</strong></span> <span class='ocrx_word' id='word_1_522' title='bbox 2210 2267 2388 2322; x_wconf 90' lang='lat' dir='ltr'><strong>subdit</strong></span> <span class='ocrx_word' id='word_1_523' title='bbox 2421 2285 2432 2320; x_wconf 95' lang='lat'>:</span> <span class='ocrx_word' id='word_1_524' title='bbox 2468 2265 2570 2321; x_wconf 83' lang='lat' dir='ltr'><strong>llic</strong></span> <span class='ocrx_word' id='word_1_525' title='bbox 2598 2277 2673 2322; x_wconf 81' lang='lat' dir='ltr'><strong>est</strong></span> <span class='ocrx_word' id='word_1_526' title='bbox 2695 2268 2833 2322; x_wconf 88' lang='lat' dir='ltr'><strong>enim</strong></span> <span class='ocrx_word' id='word_1_527' title='bbox 2873 2267 2935 2322; x_wconf 85' lang='lat' dir='ltr'><strong>de</strong></span> <span class='ocrx_word' id='word_1_528' title='bbox 2983 2283 3081 2332; x_wconf 83' lang='lat' dir='ltr'><strong>quo</strong></span> <span class='ocrx_word' id='word_1_529' title='bbox 3126 2269 3372 2336; x_wconf 86' lang='lat' dir='ltr'><strong>scriptum</strong></span> <span class='ocrx_word' id='word_1_530' title='bbox 3419 2275 3492 2320; x_wconf 83' lang='lat' dir='ltr'><strong>est</strong></span> <span class='ocrx_word' id='word_1_531' title='bbox 3516 2280 3535 2319; x_wconf 92' lang='lat'><strong><em>:</em></strong></span> 
     </span>
    </p>
   </div>
   <div class='ocr_carea' id='block_1_72' title="bbox 1951 2340 3537 2432">
    <p class='ocr_par' dir='ltr' id='par_1_72' title="bbox 1951 2340 3537 2432">
     <span class='ocr_line' id='line_1_72' title="bbox 1951 2340 3537 2432; baseline 0.001 -22"><span class='ocrx_word' id='word_1_532' title='bbox 1951 2357 2084 2413; x_wconf 80' lang='lat' dir='ltr'><strong>Ecce</strong></span> <span class='ocrx_word' id='word_1_533' title='bbox 2110 2361 2256 2414; x_wconf 88' lang='lat' dir='ltr'><strong>mitto</strong></span> <span class='ocrx_word' id='word_1_534' title='bbox 2286 2360 2525 2430; x_wconf 79' lang='lat' dir='ltr'><strong>angelum</strong></span> <span class='ocrx_word' id='word_1_535' title='bbox 2549 2376 2735 2426; x_wconf 84' lang='lat' dir='ltr'><strong>meum,</strong></span> <span class='ocrx_word' id='word_1_536' title='bbox 2759 2362 2843 2432; x_wconf 86' lang='lat' dir='ltr'><strong>qui</strong></span> <span class='ocrx_word' id='word_1_537' title='bbox 2867 2340 3186 2431; x_wconf 69' lang='lat' dir='ltr'><strong>prwparabit</strong></span> <span class='ocrx_word' id='word_1_538' title='bbox 3230 2361 3363 2413; x_wconf 82' lang='lat' dir='ltr'><strong>viam</strong></span> <span class='ocrx_word' id='word_1_539' title='bbox 3414 2366 3537 2413; x_wconf 66' lang='lat' dir='ltr'><strong>ante</strong></span> 
     </span>
    </p>
   </div>
   <div class='ocr_carea' id='block_1_73' title="bbox 1950 2449 3623 2522">
    <p class='ocr_par' dir='ltr' id='par_1_73' title="bbox 1950 2449 3623 2522">
     <span class='ocr_line' id='line_1_73' title="bbox 1950 2449 3623 2522; baseline 0.001 -19"><span class='ocrx_word' id='word_1_540' title='bbox 1950 2452 2137 2522; x_wconf 74' lang='lat' dir='ltr'><strong>{aciem</strong></span> <span class='ocrx_word' id='word_1_541' title='bbox 2190 2460 2330 2504; x_wconf 86' lang='lat' dir='ltr'><strong>tuam</strong></span> <span class='ocrx_word' id='word_1_542' title='bbox 2375 2449 2565 2520; x_wconf 78' lang='lat' dir='ltr'><strong>(Marc.</strong></span> <span class='ocrx_word' id='word_1_543' title='bbox 2593 2452 2652 2521; x_wconf 91' lang='grc' dir='ltr'><strong>ι).</strong></span> <span class='ocrx_word' id='word_1_544' title='bbox 2702 2449 2808 2506; x_wconf 90' lang='lat' dir='ltr'><strong>Sed</strong></span> <span class='ocrx_word' id='word_1_545' title='bbox 2854 2459 2910 2505; x_wconf 92' lang='lat' dir='ltr'><strong>et</strong></span> <span class='ocrx_word' id='word_1_546' title='bbox 2959 2451 3013 2506; x_wconf 92' lang='lat' dir='ltr'><strong>in</strong></span> <span class='ocrx_word' id='word_1_547' title='bbox 3041 2451 3411 2522; x_wconf 89' lang='lat' dir='ltr'><strong>suppositione</strong></span> <span class='ocrx_word' id='word_1_548' title='bbox 3438 2463 3538 2504; x_wconf 88' lang='lat' dir='ltr'><strong>sua</strong></span> <span class='ocrx_word' id='word_1_549' title='bbox 3619 2458 3623 2462; x_wconf 72' lang='lat'><strong><em>‘</em></strong></span> 
     </span>
    </p>
   </div>
   <div class='ocr_carea' id='block_1_74' title="bbox 1949 2540 3537 2610">
    <p class='ocr_par' dir='ltr' id='par_1_74' title="bbox 1949 2540 3537 2610">
     <span class='ocr_line' id='line_1_74' title="bbox 1949 2540 3537 2610; baseline -0.001 -12"><span class='ocrx_word' id='word_1_550' title='bbox 1949 2542 2143 2598; x_wconf 89' lang='lat' dir='ltr'><strong>melius</strong></span> <span class='ocrx_word' id='word_1_551' title='bbox 2199 2541 2390 2596; x_wconf 90' lang='lat' dir='ltr'><strong>beatus</strong></span> <span class='ocrx_word' id='word_1_552' title='bbox 2419 2540 2655 2596; x_wconf 87' lang='lat' dir='ltr'><strong>Joannes</strong></span> <span class='ocrx_word' id='word_1_553' title='bbox 2683 2540 3005 2605; x_wconf 84' lang='lat' dir='ltr'><strong>ostenditur,</strong></span> <span class='ocrx_word' id='word_1_554' title='bbox 3038 2549 3296 2610; x_wconf 89' lang='lat' dir='ltr'><strong>quantum</strong></span> <span class='ocrx_word' id='word_1_555' title='bbox 3325 2541 3537 2596; x_wconf 80' lang='lat' dir='ltr'><strong>caeteris</strong></span> 
     </span>
    </p>
   </div>
   <div class='ocr_carea' id='block_1_75' title="bbox 1950 2630 3534 2704">
    <p class='ocr_par' dir='ltr' id='par_1_75' title="bbox 1950 2630 3534 2704">
     <span class='ocr_line' id='line_1_75' title="bbox 1950 2630 3534 2704; baseline -0.002 -16"><span class='ocrx_word' id='word_1_556' title='bbox 1950 2634 2255 2689; x_wconf 89' lang='lat' dir='ltr'><strong>hominibus</strong></span> <span class='ocrx_word' id='word_1_557' title='bbox 2277 2632 2610 2704; x_wconf 65' lang='lat' dir='ltr'><strong>prteferatur,</strong></span> <span class='ocrx_word' id='word_1_558' title='bbox 2638 2633 2705 2688; x_wconf 92' lang='lat' dir='ltr'><strong>de</strong></span> <span class='ocrx_word' id='word_1_559' title='bbox 2733 2648 2842 2702; x_wconf 91' lang='lat' dir='ltr'><strong>quo</strong></span> <span class='ocrx_word' id='word_1_560' title='bbox 2865 2633 3122 2688; x_wconf 90' lang='lat' dir='ltr'><strong>Dominus</strong></span> <span class='ocrx_word' id='word_1_561' title='bbox 3147 2651 3159 2685; x_wconf 86' lang='lat'>:</span> <span class='ocrx_word' id='word_1_562' title='bbox 3196 2630 3294 2696; x_wconf 85' lang='lat' dir='ltr'><strong>Qui</strong></span> <span class='ocrx_word' id='word_1_563' title='bbox 3339 2641 3534 2700; x_wconf 85' lang='lat' dir='ltr'><strong>autem,</strong></span> 
     </span>
    </p>
   </div>
   <div class='ocr_carea' id='block_1_76' title="bbox 1951 2723 3538 2798">
    <p class='ocr_par' dir='ltr' id='par_1_76' title="bbox 1951 2723 3538 2798">
     <span class='ocr_line' id='line_1_76' title="bbox 1951 2723 3538 2798; baseline 0 -18"><span class='ocrx_word' id='word_1_564' title='bbox 1951 2726 2145 2795; x_wconf 90' lang='lat' dir='ltr'><strong>inquit,</strong></span> <span class='ocrx_word' id='word_1_565' title='bbox 2164 2728 2334 2782; x_wconf 87' lang='lat' dir='ltr'><strong>minor</strong></span> <span class='ocrx_word' id='word_1_566' title='bbox 2355 2737 2430 2782; x_wconf 85' lang='lat' dir='ltr'><strong>est</strong></span> <span class='ocrx_word' id='word_1_567' title='bbox 2452 2729 2505 2780; x_wconf 84' lang='lat' dir='ltr'><strong>in</strong></span> <span class='ocrx_word' id='word_1_568' title='bbox 2527 2743 2684 2798; x_wconf 85' lang='lat' dir='ltr'><strong>regno</strong></span> <span class='ocrx_word' id='word_1_569' title='bbox 2699 2728 2961 2792; x_wconf 74' lang='lat' dir='ltr'><strong>caelorum,</strong></span> <span class='ocrx_word' id='word_1_570' title='bbox 2983 2727 3152 2796; x_wconf 85' lang='lat' dir='ltr'><strong>major</strong></span> <span class='ocrx_word' id='word_1_571' title='bbox 3166 2735 3250 2780; x_wconf 81' lang='lat' dir='ltr'><strong>est</strong></span> <span class='ocrx_word' id='word_1_572' title='bbox 3268 2725 3359 2783; x_wconf 87' lang='lat' dir='ltr'><strong>illo</strong></span> <span class='ocrx_word' id='word_1_573' title='bbox 3382 2723 3538 2796; x_wconf 85' lang='lat' dir='ltr'><strong>(Luc.</strong></span> 
     </span>
    </p>
   </div>
   <div class='ocr_carea' id='block_1_77' title="bbox 1952 2815 3538 2890">
    <p class='ocr_par' dir='ltr' id='par_1_77' title="bbox 1952 2815 3538 2890">
     <span class='ocr_line' id='line_1_77' title="bbox 1952 2815 3538 2890; baseline 0.001 -17"><span class='ocrx_word' id='word_1_574' title='bbox 1952 2821 2046 2888; x_wconf 91' lang='lat' dir='ltr'><strong>vn)</strong></span> <span class='ocrx_word' id='word_1_575' title='bbox 2073 2838 2085 2872; x_wconf 92' lang='lat'><strong>:</strong></span> <span class='ocrx_word' id='word_1_576' title='bbox 2117 2820 2241 2890; x_wconf 91' lang='lat' dir='ltr'><strong>quia</strong></span> <span class='ocrx_word' id='word_1_577' title='bbox 2264 2819 2515 2875; x_wconf 89' lang='lat' dir='ltr'><strong>nimirum</strong></span> <span class='ocrx_word' id='word_1_578' title='bbox 2564 2818 2896 2890; x_wconf 79' lang='lat' dir='ltr'><strong>Redemptor</strong></span> <span class='ocrx_word' id='word_1_579' title='bbox 2936 2827 3138 2884; x_wconf 89' lang='lat' dir='ltr'><strong>noster,</strong></span> <span class='ocrx_word' id='word_1_580' title='bbox 3193 2818 3284 2888; x_wconf 90' lang='lat' dir='ltr'><strong>qui</strong></span> <span class='ocrx_word' id='word_1_581' title='bbox 3329 2815 3538 2874; x_wconf 80' lang='lat' dir='ltr'><strong>Joanne</strong></span> 
     </span>
    </p>
   </div>
   <div class='ocr_carea' id='block_1_78' title="bbox 1953 2909 3538 2982">
    <p class='ocr_par' dir='ltr' id='par_1_78' title="bbox 1953 2909 3538 2982">
     <span class='ocr_line' id='line_1_78' title="bbox 1953 2909 3538 2982; baseline -0.001 -17"><span class='ocrx_word' id='word_1_582' title='bbox 1953 2912 2130 2967; x_wconf 91' lang='lat' dir='ltr'><strong>minor</strong></span> <span class='ocrx_word' id='word_1_583' title='bbox 2156 2919 2239 2966; x_wconf 89' lang='lat' dir='ltr'><strong>est</strong></span> <span class='ocrx_word' id='word_1_584' title='bbox 2285 2911 2340 2966; x_wconf 91' lang='lat' dir='ltr'><strong>in</strong></span> <span class='ocrx_word' id='word_1_585' title='bbox 2371 2921 2511 2966; x_wconf 90' lang='lat' dir='ltr'><strong>terra</strong></span> <span class='ocrx_word' id='word_1_586' title='bbox 2539 2925 2636 2982; x_wconf 90' lang='lat' dir='ltr'><strong>per</strong></span> <span class='ocrx_word' id='word_1_587' title='bbox 2665 2925 2938 2966; x_wconf 89' lang='lat' dir='ltr'><strong>accessum</strong></span> <span class='ocrx_word' id='word_1_588' title='bbox 2977 2909 3314 2965; x_wconf 89' lang='lat' dir='ltr'><strong>succedentis</strong></span> <span class='ocrx_word' id='word_1_589' title='bbox 3341 2909 3538 2976; x_wconf 80' lang='lat' dir='ltr'><strong>aetatis,</strong></span> 
     </span>
    </p>
   </div>
   <div class='ocr_carea' id='block_1_79' title="bbox 1953 3000 3539 3073">
    <p class='ocr_par' dir='ltr' id='par_1_79' title="bbox 1953 3000 3539 3073">
     <span class='ocr_line' id='line_1_79' title="bbox 1953 3000 3539 3073; baseline -0.003 -15"><span class='ocrx_word' id='word_1_590' title='bbox 1953 3004 2006 3058; x_wconf 90' lang='lat' dir='ltr'><strong>in</strong></span> <span class='ocrx_word' id='word_1_591' title='bbox 2037 3002 2175 3060; x_wconf 68' lang='lat' dir='ltr'><strong>ctelo</strong></span> <span class='ocrx_word' id='word_1_592' title='bbox 2204 3003 2380 3072; x_wconf 91' lang='lat' dir='ltr'><strong>major</strong></span> <span class='ocrx_word' id='word_1_593' title='bbox 2406 3010 2489 3058; x_wconf 88' lang='lat' dir='ltr'><strong>est</strong></span> <span class='ocrx_word' id='word_1_594' title='bbox 2518 3017 2613 3073; x_wconf 90' lang='lat' dir='ltr'><strong>per</strong></span> <span class='ocrx_word' id='word_1_595' title='bbox 2638 3009 2853 3058; x_wconf 63' lang='lat' dir='ltr'><strong>aeternae</strong></span> <span class='ocrx_word' id='word_1_596' title='bbox 2899 3001 3232 3072; x_wconf 87' lang='lat' dir='ltr'><strong>privilegium</strong></span> <span class='ocrx_word' id='word_1_597' title='bbox 3279 3000 3539 3068; x_wconf 89' lang='lat' dir='ltr'><strong>majesta-</strong></span> 
     </span>
    </p>
   </div>
   <div class='ocr_carea' id='block_1_80' title="bbox 1955 3093 3540 3168">
    <p class='ocr_par' dir='ltr' id='par_1_80' title="bbox 1955 3093 3540 3168">
     <span class='ocr_line' id='line_1_80' title="bbox 1955 3093 3540 3168; baseline -0.001 -16"><span class='ocrx_word' id='word_1_598' title='bbox 1955 3099 2042 3154; x_wconf 92' lang='lat' dir='ltr'><strong>tis.</strong></span> <span class='ocrx_word' id='word_1_599' title='bbox 2089 3097 2136 3153; x_wconf 89' lang='grc'>0</span> <span class='ocrx_word' id='word_1_600' title='bbox 2183 3097 2308 3153; x_wconf 84' lang='lat' dir='ltr'><strong>felix</strong></span> <span class='ocrx_word' id='word_1_601' title='bbox 2357 3099 2456 3153; x_wconf 90' lang='lat' dir='ltr'><strong>ista</strong></span> <span class='ocrx_word' id='word_1_602' title='bbox 2499 3098 2753 3168; x_wconf 91' lang='lat' dir='ltr'><strong>dejectio,</strong></span> <span class='ocrx_word' id='word_1_603' title='bbox 2783 3097 3001 3168; x_wconf 89' lang='lat' dir='ltr'><strong>quando</strong></span> <span class='ocrx_word' id='word_1_604' title='bbox 3029 3099 3193 3153; x_wconf 89' lang='lat' dir='ltr'><strong>homo</strong></span> <span class='ocrx_word' id='word_1_605' title='bbox 3225 3095 3388 3167; x_wconf 72' lang='lat'><strong>558</strong></span> <span class='ocrx_word' id='word_1_606' title='bbox 3426 3093 3540 3151; x_wconf 90' lang='lat' dir='ltr'><strong>Deo</strong></span> 
     </span>
    </p>
   </div>
   <div class='ocr_carea' id='block_1_81' title="bbox 1956 3189 3540 3262">
    <p class='ocr_par' dir='ltr' id='par_1_81' title="bbox 1956 3189 3540 3262">
     <span class='ocr_line' id='line_1_81' title="bbox 1956 3189 3540 3262; baseline -0.002 -16"><span class='ocrx_word' id='word_1_607' title='bbox 1956 3192 2295 3262; x_wconf 83' lang='lat' dir='ltr'><strong>supponitur,</strong></span> <span class='ocrx_word' id='word_1_608' title='bbox 2328 3206 2360 3244; x_wconf 91' lang='lat' dir='ltr'><strong>a</strong></span> <span class='ocrx_word' id='word_1_609' title='bbox 2387 3189 2647 3246; x_wconf 89' lang='lat' dir='ltr'><strong>Creatore</strong></span> <span class='ocrx_word' id='word_1_610' title='bbox 2671 3199 2921 3247; x_wconf 89' lang='lat' dir='ltr'><strong>creatura</strong></span> <span class='ocrx_word' id='word_1_611' title='bbox 2949 3191 3287 3262; x_wconf 66' lang='lat' dir='ltr'><strong>praeceditur,</strong></span> <span class='ocrx_word' id='word_1_612' title='bbox 3311 3190 3540 3256; x_wconf 78' lang='lat' dir='ltr'><strong>exiguus</strong></span> 
     </span>
    </p>
   </div>
   <div class='ocr_carea' id='block_1_82' title="bbox 1958 3279 3540 3354">
    <p class='ocr_par' dir='ltr' id='par_1_82' title="bbox 1958 3279 3540 3354">
     <span class='ocr_line' id='line_1_82' title="bbox 1958 3279 3540 3354; baseline -0.001 -18"><span class='ocrx_word' id='word_1_613' title='bbox 1958 3284 2024 3338; x_wconf 88' lang='lat' dir='ltr'><strong>ab</strong></span> <span class='ocrx_word' id='word_1_614' title='bbox 2057 3282 2428 3339; x_wconf 87' lang='lat' dir='ltr'><strong>lmmensitatis</strong></span> <span class='ocrx_word' id='word_1_615' title='bbox 2454 3282 2625 3351; x_wconf 82' lang='lat' dir='ltr'><strong>gloria</strong></span> <span class='ocrx_word' id='word_1_616' title='bbox 2649 3283 2960 3354; x_wconf 88' lang='lat' dir='ltr'><strong>superatur!</strong></span> <span class='ocrx_word' id='word_1_617' title='bbox 2990 3283 3161 3352; x_wconf 79' lang='lat' dir='ltr'><strong>Major</strong></span> <span class='ocrx_word' id='word_1_618' title='bbox 3187 3297 3306 3337; x_wconf 85' lang='lat' dir='ltr'><strong>esse</strong></span> <span class='ocrx_word' id='word_1_619' title='bbox 3332 3279 3540 3336; x_wconf 83' lang='lat' dir='ltr'><strong>Joanne</strong></span> 
     </span>
    </p>
   </div>
   <div class='ocr_carea' id='block_1_83' title="bbox 1958 3372 3538 3442">
    <p class='ocr_par' dir='ltr' id='par_1_83' title="bbox 1958 3372 3538 3442">
     <span class='ocr_line' id='line_1_83' title="bbox 1958 3372 3538 3442; baseline -0.003 -12"><span class='ocrx_word' id='word_1_620' title='bbox 1958 3374 2202 3431; x_wconf 87' lang='lat' dir='ltr'><strong>Christus</strong></span> <span class='ocrx_word' id='word_1_621' title='bbox 2248 3376 2300 3430; x_wconf 92' lang='lat' dir='ltr'><strong>in</strong></span> <span class='ocrx_word' id='word_1_622' title='bbox 2331 3377 2470 3432; x_wconf 63' lang='lat' dir='ltr'><strong>caelo</strong></span> <span class='ocrx_word' id='word_1_623' title='bbox 2510 3376 2724 3442; x_wconf 89' lang='lat' dir='ltr'><strong>dieitur,</strong></span> <span class='ocrx_word' id='word_1_624' title='bbox 2757 3376 2845 3432; x_wconf 93' lang='lat' dir='ltr'><strong>ubi</strong></span> <span class='ocrx_word' id='word_1_625' title='bbox 2875 3391 2906 3430; x_wconf 90' lang='lat' dir='ltr'><strong>a</strong></span> <span class='ocrx_word' id='word_1_626' title='bbox 2936 3377 3143 3431; x_wconf 90' lang='lat' dir='ltr'><strong>cunctis</strong></span> <span class='ocrx_word' id='word_1_627' title='bbox 3171 3374 3426 3442; x_wconf 64' lang='lat' dir='ltr'><strong>angelice</strong></span> <span class='ocrx_word' id='word_1_628' title='bbox 3453 3372 3538 3426; x_wconf 81' lang='lat' dir='ltr'><strong>di-</strong></span> 
     </span>
    </p>
   </div>
   <div class='ocr_carea' id='block_1_84' title="bbox 1958 3466 3541 3536">
    <p class='ocr_par' dir='ltr' id='par_1_84' title="bbox 1958 3466 3541 3536">
     <span class='ocr_line' id='line_1_84' title="bbox 1958 3466 3541 3536; baseline 0 -17"><span class='ocrx_word' id='word_1_629' title='bbox 1958 3468 2178 3536; x_wconf 83' lang='lat' dir='ltr'><strong>gnitatis</strong></span> <span class='ocrx_word' id='word_1_630' title='bbox 2225 3467 2512 3524; x_wconf 89' lang='lat' dir='ltr'><strong>virtutibus</strong></span> <span class='ocrx_word' id='word_1_631' title='bbox 2551 3467 2824 3530; x_wconf 90' lang='lat' dir='ltr'><strong>adoratur,</strong></span> <span class='ocrx_word' id='word_1_632' title='bbox 2876 3468 2962 3522; x_wconf 82' lang='lat' dir='ltr'><strong>cui</strong></span> <span class='ocrx_word' id='word_1_633' title='bbox 2999 3466 3275 3522; x_wconf 88' lang='lat' dir='ltr'><strong>cherubim</strong></span> <span class='ocrx_word' id='word_1_634' title='bbox 3310 3472 3365 3520; x_wconf 93' lang='lat' dir='ltr'><strong>et</strong></span> <span class='ocrx_word' id='word_1_635' title='bbox 3393 3479 3541 3519; x_wconf 84' lang='lat' dir='ltr'><strong>sera-</strong></span> 
     </span>
    </p>
   </div>
   <div class='ocr_carea' id='block_1_85' title="bbox 1957 3547 3542 3631">
    <p class='ocr_par' dir='ltr' id='par_1_85' title="bbox 1957 3547 3542 3631">
     <span class='ocr_line' id='line_1_85' title="bbox 1957 3547 3542 3631; baseline -0.001 -18"><span class='ocrx_word' id='word_1_636' title='bbox 1957 3560 2105 3630; x_wconf 86' lang='lat' dir='ltr'><strong>phim</strong></span> <span class='ocrx_word' id='word_1_637' title='bbox 2132 3559 2407 3615; x_wconf 86' lang='lat' dir='ltr'><strong>humiliter</strong></span> <span class='ocrx_word' id='word_1_638' title='bbox 2431 3547 2739 3631; x_wconf 85' lang='lat' dir='ltr'><strong>procidunt,</strong></span> <span class='ocrx_word' id='word_1_639' title='bbox 2760 3559 2913 3629; x_wconf 87' lang='lat' dir='ltr'><strong>cujus</strong></span> <span class='ocrx_word' id='word_1_640' title='bbox 2933 3559 3262 3630; x_wconf 87' lang='lat' dir='ltr'><strong>principatus</strong></span> <span class='ocrx_word' id='word_1_641' title='bbox 3290 3565 3344 3612; x_wconf 91' lang='lat' dir='ltr'><strong>et</strong></span> <span class='ocrx_word' id='word_1_642' title='bbox 3385 3565 3542 3627; x_wconf 86' lang='lat' dir='ltr'><strong>pote-</strong></span> 
     </span>
    </p>
   </div>
   <div class='ocr_carea' id='block_1_86' title="bbox 1959 3647 3542 3721">
    <p class='ocr_par' dir='ltr' id='par_1_86' title="bbox 1959 3647 3542 3721">
     <span class='ocr_line' id='line_1_86' title="bbox 1959 3647 3542 3721; baseline -0.002 -16"><span class='ocrx_word' id='word_1_643' title='bbox 1959 3659 2127 3706; x_wconf 89' lang='lat' dir='ltr'><strong>states</strong></span> <span class='ocrx_word' id='word_1_644' title='bbox 2172 3652 2451 3721; x_wconf 89' lang='lat' dir='ltr'><strong>imperium</strong></span> <span class='ocrx_word' id='word_1_645' title='bbox 2498 3653 2942 3720; x_wconf 88' lang='lat' dir='ltr'><strong>contremiscunt,</strong></span> <span class='ocrx_word' id='word_1_646' title='bbox 2989 3651 3141 3720; x_wconf 90' lang='lat' dir='ltr'><strong>cujus</strong></span> <span class='ocrx_word' id='word_1_647' title='bbox 3167 3649 3398 3718; x_wconf 88' lang='lat' dir='ltr'><strong>denique</strong></span> <span class='ocrx_word' id='word_1_648' title='bbox 3425 3647 3542 3702; x_wconf 78' lang='lat' dir='ltr'><strong>vul-</strong></span> 
     </span>
    </p>
   </div>
   <div class='ocr_carea' id='block_1_87' title="bbox 1961 3739 3542 3813">
    <p class='ocr_par' dir='ltr' id='par_1_87' title="bbox 1961 3739 3542 3813">
     <span class='ocr_line' id='line_1_87' title="bbox 1961 3739 3542 3813; baseline 0 -19"><span class='ocrx_word' id='word_1_649' title='bbox 1961 3749 2074 3795; x_wconf 93' lang='lat' dir='ltr'><strong>tum</strong></span> <span class='ocrx_word' id='word_1_650' title='bbox 2129 3739 2436 3796; x_wconf 88' lang='lat' dir='ltr'><strong>desiderant</strong></span> <span class='ocrx_word' id='word_1_651' title='bbox 2478 3742 2654 3810; x_wconf 88' lang='lat' dir='ltr'><strong>angeli</strong></span> <span class='ocrx_word' id='word_1_652' title='bbox 2697 3743 3027 3813; x_wconf 89' lang='lat' dir='ltr'><strong>prospicere,</strong></span> <span class='ocrx_word' id='word_1_653' title='bbox 3057 3740 3250 3797; x_wconf 90' lang='lat' dir='ltr'><strong>Joanni</strong></span> <span class='ocrx_word' id='word_1_654' title='bbox 3279 3757 3337 3796; x_wconf 91' lang='lat' dir='ltr'><strong>se</strong></span> <span class='ocrx_word' id='word_1_655' title='bbox 3365 3741 3542 3811; x_wconf 69' lang='grc' dir='ltr'><strong>ρει-Ιιί-</strong></span> 
     </span>
    </p>
   </div>
   <div class='ocr_carea' id='block_1_88' title="bbox 1962 3832 3542 3906">
    <p class='ocr_par' dir='ltr' id='par_1_88' title="bbox 1962 3832 3542 3906">
     <span class='ocr_line' id='line_1_88' title="bbox 1962 3832 3542 3906; baseline -0.001 -21"><span class='ocrx_word' id='word_1_656' title='bbox 1962 3832 2053 3886; x_wconf 87' lang='lat' dir='ltr'><strong>bet</strong></span> <span class='ocrx_word' id='word_1_657' title='bbox 2082 3832 2135 3886; x_wconf 93' lang='lat' dir='ltr'><strong>in</strong></span> <span class='ocrx_word' id='word_1_658' title='bbox 2157 3832 2361 3887; x_wconf 70' lang='lat' dir='ltr'><strong>caelesti</strong></span> <span class='ocrx_word' id='word_1_659' title='bbox 2387 3833 2648 3902; x_wconf 89' lang='lat' dir='ltr'><strong>dignitate</strong></span> <span class='ocrx_word' id='word_1_660' title='bbox 2679 3849 2927 3906; x_wconf 73' lang='lat' dir='ltr'><strong>prmesse,</strong></span> <span class='ocrx_word' id='word_1_661' title='bbox 2965 3835 3016 3888; x_wconf 92' lang='lat' dir='ltr'><strong>in</strong></span> <span class='ocrx_word' id='word_1_662' title='bbox 3048 3833 3202 3904; x_wconf 89' lang='lat' dir='ltr'><strong>cujus</strong></span> <span class='ocrx_word' id='word_1_663' title='bbox 3230 3833 3388 3903; x_wconf 90' lang='lat' dir='ltr'><strong>plane</strong></span> <span class='ocrx_word' id='word_1_664' title='bbox 3418 3847 3542 3887; x_wconf 62' lang='lat' dir='ltr'><strong>corn</strong></span> 
     </span>
    </p>
   </div>
   <div class='ocr_carea' id='block_1_89' title="bbox 1961 3922 3544 3996">
    <p class='ocr_par' dir='ltr' id='par_1_89' title="bbox 1961 3922 3544 3996">
     <span class='ocr_line' id='line_1_89' title="bbox 1961 3922 3544 3996; baseline 0.003 -18"><span class='ocrx_word' id='word_1_665' title='bbox 1961 3931 2148 3992; x_wconf 89' lang='lat' dir='ltr'><strong>spectu</strong></span> <span class='ocrx_word' id='word_1_666' title='bbox 2179 3939 2368 3979; x_wconf 90' lang='lat' dir='ltr'><strong>omnes</strong></span> <span class='ocrx_word' id='word_1_667' title='bbox 2394 3933 2582 3994; x_wconf 88' lang='lat' dir='ltr'><strong>gentes</strong></span> <span class='ocrx_word' id='word_1_668' title='bbox 2606 3927 2758 3996; x_wconf 90' lang='lat' dir='ltr'><strong>quasi</strong></span> <span class='ocrx_word' id='word_1_669' title='bbox 2787 3926 2929 3981; x_wconf 90' lang='lat' dir='ltr'><strong>stilla</strong></span> <span class='ocrx_word' id='word_1_670' title='bbox 2958 3933 3084 3981; x_wconf 91' lang='lat' dir='ltr'><strong>sunt</strong></span> <span class='ocrx_word' id='word_1_671' title='bbox 3107 3925 3301 3992; x_wconf 65' lang='lat' dir='ltr'><strong>situlaa,</strong></span> <span class='ocrx_word' id='word_1_672' title='bbox 3322 3933 3383 3978; x_wconf 83' lang='lat' dir='ltr'><strong>et</strong></span> <span class='ocrx_word' id='word_1_673' title='bbox 3391 3922 3544 3992; x_wconf 77' lang='lat' dir='ltr'><strong>juxta</strong></span> 
     </span>
    </p>
   </div>
   <div class='ocr_carea' id='block_1_90' title="bbox 1963 4014 3547 4088">
    <p class='ocr_par' dir='ltr' id='par_1_90' title="bbox 1963 4014 3547 4088">
     <span class='ocr_line' id='line_1_90' title="bbox 1963 4014 3547 4088; baseline 0.003 -20"><span class='ocrx_word' id='word_1_674' title='bbox 1963 4014 2241 4085; x_wconf 74' lang='lat' dir='ltr'><strong>prophetrc</strong></span> <span class='ocrx_word' id='word_1_675' title='bbox 2271 4015 2434 4087; x_wconf 87' lang='lat' dir='ltr'><strong>(Isai.</strong></span> <span class='ocrx_word' id='word_1_676' title='bbox 2465 4033 2554 4083; x_wconf 73' lang='grc' dir='ltr'><strong>χι,</strong></span> <span class='ocrx_word' id='word_1_677' title='bbox 2580 4017 2668 4088; x_wconf 80' lang='lat' dir='ltr'><strong>l7)</strong></span> <span class='ocrx_word' id='word_1_678' title='bbox 2699 4018 3030 4082; x_wconf 88' lang='lat' dir='ltr'><strong>vaticinium,</strong></span> <span class='ocrx_word' id='word_1_679' title='bbox 3060 4016 3210 4088; x_wconf 87' lang='lat' dir='ltr'><strong>quasi</strong></span> <span class='ocrx_word' id='word_1_680' title='bbox 3240 4015 3460 4070; x_wconf 88' lang='lat' dir='ltr'><strong>nihilum</strong></span> <span class='ocrx_word' id='word_1_681' title='bbox 3489 4021 3547 4072; x_wconf 83' lang='lat' dir='ltr'><strong>et</strong></span> 
     </span>
    </p>
   </div>
   <div class='ocr_carea' id='block_1_91' title="bbox 1964 4108 3546 4180">
    <p class='ocr_par' dir='ltr' id='par_1_91' title="bbox 1964 4108 3546 4180">
     <span class='ocr_line' id='line_1_91' title="bbox 1964 4108 3546 4180; baseline -0.001 -18"><span class='ocrx_word' id='word_1_682' title='bbox 1964 4109 2123 4166; x_wconf 90' lang='lat' dir='ltr'><strong>inane</strong></span> <span class='ocrx_word' id='word_1_683' title='bbox 2152 4118 2413 4180; x_wconf 71' lang='lat' dir='ltr'><strong>reputatm</strong></span> <span class='ocrx_word' id='word_1_684' title='bbox 2436 4119 2585 4179; x_wconf 92' lang='lat' dir='ltr'><strong>sunt,</strong></span> <span class='ocrx_word' id='word_1_685' title='bbox 2615 4111 2775 4166; x_wconf 90' lang='lat' dir='ltr'><strong>beato</strong></span> <span class='ocrx_word' id='word_1_686' title='bbox 2805 4111 2920 4165; x_wconf 90' lang='lat' dir='ltr'><strong>viro</strong></span> <span class='ocrx_word' id='word_1_687' title='bbox 2959 4125 3017 4165; x_wconf 88' lang='lat' dir='ltr'><strong>se</strong></span> <span class='ocrx_word' id='word_1_688' title='bbox 3056 4126 3163 4165; x_wconf 92' lang='lat' dir='ltr'><strong>non</strong></span> <span class='ocrx_word' id='word_1_689' title='bbox 3192 4108 3546 4176; x_wconf 81' lang='lat' dir='ltr'><strong>dedignantur</strong></span> 
     </span>
    </p>
   </div>
   <div class='ocr_carea' id='block_1_92' title="bbox 1965 4198 3548 4273">
    <p class='ocr_par' dir='ltr' id='par_1_92' title="bbox 1965 4198 3548 4273">
     <span class='ocr_line' id='line_1_92' title="bbox 1965 4198 3548 4273; baseline 0 -18"><span class='ocrx_word' id='word_1_690' title='bbox 1965 4201 2017 4255; x_wconf 90' lang='lat' dir='ltr'><strong>in</strong></span> <span class='ocrx_word' id='word_1_691' title='bbox 2043 4204 2446 4272; x_wconf 89' lang='lat' dir='ltr'><strong>comparatione</strong></span> <span class='ocrx_word' id='word_1_692' title='bbox 2466 4217 2800 4273; x_wconf 62' lang='lat' dir='ltr'><strong>praeponere,</strong></span> <span class='ocrx_word' id='word_1_693' title='bbox 2821 4211 2881 4257; x_wconf 92' lang='lat' dir='ltr'><strong>ut</strong></span> <span class='ocrx_word' id='word_1_694' title='bbox 2906 4203 3209 4258; x_wconf 90' lang='lat' dir='ltr'><strong>inveniatur</strong></span> <span class='ocrx_word' id='word_1_695' title='bbox 3228 4202 3390 4255; x_wconf 88' lang='lat' dir='ltr'><strong>homo</strong></span> <span class='ocrx_word' id='word_1_696' title='bbox 3407 4198 3548 4268; x_wconf 61' lang='lat' dir='ltr'><strong>apud</strong></span> 
     </span>
    </p>
   </div>
   <div class='ocr_carea' id='block_1_93' title="bbox 1966 4285 3546 4362">
    <p class='ocr_par' dir='ltr' id='par_1_93' title="bbox 1966 4285 3546 4362">
     <span class='ocr_line' id='line_1_93' title="bbox 1966 4285 3546 4362; baseline -0.002 -18"><span class='ocrx_word' id='word_1_697' title='bbox 1966 4289 2131 4346; x_wconf 86' lang='lat' dir='ltr'><strong>Deum</strong></span> <span class='ocrx_word' id='word_1_698' title='bbox 2162 4307 2260 4361; x_wconf 90' lang='lat' dir='ltr'><strong>pro</strong></span> <span class='ocrx_word' id='word_1_699' title='bbox 2289 4293 2601 4348; x_wconf 85' lang='lat' dir='ltr'><strong>meritorum</strong></span> <span class='ocrx_word' id='word_1_700' title='bbox 2630 4285 2962 4348; x_wconf 82' lang='lat' dir='ltr'><strong>excellentia</strong></span> <span class='ocrx_word' id='word_1_701' title='bbox 2990 4293 3141 4362; x_wconf 88' lang='lat' dir='ltr'><strong>quasi</strong></span> <span class='ocrx_word' id='word_1_702' title='bbox 3189 4291 3363 4346; x_wconf 90' lang='lat' dir='ltr'><strong>locum</strong></span> <span class='ocrx_word' id='word_1_703' title='bbox 3395 4305 3546 4343; x_wconf 86' lang='lat' dir='ltr'><strong>com-</strong></span> 
     </span>
    </p>
   </div>
   <div class='ocr_carea' id='block_1_94' title="bbox 1967 4383 3549 4452">
    <p class='ocr_par' dir='ltr' id='par_1_94' title="bbox 1967 4383 3549 4452">
     <span class='ocr_line' id='line_1_94' title="bbox 1967 4383 3549 4452; baseline -0.003 -12"><span class='ocrx_word' id='word_1_704' title='bbox 1967 4385 2259 4452; x_wconf 87' lang='lat' dir='ltr'><strong>parationis</strong></span> <span class='ocrx_word' id='word_1_705' title='bbox 2289 4386 2509 4440; x_wconf 86' lang='lat' dir='ltr'><strong>habere.</strong></span> <span class='ocrx_word' id='word_1_706' title='bbox 2543 4385 2642 4452; x_wconf 86' lang='lat' dir='ltr'><strong>Qui</strong></span> <span class='ocrx_word' id='word_1_707' title='bbox 2673 4396 2853 4441; x_wconf 91' lang='lat' dir='ltr'><strong>autem</strong></span> <span class='ocrx_word' id='word_1_708' title='bbox 2884 4393 3074 4440; x_wconf 89' lang='lat' dir='ltr'><strong>auctor</strong></span> <span class='ocrx_word' id='word_1_709' title='bbox 3091 4392 3174 4439; x_wconf 89' lang='lat' dir='ltr'><strong>est</strong></span> <span class='ocrx_word' id='word_1_710' title='bbox 3219 4383 3549 4438; x_wconf 86' lang='lat' dir='ltr'><strong>celsitudinis</strong></span> 
     </span>
    </p>
   </div>
   <div class='ocr_carea' id='block_1_95' title="bbox 1970 4473 3552 4544">
    <p class='ocr_par' dir='ltr' id='par_1_95' title="bbox 1970 4473 3552 4544">
     <span class='ocr_line' id='line_1_95' title="bbox 1970 4473 3552 4544; baseline 0.001 -18"><span class='ocrx_word' id='word_1_711' title='bbox 1970 4474 2083 4543; x_wconf 88' lang='lat' dir='ltr'><strong>ipse</strong></span> <span class='ocrx_word' id='word_1_712' title='bbox 2131 4475 2300 4530; x_wconf 82' lang='lat' dir='ltr'><strong>factus</strong></span> <span class='ocrx_word' id='word_1_713' title='bbox 2352 4485 2432 4530; x_wconf 84' lang='lat' dir='ltr'><strong>est</strong></span> <span class='ocrx_word' id='word_1_714' title='bbox 2486 4477 2739 4544; x_wconf 86' lang='lat' dir='ltr'><strong>magister</strong></span> <span class='ocrx_word' id='word_1_715' title='bbox 2791 4476 3122 4529; x_wconf 90' lang='lat' dir='ltr'><strong>humilitatis.</strong></span> <span class='ocrx_word' id='word_1_716' title='bbox 3169 4473 3272 4543; x_wconf 89' lang='lat' dir='ltr'><strong>Ipsi</strong></span> <span class='ocrx_word' id='word_1_717' title='bbox 3297 4473 3465 4541; x_wconf 88' lang='lat' dir='ltr'><strong>gloria</strong></span> <span class='ocrx_word' id='word_1_718' title='bbox 3495 4479 3552 4533; x_wconf 78' lang='lat' dir='ltr'><strong>et,</strong></span> 
     </span>
    </p>
   </div>
   <div class='ocr_carea' id='block_1_96' title="bbox 1970 4565 3544 4636">
    <p class='ocr_par' dir='ltr' id='par_1_96' title="bbox 1970 4565 3544 4636">
     <span class='ocr_line' id='line_1_96' title="bbox 1970 4565 3544 4636; baseline -0.001 -18"><span class='ocrx_word' id='word_1_719' title='bbox 1970 4566 2270 4636; x_wconf 88' lang='lat' dir='ltr'><strong>imperium,</strong></span> <span class='ocrx_word' id='word_1_720' title='bbox 2321 4577 2375 4620; x_wconf 84' lang='lat' dir='ltr'><strong>et</strong></span> <span class='ocrx_word' id='word_1_721' title='bbox 2417 4567 2577 4623; x_wconf 91' lang='lat' dir='ltr'><strong>modo</strong></span> <span class='ocrx_word' id='word_1_722' title='bbox 2603 4577 2656 4622; x_wconf 90' lang='lat' dir='ltr'><strong>et</strong></span> <span class='ocrx_word' id='word_1_723' title='bbox 2683 4568 2876 4621; x_wconf 90' lang='lat' dir='ltr'><strong>amodo</strong></span> <span class='ocrx_word' id='word_1_724' title='bbox 2906 4568 2956 4621; x_wconf 90' lang='lat' dir='ltr'><strong>in</strong></span> <span class='ocrx_word' id='word_1_725' title='bbox 2988 4566 3181 4622; x_wconf 71' lang='lat' dir='ltr'><strong>smcula</strong></span> <span class='ocrx_word' id='word_1_726' title='bbox 3211 4565 3544 4621; x_wconf 65' lang='lat' dir='ltr'><strong>sreculorum.</strong></span> 
     </span>
    </p>
   </div>
   <div class='ocr_carea' id='block_1_97' title="bbox 1970 4648 2161 4712">
    <p class='ocr_par' dir='ltr' id='par_1_97' title="bbox 1970 4648 2161 4712">
     <span class='ocr_line' id='line_1_97' title="bbox 1970 4648 2161 4712; baseline 0.005 -3"><span class='ocrx_word' id='word_1_727' title='bbox 1970 4648 2161 4712; x_wconf 64' lang='lat' dir='ltr'><strong>A&#39;men.</strong></span> 
     </span>
    </p>
   </div>
   <div class='ocr_carea' id='block_1_98' title="bbox 1665 4828 2168 4893">
    <p class='ocr_par' dir='ltr' id='par_1_98' title="bbox 1665 4828 2168 4893">
     <span class='ocr_line' id='line_1_98' title="bbox 1665 4828 2168 4893; baseline 0.004 -5"><span class='ocrx_word' id='word_1_728' title='bbox 1665 4828 1933 4893; x_wconf 83' lang='lat' dir='ltr'><strong>SERMO</strong></span> <span class='ocrx_word' id='word_1_729' title='bbox 1975 4829 2168 4892; x_wconf 81' lang='lat' dir='ltr'><strong>LXII.</strong></span> 
     </span>
    </p>
   </div>
   <div class='ocr_carea' id='block_1_99' title="bbox 1291 4951 2558 5025">
    <p class='ocr_par' dir='ltr' id='par_1_99' title="bbox 1291 4951 2558 5025">
     <span class='ocr_line' id='line_1_99' title="bbox 1291 4951 2558 5025; baseline -0.001 -19"><span class='ocrx_word' id='word_1_730' title='bbox 1291 4951 1420 5007; x_wconf 87' lang='lat' dir='ltr'><strong>Item</strong></span> <span class='ocrx_word' id='word_1_731' title='bbox 1446 4952 1508 5006; x_wconf 84' lang='lat' dir='ltr'><strong>de</strong></span> <span class='ocrx_word' id='word_1_732' title='bbox 1535 4953 1799 5008; x_wconf 83' lang='lat' dir='ltr'><strong>nativitate</strong></span> <span class='ocrx_word' id='word_1_733' title='bbox 1827 4954 1891 5011; x_wconf 92' lang='lat' dir='ltr'><strong>S.</strong></span> <span class='ocrx_word' id='word_1_734' title='bbox 1915 4955 2138 5012; x_wconf 84' lang='lat' dir='ltr'><strong>Joannis</strong></span> <span class='ocrx_word' id='word_1_735' title='bbox 2170 4955 2419 5025; x_wconf 72' lang='lat' dir='ltr'><strong>Baptism</strong></span> <span class='ocrx_word' id='word_1_736' title='bbox 2447 4954 2558 5011; x_wconf 80' lang='grc' dir='ltr'><strong>γι..</strong></span> 
     </span>
    </p>
   </div>
   <div class='ocr_carea' id='block_1_100' title="bbox 1726 5072 2116 5128">
    <p class='ocr_par' dir='ltr' id='par_1_100' title="bbox 1726 5072 2116 5128">
     <span class='ocr_line' id='line_1_100' title="bbox 1726 5072 2116 5128; baseline 0.01 -4"><span class='ocrx_word' id='word_1_737' title='bbox 1726 5072 2116 5128; x_wconf 88' lang='lat' dir='ltr'><strong>ADMONlTlO.</strong></span> 
     </span>
    </p>
   </div>
   <div class='ocr_carea' id='block_1_101' title="bbox 363 5071 3544 5236">
    <p class='ocr_par' dir='ltr' id='par_1_101' title="bbox 363 5071 3544 5236">
     <span class='ocr_line' id='line_1_101' title="bbox 1726 5072 2116 5128; baseline 0.01 -4"><span class='ocrx_word' id='word_1_738' title='bbox 1726 5072 1816 5125; x_wconf 89' lang='lat' dir='ltr'><strong>AD</strong></span> <span class='ocrx_word' id='word_1_739' title='bbox 2104 5116 2116 5128; x_wconf 94' lang='lat'><strong>.</strong></span> 
     </span>
     <span class='ocr_line' id='line_1_102' title="bbox 363 5071 3544 5236; baseline 0.003 -26"><span class='ocrx_word' id='word_1_740' title='bbox 363 5157 514 5236; x_wconf 62' lang='lat' dir='ltr'><strong>[hinc</strong></span> <span class='ocrx_word' id='word_1_741' title='bbox 539 5173 608 5236; x_wconf 77' lang='lat' dir='ltr'><strong>ex</strong></span> <span class='ocrx_word' id='word_1_742' title='bbox 638 5157 821 5236; x_wconf 81' lang='lat' dir='ltr'><strong>codice</strong></span> <span class='ocrx_word' id='word_1_743' title='bbox 870 5158 1221 5236; x_wconf 81' lang='lat' dir='ltr'><strong>Ambrosiano</strong></span> <span class='ocrx_word' id='word_1_744' title='bbox 1266 5177 1296 5214; x_wconf 92' lang='lat' dir='ltr'><strong>a</strong></span> <span class='ocrx_word' id='word_1_745' title='bbox 1341 5161 1634 5216; x_wconf 84' lang='lat' dir='ltr'><strong>Muratorio</strong></span> <span class='ocrx_word' id='word_1_746' title='bbox 1670 5071 2206 5221; x_wconf 44' lang='grc' dir='ltr'><strong>θάίιυὲἶῗξεῖξὲηθηι</strong></span> <span class='ocrx_word' id='word_1_747' title='bbox 2255 5167 2309 5220; x_wconf 92' lang='lat' dir='ltr'><strong>in</strong></span> <span class='ocrx_word' id='word_1_748' title='bbox 2353 5165 2544 5222; x_wconf 88' lang='lat' dir='ltr'><strong>codice</strong></span> <span class='ocrx_word' id='word_1_749' title='bbox 2571 5143 2785 5235; x_wconf 81' lang='lat' dir='ltr'><strong>quoque</strong></span> <span class='ocrx_word' id='word_1_750' title='bbox 2810 5162 3084 5219; x_wconf 87' lang='lat' dir='ltr'><strong>Casinensi</strong></span> <span class='ocrx_word' id='word_1_751' title='bbox 3116 5163 3238 5230; x_wconf 82' lang='lat' dir='ltr'><strong>l05,</strong></span> <span class='ocrx_word' id='word_1_752' title='bbox 3270 5179 3390 5236; x_wconf 90' lang='lat' dir='ltr'><strong>pag.</strong></span> <span class='ocrx_word' id='word_1_753' title='bbox 3424 5161 3544 5229; x_wconf 76' lang='grc'><strong>159.</strong></span> 
     </span>
    </p>
   </div>
   <div class='ocr_carea' id='block_1_102' title="bbox 289 5225 1366 5298">
    <p class='ocr_par' dir='ltr' id='par_1_102' title="bbox 289 5225 1366 5298">
     <span class='ocr_line' id='line_1_103' title="bbox 289 5225 1366 5298; baseline 0.004 -18"><span class='ocrx_word' id='word_1_754' title='bbox 289 5225 346 5281; x_wconf 86' lang='lat' dir='ltr'><strong>S.</strong></span> <span class='ocrx_word' id='word_1_755' title='bbox 373 5228 588 5282; x_wconf 84' lang='lat' dir='ltr'><strong>Maximi</strong></span> <span class='ocrx_word' id='word_1_756' title='bbox 619 5230 833 5283; x_wconf 90' lang='lat' dir='ltr'><strong>nomine</strong></span> <span class='ocrx_word' id='word_1_757' title='bbox 855 5237 1100 5283; x_wconf 90' lang='lat' dir='ltr'><strong>ornatum</strong></span> <span class='ocrx_word' id='word_1_758' title='bbox 1123 5231 1366 5298; x_wconf 88' lang='lat' dir='ltr'><strong>legimus.</strong></span> 
     </span>
    </p>
   </div>
   <div class='ocr_carea' id='block_1_103' title="bbox 254 5321 1865 5395">
    <p class='ocr_par' dir='ltr' id='par_1_103' title="bbox 254 5321 1865 5395">
     <span class='ocr_line' id='line_1_104' title="bbox 254 5321 1865 5395; baseline 0.003 -22"><span class='ocrx_word' id='word_1_759' title='bbox 254 5382 267 5394; x_wconf 41' lang='grc' dir='ltr'><em>ι</em></span> <span class='ocrx_word' id='word_1_760' title='bbox 290 5321 975 5395; x_wconf 66' lang='lat' dir='ltr'><strong>Ancunnuruu.—Joannis</strong></span> <span class='ocrx_word' id='word_1_761' title='bbox 1016 5323 1262 5385; x_wconf 73' lang='lat' dir='ltr'><strong>Baptista:</strong></span> <span class='ocrx_word' id='word_1_762' title='bbox 1290 5323 1729 5395; x_wconf 20' lang='lat' dir='ltr'><strong>conceptioialque</strong></span> <span class='ocrx_word' id='word_1_763' title='bbox 1770 5341 1865 5378; x_wconf 84' lang='lat' dir='ltr'><strong>na-</strong></span> 
     </span>
    </p>
   </div>
   <div class='ocr_carea' id='block_1_104' title="bbox 361 5393 1868 5462">
    <p class='ocr_par' dir='ltr' id='par_1_104' title="bbox 361 5393 1868 5462">
     <span class='ocr_line' id='line_1_105' title="bbox 361 5393 1868 5462; baseline 0.004 -18"><span class='ocrx_word' id='word_1_764' title='bbox 361 5394 530 5446; x_wconf 79' lang='lat' dir='ltr'><strong>tiritas</strong></span> <span class='ocrx_word' id='word_1_765' title='bbox 565 5393 858 5462; x_wconf 77' lang='lat' dir='ltr'><strong>negandum</strong></span> <span class='ocrx_word' id='word_1_766' title='bbox 886 5409 985 5446; x_wconf 84' lang='lat' dir='ltr'><strong>non</strong></span> <span class='ocrx_word' id='word_1_767' title='bbox 1027 5410 1140 5452; x_wconf 76' lang='lat' dir='ltr'><strong>esse</strong></span> <span class='ocrx_word' id='word_1_768' title='bbox 1185 5393 1500 5448; x_wconf 71' lang='lat' dir='ltr'><strong>natit&#39;itatem</strong></span> <span class='ocrx_word' id='word_1_769' title='bbox 1541 5393 1868 5450; x_wconf 84' lang='lat' dir='ltr'><strong>Dominicam</strong></span> 
     </span>
    </p>
   </div>
   <div class='ocr_carea' id='block_1_105' title="bbox 359 5461 1866 5519">
    <p class='ocr_par' dir='ltr' id='par_1_105' title="bbox 359 5461 1866 5519">
     <span class='ocr_line' id='line_1_106' title="bbox 359 5461 1866 5519; baseline 0.003 -4"><span class='ocrx_word' id='word_1_770' title='bbox 359 5463 553 5518; x_wconf 84' lang='lat' dir='ltr'><strong>edocet.</strong></span> <span class='ocrx_word' id='word_1_771' title='bbox 577 5461 808 5516; x_wconf 83' lang='lat' dir='ltr'><strong>Joannes</strong></span> <span class='ocrx_word' id='word_1_772' title='bbox 839 5465 973 5516; x_wconf 88' lang='lat' dir='ltr'><strong>inter</strong></span> <span class='ocrx_word' id='word_1_773' title='bbox 1002 5472 1153 5516; x_wconf 85' lang='lat' dir='ltr'><strong>natos</strong></span> <span class='ocrx_word' id='word_1_774' title='bbox 1187 5465 1456 5518; x_wconf 83' lang='lat' dir='ltr'><strong>mulierum</strong></span> <span class='ocrx_word' id='word_1_775' title='bbox 1488 5481 1599 5517; x_wconf 79' lang='lat' dir='ltr'><strong>rere</strong></span> <span class='ocrx_word' id='word_1_776' title='bbox 1631 5473 1704 5518; x_wconf 80' lang='lat' dir='ltr'><strong>est</strong></span> <span class='ocrx_word' id='word_1_777' title='bbox 1753 5482 1866 5519; x_wconf 89' lang='lat' dir='ltr'><strong>ma-</strong></span> 
     </span>
    </p>
   </div>
   <div class='ocr_carea' id='block_1_106' title="bbox 355 5531 1868 5612">
    <p class='ocr_par' dir='ltr' id='par_1_106' title="bbox 355 5531 1868 5612">
     <span class='ocr_line' id='line_1_107' title="bbox 355 5531 1868 5612; baseline 0.001 -25"><span class='ocrx_word' id='word_1_778' title='bbox 355 5533 476 5603; x_wconf 86' lang='lat' dir='ltr'><strong>jor;</strong></span> <span class='ocrx_word' id='word_1_779' title='bbox 507 5533 626 5605; x_wconf 83' lang='lat' dir='ltr'><strong>quia</strong></span> <span class='ocrx_word' id='word_1_780' title='bbox 652 5531 753 5587; x_wconf 86' lang='lat' dir='ltr'><strong>Dei</strong></span> <span class='ocrx_word' id='word_1_781' title='bbox 779 5531 972 5612; x_wconf 70' lang='lat' dir='ltr'><strong>Filium</strong></span> <span class='ocrx_word' id='word_1_782' title='bbox 1012 5543 1066 5586; x_wconf 87' lang='lat' dir='ltr'><strong>ut</strong></span> <span class='ocrx_word' id='word_1_783' title='bbox 1117 5534 1364 5605; x_wconf 81' lang='lat' dir='ltr'><strong>prop/tela</strong></span> <span class='ocrx_word' id='word_1_784' title='bbox 1415 5535 1770 5606; x_wconf 78' lang='lat' dir='ltr'><strong>prwloquitur,</strong></span> <span class='ocrx_word' id='word_1_785' title='bbox 1810 5545 1868 5589; x_wconf 83' lang='lat' dir='ltr'><strong>ut</strong></span> 
     </span>
    </p>
   </div>
   <div class='ocr_carea' id='block_1_107' title="bbox 2042 5327 3546 5453">
    <p class='ocr_par' dir='ltr' id='par_1_107' title="bbox 2042 5327 3546 5453">
     <span class='ocr_line' id='line_1_108' title="bbox 2042 5327 3546 5453; baseline -0.001 -69"><span class='ocrx_word' id='word_1_786' title='bbox 2042 5345 2336 5453; x_wconf 55' lang='lat' dir='ltr'><strong>prazct‘ttrsor</strong></span> <span class='ocrx_word' id='word_1_787' title='bbox 2379 5330 2667 5396; x_wconf 81' lang='lat' dir='ltr'><strong>antevertit,</strong></span> <span class='ocrx_word' id='word_1_788' title='bbox 2696 5337 2753 5384; x_wconf 84' lang='lat' dir='ltr'><strong>ut</strong></span> <span class='ocrx_word' id='word_1_789' title='bbox 2798 5329 3022 5402; x_wconf 73' lang='lat' dir='ltr'><strong>baptista</strong></span> <span class='ocrx_word' id='word_1_790' title='bbox 3051 5329 3287 5400; x_wconf 80' lang='lat' dir='ltr'><strong>suscepit,</strong></span> <span class='ocrx_word' id='word_1_791' title='bbox 3316 5336 3372 5380; x_wconf 88' lang='lat' dir='ltr'><strong>ut</strong></span> <span class='ocrx_word' id='word_1_792' title='bbox 3411 5327 3546 5382; x_wconf 73' lang='lat' dir='ltr'><strong>testis</strong></span> 
     </span>
     <span class='ocr_line' id='line_1_109' title="bbox 2045 5409 3373 5453; baseline -0.002 0"><span class='ocrx_word' id='word_1_793' title='bbox 2045 5410 2188 5453; x_wconf 82' lang='lat' dir='ltr'><strong>osten</strong></span> <span class='ocrx_word' id='word_1_794' title='bbox 2229 5409 2288 5453; x_wconf 75' lang='lat' dir='ltr'><strong>at.</strong></span> <span class='ocrx_word' id='word_1_795' title='bbox 3359 5439 3373 5450; x_wconf 64' lang='grc' dir='ltr'><strong>ι.</strong></span> 
     </span>
    </p>
   </div>
   <div class='ocr_carea' id='block_1_108' title="bbox 2045 5409 2288 5455">
    <p class='ocr_par' dir='ltr' id='par_1_108' title="bbox 2045 5409 2288 5455">
     <span class='ocr_line' id='line_1_110' title="bbox 2045 5409 2288 5455; baseline 0 -1"><span class='ocrx_word' id='word_1_796' title='bbox 2045 5409 2288 5455; x_wconf 83' lang='lat' dir='ltr'><strong>ostendit.</strong></span> 
     </span>
    </p>
   </div>
   <div class='ocr_carea' id='block_1_109' title="bbox 2044 5527 3544 5621">
    <p class='ocr_par' dir='ltr' id='par_1_109' title="bbox 2044 5527 3544 5621">
     <span class='ocr_line' id='line_1_111' title="bbox 2044 5527 3544 5621; baseline -0.007 -32"><span class='ocrx_word' id='word_1_797' title='bbox 2044 5533 2339 5621; x_wconf 81' lang='lat' dir='ltr'><strong>Conceptio</strong></span> <span class='ocrx_word' id='word_1_798' title='bbox 2367 5542 2528 5603; x_wconf 86' lang='lat' dir='ltr'><strong>atque</strong></span> <span class='ocrx_word' id='word_1_799' title='bbox 2573 5533 2821 5589; x_wconf 88' lang='lat' dir='ltr'><strong>nativitas</strong></span> <span class='ocrx_word' id='word_1_800' title='bbox 2870 5529 3157 5586; x_wconf 89' lang='lat' dir='ltr'><strong>venerandi</strong></span> <span class='ocrx_word' id='word_1_801' title='bbox 3185 5529 3404 5584; x_wconf 87' lang='lat' dir='ltr'><strong>Joannis</strong></span> <span class='ocrx_word' id='word_1_802' title='bbox 3445 5527 3544 5580; x_wconf 84' lang='lat' dir='ltr'><strong>Ba-</strong></span> 
     </span>
    </p>
   </div>
   <div class='ocr_carea' id='block_1_110' title="bbox 364 5659 3546 5770">
    <p class='ocr_par' dir='ltr' id='par_1_110' title="bbox 364 5659 3546 5770">
     <span class='ocr_line' id='line_1_112' title="bbox 364 5659 3546 5770; baseline 0 -26"><span class='ocrx_word' id='word_1_803' title='bbox 364 5689 547 5770; x_wconf 68' lang='lat' dir='ltr'><strong>°_Co_d.</strong></span> <span class='ocrx_word' id='word_1_804' title='bbox 573 5690 717 5760; x_wconf 81' lang='lat' dir='ltr'><strong>Vat.,</strong></span> <span class='ocrx_word' id='word_1_805' title='bbox 742 5700 818 5747; x_wconf 87' lang='lat' dir='ltr'><strong>est</strong></span> <span class='ocrx_word' id='word_1_806' title='bbox 838 5693 1112 5764; x_wconf 81' lang='lat' dir='ltr'><strong>impetrare</strong></span> <span class='ocrx_word' id='word_1_807' title='bbox 1149 5692 1346 5746; x_wconf 73' lang='lat' dir='ltr'><strong>ueniam</strong></span> <span class='ocrx_word' id='word_1_808' title='bbox 1385 5694 1588 5762; x_wconf 82' lang='lat' dir='ltr'><strong>pietatis</strong></span> <span class='ocrx_word' id='word_1_809' title='bbox 1606 5659 1630 5746; x_wconf 18' lang='lat'><strong>2&quot;</strong></span> <span class='ocrx_word' id='word_1_810' title='bbox 1658 5703 1704 5746; x_wconf 71' lang='lat' dir='ltr'><strong>et</strong></span> <span class='ocrx_word' id='word_1_811' title='bbox 1751 5693 1815 5747; x_wconf 74' lang='lat' dir='ltr'><strong>ab</strong></span> <span class='ocrx_word' id='word_1_812' title='bbox 1858 5695 1950 5750; x_wconf 88' lang='lat' dir='ltr'><strong>illo</strong></span> <span class='ocrx_word' id='word_1_813' title='bbox 1978 5699 2213 5770; x_wconf 66' lang='lat' dir='ltr'><strong>praeferri</strong></span> <span class='ocrx_word' id='word_1_814' title='bbox 2260 5695 2581 5761; x_wconf 78' lang='lat' dir='ltr'><strong>hominibus,</strong></span> <span class='ocrx_word' id='word_1_815' title='bbox 2627 5715 2658 5750; x_wconf 83' lang='grc' dir='ltr'><em>α</em></span> <span class='ocrx_word' id='word_1_816' title='bbox 2706 5711 2804 5768; x_wconf 79' lang='lat' dir='ltr'><strong>quo</strong></span> <span class='ocrx_word' id='word_1_817' title='bbox 2853 5693 3127 5766; x_wconf 85' lang='lat' dir='ltr'><strong>gloriosum</strong></span> <span class='ocrx_word' id='word_1_818' title='bbox 3179 5698 3255 5746; x_wconf 74' lang='lat' dir='ltr'><strong>est</strong></span> <span class='ocrx_word' id='word_1_819' title='bbox 3298 5700 3546 5764; x_wconf 66' lang='lat' dir='ltr'><strong>utrimque</strong></span> 
     </span>
    </p>
   </div>
   <div class='ocr_carea' id='block_1_111' title="bbox 289 5758 536 5822">
    <p class='ocr_par' dir='ltr' id='par_1_111' title="bbox 289 5758 536 5822">
     <span class='ocr_line' id='line_1_113' title="bbox 289 5758 536 5822; baseline -0.012 -7"><span class='ocrx_word' id='word_1_820' title='bbox 289 5758 498 5822; x_wconf 78' lang='lat' dir='ltr'><strong>probari</strong></span> <span class='ocrx_word' id='word_1_821' title='bbox 510 5761 536 5812; x_wconf 68' lang='lat'><strong>.9</strong></span> 
     </span>
    </p>
   </div>
  </div>
