4052 6330
541 333 650 394 659

1737 317 1793 373 S.
1835 313 2082 372 MAXIMI
2123 310 2576 370 TAURINENSIS

3639 355 3654 364 ο
3709 309 3819 372 660

541 447 736 522 ptistre.
767 411 887 515 quat
915 457 1057 497 nunc
1095 437 1402 506 evangelica
1450 415 1694 490 lectione.
1741 409 1968 488 decursa
2025 438 2136 516 est,
2166 433 2208 494 Α
2239 427 2460 513 Mariam
2489 425 2673 482 dicens
2705 443 2716 478 :
2751 422 2835 480 Ex
2863 441 2960 497 quo
2992 425 3133 494 facta
3158 432 3234 478 est
3257 439 3351 478 rex
3370 419 3398 461 ά
3427 424 3617 480 salutis
3643 431 3745 477 tua
3767 425 3825 476 in

541 529 876 598 nativitatem
899 533 1247 601 dominicam,
1275 523 1428 602 cujus
1456 525 1724 586 secretim
1755 541 1908 584 mens
1935 523 2128 578 huma-

539 649 617 700 na
643 649 752 708 non
781 629 1037 702 concipit,
1068 633 1299 684 testatur
1322 641 1444 684 esse
1464 606 1797 686 credibilem,
1830 627 1885 676 et
1926 616 2129 672 fructus

535 723 724 782 senilis
749 716 968 781 ventris
1015 718 1208 777 edocet
1261 709 1644 786 fecunditatem
1685 710 1960 782 virginalis
1988 708 2126 765 uteri

538 833 656 874 non
677 815 1002 887 negandam.
1028 806 1166 886 Nam
1193 807 1316 881 quis
1344 824 1534 866 revera
1562 813 1756 865 renuat
1779 801 2003 861 credere
2033 815 2128 856 na-
2172 865 2184 872 ι

523 887 804 970 ἰίγὶιειιρηι
850 903 1121 962 nascentis
1169 900 1390 968 Christi,
1421 890 1857 970 quandoquidem
1883 891 1948 949 de
1977 895 2130 948 vetu-

538 997 636 1055 stis
662 996 978 1070 parentibus
1003 993 1251 1068 procedit
1277 991 1564 1062 desperata
1593 985 1899 1070 successio?
1941 980 2020 1040 Ibi
2062 981 2130 1039 de

538 1065 760 1146 senibus
788 1065 1138 1159 propheticus
1161 1085 1340 1141 editur
1368 1098 1534 1154 puer;
1557 1079 1645 1138 hic
1671 1094 1802 1135 vero
1827 1065 1896 1132 de
1927 1076 2130 1144 virgine

537 1167 801 1240 Dominus
834 1173 1095 1239 nascitur
1139 1177 1542 1250 prophetarum.
1592 1169 1670 1230 ibi
1717 1169 2036 1242 disceptatio
2063 1165 2130 1226 de

537 1279 757 1327 senecta
807 1271 1036 1348 duorum
1065 1279 1179 1348 est;
1206 1269 1294 1326 hic
1322 1275 1503 1323 autem
1529 1263 1596 1320 de
1621 1264 1777 1319 unius
1806 1261 1996 1334 puellm
2023 1259 2130 1314 vir-

531 1355 762 1432 ginitate
791 1343 1128 1418 miraculum.
1153 1341 1264 1418 Nec
1290 1369 1316 1398 α
1343 1360 1474 1416 sane
1497 1356 1690 1412 mirum
1717 1353 1764 1411 si
1781 1353 1883 1412 ,illa
1909 1349 2126 1426 sterilis,

534 1451 595 1507 ’et
623 1454 736 1508 haec
782 1452 952 1526 virgo.
991 1451 1258 1521 concepit,
1307 1439 1436 1520 quia
1480 1433 1551 1504 ibi
1596 1443 1846 1502 salutaris
1891 1437 2131 1514 mysterii

531 1542 782 1607 nuntius,
832 1542 920 1606 hic
951 1539 1126 1612 ipsum
1145 1541 1270 1596 vita:
1299 1541 1496 1595 nostrae
1523 1535 1837 1619 mysterium
1865 1531 2128 1588 nasceba-

535 1641 648 1688 tur.
702 1619 780 1688 ibi
809 1631 1122 1707 temporalis
1150 1631 1367 1688 lucerna
1416 1624 1770 1700 resplenduit,
1792 1622 1879 1681 hic
1898 1621 1981 1680 sol
2007 1637 2131 1694 per-

537 1721 820 1796 petuitatis
842 1723 1036 1778 illuxit.
1063 1721 1188 1778 inde
1209 1717 1445 1778 Joannes
1473 1717 1756 1792 propheta,
1775 1724 1830 1774 et
1847 1716 2129 1788 plusquam

2232 509 2442 573 auribus
2491 519 2639 587 meis,
2697 516 2972 574 exsultat-it
3013 518 3068 570 in
3100 516 3344 589 gaudium
3366 517 3548 587 infans
3579 516 3637 569 in
3675 522 3826 569 utero

2229 627 2342 665 meo
2373 608 2523 677 (Luc.
2561 609 2620 680 I).
2653 607 2941 676 intendite,
2987 605 3200 674 fratres,
3253 617 3452 677 quanta
3499 605 3677 662 beatis
3723 606 3830 660 illis

2211 695 2492 759 matribus
2520 701 2717 758 collata
2757 708 2884 756 sunt
2913 714 3157 763 munera,
3200 698 3504 768 quibusque
3554 695 3829 752 miraculis

2229 799 2484 870 pariturae
2513 795 2726 852 feminae
2745 795 3088 852 decorantur.
3116 791 3316 858 infans,
3346 791 3542 862 inquit,
3588 789 3829 846 exsulta-

2215 879 2307 944 vit
2329 888 2382 952 in
2409 896 2562 944 utero
2583 887 2772 942 'matris
2793 901 2930 952 sum;
2955 883 3260 948 exsultavit,
3278 889 3338 937 ut
3365 882 3574 953 pariter
3595 888 3651 936 et
3670 895 3825 936 suum

2231 983 2482 1060 meritum
2510 990 2566 1060 et
2593 979 2820 1050 virginei
2848 979 3054 1036 ventris
3081 977 3308 1048 gloriam
3343 976 3634 1032 revelaret.
3693 971 3825 1029 Nam

2230 1057 2528 1145 inspirante
2548 1057 2661 1130 Deo
2682 1072 2842 1153 anilis
2862 1072 2952 1128 ille
2981 1079 3168 1126 uterus
3189 1069 3360 1149 sensit
3387 1067 3722 1124 adventasse
3735 1066 3819 1124 do-

2217 1165 2484 1236 minicum
2513 1171 2777 1226 ventrem,
2811 1147 3060 1232 novoque
3087 1146 3282 1238 gaudio
3333 1158 3657 1216 mortalibus
3699 1175 3826 1213 nun-

2230 1261 2351 1327 tiat,
2381 1267 2638 1330 quautam
2681 1256 3176 1314 mundotlaetitiam
3221 1253 3470 1310 Christus
3515 1252 3829 1308 nasciturus

2229 1352 2471 1409 inferret.
2511 1352 2652 1419 .Quis
2693 1367 2802 1406 non
2850 1357 3087 1422 stupeat,
3115 1347 3330 1414 fratres,
3362 1345 3514 1423 quod
3541 1347 3688 1404 inter
3715 1362 3829 1418 ηις-ι

2219 1444 2394 1527 ,steria
2443 1442 2830 1512 redemptionis
2869 1443 3142 1520 humanae,
3169 1437 3485 1518 mirantibus
3538 1439 3826 1502 matribus,

2231 1538 2469 1596 nondum
2499 1547 2626 1596 nata
2652 1539 2884 1608 gaudeat
2911 1535 3168 1593 infantia?
3215 1534 3463 1592 Nascitur
3519 1532 3663 1589 inter
3719 1533 3830 1588 iuet:

2229 1629 2467 1685 Joannes
2491 1637 2546 1684 et
2574 1621 2846 1686 Christum
2893 1627 3178 1684 nativitate
3231 1624 3509 1714 pmeedit,
3563 1631 3830 1694 quatenus

2232 1720 2464 1802 Domino
2493 1736 2615 1790 suo,
2640 1735 2799 1791 quem
2826 1719 2967 1802 intra
2995 1725 3242 1802 materna
3269 1716 3481 1772 viscera
3508 1729 3611 1796 per
3637 1713 3828 1786 gaudia

539 1793 807 1898 propheta
833 1805 1030 1883 legitur
1058 1807 1252 1879 natus;
1284 1812 1410 1868 hinc
1450 1804 1633 1864 autem
1661 1816 1834 1864 novus
1861 1805 2046 1867 homo,
2079 1808 2134 1858 et

2238 1795 2570 1900 celebrabat;
2614 1793 2892 1896 exhiberet
3155 1793 3462 1869 famulantis
3489 1793 3825 1902 obsequium.

537 1895 825 1978 plusquam
847 1903 1012 1962 homo
1041 1895 1190 1960 salus
1207 1903 1456 1959 omnium
1469 1899 1714 1958 Christus
1736 1895 1974 1954 advenit.
2007 1893 2134 1960 Pius

543 1999 728 2069 utique
748 2005 831 2054 est
849 2013 1011 2068 quam
1035 1987 1299 2069 propheta
1323 1987 1578 2064 Joannes,
1601 1993 1694 2063 qui
1717 1999 1771 2048 et
1789 1991 1964 2072 lucem
1987 1999 2138 2044 utun-

541 2091 599 2148 'di
617 2091 777 2162 hujus
801 2089 870 2147 ab
897 2089 1017 2148 aliis
1045 2091 1400 2163 prophetatus
1430 2087 1746 2158 ingreditur,
1789 2091 1844 2140 et
1863 2081 2134 2156 Christum

542 2181 834 2239 Dominum
861 2187 1110 2238 materno
1131 2176 1424 2252 prophetat
1445 2179 1502 2244 in
1544 2187 1720 2243 utero,
1775 2175 2136 2244 eamdemque

542 2264 820 2330 celebrato
867 2272 985 2344 ejus
1030 2271 1319 2344 baptismo,
1373 2287 1484 2326 non
1531 2264 1702 2325 solum
1735 2283 1831 2326 ore
1859 2265 2133 2338 pmdicat,

542 2363 640 2422 sed
695 2363 859 2420 etiam
885 2365 969 2419 .ad
997 2363 1386 2435 plenitudinem
1414 2361 1710 2420 testimonii
1737 2359 2137 2416 circumstanti-

542 2449 648 2515 bus
674 2451 884 2528 populis
912 2448 1078 2512 veluti
1131 2455 1300 2526 digito
1343 2459 1682 2511 monstrante
1727 2452 2009 2520 consignat
2053 2449 2138 2504 di-

544 2543 719 2604 cens:
768 2547 902 2604 Ecce
945 2548 1126 2622 Agnus
1167 2543 1289 2616 Dei,
1329 2562 1444 2601 ecce
1463 2545 1551 2618 qui
1577 2545 1710 2600 tollit
1728 2531 1940 2615 peccata
1963 2541 2141 2597 mundi

545 2639 728 2713 (Joan‘.
751 2639 814 2712 ι).
839 2637 966 2696 Pius
981 2647 1161 2695 autem
1191 2650 1352 2710 quam
1381 2637 1544 2694 homo
1564 2644 1646 2693 est
1675 2636 1938 2703 Christus,
1973 2633 1996 2671 ι’
2015 2635 2138 2703 quia

545 2731 692 2788 idem
714 2731 830 2804 ipse
854 2719 1093 2788 Verbum
1123 2737 1178 2786 et
1205 2745 1334 2787 caro
1363 2743 1500 2786 unus
1539 2737 1620 2785 est
1647 2727 1930 2796 Dominus,
1977 2734 2141 2796 atque

544 2830 685 2878 unus
706 2825 959 2895 idemque
986 2832 1222 2879 aeternus
1251 2831 1307 2879 et
1334 2823 1508 2878 novus
1533 2825 1646 2887 est;
1677 2829 1912 2876 :nternus
1949 2829 1980 2871 a
2005 2817 2138 2882 Deo,

543 2917 720 2970 'novus
749 2931 781 2968 a
829 2912 1049 2970 femina.
1079 2911 1158 2968 ibi
1186 2903 1808 2984 incomprehensibiliter
1835 2908 2045 2978 genitus
2075 2903 2142 2961 ab

543 3003 814 3077 ingenito;
843 3003 932 3060 hic
959 3003 1281 3060 mirabiliter
1305 3011 1466 3057 natus
1497 3018 1528 3057 e
1553 3001 1779 3071 virgine.
1812 3000 1889 3055 ibi
1919 3007 2143 3071 paterna
2175 3036 2182 3044 .

546 3099 834 3172 majestate
861 3097 1064 3165 editus;
1119 3098 1208 3153 hic
1253 3095 1486 3168 Spiritus
1523 3085 1839 3168 operatione
1862 3079 2142 3148 formatus.

2237 1895 2338 1974 Hic
2366 1921 2494 1975 ergo
2515 1913 2598 1963 est
2623 1895 2860 1962 Joannes
2887 1903 2955 1960 de
2983 1895 3321 1979 quo'dictum
3347 1910 3432 1958 est
3463 1917 3494 1956 a
3523 1895 3826 1972 propheta:

2247 1999 2364 2054 Vox
2383 1999 2656 2054 clamantis
2685 2000 2740 2052 in
2769 1997 3008 2053 deserto:
3037 1995 3231 2052 Parate
3255 1997 3389 2050 viam
3419 1993 3652 2073 Domino
3675 1990 3826 2064 (laci.

2238 2093 2356 2165 XL).
2388 2091 2669 2148 Clamabat
2688 2091 2742 2146 in
2771 2089 3081 2165 solitudine,
3113 2097 3172 2144 ut
3190 2087 3359 2146 corda
3407 2085 3721 2144 mortalium
3751 2085 3829 2139 in-

2239 2183 2573 2240 credulitatis
2623 2182 2874 2252 squalore
2893 2179 3105 2237 deserta
3129 2181 3376 2256 ubertate
3395 2176 3700 2250 prophetici
3723 2191 3828 2231 ser-

2237 2275 2418 2330 monis
2445 2273 2740 2331 excoleret.
2767 2272 2865 2328 Hic
2891 2282 2974 2328 est
3005 2273 3229 2340 angelus
3256 2270 3454 2327 missus
3479 2277 3616 2326 'ante
3647 2266 3828 2323 facient

2242 2363 2440 2420 ChriSti
2461 2364 2554 2436 qui
2582 2362 2906 2442 populorum
2927 2371 3148 2434 pectora
3170 2362 3389 2418 monitis
3408 2361 3534 2416 vitae
3554 2357 3829 2415 sanctioris

2241 2455 2508 2512 instructa
2535 2454 2832 2510 Salvatoris
2861 2453 3116 2510 adventui
3163 2453 3356 2530 doctor
3381 2452 3652 2514 sollicitus
3700 2465 3828 2522 prae-

2241 2550 2470 2624 paravit.
2500 2548 2598 2604 iiie
2623 2557 2706 2604 est
2733 2549 2823 2604 ille
2860 2548 3100 2620 Baptista
3128 2548 3218 2618 qui
3244 2546 3530 2612 Dominum
3566 2561 3723 2602 suum
3767 2548 3828 2602 oi.

2240 2644 2348 2715 hoc
2393 2641 2670 2714 baptizare
2717 2643 2935 2707 meruit,
2988 2649 3047 2698 ut
3075 2657 3195 2698 sese
3224 2640 3392 2708 magis
3423 2639 3556 2695 dilui
3584 2640 3826 2712 baptizati

2244 2730 2330 2784 sui
2377 2728 2578 2785 virtute
2629 2727 2873 2784 sentiret.
2923 2723 3022 2783 ilic
3061 2736 3146 2784 est
3165 2741 3342 2798 przcco
3363 2726 3518 2795 regni
3538 2725 3727 2782 aeterni
3745 2725 3825 2795 qui

2229 2810 2406 2900 .te'rris
2435 2819 2626 2876 adesse
2655 2819 2864 2890 Agnum
2895 2818 3010 2884 Dei,
3037 2819 3322 2900 ipsumque
3349 2816 3537 2874 mundi
3558 2823 3824 2900 peccatum

2244 2893 2456 2979 tollere,
2487 2927 2584 2967 sua
2613 2911 2838 2982 quidem.
2859 2911 3059 2982 lingua,
3089 2910 3185 2967 sed
3213 2894 3326 2966 Deo
3355 2893 3615 2981 loquenie
3643 2910 3824 2966 clama-

2244 3001 2359 3059 bat.
2392 3001 2492 3060 liic
2520 3011 2604 3058 est
2631 3003 3019 3074 pronuntiante
3047 2997 3278 3058 Domino
3335 2987 3478 3057 inter
3523 3007 3683 3058 natos
3719 3017 3818 3056 mu-

2206 3089 2212 3094 ’
2247 3093 2440 3148 lierum
2463 3091 2670 3162 major;
2700 3099 2756 3147 et
2778 3107 2903 3148 vere
2931 3091 3127 3162 major,
3155 3091 3282 3160 quia
3303 3089 3400 3147 Dei
3421 3089 3618 3146 Filium
3640 3099 3699 3145 ut
3713 3105 3821 3161 pro-

546 3186 628 3250 ibi
675 3193 904 3264 simplex
947 3193 1010 3248 in‘
1051 3190 1310 3248 Genitore
1356 3198 1549 3246 natura
1585 3197 1704 3255 est;
1732 3187 1821 3243 hic
1849 3185 2060 3258 gemina
2086 3185 2143 3240 in
2171 3184 2219 3250 C
2250 3185 2414 3256 pheta
2445 3183 2816 3256 prreloquitur,
2846 3192 2906 3239 ut
2949 3199 3252 3256 praicursor
3281 3184 3589 3251 antevertit,
3638 3191 3696 3240 ut
3735 3181 3814 3236 Ba-

543 3279 914 3358 Bedemptore
939 3283 1259 3340 substantia.
1294 3271 1551 3354 5591M
1576 3279 1726 3335 totus
1745 3275 2089 3349 impassibilis
2109 3290 2142 3330 a

545 3373 711 3434 Patre
721 3387 820 3456 suo
836 3377 978 3434 Deus
994 3384 1096 3443 est;
1111 3373 1201 3432 hi’c
1213 3375 1393 3432 autem
1406 3381 1612 3428 tantum
1623 3365 1887 3441 prooessit
1900 3384 1931 3423 a
1945 3371 2138 3434 matre,

545 3477 606 3526 ut
627 3469 682 3526 et
697 3471 809 3542 pati
830 3468 941 3526 non
966 3465 1158 3542 possit.
1176 3464 1294 3522 Pati
1314 3465 1458 3522 enim
1482 3463 1870 3536 poterat,sicut
1899 3469 1952 3516 et
1980 3473 2139 3531 passa

543 3569 630 3620 est
655 3576 782 3618 caro
806 3568 934 3618 nata
958 3558 1026 3617 de
1045 3570 1230 3626 carne,
1261 3555 1317 3614 et
1342 3558 1454 3630 pati
1476 3547 1586 3620 non
1609 3562 1826 3627 poterat
1853 3553 1994 3610 Deus
2043 3567 2140 3607 na-

547 3661 632 3710 tus
653 3655 706 3709 in
727 3669 908 3710 carne.
942 3651 1124 3708 Edidit
1153 3661 1386 3722 namque
1413 3647 1574 3705 nobis
1601 3663 1701 3718 per
1728 3653 1941 3702 uterum
1975 3643 2137 3714 virgi-

543 3747 632 3801 nis
680 3745 822 3801 Deus
874 3759 1112 3826 carnem,
1145 3732 1210 3800 et‘
1227 3759 1355 3800 caro
1383 3739 1572 3798 Deum.
1601 3739 1711 3795 Nec
1737 3737 2134 3809 ambigendum,

542 3838 764 3906 iratres,
791 3838 838 3892 si
858 3835 949 3892 ille
975 3825 1118 3892 Deus
1142 3835 1322 3908 potuit
1340 3847 1460 3890 esse
1482 3833 1626 3902 quod
1646 3825 1836 3896 voluit,
1861 3832 1952 3900 qui
1979 3842 2000 3867 π
2027 3840 2142 3885 om‘-

541 3927 807 3998 nia°quod
845 3925 1016 3982 voluit
1053 3927 1200 3983 fecit.
1232 3926 1416 3999 Neque
1466 3921 1826 3980 cunctandum
1857 3919 1903 3976 si
1927 3919 2023 3976 Dei
2049 3919 2138 3976 Fi-

541 4016 650 4075 lius
692 4021 870 4090 potuit
911 4021 1189 4094 hominem
1232 4017 1335 4075 sibi
1381 4009 1589 4074 sociare
1619 4014 1948 4096 passibilem,
1975 4031 2136 4086 quem

540 4119 760 4184 poterat
784 4114 1052 4183 passionis
1082 4111 1356 4182 triumpho
1377 4107 1822 4182 impassibilitatis
1843 4108 2012 4178 gloria
2043 4124 2138 4164 co-

540 4201 762 4259 ronare.
792 4203 852 4258 Si
870 4195 1070 4258 novum
1085 4203 1192 4258 fuit
1219 4202 1365 4273 quod
1404 4199 1546 4258 Deus
1572 4208 1654 4256 est
1679 4207 1838 4256 natus
1866 4199 1919 4254 in
1953 4199 2131 4267 terris,

539 4295 714 4352 multo
741 4283 911 4366 inagis
941 4285 1024 4350 est
1053 4307 1254 4350 novum
1281 4292 1426 4364 quod
1455 4281 1626 4348 homo'
1669 4299 1860 4360 regnat
1885 4291 1939 4346 in
1970 4291 2129 4347 cmlo.

495 4409 505 4419 κ
540 4388 748 4457 Quibus
767 4387 1022 4458 inspectis
1044 4387 1338 4459 perfectam
1369 4385 1737 4456 gloriosissimi
1766 4382 1990 4440 Joannis
2033 4381 2132 4438 Ba-

536 4481 716 4552 ptistae
760 4475 1150 4535 beatitudinem
1181 4477 1618 4548 comprobanius,
1650 4491 1811 4547 quem
1840 4477 1895 4530 in
1926 4484 2130 4530 tantam

2246 3278 2413 3349 ptista
2443 3279 2696 3348 suscepit,
2730 3285 2790 3334 ut
2819 3278 2972 3333 testis
2996 3278 3250 3335 ostendit.
3283 3276 3351 3334 Et
3377 3286 3503 3350 post
3523 3277 3716 3343 omnia,
3743 3275 3815 3334 hit

2238 3381 2334 3427 est
2363 3372 2452 3428 ille
2477 3388 2638 3443 quem
2687 3373 2833 3428 nulla
2858 3371 3300 3430 indumentorum
3329 3371 3641 3428 oblectante
3664 3369 3814 3425 molli-

2237 3459 2324 3522 tie
2345 3468 2536 3523 cameli
2558 3475 2704 3522 texta
2727 3465 2794 3522 de
2821 3465 2944 3537 pilis
2964 3466 3208 3538 asperior
3229 3467 3411 3522 tunica
3436 3465 3711 3529 vestiebat,
3735 3478 3814 3522 ne-

2247 3574 2356 3631 que
2385 3559 2493 3614 ulla
2525 3559 2774 3629 voluptas
2803 3557 3084 3629 epularqu
3107 3557 3348 3622 suavior,
3375 3565 3474 3614 aut
3499 3553 3812 3628 edacisguia!

2247 3660 2582 3710 tentamenta
2631 3652 2938 3724 capiebant,
2988 3650 3082 3708 sed
3129 3654 3384 3720 tanquam
3404 3665 3534 3707 vere
3555 3661 3810 3706 censorem

2245 3746 2480 3807 faucium
2502 3753 2745 3811 snitum,
2777 3753 2831 3800 et
2849 3740 3019 3820 jejuni
3050 3745 3250 3800 ventris
3289 3743 3588 3810 dominum,
3617 3757 3708 3812 per
3729 3739 3809 3800 de.

2244 3847 2388 3894 serta
2410 3837 2662 3907 gradiens
2684 3835 2840 3892 arida
2862 3837 3069 3892 locusta
3114 3837 3391 3908 pascebat.
3423 3835 3528 3892 Mel
3557 3836 3710 3892 etiam
3731 3831 3808 3888 sil-

2242 3938 2425 3986 vestre
2454 3930 2648 3999 legitur
2676 3928 3055 4008 manducasse,
3097 3937 3156 3984 ut
3195 3929 3540 3984 advertamus
3566 3941 3682 4002 eum
3715 3939 3806 3980 non
3897 3962 3906 3972 .

2245 4021 2369 4078 cibo
2397 4022 2630 4076 humana
2659 4019 3020 4077 sollicitudine
3045 4027 3368 4092 praeparato,
3398 4018 3499 4076 sed
3526 4027 3678 4091 pastu
3698 4016 3804 4072 sim-

2243 4114 2390 4185 plici,
2441 4123 2496 4170 et
2527 4114 2828 4169 illaborata
2855 4113 3054 4169 vixisse
3097 4111 3416 4168 substantia.
3446 4109 3516 4166 Et
3545 4111 3655 4166 hate
3681 4108 3802 4174 ideo,

2243 4215 2304 4262 ut
2331 4207 2582 4274 arbitror,
2607 4206 2822 4275 fratres,
2855 4221 2922 4261 ne
2944 4213 3275 4272 assertorem
3297 4203 3524 4274 iustitiae
3569 4218 3601 4258 a
3628 4213 3803 4274 pasco-

2241 4299 2341 4378 nio.
2365 4299 2611 4380 veritatis
2631 4306 2724 4354 aut
2746 4297 3044 4368 speciosior
3082 4296 3248 4352 vestis
3275 4294 3594 4371 abduceret,
3620 4300 3706 4348 aut
3724 4291 3802 4346 de-

2240 4389 2461 4446 lectatio
2484 4390 2804 4462 depravaret
2824 4403 3086 4444 escarum.
3109 4385 3186 4442 De
3215 4387 3318 4443 hac
3337 4385 3584 4458 profecto
3611 4394 3802 4453 ungua-

2240 4483 2488 4538 nimitate
2533 4481 2829 4542 descendit,
2881 4479 3026 4552 quod
3075 4479 3204 4534 dum
3247 4471 3514 4533 Herodem
3554 4469 3802 4544 regemdc

536 4573 922 4630 Sublimitatem
952 4572 1195 4642 dignatio
1216 4571 1451 4628 cwlcstis
1477 4571 1676 4636 evexit,
1707 4578 1767 4625 ut
1815 4570 2130 4641 mysterium
2159 4565 2216 4626 D
2239 4575 2536 4632 concubitu
2558 4573 2812 4630 fraterna:
2840 4572 3086 4644 conjugis
3111 4569 3450 4628 conﬁdenter
3468 4569 3692 4633 incusat,
3717 4577 3799 4619 nec

534 4660 726 4720 salutis
773 4673 971 4720 nostrae
1002 4663 1160 4718 terris
1188 4661 1436 4734 c’dzloqu‘e
1481 4661 1762 4726 mirabilis,
1814 4669 1869 4716 et
1898 4661 2126 4716 necdum

533 4762 696 4811 natus
715 4755 1044 4826 prophetare
1072 4755 1352 4823 meruerit,
1384 4767 1439 4810 et
1467 4763 1626 4810 natus
1659 4753 1964 4809 ostendere.
1996 4751 2128 4807 Erat

533 4845 681 4900 enim
709 4853 839 4900 tunc
865 4845 1099 4900 Joannes
1124 4846 1527 4915 dispensatione
1574 4843 1755 4899 divina
1802 4846 2028 4900 acerbus
2056 4843 2124 4898 ad

529 4940 769 5005 partum,
800 4940 1044 4988 maturus
1076 4933 1144 4988 ad
1172 4934 1429 5004 gratiam;
1455 4949 1578 4988 nam
1601 4935 1694 5005 qui
1725 4935 2127 5004 nativitatipro-

442 5077 450 5110 ς
529 5013 664 5110 urite
689 5007 889 5080 nedum
913 5023 1196 5080 videbatur
1224 5023 1468 5090 idoneus,
1501 5033 1652 5080 ortus
1673 5025 1929 5082 dominici
1951 5025 2124 5082 factus
2158 5019 2162 5024 ’

507 5101 616 5201 est
634 5115 862 5172 idoneus
881 5117 1228 5188 praedicator;
1261 5134 1490 5190 cumque
1518 5121 1750 5176 naturali
1801 5121 1918 5190 lege
1949 5131 2124 5181 totum

454 5243 461 5286 ί
527 5207 708 5266 adhuc
729 5209 1006 5266 hominem
1033 5220 1226 5268 venter
1245 5221 1518 5270 maternus
1541 5213 1859 5281 includeret,
1895 5214 2008 5286 jam
2038 5224 2122 5272 ta-

527 5316 654 5358 men
683 5301 928 5374 spiritum
950 5303 1207 5360 nascituri
1228 5303 1320 5360 lilii
1341 5305 1460 5360 lmta
1501 5307 1690 5362 matris
1715 5306 1892 5378 lingua
1923 5308 2120 5378 prode-

532 5395 652 5460 bat:
703 5398 780 5452 ait
825 5397 970 5454 enim
1016 5395 1310 5465 Elisabeth,
1358 5407 1420 5455 ut
1443 5399 1642 5456 lectum
1671 5408 1775 5470 est,
1803 5401 1871 5456 ad
1899 5400 2118 5458 beatam

600 5643 627 5673 ⁸
657 5633 794 5692 Cod.
823 5635 1002 5692 Casin.
1036 5636 1239 5692 omittit
1265 5636 1456 5689 vocent
1479 5621 1622 5686 sime.

597 5703 628 5742 δ
655 5705 799 5782 idem
827 5683 984 5774 cod:
1003 5683 1132 5780 quia.
1165 5709 1332 5782 ipsum
1384 5683 1621 5782 Verbum
1635 5712 1692 5782 Let
1719 5717 1842 5756 caro
1879 5717 2010 5754 unus
2032 5712 2109 5778 est
2172 5683 2236 5778 δ’(

531 5771 801 5840 Dominus,
849 5771 1196 5847 atque'uitus,
1221 5777 1454 5846 idemque
1489 5771 1732 5840 curehius,
1762 5782 1988 5828 etnovm
2009 5774 2104 5828 est.
2209 5771 2256 5852 ἦ

1019 5928 1096 5954 5".“

2231 4668 2536 4739 gloriosam
2587 4666 2770 4722 subire
2818 4659 3069 4729 martem,
3121 4679 3224 4719 nec
3261 4661 3445 4718 mundi
3474 4661 3648 4724 lucem
3672 4671 3798 4730 sper-

2236 4775 2374 4830 nere
2429 4757 2755 4822 formidavit.
2810 4757 2996 4828 Neque
3042 4755 3211 4812 tristis
3240 4755 3382 4812 hanc
3402 4755 3569 4822 vitam
3589 4740 3792 4820 reliquit.

2237 4850 2366 4919 quia
2396 4864 2610 4918 seraper
2651 4847 2963 4905 custodiens
2990 4845 3366 4917 prophetaiem
3409 4845 3640 4916 rigorem
3683 4857 3794 4896 nun-

2237 4956 2401 5011 quam
2435 4942 2650 5012 penitus
2681 4940 2854 4996 fuerat
2898 4938 3104 4996 fallacis
3149 4937 3330 4994 saaculi
3356 4937 3620 4992 suavitate
3647 4932 3794 4990 uiollia

2237 5018 2344 5088 tus.
2401 5029 2627 5104 Propter
2663 5025 2809 5102 quod
2834 5030 3226 5102 patientissime
3269 5037 3546 5099 pmcepto
3573 5026 3704 5096 regis
3729 5023 3790 5077 ia.

2229 5127 2364 5198 justi
2385 5128 2562 5198 capite
2585 5134 2864 5182 truncatur
2888 5125 2943 5180 in
2969 5139 3212 5187 carcere,
3244 5122 3336 5193 qui
3381 5119 3653 5177 fortissimi
3697 5114 3788 5170 obi-

2231 5229 2321 5276 tus
2351 5219 2572 5301 praemio
2601 5225 2980 5275 remunerante
3023 5209 3259 5294 omlestis
3314 5203 3526 5283 imperii
3563 5214 3698 5281 rege,
3744 5213 3786 5273 ει

2231 5297 2398 5386 caput
2425 5331 2482 5371 se
2509 5331 2666 5371 suum
2693 5319 3035 5384 recepturum
3064 5299 3288 5368 noverat
3307 5303 3364 5366 et
3382 5297 3624 5366 salutem.

2302 5643 2324 5700 σῖ
2357 5629 2499 5687 .uciit
2523 5626 2669 5694 cod.,
2702 5607 2878 5684 omnia
2899 5626 3012 5700 quia
3041 5616 3362 5700 uoluit-fecit.

2297 5699 2326 5740 ἀ
2350 5703 2484 5758 item
2510 5703 2628 5758 cod.
2642 5692 2663 5770 ,7
2678 5692 3050 5787 salutationis,,
3067 5696 3182 5753 'etc.
3193 5737 3209 5764 ,
3220 5692 3286 5750 'in
3315 5692 3524 5768 gaudio.
