4052 6330
287 304 379 360 σοι
1203 313 1213 321 ‘
1711 297 1857 354 SER!

1978 297 2131 354 LXV.
3445 297 3569 361 663'

1654 409 1924 471 SERMO
1967 407 2168 468 LXIII

1327 515 1403 568 De
1443 513 1704 567 nativitate
1735 512 1795 565 S.
1825 510 2048 564 Joannis
2080 511 2324 581 Baptista:
2363 511 2493 568 VII.

1735 600 1857 655 ADL?

1963 596 2121 656 mo.
2330 595 2334 600 '
3539 617 3548 678 ρ
3627 681 3630 685 ¹

3620 690 3627 722 i

352 701 508 770 531
540 699 597 754 lu
621 700 684 770 VS.
707 700 962 770 Dalmatii
993 715 1134 770 stepe
1162 715 1191 754 a
1219 700 1376 770 nobis
1405 697 1622 753 laudato
1663 695 1850 752 codice
1889 695 1976 751 hic
2002 711 2183 752 sermo
2218 715 2326 769 pne
2357 717 2416 756 se
2461 701 2564 757 fert
2608 703 2664 769 S_.
2698 705 2912 764 Maximi
2944 725 3141 764 nomen
3180 725 3301 765 cum
3342 711 3496 765 titulo
3527 729 3542 768 .1

280 768 416 824 Item
445 768 506 826 et—
514 772 577 824 de
601 769 662 826 S.
685 769 842 826 Joan.
878 770 1032 840 Bapt.
1066 768 1242 825 homil.
1278 769 1393 824 III.

280 815 416 824 -.-..-
445 815 492 826 ν-
514 815 574 824 ..ν
601 815 662 826 ν.
686 815 842 826 -ν.....
878 815 1032 840 -..μη
1278 815 1393 824 ---.

279 871 671 942 Attalium-ttat.
703 897 775 906 —
803 862 862 942 S_.
894 862 1124 942 Joannes
1159 864 1395 942 Baptista
1409 862 1662 942 progenie
1686 857 1861 942 ittcly-
1889 860 1945 919 A
1968 851 2155 917 venter
2184 855 2450 919 intumuit.
2480 865 2712 922 Joannes
2741 870 3040 942 concipitur
3064 879 3216 927 utero
3239 865 3541 936 senissimo,
3616 815 3628 855 Ι

353 935 1058 1013 tus,_nativitate.mirabilis,
1093 941 1242 1013 (itque
1269 935 1319 986 in
1351 934 1455 985 vita
1483 934 1862 1013 etnmortedglo-

350 1006 692 1076 riosissimus;
724 1003 991 1076 plusquam
1015 1003 1283 1073 propheta,
1307 1013 1355 1056 et
1383 1019 1478 1076 vox
1508 1003 1781 1076 clamantis
1808 1003 1861 1076 in
1894 1036 1900 1042 -

350 1075 584 1139 deserto;
627 1073 740 1146 qua:
768 1073 864 1146 eoai
891 1076 1046 1146 etiam
1076 1090 1212 1127 nunc
1241 1075 1437 1128 cunctis
1465 1090 1579 1146 qua:
1620 1073 1860 1144 facienda

348 1159 560 1217 atraeque
581 1145 828 1218 fugienda
857 1145 963 1200 sint
982 1148 1289 1217 proclamat.

344 1323 527 1378 Sancti
571 1322 794 1378 Joannis
823 1323 1075 1398 Baptistae
1119 1324 1376 1380 hodierna
1406 1323 1513 1388 die,
1545 1324 1736 1380 fratres
1763 1341 1858 1380 ca-

270 1415 491 1481 rissimi,
523 1415 759 1470 natalem
787 1415 1143 1486 celebrantes,
1172 1415 1499 1470 exsultemus
1527 1425 1687 1484 atque
1713 1416 1859 1480 laete-

269 1522 398 1562 mur
425 1507 479 1561 in
508 1506 758 1574 Domino,
791 1493 938 1560 illum
962 1506 1016 1560 iu
1045 1507 1212 1561 veteri
1246 1506 1361 1574 lege
1399 1515 1580 1560 natum
1610 1521 1728 1561 esse
1756 1507 1857 1562 ho-

270 1598 476 1653 minem
517 1598 773 1668 progenie
807 1598 1084 1669 inclytum,
1117 1598 1400 1653 nativitatc
1428 1595 1746 1665 mirabilem,
1777 1610 1858 1654 at-

266 1705 378 1760 que
396 1691 448 1744 in
470 1691 578 1746 vita
600 1699 654 1746 et
675 1699 848 1746 morte
875 1691 1337 1760 gloriosissimum.
1363 1692 1480 1764 Ipse
1501 1694 1642 1747 enim
1665 1703 1747 1748 est
1771 1693 1856 1748 ille

266 1798 574 1853 praecursor
593 1780 826 1836 Joannes
849 1782 938 1852 qui
960 1780 1294 1838 Salvatorem
1313 1783 1513 1849 saeculi,
1551 1784 1651 1840 etsi
1682 1783 1856 1840 adhuc

265 1875 460 1928 matris
498 1875 552 1928 in
577 1883 730 1929 utero
752 1875 1070 1936 latitantem.
1103 1876 1265 1930 etiam
1295 1876 1410 1944 ipse
1432 1884 1679 1931 materno
1706 1876 1856 1931 clau-

263 1980 363 2020 sus
394 1965 445 2018 in
469 1965 608 2030 sinu,
638 1966 955 2021 exsultando
985 1966 1256 2031 salutavit,
1288 1967 1618 2038 saltibusque
1654 1982 1857 2022 annun-

265 2058 428 2112 tiavit
456 2067 797 2128 przesentem.
829 2059 996 2114 Natus
1022 2076 1172 2124 vero,
1213 2069 1373 2130 atque
1403 2061 1542 2116 inter
1570 2062 1854 2116 tenebrosa

264 2149 476 2204 deserti
511 2150 728 2204 latitans
770 2151 1037 2219 gloriosus
1063 2153 1390 2222 promulgat,
1423 2154 1761 2209 venientibus
1790 2153 1856 2208 ad

1970 945 2135 1038 patri,
2167 971 2328 1027 quam
2359 973 2630 1027 nunquam
2661 959 2957 1026 habuerat,
3004 962 3181 1033 proles
3210 957 3540 1017 conceditur.

1969 1045 2237 1102 Elisabeth
2271 1055 2449 1103 autem
2480 1059 2740 1104 vacuatur
2769 1059 2971 1118 uterus,
3002 1045 3055 1107 et
3083 1049 3308 1108 matrem
3340 1070 3396 1108 se
3426 1051 3543 1107 lieta
3619 1057 3627 1068 '

1966 1139 2208 1192 miratur.
2258 1137 2502 1193 Exsultat
2545 1137 2827 1195 Zacharias
2875 1140 2926 1195 in
2971 1143 3192 1211 gaudio;
3237 1141 3437 1198 etcum
3480 1142 3546 1197 de
3631 1161 3639 1204 ε

1965 1213 2117 1300 pueri
2158 1231 2376 1286 nomine
2407 1221 2546 1301 apud
2591 1231 2866 1300 proximos
2910 1242 3052 1288 esset
3093 1235 3386 1298 contentio,
3419 1233 3544 1286 dum
3626 1213 3636 1249 ς

1964 1323 2164 1379 tabulis
2194 1332 2350 1394 pater
2376 1317 2568 1396 stylum
2603 1323 2714 1394 ﬁgit
2737 1369 2749 1390 ,
2791 1333 2850 1380 ut
2878 1341 2976 1396 pro
3007 1326 3226 1381 arbitrio
3256 1325 3366 1382 nati
3395 1325 3545 1398 pueri

1964 1431 2163 1470 nomen
2193 1403 2478 1481 describat,
2511 1417 2653 1486 quod
2682 1433 2932 1473 sermone
2956 1419 3225 1488 explicare
3252 1429 3361 1476 non
3392 1419 3545 1490 po'te-

1966 1517 2090 1572 rat,
2142 1509 2193 1562 in
2223 1524 2412 1564 vocem
2451 1511 2628 1565 subito
2657 1511 2889 1580 linguam
2933 1511 3188 1577 resolvit,
3227 1511 3545 1581 litterasque

1964 1613 2213 1656 sermone
2244 1603 2522 1670 prmve’nit,
2555 1611 2610 1657 et
2648 1618 2806 1671 quem
2837 1604 2976 1673 stylo
3019 1600 3282 1658 Joannem
3311 1595 3546 1660 scribere

1963 1692 2198 1758 volebat,
2228 1693 2496 1762 loquendo
2521 1702 2766 1748 testatur.
2797 1693 2933 1760 Quid
2954 1710 3083 1763 ergo
3106 1696 3298 1750 mirum
3325 1695 3369 1750 si
3397 1696 3544 1753 illum

1962 1786 2084 1854 plus
2111 1801 2270 1854 quam
2302 1779 2624 1857 prophetam
2653 1785 2898 1842 Christus
2924 1788 3221 1858 prtedicat?
3249 1787 3377 1855 Quis
3405 1789 3545 1846 enim

1964 1879 2351 1948 prophetarum
2401 1879 2670 1936 nascendo
2712 1895 2899 1936 vocem
2927 1923 2942 1948 ,
2985 1889 3040 1936 et
3084 1881 3284 1950 populo
3313 1881 3546 1938 restituit

1963 1969 2335 2023 sacerdotem?
2365 1969 2505 2038 Ergo
2535 1987 2635 2026 nec
2673 1972 2868 2026 mirum
2897 1971 2943 2025 si
2981 1971 3049 2026 de
3089 1987 3146 2026 se
3174 1979 3362 2040 postea
3393 1973 3545 2028 dixe-

1963 2060 2032 2138 rit
2061 2079 2072 2112 :
2106 2059 2221 2132 Ego
2248 2079 2363 2116 sum
2393 2079 2490 2117 eoa:
2513 2063 2787 2117 clamantis
2815 2064 2868 2117 in
2899 2063 3099 2116 deserto
3128 2045 3276 2132 (an.
3310 2064 3406 2134 ιιι).
3434 2061 3544 2118 Iloc

1963 2162 2063 2218 est,
2115 2169 2222 2208 non
2268 2170 2372 2208 vox
2407 2147 2620 2209 tantum
2641 2170 2761 2224 quae
2807 2151 3134 2210 audientium
3171 2156 3348 2210 valeat
3391 2171 3544 2212 aures

265 2255 330 2294 se
375 2240 586 2310 populis
632 2257 853 2298 securus
899 2243 1152 2312 prcedicat
1176 2283 1190 2307 ,
1238 2243 1572 2300 conﬁdenter
1600 2245 1853 2301 ostendit.
1888 2243 1938 2305 B
1963 2252 2270 2314 penetrare,
2302 2244 2397 2300 sed
2429 2253 2484 2300 et
2512 2246 2812 2313 clamantis,
2845 2261 2965 2316 quae
2994 2263 3187 2318 nempe
3217 2247 3543 2304 audientium

264 2329 380 2385 Iste
399 2341 482 2386 est
508 2332 597 2386 ille
623 2333 948 2388 clarissimus
970 2333 1169 2389 Christi
1193 2334 1428 2405 Baptista
1445 2337 1535 2405 qui
1558 2336 1851 2392 advenien-

264 2432 355 2479 tes
378 2424 444 2479 ad
473 2441 532 2480 se
557 2425 878 2496 populorum
909 2427 1092 2482 turbas
1118 2435 1265 2482 tanta
1293 2429 1571 2484 alacritate
1595 2430 1851 2499 exagitat,

265 2523 327 2569 ut
377 2531 478 2572 nec
522 2514 912 2573 Pharisaeorum
941 2520 1244 2589 superbiam
1270 2560 1284 2584 ,
1337 2536 1437 2577 nec
1476 2521 1771 2577 scribarum
1801 2523 1854 2578 in

263 2607 392 2675 lege
419 2607 630 2663 Domini
661 2610 1002 2680 imperitiam,
1046 2627 1146 2668 nec
1174 2612 1427 2689 vitiorum
1457 2614 1714 2678 omnium,
1744 2615 1857 2683 qui-

263 2699 372 2754 bus
425 2700 629 2769 perlida
684 2702 770 2758 illa
824 2717 1239 2772 gens............
1297 2707 1570 2763 declarare
1623 2718 1852 2766 recusat.

263 2792 426 2848 Hunc
455 2809 556 2848 nec
602 2795 886 2866 impiorum
931 2807 1114 2866 regum
1155 2799 1340 2865 mina),
1390 2815 1490 2855 nec
1535 2801 1856 2858 luxuriantis

265 2885 411 2939 aula:
441 2885 666 2954 plurima
699 2888 999 2965 commoda,
1031 2905 1132 2945 nec
1157 2892 1506 2948 sacerdotalis
1533 2895 1746 2962 generis
1765 2910 1856 2948 su-

265 2978 458 3048 perbia
489 2994 520 3032 a
546 2981 776 3036 veritate
802 2981 1028 3037 dicenda
1064 2984 1349 3054 prohibere
1376 2992 1683 3054 potuerunt.
1716 2985 1855 3042 Vere

267 3070 437 3140 igitur
462 3070 705 3128 Christus
732 3072 991 3130 Dominus
1037 3075 1174 3130 dixit
1220 3091 1339 3131 esse
1383 3077 1502 3146 plus
1530 3093 1690 3148 quam
1731 3094 1857 3148 pro-

268 3163 515 3232 phetam.
548 3163 714 3220 Natus
762 3167 904 3220 enim
952 3175 1145 3236 pncter
1192 3179 1532 3224 communem
1578 3170 1855 3226 hominum

272 3256 635 3323 nativitatem,
670 3259 817 3312 illum
844 3259 1058 3329 quidem
1089 3259 1392 3315 obsecratio
1421 3268 1608 3316 sancta
1631 3263 1853 3328 creavit,

197 3413 204 3419 _
268 3365 382 3404 non
413 3365 542 3405 vero
572 3351 837 3422 voluptas.
891 3352 1022 3406 Nam
1069 3367 1189 3407 cum
1231 3353 1463 3407 materni
1512 3355 1648 3408 uteri
1695 3354 1855 3409 anilia

269 3443 481 3497 viscera
521 3441 863 3511 friguissent,
915 3453 969 3498 et
999 3443 1134 3499 fessa
1175 3443 1286 3514 jam
1335 3446 1578 3514 corporis
1615 3446 1855 3502 membra

268 3536 474 3590 nullam
529 3537 759 3608 amplius
814 3537 1152 3594 fecunditatis
1204 3539 1428 3607 gratiam
1485 3539 1851 3608 sponderent,

1961 2335 2126 2391 corda
2157 2337 2431 2394 concutiat
2485 2345 2645 2406 atque
2670 2339 2723 2392 in
2754 2338 2892 2393 viam
2919 2338 3106 2393 salutis
3135 2338 3382 2393 adducat.
3419 2339 3542 2404 Qua:

1962 2427 2210 2498 equidem
2237 2444 2344 2483 vox
2386 2429 2548 2483 etiam
2587 2445 2728 2484 nunc
2769 2429 2978 2484 cunctis
3024 2429 3339 2500 proclamat.
3371 2425 3542 2498 Atque

1960 2519 2122 2574 etiam
2148 2521 2323 2585 vobis,
2355 2520 2570 2584 fratres,
2602 2536 2721 2592 qua:
2748 2519 3011 2586 facienda,
3043 2511 3269 2590 quaeque
3295 2518 3540 2588 fugienda

1961 2613 2068 2667 sint
2115 2629 2212 2683 per
2259 2613 2618 2668 humilitatem
2661 2620 2900 2667 nostram
2946 2627 3159 2682 semper
3205 2611 3487 2666 annuntiat
3528 2629 3540 2662 :

1962 2703 2159 2758 Par-ate
2179 2707 2312 2759 viam
2333 2705 2566 2770 Domini,
2595 2715 2759 2774 rectas
2787 2706 2943 2776 facite
2969 2706 3178 2775 semitas
3199 2705 3311 2774 ejus
3333 2691 3540 2774 (Ibid.).

1961 2797 2102 2868 Ergo
2133 2799 2272 2853 viam
2301 2799 2529 2854 Domino
2552 2811 2744 2868 parare
2765 2797 3036 2866 jubemur,
3069 2804 3266 2852 nostra:
3295 2795 3540 2865 equidem

1960 2892 2083 2946 ﬁdei
2123 2893 2373 2962 puritate,
2407 2907 2509 2961 qua
2533 2907 2640 2946 non
2681 2896 2889 2945 tantum
2919 2888 3185 2944 idolorum
3214 2902 3355 2942 vana
3384 2894 3542 2956 atque

1961 2984 2332 3054 superstitiosa
2361 2982 2611 3052 ﬁgmenta
2628 2982 2994 3046 adversamur,
3023 2980 3183 3036 sedet
3204 2980 3257 3034 in
3288 2979 3542 3033 fratribus

1961 3092 2025 3131 ea
2055 3077 2386 3132 detestemur
2412 3085 2466 3130 et
2509 3077 2860 3145 corrigamus.
2901 3074 3072 3144 Ipsius
3108 3087 3322 3142 quoque
3348 3071 3542 3127 mentis

1961 3169 2233 3236 castitate,
2271 3184 2378 3236 qua
2406 3176 2462 3222 et
2493 3167 2745 3222 fratribus
2788 3167 3158 3232 misereamur,
3190 3167 3399 3221 cunctis
3427 3180 3543 3234 qua:

1961 3277 2056 3314 sua
2098 3269 2224 3314 sunt
2261 3260 2632 3324 restituendo,
2688 3259 2846 3314 nullis
2893 3257 3264 3324 adversando,
3303 3266 3542 3312 errantes

1961 3354 2310 3422 corrigendo,
2355 3353 2577 3420 singulis
2603 3352 2838 3417 demum,
2871 3362 3129 3421 quantum
3157 3365 3256 3420 per
3284 3343 3382 3404 nos
3422 3350 3543 3406 licet

1959 3446 2369 3502 benefaciendo.
2400 3443 2542 3513 Ergo
2565 3445 2716 3514 juxta
2735 3442 3026 3506 venerandi
3048 3443 3298 3513 Baptistae
3319 3442 3542 3507 monita,

1965 3553 2180 3608 semper
2207 3541 2464 3602 vivamus,
2497 3537 2664 3592 Deum
2693 3550 2904 3605 semper
2934 3541 3242 3598 exorantes,
3279 3541 3336 3587 ut
3366 3533 3418 3586 in
3448 3532 3544 3587 bo-

267 3637 460 3683 contra
492 3630 972 3705 impossibilitatem
1004 3632 1182 3686 senilis
1221 3634 1464 3702 corporis
1510 3641 1565 3686 et
1599 3632 1853 3688 sterilita-
1883 3615 1932 3680 C
1962 3634 2046 3689 nis
2073 3633 2327 3703 operibus
2357 3630 2567 3687 felicem
2597 3629 3056 3701 perseverantiam
3095 3626 3251 3684 nobis
3275 3625 3544 3684 custodire

273 3732 384 3779 tem
415 3725 572 3797 562
600 3726 887 3788 viscerum,
931 3726 1202 3782 Zachariae
1243 3727 1494 3796 precibus
1519 3769 1534 3792 ,
1583 3725 1855 3780 Elisabeth

1962 3725 2244 3781 concedat.
2277 3723 2529 3794 Explicit.

1634 3820 1902 3882 SERMO
1949 3814 2172 3882 LXIV.

1308 3917 1373 3971 In
1404 3918 1670 3973 nativitate
1699 3918 1758 3974 S.
1797 3919 2019 3982 Joannis
2059 3920 2306 3992 Baptista:
2341 3918 2509 3974 VIII.

1734 4010 2120 4067 ADMONITIO.

346 4099 506 4172 563
536 4097 651 4152 Hoc
680 4093 1034 4167 fragmentum
1056 4097 1319 4154 sermonis
1348 4113 1415 4154 ex
1444 4099 1631 4155 eodem
1655 4100 1842 4157 codice
1869 4103 1928 4159 S.
1959 4101 2206 4158 Dalmatii
2237 4101 2649 4158 exscribendum
2676 4101 2996 4158 curavimus.

347 4213 541 4279 Hodie,
573 4212 766 4268 ﬁ'atres
789 4254 805 4280 ,
839 4211 1149 4268 beatissimi
1172 4210 1395 4268 Joannis
1424 4213 1676 4282 Baptistae
1701 4221 1857 4268 nata-

272 4307 381 4361 lem
405 4304 764 4361 devotissimis
792 4303 1166 4360 festivitatibus
1195 4305 1549 4372 celebramus,
1572 4304 1723 4374 cujus
1750 4321 1860 4362 non

270 4398 454 4453 solum
486 4395 582 4451 fuit
611 4397 717 4450 vita
747 4397 1047 4461 laudabilis,
1078 4396 1172 4452 sed
1196 4404 1251 4452 et
1277 4397 1538 4452 mirabilis
1568 4397 1736 4468 ipsius
1764 4413 1859 4453 na-

274 4490 460 4544 tivitas
487 4487 710 4544 exstitit.
743 4489 909 4544 Natus
933 4499 1017 4545 est
1055 4490 1197 4545 enim
1241 4489 1308 4544 de
1349 4489 1518 4545 sterili
1565 4489 1762 4546 femina
1792 4505 1859 4546 ex

273 4581 433 4637 senili
463 4589 518 4636 et
544 4589 734 4659 ventre
759 4583 1084 4652 procedens,
1136 4583 1224 4638 ille
1270 4590 1354 4639 est
1394 4583 1593 4638 Christi
1621 4583 1860 4654 Baptista

273 4671 514 4728 Joannes
541 4674 609 4730 de
641 4688 749 4742 quo
774 4675 1032 4744 scriptum
1060 4683 1144 4730 est
1184 4693 1196 4729 :
1230 4675 1342 4746 Ego
1371 4692 1469 4731 vos:
1505 4676 1778 4730 clamantis
1803 4678 1859 4730 in

277 4766 480 4820 deserto
512 4764 660 4830 (Luc.
693 4769 793 4837 ιιι).
823 4766 1089 4822 Clamavit
1107 4766 1356 4836 equidem
1380 4767 1432 4820 in
1455 4766 1669 4822 deserto
1693 4767 1861 4821 Joan-

1964 4223 2080 4281 nes,
2110 4222 2169 4269 ut
2197 4213 2430 4269 inﬁdelis
2451 4213 2635 4285 populi
2659 4213 2941 4269 durissima
2968 4211 3130 4286 565I
3151 4212 3314 4268 corda
3336 4213 3402 4268 ad
3429 4228 3542 4283 pa:-

1963 4306 2244 4361 nitentiam
2289 4307 2573 4383 excitaret.
2607 4304 2907 4372 Clamavit,
2957 4312 3018 4359 ut
3057 4304 3207 4359 illum
3254 4319 3284 4358 a
3313 4305 3542 4375 pessima

1964 4397 2277 4453 inﬁdelitate
2307 4413 2639 4452 sua..........
2668 4396 2936 4452 clamabat
2980 4403 3141 4464 atque
3178 4394 3388 4449 dicebat
3413 4415 3424 4448 :
3448 4411 3543 4463 pa-

1965 4489 2078 4545 r'ate
2121 4491 2257 4545 viam
2307 4486 2540 4557 Domini,
2589 4487 2952 4566 rectas‘facite
2988 4487 3200 4539 semitas
3241 4484 3340 4537 Dei
3381 4486 3544 4537 nostri

1969 4582 2120 4654 (Luc.
2165 4584 2264 4652 ιιι).
2301 4581 2479 4652 (Deest
2509 4580 2735 4652 folium.)
2766 4577 2909 4648 Ergo
2938 4579 3003 4632 ad
3029 4586 3240 4648 tempus
3268 4591 3389 4631 cum
3429 4577 3546 4649 ipso

1967 4675 2270 4729 habitemus
2315 4673 2368 4727 in
2400 4674 2506 4728 hoc
2549 4669 2743 4727 sreculo
2765 4711 2781 4736 ,
2830 4657 2888 4725 ult
2913 4656 3032 4741 cfum
3061 4670 3178 4740 ipso
3206 4669 3260 4724 in
3287 4669 3546 4726 internum

1967 4781 2085 4822 esse
2105 4759 2389 4837 possimus.
2423 4763 2667 4835 Explicit.

1663 4869 1931 4944 SERMO
1974 4882 2164 4943 LXV.

1339 4977 1416 5039 De
1445 4985 1710 5039 nativitate
1741 4977 1800 5040 S.
1842 4983 2064 5072 Joannis
2093 4978 2345 5054 Baptistae
2381 4982 2481 5039 IX.

1694 5069 2081 5132 ADMONITIO.

353 5169 488 5233 Cum
518 5169 605 5226 hic
631 5179 845 5239 quoque
873 5183 1050 5224 sermo
1081 5168 1134 5221 in
1164 5167 1350 5222 codice
1379 5167 1436 5223 S.
1471 5167 1717 5239 Dalmatii
1741 5165 1798 5222 S.
1835 5153 2067 5239 Maximo
2092 5168 2410 5230 ascribatur,
2444 5153 2471 5220 ἐι
2499 5147 2775 5239 monachis
2802 5163 2928 5239 vero
2959 5161 3290 5239 Maurinis_in
3320 5167 3550 5239 append.

283 5241 452 5300 ser'm.
481 5240 538 5295 S.
569 5234 851 5307 Augustini
878 5253 1025 5294 num.
1059 5239 1161 5290 197
1190 5239 1503 5309 collocetur,
1534 5238 1779 5293 eumdem
1808 5251 1909 5295 nos
1936 5237 1992 5293 S.
2021 5237 2256 5294 Maximo
2285 5239 2470 5309 potius
2493 5238 2653 5307 quam
2683 5235 2997 5306 Augustino,
3033 5245 3094 5291 ut
3118 5238 3172 5291 in
3202 5234 3368 5291 Rom.
3392 5234 3550 5290 Brev.

283 5312 354 5368 ad
379 5311 520 5368 diem
547 5310 618 5365 24
643 5310 804 5375 Junii,
838 5309 1209 5366 ascribendum
1240 5322 1358 5364 esse
1383 5308 1755 5378 judicavimus.

284 5401 682 5458 Anouumv'ruu.
713 5430 783 5452 .-—
814 5397 979 5462 Unius
1020 5397 1244 5452 Joannis
1285 5398 1531 5452 nativitas
1562 5392 1868 5454 celebratur.
1899 5404 1952 5465 Ι)
1977 5398 2175 5455 nullius
2209 5398 2489 5455 hominum
2524 5397 2856 5459 nativitatem
2885 5397 3110 5466 legimus
3137 5393 3421 5459 celebrari,
3455 5394 3556 5449 nisi

370 5473 567 5527 Veteris
594 5472 678 5559 ille
708 5469 1019 5559 Testameuti
1053 5467 1242 5559 figura,
1273 5467 1674 5559 voxnilentaittis
1705 5469 1755 5521 in
1788 5468 1857 5551 de

1975 5490 2143 5546 solius
2169 5487 2368 5545 Christi
2415 5488 2668 5559 Baptistae
2695 5487 2934 5548 Joannis.
2981 5487 3076 5542 Illa
3121 5486 3174 5540 in
3217 5485 3333 5538 aliis
3361 5484 3557 5536 sanctis

375 5488 402 5527 ιι
417 5488 578 5555 σιειοιδ.
594 5488 678 5525 ttle
710 5488 1019 5554 teatanwutt
1053 5488 1242 5590 ﬁgura,
1273 5488 1371 5522 υοέυ
1401 5488 1674 5549 ευξηιαηιιδ
1705 5488 1755 5521 In
1788 5488 1873 5551 ιξε-
2695 5488 2934 5548 Joannis.
3121 5488 3174 5540 in
3217 5488 3333 5538 aliis
3361 5488 3557 5536 sanctis

361 5554 527 5607 serto,
560 5543 613 5595 td
645 5550 720 5594 est
749 5558 801 5594 ιη
833 5539 925 5592 hoc
955 5555 1072 5591 man
1115 5556 1144 5591 ο
1165 5582 1178 5604 ,
1212 5545 1330 5591 ante
1359 5536 1615 5591 Christum
1647 5555 1870 5606 promis-
2123 5584 2134 5596 ,
2397 5585 2408 5597 _
2532 5585 2543 5597 ,
2701 5585 2712 5597 ⁸
3009 5583 3020 5594 ⁸

360 5631 465 5679 sus,
492 5615 642 5685 atque
665 5612 732 5664 ad
761 5612 872 5682 ejus
900 5609 1287 5664 similitudinem
1317 5610 1688 5678 sancti/Scalas.
1975 5585 2273 5685 θίθθιιδίῖξιθ
2317 5583 2413 5641 Dm
2440 5585 2638 5685 99m“?
2663 5585 2777 5641 dies
2796 5625 2816 5685 ξ
2857 5593 2962 5685 qn“?
3007 5582 3128 5637 11105
3155 5587 3280 5651 νοει
3308 5586 3389 5685 ῑίξι
3429 5595 3557 5684 θοι]-

1973 5677 2392 5734 summatiouem
2440 5677 2684 5736 laborum
2707 5719 2723 5744 ,
2780 5677 3156 5743 devictumque
3199 5671 3456 5727 mundum
3502 5672 3559 5726 in

360 5771 487 5826 Post
537 5738 682 5825 illum
727 5777 1123 5827 sacrosanctum
1172 5768 1438 5825 Dominici
1485 5769 1676 5827 natalis
1723 5767 1866 5828 diem
1971 5775 2258 5842 perpetuas
2295 5769 2624 5829 aeternitates
2651 5738 2885 5843 praesens
2928 5738 3309 5838 haec—parturit
3339 5761 3467 5820 vita.
3502 5761 3560 5858 in
