4052 6330
550 331 652 388 665

1764 306 1818 382 ε.
1857 324 2105 382 unum
2144 325 2590 383 TAURINENSiS

3705 330 3806 386 θα

550 447 668 502 aliis
693 459 823 500 vero
863 449 1229 499 consummata
1259 440 1457 495 ultima:
1495 439 1602 495 diei
1631 441 1820 496 merita
1842 442 2121 497 celebran-
2145 446 2203 506 Α
2227 442 2440 512 penitus
2485 441 2750 496 bonorum
2802 454 3025 510 operum
3068 439 3454 511 jucunditatem
3501 440 3758 500 aﬁerebat
3785 489 3798 512 ,

549 546 654 592 tur.
698 535 755 590 ln
796 533 992 590 Christi
1036 541 1212 588 autem
1260 533 1598 589 sanctissimo
1644 529 1883 604 Baptista
1918 532 2124 606 Joanne

550 628 712 684 etiam
736 625 908 697 prima
937 626 1072 690 dies,
1097 633 1258 697 atque
1283 625 1449 697 ipsius
1475 640 1690 697 quoque
1716 625 1950 682 hominis
1975 625 2122 680 initia

549 719 933 785 celebrantur;
990 717 1115 788 quia
1171 733 1269 789 per
1325 719 1469 774 hunc
1514 716 1773 773 Dominus
1835 717 2123 773 adventum

547 829 702 869 suum
728 856 745 883 ,
793 827 862 869 ne
914 813 1064 868 illum
1116 813 1293 868 subito
1343 811 1591 868 homines
1638 811 1966 881 insperatum
2015 824 2125 864 non

481 971 490 978 _
548 913 926 973 agnoscerent,
966 904 1135 959 voluit
1184 919 1302 959 esse
1342 911 1616 960 testatum.
1665 901 1901 959 Joannes
1945 911 2125 958 autem

553 996 759 1052 Veteris
787 995 1115 1053 Testamenti
1150 995 1316 1064 ﬁgura
1359 994 1488 1061 fuit,
1522 1003 1684 1064 atque
1721 994 1773 1048 in
1799 1009 1858 1050 se
1901 992 2125 1049 formam

546 1087 782 1159 praetulit
806 1087 974 1155 legis;
1006 1087 1238 1157 ideoque
1264 1085 1500 1142 Joannes
1526 1085 1907 1157 praenuntiavit
1940 1083 2126 1140 Salva-

548 1188 758 1245 torem,
810 1179 946 1234 sicut
986 1179 1070 1233 lex
1115 1178 1341 1248 gratiam
1386 1177 1752 1248 prmcucurrit.
1795 1175 1948 1244 Quod
1996 1191 2126 1232 vero

546 1269 786 1324 nondum
816 1279 970 1324 natus
997 1269 1064 1324 de
1089 1277 1300 1324 secreto
1329 1269 1558 1324 materni
1590 1269 1727 1324 uteri
1768 1268 2126 1339 prophetave-

546 1360 639 1427 rit,
668 1370 724 1416 et
744 1373 941 1428 expers
960 1358 1134 1414 adhuc
1163 1361 1318 1427 lucis,
1342 1359 1454 1429 jam
1493 1361 1642 1415 testis
1671 1360 1832 1415 fuerit
1863 1359 2122 1428 veritatis,

547 1450 653 1506 hoc
693 1449 794 1506 fuit
835 1449 981 1520 quod
1009 1450 1106 1506 sub
1145 1441 1406 1505 velamine
1436 1450 1610 1506 latens
1657 1450 1847 1505 littera:
1874 1493 1888 1517 ,
1937 1457 1992 1505 et
2020 1448 2126 1505 Re-

546 1542 905 1615 demptorem,
935 1544 1026 1613 qui
1051 1543 1160 1611 jam
1192 1542 1482 1598 advenerat
1506 1544 1694 1619 spiritu
1715 1543 2040 1614 prtedicavit,
2071 1553 2126 1598 et

548 1635 704 1691 nobis
725 1635 1007 1691 Dominum
1031 1641 1270 1688 nostrum
1290 1633 1612 1704 de-quodam
1633 1635 1796 1689 veluti
1820 1619 1949 1702 legis
1971 1643 2124 1690 utero

467 1757 473 1773 ι
547 1726 916 1797 proclamavit.
967 1726 1107 1797 Ergo
1134 1727 1257 1797 quia
1286 1727 1455 1783 Judaei
1500 1744 1531 1782 a
1563 1735 1749 1783 ventre
1777 1771 1791 1796 ,
1838 1707 1943 1782 hoc
1981 1736 2064 1782 est
2091 1743 2121 1782 a

2225 533 2428 589 nullum
2457 533 2641 603 gratiae
2682 533 2976 603 spiritualis
3018 534 3199 589 lumen
3247 543 3551 606 acceperat.
3583 535 3804 594 Mittitur

2226 639 2355 694 ergo
2392 625 2628 682 Joannes
2647 669 2662 694 ,
2692 626 2783 696 qui
2811 627 3123 698 prophetica
3153 613 3314 697 atque
3342 628 3644 700 apostolica
3673 645 3804 700 prte-

2226 717 2494 778 dicatione
2535 718 2906 788 ptenitentiam
2945 718 3315 774 annuntiando
3343 718 3531 775 rudem
3559 735 3804 791 campum

2225 809 2615 881 proscinderet,
2643 809 2974 878 fecundaret,
3002 819 3056 866 et
3085 811 3380 892 escoleret,
3411 819 3574 882 atque
3603 812 3670 866 ad
3695 829 3805 867 ma-

2228 909 2402 955 turam
2445 900 2651 968 frugem
2677 941 2692 968 ,
2740 901 2845 957 hoc
2883 909 2966 956 est
3009 901 3077 957 ad
3117 901 3541 970 regenerationis
3585 903 3805 972 gratiam

2227 1002 2574 1064 praepararet.
2617 991 2735 1048 Jam
2764 1009 2895 1049 vero
2923 1004 3134 1064 quanta:
3162 993 3289 1049 illud
3315 1001 3399 1050 est
3436 993 3641 1063 gloriae,
3669 993 3808 1064 quod

2230 1083 2501 1139 Zachariae
2527 1083 2799 1139 sacerdoti
2826 1085 2963 1148 seni,
2994 1093 3153 1154 atque
3178 1083 3451 1139 Elisabeth
3476 1085 3648 1140 sterili
3675 1085 3807 1141 illius

2228 1190 2259 1230 a
2282 1173 2533 1230 Gabriele
2557 1175 2917 1246 promittitur;
2959 1175 3027 1230 ab
3055 1175 3147 1230 illo
3169 1190 3401 1245 namque
3430 1175 3622 1244 angelo
3650 1190 3680 1230 a
3706 1190 3809 1245 quo

2227 1265 2551 1321 beatissima:
2601 1264 2782 1320 Maria:
2828 1266 3079 1322 nativitas
3128 1265 3341 1322 Domini
3393 1266 3713 1331 nuntiatur,
3761 1274 3810 1321 et

2189 1368 2194 1372 ‘
2227 1358 2380 1427 quasi
2410 1373 2476 1412 ex
2503 1357 2683 1427 aliquo
2712 1357 2900 1414 similis
2920 1358 3149 1414 Domino
3172 1357 3518 1429 prmmittitur
3545 1358 3810 1433 tilius_ste-

2228 1447 2344 1503 rilis
2371 1457 2498 1504 ante
2526 1446 2692 1503 ﬁlium
2720 1448 2987 1520 Virginis,
3018 1449 3204 1505 nescio
3229 1449 3360 1520 quid
3385 1448 3562 1518 majus
3588 1451 3811 1504 miracu-

2229 1541 2339 1596 lum
2372 1541 2426 1596 in
2453 1541 2569 1612 ipsa
2610 1541 2891 1597 nativitate
2921 1541 3177 1597 declarat.
3207 1540 3484 1612 Insperata
3514 1542 3667 1612 prole
3696 1557 3812 1596 mu-

2229 1639 2450 1687 neratur
2492 1631 2766 1700 sterilitas,
2795 1633 2921 1701 quia
2960 1647 3102 1688 novo
3126 1643 3282 1703 partu
3311 1639 3430 1688 erat
3447 1619 3679 1687 lditanda
3710 1635 3811 1688 vir~

2227 1725 2441 1793 ginitas.
2491 1724 2631 1780 Ante
2675 1723 2948 1780 Christum
2994 1723 3230 1780 Joannes
3275 1725 3638 1796 promittitur,
3689 1726 3811 1795 quia

546 1817 684 1885 lege,
716 1832 836 1887 qua:
863 1816 1059 1873 Christi
1089 1817 1309 1887 gravida
1339 1826 1455 1873 erat
1479 1856 1494 1880 ,
1545 1825 1879 1884 erraverunt,
1910 1832 2124 1872 errave-
2154 1821 2202 1882 B
2228 1810 2394 1872 Vetus
2414 1815 2816 1872 Testamentum
2847 1825 2974 1874 ante
2993 1817 3225 1886 Novum,
3248 1825 3308 1872 ut
3332 1817 3448 1873 dies
3474 1817 3582 1874 diei
3605 1826 3811 1874 eructat

545 1915 672 1961 runt
699 1923 730 1962 a
759 1915 976 1977 ventre,
1007 1909 1175 1964 locuti
1203 1918 1328 1964 sunt
1353 1910 1482 1964 falsa
1508 1909 1677 1979 (Psal.
1713 1911 1860 1980 Lvu).
1893 1908 2019 1965 ldeo
2042 1909 2124 1964 hic

545 2000 679 2053 venit
707 1999 760 2053 in
793 2001 1157 2062 testimonium,
1186 2010 1242 2054 ut
1269 2003 1612 2055 testimonium
1639 2000 1923 2071 perhiberet
1950 2001 2014 2055 de
2040 2004 2122 2055 lu-

543 2091 680 2146 mine
711 2091 888 2163 (Joan.
921 2094 982 2162 I).
1027 2091 1178 2160 Quod
1221 2100 1401 2148 autem
1429 2092 1662 2152 Joannes
1691 2094 1889 2165 poenali
1932 2094 2125 2150 consti-

543 2192 694 2239 tutus
724 2193 807 2239 est
834 2185 889 2239 in
911 2183 1128 2241 Carcere
1156 2185 1223 2240 ad
1250 2184 1520 2240 Christum
1547 2186 1838 2256 discipulos
1865 2201 1991 2241 suos
2031 2201 2123 2260 gr-

544 2273 712 2340 dinat,
744 2274 830 2330 lex
859 2275 927 2330 ad
957 2274 1303 2346 Evangelium
1333 2276 1587 2330 mundum
1620 2277 1964 2343 transmittit,
2004 2292 2124 2346 qua:

543 2366 888 2436 quidem'lex
912 2367 1064 2438 juxta
1108 2379 1291 2440 typum
1337 2367 1558 2424 Joannis
1601 2369 1762 2425 veluti
1806 2369 2124 2437 ignorantiae

543 2457 726 2512 clausa
757 2449 975 2513 carcere
1005 2458 1057 2512 iu
1086 2459 1314 2513 obscuro
1358 2468 1414 2512 et
1453 2459 1668 2520 occulto
1702 2459 1933 2527 jacebat,
1965 2467 2124 2528 atque

542 2545 762 2604 Judaica
791 2548 1031 2604 cmcitate
1060 2564 1250 2604 sensus
1287 2549 1425 2603 intra
1458 2549 1690 2604 litteram
1722 2549 2004 2604 tenebatur
2042 2550 2124 2604 in-

544 2639 715 2693 clusa.
747 2638 898 2694 Unde
935 2648 990 2695 et
1017 2641 1083 2696 de
1121 2641 1224 2696 hoc
1251 2640 1442 2695 beatus
1471 2639 1808 2710 Evangelista
1835 2640 1907 2694 ita
1938 2640 2122 2711 prolo-

543 2723 726 2792 quitur
773 2722 960 2779 dicens
1003 2743 1013 2776 :
1068 2723 1166 2780 Ille
1212 2733 1324 2778 erat
1370 2725 1580 2778 lucerna
1619 2725 1810 2786 ardens
1857 2733 1905 2778 et
1951 2725 2123 2778 lucens

543 2811 762 2883 (Ibid.).
820 2813 1052 2884 Spiritus
1098 2832 1289 2886 nempe
1341 2818 1510 2872 sancti
1560 2818 1680 2887 igne
1726 2831 2017 2873 succensus
2066 2825 2126 2872 ut

545 2903 746 2958 mundo
773 2903 1084 2973 ignorantia:
1113 2916 1274 2960 nocte
1312 2916 1574 2978 occupato
1615 2909 1793 2964 lumen
1818 2908 2006 2964 salutis
2033 2923 2124 2964 os-

2226 1908 2468 1962 verbum.
2501 1905 2850 1962 Prmmittitur
2877 1922 3006 1977 ergo
3036 1907 3254 1964 lucerna
3283 1917 3409 1964 ante
3449 1908 3650 1974 solem;
3683 1918 3808 1964 ante

2227 1999 2512 2054 Dominum
2541 2014 2760 2065 servus;
2791 1999 2995 2055 amicus
3016 2006 3141 2055 ante
3168 2014 3457 2070 sponsum;
3486 2013 3670 2070 praeco
3691 2007 3812 2055 ante

2221 2089 2487 2160 judicem;
2518 2105 2624 2144 vox
2654 2097 2780 2145 ante
2806 2088 3062 2145 Verbum.
3093 2089 3269 2159 Atque
3294 2088 3416 2144 ideo
3440 2089 3509 2145 de
3536 2104 3597 2144 se
3623 2089 3809 2144 beatus

2226 2181 2356 2236 dicit
2382 2179 2618 2237 Joannes
2643 2199 2655 2236 :
2680 2179 2794 2253 Ego
2814 2198 2914 2236 vos:
2941 2181 3216 2236 clamantis
3236 2182 3293 2236 in
3321 2180 3546 2236 deserto.
3569 2179 3644 2236 Se
3671 2181 3810 2235 enim

2227 2273 2388 2343 566
2414 2270 2540 2328 dicit
2570 2287 2688 2328 esse
2715 2286 2933 2338 vocem,
2963 2271 3091 2342 quia
3121 2271 3282 2327 Verbi
3322 2271 3675 2327 annuntiator
3701 2279 3809 2326 erat

2227 2373 2282 2420 et
2313 2363 2650 2435 praedicator.
2683 2363 2870 2421 Adhuc
2895 2364 3038 2420 enim
3069 2364 3122 2418 in
3149 2371 3304 2419 utero
3328 2363 3520 2420 matris
3550 2376 3666 2418 sua:
3691 2362 3809 2433 Spi-

2228 2455 2336 2510 ritu
2363 2462 2551 2511 sancto
2573 2463 2655 2510 est
2677 2455 2918 2526 repletus
2945 2463 3001 2510 et
3023 2455 3188 2526 ipsius
3216 2455 3552 2510 nativitatem
3581 2454 3810 2524 prophe<

2226 2545 2392 2601 tando
2421 2546 2701 2617 praevenit.
2745 2546 2827 2601 Ad
2872 2544 3274 2602 similitudinem
3308 2544 3525 2600 Domini
3574 2542 3810 2598 sanctiﬁ.

2225 2644 2377 2694 catus
2424 2635 2560 2702 fuit,
2606 2644 2893 2707 antequam
2939 2645 3098 2692 natus
3145 2635 3286 2690 intra
3333 2642 3581 2689 materna
3609 2633 3809 2689 viscera

2225 2728 2531 2794 exsultans,
2575 2736 2738 2798 atque
2783 2727 3079 2784 Salvatoris
3125 2726 3412 2782 adventum
3442 2741 3542 2780 ore
3568 2732 3808 2779 materno

2223 2828 2550 2890 protestans.
2582 2821 2722 2876 Vere
2750 2829 2932 2876 autem
2957 2827 3077 2876 erat
3103 2820 3324 2876 lucerna
3356 2819 3585 2884 ardens,
3618 2819 3672 2872 in
3705 2832 3808 2888 quo

2224 2918 2335 2964 tam
2364 2909 2649 2978 singularis
2694 2911 2866 2980 gratia
2893 2909 3090 2966 divina:
3117 2909 3445 2980 dignationis
3471 2907 3677 2964 effulsit
3697 2951 3714 2974 ,
3755 2916 3809 2962 ut

544 2995 806 3080 tenderet,
832 3005 887 3052 et
912 2997 1063 3068 quasi
1094 2999 1235 3054 inter
1259 2999 1602 3056 densissimas
1625 3001 1942 3057 delictorum
1965 3009 2118 3057 tene—
2218 2998 2332 3069 jam
2356 2999 2579 3070 jamque
2601 2999 2787 3056 adfore
2828 3001 3226 3072 redemptorem
3253 3007 3453 3056 sancta:
3490 3014 3604 3055 sua:
3642 2997 3805 3054 Geni-

543 3084 668 3143 bras
707 3087 1191 3158 splendidissimum
1215 3090 1434 3160 justitite
1475 3093 1642 3147 solem
1672 3093 1805 3148 lucis
1833 3109 1943 3148 sua:
1970 3093 2120 3149 radio
2199 3081 2370 3148 'tricis
2399 3108 2532 3148 voce
2559 3101 2825 3162 narraret,
2856 3101 2912 3148 et
2937 3107 3036 3164 per
3055 3109 3175 3148 eam
3193 3087 3371 3148 veluti
3397 3091 3692 3162 quamdam
3721 3106 3807 3145 ve-

545 3179 955 3236 demonstraret.
1009 3181 1227 3237 Dicebat
1269 3185 1412 3238 enim
1459 3184 1528 3240 de
1571 3200 1630 3240 se
1670 3186 1786 3255 ipso
1821 3205 1833 3239 :
1865 3184 1979 3257 Ego
2022 3203 2120 3241 vox
2144 3204 2190 3267 ρ
2221 3185 2396 3240 ritatis
2419 3186 2439 3204 "
2468 3184 2704 3240 nondum
2721 3185 2776 3240 in
2807 3185 2980 3241 lucem
3007 3185 3250 3255 prolatus
3275 3181 3550 3239 Christum
3572 3197 3806 3254 praesen-

543 3274 816 3353 clamantis
853 3276 907 3327 in
938 3274 1138 3329 deserto
1167 3273 1316 3348 (Luc.
1345 3277 1445 3346 ιιι).
1478 3276 1760 3332 Clamabat
1787 3276 2034 3347 equidem
2065 3277 2117 3331 in

543 3368 758 3423 deserto
785 3366 1040 3439 Joannes,
1071 3370 1178 3424 hoc
1200 3377 1282 3425 est
1303 3369 1354 3424 in
1372 3370 1554 3438 gentili
1573 3379 1629 3426 et
1655 3370 1866 3426 indocili
1893 3371 2114 3442 populo.

545 3455 721 3536 Vacua
747 3459 890 3513 enim
910 3460 1100 3516 timore
1125 3459 1220 3516 Dei
1249 3469 1488 3531 pectora,
1511 3471 1672 3530 atque
1699 3461 1900 3532 Spiritu
1927 3470 2119 3517 sancto

541 3550 818 3618 carentia,
867 3551 1158 3621 squalentis
1223 3552 1389 3607 eremi
1451 3552 1666 3607 deserto
1717 3562 2116 3622 comparantur.

543 3640 796 3699 Desertus
836 3643 978 3698 enim
1009 3651 1124 3698 erat
1152 3643 1240 3699 hic
1279 3643 1512 3700 mundus
1539 3644 1606 3699 ab
1635 3646 1778 3700 omni
1808 3643 1931 3698 ﬁdei
1959 3645 2120 3700 timo-

541 3734 723 3802 risque
751 3735 844 3790 Dei
873 3737 1101 3804 cultura,
1133 3745 1294 3806 atque
1321 3744 1667 3807 peccatorum
1696 3736 1864 3808 spinis
1891 3738 2118 3806 obsitus,

543 3830 797 3894 tanquam
841 3841 968 3896 ager
1005 3828 1233 3883 incultus
1272 3828 1432 3901 565
1461 3827 1773 3899 squalebat,
1817 3829 2121 3900 nullamque

2223 3282 2333 3330 tem
2381 3274 2718 3343 ostenderet;
2751 3275 2976 3332 idoneus
3020 3275 3270 3346 equidem
3312 3274 3528 3331 Veteris
3571 3273 3808 3344 Novique

2225 3367 2553 3423 Testamenti
2582 3367 2870 3434 mediator,
2901 3376 2957 3424 et
2988 3367 3208 3438 gloriosi
3237 3366 3377 3437 Agni
3403 3365 3601 3437 dignus
3627 3374 3807 3421 osten-

2223 3473 2335 3526 sor,
2368 3459 2460 3529 qui
2489 3459 2775 3515 Dominum
2815 3474 2973 3515 suum
2999 3475 3059 3515 se
3087 3458 3403 3514 annuntiare
3429 3463 3544 3513 uno
3569 3466 3808 3528 tempore

2222 3553 2423 3609 meruit
2450 3561 2506 3608 et
2531 3552 2734 3608 videre.
2764 3551 2926 3622 Ergo,
2959 3551 3173 3617 fratres,
3204 3549 3363 3620 hujus
3393 3557 3558 3605 tanta:
3585 3549 3692 3605 diei
3725 3565 3808 3605 so-

2222 3645 2420 3701 lemnia
2459 3646 2908 3702 celebrantes.....
2956 3644 3304 3717 (Oblitteratte
3328 3645 3479 3699 linea:
3519 3643 3808 3715 quindecim

2224 3740 2610 3803 desiderantur)
2629 3748 2848 3811 peccata
2872 3748 3056 3796 nostra
3071 3736 3337 3805 deﬂendo,
3357 3739 3654 3808 eademque
3671 3738 3809 3809 jeju-

2225 3830 2330 3887 niis
2349 3839 2513 3902 atque
2538 3831 2897 3904 eleemosynis
2924 3830 3167 3903 plurimis
3194 3829 3529 3887 redimendo.
3557 3828 3788 3902 Explicit

1923 3940 2192 4004 SERMO
2237 3940 2458 4004 LXVI.

1449 4043 1512 4098 In
1534 4044 1699 4099 natali
1727 4051 2021 4098 sanctorum
2041 4043 2393 4116 apostolorum
2419 4043 2565 4099 Petri
2593 4053 2642 4099 et
2670 4042 2827 4099 Pauli
2849 4042 2897 4098 Ι.

1719 4131 1726 4137 ’
1977 4134 2367 4191 ADMONITIO.

509 4216 520 4236 ‘
613 4221 1202 4299 Sexagesimussextus
1233 4225 1319 4279 hic
1346 4241 1547 4299 sermo,
1573 4242 1636 4299 ac
1661 4236 1919 4299 pmterea
1941 4227 2030 4292 (i7,
2051 4227 2121 4299 _68
2137 4235 2198 4299 _et
2222 4227 2313 4294 69,
2344 4227 2436 4297 qui
2457 4236 2771 4299 sequuntur,
2798 4243 2867 4284 ex
2887 4227 3103 4286 laudato
3131 4229 3317 4288 codice
3345 4229 3779 4288 Ambrosianoex

543 4293 749 4363 scripti,
775 4289 907 4350 editi
933 4295 1165 4364 primum
1197 4302 1324 4350 tom.
1357 4291 1423 4350 lV
1456 4289 1718 4351 Anecdot.
1752 4313 1781 4350 a
1806 4289 2100 4351 Muratorio
2129 4289 2364 4353 fuerunt.

543 4413 930 4487 Anouusnruu.
967 4433 1036 4446 —
1065 4407 1413 4487 Ecclesiarttin
1459 4409 1716 4481 principes
1732 4419 1894 4487 atque
1925 4411 2121 4481 glorio-
2149 4415 2204 4475 D
2229 4412 2368 4482 phus
2411 4413 2469 4468 in
2511 4428 2671 4470 cruce
2715 4416 2840 4470 est?
2882 4413 3173 4485 Elegerunt
3218 4417 3399 4487 itaque
3448 4416 3804 4477 Ecclesiarutu

611 4481 842 4535 sissimos
888 4489 1060 4552 patres
1106 4490 1315 4552 nostros
1355 4477 1566 4552 Petrum
1625 4477 1673 4533 et
1725 4477 1972 4552 Paulum,
2022 4496 2114 4552 pro

610 4552 814 4622 Christo
847 4548 1051 4617 abiisse,
1080 4548 1231 4605 nobis
1268 4549 1551 4622 laetandum
1581 4561 1676 4606 est.
1730 4550 1792 4604 In
1821 4553 1884 4605 iis
1913 4548 2116 4622 gemina

515 4641 522 4648 ’
610 4621 862 4676 Ecclesia:
885 4622 1054 4693 forma
1075 4623 1333 4693 ﬁguratur
1353 4638 1370 4686 ;
1393 4623 1447 4675 in
1477 4619 1958 4693 Petro‘simplicitas
1979 4639 2117 4693 com-

528 4703 531 4706 '
611 4690 903 4758 mentiatur,
930 4694 985 4745 in
1012 4690 1182 4747 Paulo
1211 4693 1470 4756 doctrina,
1497 4703 1555 4744 ut
1575 4690 1900 4746 advertamus
1926 4693 1976 4746 in
2009 4691 2113 4746 Ec-

611 4765 767 4818 clesia
797 4761 897 4816 Dei
917 4773 977 4835 et
991 4762 1261 4835 scientiam
1289 4779 1402 4817 esse
1423 4765 1786 4828 necessariam,
1803 4772 1851 4818 et
1870 4764 2116 4835 simplici-

611 4843 766 4888 tatem
786 4849 899 4887 esse
925 4832 1184 4887 dilectam.
1972 4832 1997 4859 ⁷·

613 4943 940 5008 Necessarie,
968 4941 1158 4998 fratres
1181 4943 1464 5012 carissimi,
1488 4943 1556 4999 de
1575 4944 1956 5000 venerabilium
1984 4959 2116 5016 apo-

536 5038 802 5092 stolorum
827 5035 1165 5106 passionibus
1188 5043 1347 5106 atque
1375 5037 1527 5092 obitu
1566 5046 1778 5108 patrum
1807 5048 2114 5094 nostrorum

536 5120 714 5181 annua
743 5125 1032 5180 festivitate
1060 5125 1320 5193 laetamur,
1351 5120 1478 5197 quia
1500 5127 1687 5185 ﬁducia
1714 5127 2028 5186 Christiana:
2057 5129 2118 5184 li-

536 5219 623 5271 dei
651 5217 939 5285 credimus,
985 5225 1083 5273 eos
1106 5219 1388 5275 tormentis
1414 5221 1525 5278 suis
1552 5221 1798 5293 indeptos
1837 5239 1956 5280 esse
2001 5225 2116 5295 glo-

535 5311 670 5364 riam
708 5318 765 5365 et
804 5311 1219 5385 perpetuitatem
1265 5313 1476 5370 vivendi
1521 5315 1644 5370 vitae
1688 5331 1796 5370 suae
1827 5317 1930 5373 ﬁne
1969 5332 2116 5388 qua:-

534 5406 687 5463 sisse.
719 5405 850 5473 Quis
878 5406 1022 5463 enim
1068 5406 1275 5463 dubitet
1321 5408 1440 5466 illos
1465 5426 1563 5467 suo
1591 5425 1815 5480 regnare
1841 5429 1961 5468 cum
2002 5414 2110 5471 Do-

531 5499 706 5567 mino,
743 5498 834 5568 qui
864 5507 1152 5569 sequentes
1177 5501 1293 5568 ejus
1321 5501 1545 5570 vestigia
1575 5509 1801 5556 mortem
1832 5505 2114 5562 moriendo

533 5589 797 5656 vicerunt,
824 5599 916 5646 aut
939 5590 1216 5662 quomodo
1251 5607 1360 5647 non
1388 5591 1729 5647 manifestum
1757 5602 1840 5648 est
1867 5596 2008 5665 apud
2047 5598 2113 5651 il-

531 5678 641 5733 lum
670 5692 852 5745 regem
878 5683 933 5738 in
959 5684 1286 5740 cruciatibus
1313 5699 1433 5740 esse
1469 5684 1770 5755 victoriam,
1807 5689 1892 5742 cui
1923 5691 2106 5746 trium-

2223 4503 2495 4575 principes
2539 4506 2610 4560 ob
2654 4507 2915 4561 honorem
2965 4505 3086 4562 fidei
3133 4508 3400 4577 patienter
3447 4511 3805 4575 occumbere,

2223 4610 2360 4666 quos
2407 4603 2596 4652 auctor
2640 4597 2763 4652 vitae
2813 4597 3091 4668 przemisso
3137 4614 3247 4654 suae
3293 4601 3488 4666 mortis
3533 4601 3803 4672 exemplo,

2222 4693 2456 4742 mortem
2483 4685 2667 4742 docuit
2693 4703 2802 4746 non
2832 4687 3041 4748 timere.
3067 4687 3336 4746 laetemur
3375 4675 3506 4763 ergo
3534 4702 3592 4748 et
3631 4693 3806 4748 exsul-

2225 4784 2400 4832 temus
2423 4819 2438 4845 ,
2483 4778 2896 4848 gloriosissimos
2959 4788 3140 4850 patres
3205 4792 3418 4838 nostros
3461 4783 3664 4840 obiisse
3709 4799 3806 4855 pro

2224 4867 2462 4938 Christo,
2491 4870 2615 4940 quia
2644 4871 2738 4940 qui
2775 4872 3023 4942 primitus
3065 4887 3166 4943 pro
3212 4881 3416 4931 :eterno
3455 4876 3576 4947 ipso
3605 4877 3807 4932 cruoris

2223 4963 2307 5018 sui
2336 4978 2499 5020 censu
2527 4963 2690 5019 vitam
2718 4965 2821 5021 sibi
2860 4975 3131 5022 mereatur
3155 4975 3433 5024 :etemam.
3468 4969 3805 5027 Etemitatis

2224 5055 2369 5111 enim
2409 5064 2678 5112 mercatus
2724 5057 2918 5126 agitur,
2965 5059 3053 5114 ubi
3097 5075 3205 5116 non
3233 5062 3476 5132 pecunia}
3511 5065 3804 5132 quantitas,

2220 5147 2318 5204 sed
2344 5148 2562 5217 sanguis
2591 5147 2760 5205 ﬁdelis
2788 5151 2842 5206 in
2873 5153 3046 5222 pretio
3075 5163 3178 5222 est,
3220 5155 3310 5211 ubi
3339 5157 3418 5212 sic
3443 5173 3594 5214 mors
3622 5157 3805 5213 adimit

2219 5239 2408 5307 vitam,
2449 5247 2508 5293 ut
2535 5239 2697 5295 illatae
2722 5243 2884 5296 morti
2922 5243 3240 5302 immortalis
3280 5247 3391 5302 vita
3434 5249 3705 5304 succedat.
3740 5247 3805 5305 Et

2219 5331 2362 5398 ideo,
2390 5329 2602 5396 fratres,
2639 5333 2726 5389 cui
2766 5349 2952 5391 amore
2975 5334 3176 5393 Christi
3206 5354 3404 5395 exosus
3431 5350 3515 5396 est
3555 5340 3800 5404 mundus,

2216 5423 2473 5478 mundum
2505 5440 2611 5480 non
2641 5425 2838 5482 invitus
2866 5428 3082 5495 amittit,
3131 5431 3270 5488 sicut
3303 5432 3517 5489 dicebat
3557 5434 3803 5491 beatissi-

2191 5507 2336 5570 'mus
2364 5513 2560 5572 Paulus
2585 5535 2597 5570 :
2633 5517 2765 5574 Mihi
2793 5519 2958 5575 vivere
2979 5520 3213 5580 Christus
3247 5536 3343 5593 est,
3377 5536 3426 5580 et
3449 5529 3803 5587 morijlcrnsn

2219 5605 2438 5678 (Philip.
2468 5608 2528 5678 ι).
2555 5608 2726 5675 Quam
2755 5611 2979 5682 pulchre
3022 5615 3097 5669 ait
3123 5625 3174 5670 et
3213 5619 3344 5672 mori
3379 5617 3584 5673 lucrum
3611 5620 3630 5672 !
3655 5616 3796 5684 Quo-

2217 5696 2362 5752 niam
2379 5699 2481 5767 qui
2509 5698 2726 5756 Christo
2754 5702 2906 5772 vivit,
2937 5704 2982 5759 si
3013 5722 3112 5777 pro
3138 5705 3338 5764 Christi
3369 5709 3579 5767 honore
3604 5709 3804 5765 moria-

605 5793 622 5810 '
652 5791 749 5847 Hic
777 5797 952 5858 aliqua
981 5812 1088 5852 vox
1121 5797 1310 5853 deesse
1338 5796 1550 5853 videtur
1575 5812 1692 5867 qua:
1720 5799 1786 5854 sit
1817 5803 2046 5858 veritatis
2075 5806 2545 5879 complementum.
2578 5808 2728 5878 Enrr.
