4052 6330
232 381 330 437 665

1631 366 1859 424 SERMO
1897 345 2096 424 LXVII.

3387 371 3490 431 666

233 506 336 561 tur,
363 490 481 548 coeli
509 488 609 543 sibi
637 501 859 558 regnum
891 485 1086 543 damno
1117 459 1396 558 praesentis
1441 486 1575 540 lucis
1614 485 1799 552 acqui—
1827 481 1881 543 Δ
1911 479 2156 547 Paulum,
2199 500 2360 538 unum
2390 487 2706 555 piscantem,
2760 487 2919 543 alium
2963 497 3390 558 persequentem.
3424 488 3492 545 Et

233 587 316 642 rit.
344 582 475 638 Mori
522 595 753 650 namque
793 595 894 651 ps0
921 578 1137 636 Christo
1182 592 1410 650 regnare
1439 592 1559 634 cum
1589 576 1806 632 Christo

233 687 330 735 est.
361 675 461 743 Qui
504 673 812 744 religiosam
860 681 1090 728 mortem
1120 673 1173 727 in
1204 672 1411 727 lucrum
1439 670 1541 726 sibi
1570 676 1802 740 reputat,

234 766 464 826 ostendit
491 780 548 821 se
572 773 748 821 morte
774 779 871 820 sua
891 764 1172 836 proﬁcere,
1207 780 1314 819 non
1353 762 1550 834 perire.
1579 761 1708 838 Nam
1752 769 1808 816 et

235 859 482 915 Dominus
507 863 562 912 et
597 854 850 911 Salvator
872 864 1058 911 noster
1082 855 1160 910 ait
1201 873 1214 908 :
1245 852 1346 919 Qui
1374 853 1653 921 perdiderit
1692 853 1810 906 ani-

233 965 364 1005 mam
391 963 537 1002 suam
555 954 767 1018 propter
785 962 867 1001 me
885 947 1048 1018 667
1087 948 1310 1000 inveniet
1336 962 1450 999 eam
1481 943 1694 1017 (Matth.
1727 943 1806 1006 ι).

235 1038 368 1108 Quid
408 1038 511 1123 hoc
545 1044 650 1106 est,
679 1037 963 1105 carissimi,
991 1051 1096 1106 qua
1143 1037 1373 1104 ratione,
1403 1037 1597 1091 amissa
1642 1034 1809 1090 semel

236 1134 404 1189 anima
430 1147 528 1187 suo
556 1131 757 1201 poterit
785 1131 852 1186 ab
890 1131 1110 1186 homine
1139 1130 1399 1200 reperiri?
1442 1127 1666 1192 Poterit,
1712 1127 1812 1182 frao

237 1234 360 1292 tres,
389 1225 590 1298 poterit
636 1239 744 1279 non
774 1225 1001 1292 ratione,
1032 1222 1127 1280 sed
1169 1221 1293 1278 ﬁde.
1324 1220 1529 1278 Poterit
1566 1222 1682 1277 sine
1707 1220 1810 1276 du-

236 1318 338 1386 bio,
369 1317 492 1388 quia
529 1315 944 1373 resurrectionis
989 1314 1254 1371 beneﬁcio
1301 1323 1553 1385 reparato
1598 1313 1812 1384 corpori

235 1411 404 1467 anima
443 1420 660 1466 servata
697 1408 972 1466 reddetur.
1024 1409 1178 1476 Quod
1210 1409 1353 1465 enim
1399 1407 1512 1465 Deo
1547 1407 1814 1482 possibile

233 1510 328 1566 est,
360 1500 540 1558 facere
588 1500 794 1557 homini
837 1515 946 1555 non
972 1507 1056 1556 est
1095 1500 1424 1571 impossibile
1452 1500 1713 1571 cogitare,
1757 1507 1816 1554 ut

232 1596 302 1650 ait
345 1586 649 1650 futurorum
680 1593 929 1650 conscius
958 1590 1157 1647 Paulus
1178 1592 1455 1664 apostolus
1486 1591 1540 1662 (Ι
1566 1592 1685 1646 Cor.
1710 1591 1768 1661 ιι)
1797 1608 1809 1643 :

233 1684 338 1740 Nec
363 1685 544 1741 oculus
573 1685 718 1750 vidit,
749 1701 840 1738 nec
885 1685 1029 1738 auris
1059 1684 1272 1748 audivit,
1302 1695 1350 1737 et
1377 1686 1560 1738 in'cor
1592 1683 1816 1737 hominis

147 1849 156 1857 -
231 1795 327 1834 non
347 1777 606 1844 ascendit,
628 1793 753 1856 .qute
788 1778 1101 1848 praeparavit
1140 1775 1279 1832 Deus
1308 1776 1637 1849 diligentibus
1678 1793 1811 1829 eum.

1909 575 2071 632 Petro
2099 577 2315 646 quidem
2362 582 2510 649 regni
2548 582 2629 636 sui
2657 582 2856 652 claves,
2905 580 3248 639 Paulo-verbi
3275 585 3489 655 sapien-

1911 671 2038 725 tiam
2068 670 2235 726 dedit.
2270 671 2380 726 Nec
2404 672 2714 729 incredibile
2743 675 2865 742 hoc,
2897 676 3150 745 quoniam
3180 676 3275 745 qui
3297 689 3492 746 aquam

1909 763 2167 834 produxit
2195 765 2357 837 568
2384 781 2414 820 e
2441 774 2614 835 petra,
2639 765 2933 823 Ecclesiam
2959 767 3203 823 fundavit
3223 767 3276 822 in
3307 766 3490 824 Petro.

1911 855 2010 923 Qui
2050 855 2275 910 adorare
2301 857 2561 926 compulit
2613 871 2852 926 magum,
2882 867 3285 929 persecutorem
3313 858 3496 916 docuit

1913 947 2224 1018 praedicare.
2248 946 2306 1002 In
2330 948 2412 1003 his
2435 948 2661 1015 duobus,
2688 949 2972 1015 carissimi,
3002 957 3260 1020 quantum
3289 950 3496 1019 exiguis

1912 1040 2111 1096 sentire
2140 1039 2219 1095 fas
2263 1049 2366 1108 est,
2400 1041 2612 1110 gemina
2656 1039 2912 1098 Ecclesiae
2955 1041 3145 1108 forma,
3185 1050 3241 1099 et
3275 1043 3496 1098 humani

1912 1131 2124 1202 generis
2161 1133 2441 1188 diversitas
2490 1130 2765 1202 ﬁguratur.
2810 1131 3027 1189 Petrum
3069 1149 3300 1205 namque
3346 1149 3499 1189 com-

1913 1224 2133 1280 mendat
2173 1224 2508 1296 simplicitas,
2552 1223 2775 1278 Paulum
2824 1224 3068 1280 doctrina
3106 1225 3386 1288 sublimat,
3439 1231 3499 1278 ut

1915 1318 2253 1374 advertamus
2282 1319 2340 1372 in
2363 1317 2604 1373 Ecclesia
2631 1317 2749 1385 Dei,
2776 1324 2831 1372 et
2857 1317 3133 1372 scientiam
3163 1332 3282 1373 esse
3311 1331 3497 1372 neces-

1915 1411 2130 1477 sariam,
2158 1406 2219 1466 ἓῐ
2257 1410 2653 1480 simplicitatem
2699 1425 2817 1466 esse
2850 1409 3121 1464 dilectam.
3167 1408 3497 1480 Simplicita-

1915 1512 2025 1559 tem
2054 1512 2235 1559 autem
2263 1498 2405 1568 dico,
2435 1519 2540 1557 non
2572 1502 2715 1557 illam
2743 1517 2862 1572 qua:
2891 1501 3115 1570 ignavias
3142 1509 3362 1570 stupore
3383 1508 3497 1554 tor-

1917 1596 2109 1666 pescit,
2138 1595 2231 1651 sed
2275 1596 2416 1650 illam
2446 1611 2564 1666 qua:
2597 1595 2883 1664 vigilanter
2921 1594 3213 1650 incendens
3245 1592 3498 1662 prodesse

1919 1688 2037 1743 aliis
2055 1689 2282 1752 noverit,
2307 1703 2507 1743 nocere
2529 1687 2642 1758 ipsa
2663 1703 2769 1742 non
2793 1688 2980 1768 possit,
3006 1695 3063 1741 ut
3082 1686 3137 1741 in
3150 1700 3260 1740 uno
3283 1684 3500 1740 eodem-

1919 1794 2024 1848 que
2052 1779 2122 1834 sit
2150 1779 2368 1834 homine
2397 1787 2555 1833 cauto
2581 1778 2914 1848 simplicitas,
2943 1786 2999 1834 et
3017 1778 3242 1847 benigna
3271 1775 3499 1847 pruden-

233 1870 456 1928 Dicendo
489 1885 621 1940 ergo
654 1869 912 1926 Dominus
945 1888 957 1922 :
988 1870 1090 1937 Qui
1110 1869 1393 1940 perdiderit
1419 1871 1649 1924 animam
1671 1885 1818 1924 suam
1847 1868 1898 1931 Β
1926 1871 1995 1925 tia
2035 1868 2331 1926 secundum
2349 1868 2488 1923 illud
2523 1868 2671 1938 quod
2709 1868 2909 1925 dictum
2939 1877 3021 1924 est
3054 1887 3066 1922 :
3103 1881 3124 1909 ο
3157 1867 3338 1923 Estote
3382 1883 3501 1937 ergo

231 1971 430 2034 prapter
449 1978 561 2028 me,
580 1963 804 2016 inveniet
829 1977 964 2026 eam,
997 1960 1233 2016 ostendit
1254 1961 1305 2016 in
1335 1960 1428 2016 illo
1457 1961 1714 2017 adventus
1734 1960 1817 2016 sui

231 2055 408 2124 gloria,
439 2055 504 2119 in
532 2070 641 2127 quo
671 2054 847 2110 omnis
891 2054 1055 2110 homo
1099 2054 1411 2111 substantia:
1459 2070 1568 2110 suae
1617 2062 1818 2110 statum

232 2146 502 2217 vitamque
521 2145 766 2217 recipiet,
792 2145 985 2200 anima:
999 2153 1198 2201 nostra:
1218 2144 1570 2215 corporisque
1591 2160 1817 2200 consor-

233 2239 391 2293 tiuma
418 2235 800 2302 formandum;
826 2236 990 2292 homo
1015 2235 1156 2290 enim
1180 2235 1355 2291 anima
1381 2242 1435 2290 et
1455 2250 1686 2306 corpore
1697 2250 1822 2290 con-

233 2337 350 2384 stat.
383 2328 569 2386 Unum
596 2328 713 2385 sine
739 2329 912 2385 altero
940 2327 1205 2398 disjuncta
1241 2342 1311 2382 ac
1344 2326 1603 2397 dissipata
1629 2333 1819 2380 natura

235 2430 328 2476 est.
359 2421 413 2476 Si
462 2428 783 2477 removetur
820 2435 1043 2492 corpus,
1089 2418 1308 2474 amittit.
1341 2417 1475 2476 Cum
1521 2432 1650 2488 ergo
1689 2417 1822 2474 dici-

235 2523 336 2582 tur,
353 2511 454 2578 Qui
480 2513 770 2584 perdiderit
790 2515 1022 2568 animam
1042 2529 1209 2580 suam,
1232 2513 1452 2568 inveniet
1473 2529 1587 2567 eam
1605 2510 1817 2584 (Matth.

235 2606 319 2674 ι),
361 2604 639 2661 revelatur
667 2605 842 2670 nobis,
873 2620 995 2661 cum
1025 2604 1319 2660 secundum
1343 2603 1439 2659 Dei
1468 2603 1635 2658 nostri
1666 2603 1822 2658 fidele

234 2697 559 2767 promissum
589 2695 936 2753 renovabitur
961 2695 1212 2759 mundus,
1237 2702 1293 2751 et
1320 2695 1553 2750 animam
1583 2695 1819 2769 corpori,

233 2797 285 2845 et
310 2806 514 2862 corpus
542 2791 736 2847 animae
765 2805 884 2848 esse
913 2788 1261 2846 reddendum.
1314 2786 1439 2844 Ideo
1482 2797 1537 2844 et
1575 2787 1822 2844 Salvator

233 2879 437 2938 dicebat
475 2901 492 2936 :
526 2880 704 2938 Nolite
731 2884 910 2938 timere
949 2898 1036 2936 eos
1063 2883 1149 2952 qui
1191 2864 1430 2936 occidunt
1459 2897 1664 2950 corpus,
1705 2881 1821 2934 ani-

233 2989 366 3029 mam
395 2983 576 3028 autem
617 2972 722 3029 non
751 2982 964 3052 possunt
985 2973 1216 3028 occidere
1239 2990 1256 3039 ;
1295 2972 1387 3027 sed
1411 2973 1581 3043 potius
1602 2987 1717 3026 eum
1757 2971 1822 3025 ti-

234 3073 359 3119 mete
378 3066 468 3138 qui
500 3073 665 3136 potest
692 3066 922 3119 animum
961 3074 1010 3119 et
1047 3080 1233 3134 corpus
1262 3063 1476 3135 perdere
1501 3063 1556 3116 in
1587 3061 1822 3134 gehenna

235 3155 443 3229 (ibid.).
471 3156 659 3229 Itaque
679 3166 921 3229 potestas
949 3156 1318 3228 disperdenda:
1360 3156 1550 3210 anima:
1587 3154 1822 3209 ostendit

1922 1967 2077 2022 astuti
2098 1973 2522 2052 ut.serpentes,et
2545 1965 2803 2035 simplices
2831 1972 2888 2017 ut
2908 1962 3156 2018 columbae
3183 1960 3396 2034 (Matth.
3422 1957 3501 2030 ι).

1922 2060 2056 2116 Nam
2084 2058 2480 2129 simplicitatem
2511 2055 2677 2122 Petri,
2707 2065 2761 2114 et
2782 2058 2935 2128 vigor
2961 2057 3315 2112 vivacissimae
3347 2070 3500 2110 men-

1924 2155 1990 2208 tis
2018 2153 2281 2220 armabat,
2326 2161 2383 2207 et
2428 2151 2744 2221 spiritalium
2779 2150 3125 2206 consiliorum
3167 2146 3502 2219 providentia

1922 2247 2218 2302 muniebat.
2249 2243 2491 2314 Simplici
2519 2242 2703 2311 utique
2730 2241 3086 2312 prudentique
3119 2237 3285 2294 corde
3314 2235 3505 2293 Petrus

1923 2345 2061 2405 erat,
2087 2353 2207 2392 cum
2253 2334 2636 2392 incarnationis
2661 2333 2939 2389 dominicae
2965 2337 3356 2386 sacramentum
3397 2343 3505 2386 non

1923 2427 2246 2499 inquirendo
2273 2425 2552 2492 confessus
2572 2433 2673 2492 est,
2699 2423 2797 2481 sed
2826 2420 3119 2488 credendo,
3151 2419 3334 2475 dicens
3369 2436 3381 2470 :
3429 2415 3506 2471 Tu

1923 2539 1978 2576 es
2004 2519 2237 2576 Christus
2268 2518 2438 2575 Filius
2469 2518 2566 2574 Dei
2594 2520 2689 2573 vivi
2730 2515 2948 2590 (Maith.
2999 2514 3125 2587 XVI).
3158 2512 3273 2581 Qua
3299 2509 3508 2568 confes-

1923 2613 2096 2678 sione,
2129 2612 2411 2677 carissimi,
2458 2619 2514 2666 et
2541 2609 2745 2681 profuit
2773 2607 3054 2671 universis,
3085 2613 3143 2660 ut
3178 2603 3426 2674 simplex,
3453 2609 3507 2656 et

1925 2704 2208 2776 opiniones
2234 2718 2343 2758 non
2391 2709 2539 2757 recte
2578 2698 2914 2756 credentium
2942 2695 3140 2766 repulit
3185 2699 3244 2748 ut
3280 2697 3508 2746 astutus.

1923 2795 2091 2866 Igitur
2117 2794 2376 2851 doctrina:
2404 2791 2574 2862 gratia
2603 2789 2798 2846 cmlum
2821 2785 3019 2841 Paulus
3040 2781 3353 2852 ingreditur,
3382 2779 3509 2834 sim-

1923 2887 2179 2960 plicitatis
2207 2885 2400 2940 merito
2430 2879 2707 2953 aperiendi
2739 2878 2858 2934 οωιί
2891 2875 3083 2932 Petrus
3108 2871 3310 2942 accipit
3350 2877 3510 2940 pote-

1924 2987 2134 3035 statem.
2169 2975 2293 3032 Haec
2315 2973 2472 3030 nobis
2496 2971 2715 3036 idcirco,
2747 2966 3030 3030 carissimi,
3065 2972 3122 3019 ut
3149 2960 3512 3028 intelligamus

1925 3087 1954 3128 a
1987 3070 2090 3126 ﬁde
2139 3068 2231 3124 Dei
2269 3066 2441 3122 nostri
2485 3079 2584 3119 nec
2621 3061 2811 3117 doctos
2847 3055 3055 3128 repelli,
3103 3068 3202 3108 nec
3243 3049 3512 3120 simplices

1923 3162 2166 3220 refutari.
2193 3160 2461 3227 Quantum
2479 3164 2666 3215 autem
2701 3151 2822 3206 ﬁdei
2849 3148 3048 3205 ‘veritas
3071 3145 3254 3211 habet,
3286 3139 3512 3197 manife-

236 3248 286 3304 in
312 3247 534 3304 Christo
559 3249 848 3320 reparandi
873 3248 1105 3304 hominis
1133 3243 1476 3318 petestatem.
1505 3244 1615 3301 Nec
1655 3246 1818 3301 mire-

1923 3265 2063 3313 stum
2088 3261 2170 3309 est
2199 3249 2467 3312 omnibus,
2489 3244 2890 3316 simplicitatem
2917 3238 3064 3294 Petri
3092 3235 3341 3291 habuisse
3373 3231 3510 3286 Pau-

236 3357 373 3413 mur,
401 3343 692 3410 carissimi,
713 3343 759 3398 si
782 3341 1060 3413 perﬁdiam
1097 3341 1368 3397 smvientis
1395 3341 1574 3421 saeculi
1621 3338 1820 3395 Paulus

236 3434 429 3502 gladio,
473 3433 666 3490 Petrus
711 3449 871 3490 cruce
907 3432 1250 3518 damnarunt,
1294 3445 1524 3500 quorum
1560 3430 1820 3485 Dominus

236 3524 407 3595 ipsum
427 3526 615 3582 mundi
636 3525 935 3598 principem
963 3522 1297 3580 mirabilibus
1306 3520 1819 3591 terruit,b_increpa-

236 3617 472 3673 tionibus
521 3619 698 3688 arguit
723 3661 738 3686 ,
785 3615 1124 3689 passionibus
1188 3613 1555 3683 triumphavit.
1614 3611 1821 3666 Invenit
1861 3652 1870 3660 .

235 3710 435 3781 quippe
463 3711 517 3765 in
545 3711 624 3766 eis
651 3709 916 3773 diabolus,
947 3706 1093 3778 quod
1122 3706 1290 3777 possit
1317 3703 1580 3770 occidere,
1611 3717 1718 3757 non
1747 3709 1823 3756 ta-

237 3815 359 3856 men
403 3801 611 3858 invenit
656 3800 800 3871 quod
840 3808 1023 3872 posset
1068 3807 1253 3854 tenere
1280 3797 1569 3866 captivum.
1604 3795 1669 3850 Et
1692 3794 1821 3865 quid

236 3891 433 3948 mirum
476 3893 521 3948 si
551 3892 834 3964 perimitur
859 3891 1036 3960 gladio
1079 3903 1265 3945 servus
1293 3887 1457 3943 occisi
1483 3889 1507 3942 ?
1550 3886 1687 3954 Quid
1716 3889 1819 3942 mi-

235 3996 356 4036 rum
382 3984 430 4037 si
456 3983 508 4038 in
535 3998 694 4040 cruce
718 3978 927 4038 tollitur
953 3979 1244 4052 discipulus
1272 3976 1571 4034 Cruciﬁxi?
1611 3979 1701 4048 qui
1731 3993 1820 4035 se-

234 4073 503 4128 cuti‘sunt
521 4073 778 4144 patientis
799 4070 1125 4142 exemplum,
1151 4071 1428 4126 consecuti
1453 4077 1578 4128 sunt
1602 4059 1827 4140 regnan-

235 4166 306 4221 tis
345 4166 652 4234 imperium.
706 4164 1007 4235 Assumpsit
1045 4178 1174 4235 ergo
1219 4162 1464 4218 Christus
1516 4160 1732 4218 Petrum
1771 4177 1828 4222 et

1928 3351 2057 3414 lum,
2100 3345 2308 3416 ipsique
2348 3339 2510 3396 Petro
2552 3336 2704 3391 Pauli
2731 3331 3068 3416 prudentiam
3111 3341 3220 3381 non
3258 3323 3509 3416 defuisse.

1929 3439 2062 3495 Nam
2093 3415 2379 3503 utrumque
2407 3430 2550 3486 idem
2575 3426 2792 3498 spiritus
2817 3421 3100 3478 edocebat.
3129 3416 3244 3472 Hac
3282 3415 3512 3480 ratione,

1930 3529 2209 3593 carissimi,
2242 3535 2298 3583 et
2325 3523 2524 3580 Paulus
2553 3520 2704 3594 petra
2735 3526 2818 3574 est
2844 3514 3060 3581 Christi,
3096 3519 3151 3568 et
3180 3525 3271 3566 vas
3297 3507 3513 3564 electio-

1925 3626 2010 3682 nis
2050 3629 2134 3679 est
2173 3620 2385 3674 Petrus.
2430 3614 2670 3686 Uterque
2715 3612 2856 3668 enim
2894 3608 3042 3664 velut
3073 3602 3307 3662 caelestis
3355 3599 3514 3670 lapis,

1926 3711 2297 3771 fortitudinem
2328 3715 2548 3780 praestat
2595 3703 2838 3768 infirmis,
2893 3707 3117 3768 uterque
3145 3711 3240 3751 vas
3285 3693 3516 3749 electum

1923 3804 2230 3862 sitientibus
2258 3799 2419 3855 ﬁdem
2463 3783 2664 3852 Chriin
2706 3794 2774 3849 ab
2800 3799 3005 3848 :eterno
3033 3788 3182 3842 fonte
3207 3780 3387 3840 vitalis
3414 3794 3516 3852 po»-

1929 3896 2032 3951 culi
2081 3894 2278 3949 ﬂuenta
2321 3888 2616 3962 prolundit.
2649 3885 2718 3941 Et
2757 3884 2901 3949 ideo,
2930 3881 3054 3951 quia
3084 3893 3189 3934 una
3232 3876 3335 3931 illis
3364 3872 3516 3938 ﬁdes,

1929 4001 2036 4042 una
2081 3985 2270 4055 gloria,
2317 3997 2456 4038 unus
2503 3976 2738 4035 victricis
2783 3971 3049 4046 passionis
3103 3977 3186 4025 est
3225 3967 3360 4032 dies,
3408 3977 3515 4024 una

1933 4087 2218 4148 utrumque
2254 4074 2469 4132 devotio
2495 4071 2820 4144 populorum
2856 4066 3094 4123 omnium
3117 4063 3276 4134 plena
3305 4057 3520 4116 confes-

1936 4170 2088 4224 sione
2118 4174 2420 4223 veneratur.
2701 4199 2728 4222 ο

1586 4280 1856 4346 SERMO
1898 4283 2151 4346 LXVII.

1013 4380 1084 4434 De
1111 4380 1286 4436 eodem
1316 4381 1478 4435 natali
1507 4391 1805 4437 sanctorum
1834 4386 2185 4456 apostolorum
2218 4383 2362 4438 Petri
2390 4392 2439 4437 et
2471 4381 2630 4436 Pauli
2660 4377 2745 4433 II.

1671 4471 2058 4529 ADMONITIO.

309 4567 484 4644 563
497 4567 608 4625 Etsi
643 4569 697 4624 in
737 4566 923 4644 codice
959 4564 1222 4644 Vaticano
1264 4564 1418 4629 1269,
1454 4563 1543 4618 fol.
1581 4564 1669 4629 77,

237 4633 668 4706 tameTi'fratres,
707 4639 806 4694 viri
847 4637 1160 4700 doctissimi,
1206 4651 1350 4706 eum,
1379 4651 1487 4706 non
1529 4650 1648 4688 esse
1692 4633 1741 4687 in

1714 4581 1743 4618 a
1788 4575 1960 4637 tergo,
2007 4566 2063 4637 S.
2109 4566 2275 4637 Leoni
2305 4563 2505 4637 Magno
2547 4562 2636 4637 hic
2674 4546 3519 4637 sermo-ascribatur,.Dallerinii

1791 4616 2641 4703 sermonibus—vejiusdemusancti
2673 4626 2910 4685 doctoris
2947 4619 3341 4703 numerandum
3382 4616 3522 4703 judi-

238 4688 878 4778 ἔέιῖιῐιὶὶ.”ρίίιῖιὶιόιιιῖὲὶιῐ
891 4688 1390 4775 Emathiiques;
1435 4703 1690 4771 Maximo,
1727 4688 2124 4762 utwiiiiidtlidﬁgw
2144 4688 2499 4760 Ambrosiam
2540 4699 2752 4768 legitur,
2791 4694 2961 4753 secuti
3003 4693 3133 4748 clar.
3172 4688 3521 4751 Muratorium

240 4783 600 4837 attribuimus.
787 4833 832 4876 .

239 4845 958 4929 Annuusnrcu.——Pa'terno
986 4867 1336 4937 apostolorum
1364 4867 1614 4937 sanguine
1642 4845 1824 4937 Eccle4
1851 4871 1903 4933 ι)

309 4947 390 4998 sia
410 4945 685 4999 convaluit.
716 4935 1028 4995 Christianan
1046 4937 1171 5007 ﬁdei
1192 4953 1404 5006 regnum
1428 4935 1704 4988 mundanis
1731 4935 1824 4990 do-

310 5018 541 5068 minatur
570 5013 816 5084 imperiis.
851 5008 1040 5084 Petrus
1065 5007 1440 5084 omniﬁrmior
1469 5016 1612 5084 petra
1642 5022 1824 5084 passus

308 5095 406 5145 est,
441 5095 494 5137 ut
523 5075 699 5155 pastor
727 5099 820 5153 pro
841 5079 1141 5155 rommissis
1179 5075 1276 5131 sibi
1306 5075 1497 5131 ovibus.
1529 5075 1826 5130 Cavendum

309 5163 384 5208 est
415 5173 480 5208 ne
516 5149 639 5223 quid
679 5149 850 5208 virtuti
877 5149 1256 5223 prudentiaeque
1282 5157 1473 5223 nostra:
1501 5163 1822 5223 arrogemus.

311 5225 417 5278 Cur
444 5218 641 5278 Paulus
668 5240 777 5277 sese
803 5218 1070 5293 privilegio
1095 5218 1322 5295 gentium
1352 5218 1618 5272 tuebatur?

1928 4869 2002 4924 ris
2028 4867 2168 4923 lacte
2194 4863 2457 4929 nutritur;
2483 4861 2556 4918 ita
2586 4869 2712 4916 tunc
2741 4856 2994 4914 Ecclesia:
3021 4849 3392 4923 consurgentis
3435 4847 3522 4904 iu-

1932 4960 2098 5016 fantia
2128 4957 2339 5030 paterni
2368 4953 2641 5026 sanguinis
2667 4952 2914 5008 ubertate
2941 4945 3235 5006 convaluit.
3275 4941 3409 4998 Nam
3453 4954 3523 4996 ex

1933 5069 2040 5124 quo
2073 5048 2503 5109 benedictionem
2533 5045 2746 5103 fecundi
2770 5043 2977 5101 cruoris
3003 5038 3202 5096 sterilis
3229 5046 3372 5092 terra
3401 5050 3522 5091 sus-

1936 5145 2099 5214 cepit,
2143 5143 2423 5199 innumera
2451 5139 2646 5196 exinde
2665 5152 2764 5209 per
2784 5136 3089 5191 universum
3108 5131 3364 5186 mundum
3385 5126 3524 5182 mul-

1941 5232 2115 5298 titudo
2161 5239 2498 5298 credentium
2528 5234 2828 5307 pullulavit.
2859 5231 2990 5299 Quis
3018 5230 3090 5285 ita
3117 5231 3336 5284 demens
3363 5223 3521 5278 Chri-

314 5326 676 5406 Exsultemus,
708 5336 919 5400 fratres,
949 5345 1005 5388 et
1030 5312 1323 5402 gloriemur
1358 5331 1412 5386 in
1452 5329 1680 5385 Domino
1723 5330 1834 5386 Deo
1939 5335 2126 5390 stianse
2153 5332 2276 5388 ﬁdei
2312 5331 2488 5386 inesse
2522 5329 2753 5397 abneget
2777 5325 3083 5387 veritatem,
3108 5334 3268 5389 quam
3297 5313 3524 5406 tristitiae

241 5441 451 5501 nostro,
481 5433 606 5502 quia
643 5428 1008 5499 apostolorum
1049 5425 1242 5502 natalis
1270 5423 1522 5480 Ecclesiae
1550 5431 1634 5478 est
1661 5423 1836 5478 nutri-

241 5533 482 5579 mentum
508 5542 520 5577 :
551 5523 691 5579 sicut
718 5520 862 5577 enim
890 5517 1147 5589 parvulus
1174 5517 1399 5587 quisque
1439 5516 1668 5572 materni
1703 5517 1834 5573 ube-

313 5717 340 5746 ιι
365 5704 500 5761 Cod.
533 5701 918 5758 Ambrosianus
939 5699 1266 5769 recognitus,
1298 5699 1613 5754 consortium
1653 5699 1822 5770 refor-

243 5777 511 5902 ῃηῖδιῗὶῗιῗῖί
543 5844 783 5900 Ambros.
819 5843 1143 5912 recognitus,
1176 5804 1610 5912 increpatism‘m‘
1633 5839 1803 5911 “rguit

1943 5441 2050 5480 non
2097 5422 2343 5492 fatigant,
2387 5419 2646 5492 supplicia
2675 5433 2781 5474 non
2811 5413 3153 5502 conturbant,
3184 5421 3356 5502 neque
3384 5402 3522 5502 ullus

1944 5528 2218 5586 corporeae
2245 5513 2437 5569 mortis
2462 5519 2639 5568 terror
2664 5507 2922 5565 inclinat?
2939 5501 3038 5558 Cui
3057 5501 3220 5556 etiam
3245 5498 3296 5552 in
3326 5498 3518 5561 sempi-

1933 5692 2257 5750 mirabilibus
2279 5665 2479 5747 terruit:
3048 5749 3058 5756 _
3135 5755 3141 5756 γ
3277 5743 3288 5756 ,

2010 5779 2031 5804 ο
2065 5765 2293 5832 Vulgata
2323 5762 2507 5828 habet,
2539 5757 2720 5813 Estote
2757 5770 2884 5827 ergo
2925 5749 3200 5822 prudentes
3245 5749 3376 5797 sicut
3409 5757 3520 5797 ser-

1940 5846 2135 5904 ventes,
2169 5842 2274 5888 etc.
