  <div class='ocr_page' id='page_1' title='image "/cluster/home/n/w/nwhite01/storage/ocr_20150623/57/hvd.32044015471618/339.png"; bbox 0 0 4052 6330; ppageno 0'>
   <div class='ocr_carea' id='block_1_1' title="bbox 579 328 679 384">
    <p class='ocr_par' dir='ltr' id='par_1_1' title="bbox 579 328 679 384">
     <span class='ocr_line' id='line_1_1' title="bbox 579 328 679 384; baseline -0.01 0"><span class='ocrx_word' id='word_1_1' title='bbox 579 328 679 384; x_wconf 77' lang='lat'><strong>667</strong></span> 
     </span>
    </p>
   </div>
   <div class='ocr_carea' id='block_1_2' title="bbox 1799 305 2626 380">
    <p class='ocr_par' dir='ltr' id='par_1_2' title="bbox 1799 305 2626 380">
     <span class='ocr_line' id='line_1_2' title="bbox 1799 305 2626 380; baseline 0.004 -3"><span class='ocrx_word' id='word_1_2' title='bbox 1799 321 1855 377; x_wconf 90' lang='lat' dir='ltr'><strong>s.</strong></span> <span class='ocrx_word' id='word_1_3' title='bbox 1895 305 2626 380; x_wconf 69' lang='lat' dir='ltr'><strong>MAXIMI‘TAUMNENSIS</strong></span> 
     </span>
    </p>
   </div>
   <div class='ocr_carea' id='block_1_3' title="bbox 3743 333 3835 388">
    <p class='ocr_par' dir='ltr' id='par_1_3' title="bbox 3743 333 3835 388">
     <span class='ocr_line' id='line_1_3' title="bbox 3743 333 3835 388; baseline 0.011 -1"><span class='ocrx_word' id='word_1_4' title='bbox 3743 333 3835 388; x_wconf 66' lang='lat'><strong>603</strong></span> 
     </span>
    </p>
   </div>
   <div class='ocr_carea' id='block_1_4' title="bbox 578 436 3832 515">
    <p class='ocr_par' dir='ltr' id='par_1_4' title="bbox 578 436 3832 515">
     <span class='ocr_line' id='line_1_4' title="bbox 578 436 3832 515; baseline 0.001 -17"><span class='ocrx_word' id='word_1_5' title='bbox 578 445 787 500; x_wconf 76' lang='lat' dir='ltr'><strong>ternum</strong></span> <span class='ocrx_word' id='word_1_6' title='bbox 816 443 1065 510; x_wconf 79' lang='lat' dir='ltr'><strong>gaudium</strong></span> <span class='ocrx_word' id='word_1_7' title='bbox 1106 448 1519 510; x_wconf 88' lang='lat' dir='ltr'><strong>persequentum</strong></span> <span class='ocrx_word' id='word_1_8' title='bbox 1552 447 1816 494; x_wconf 88' lang='lat' dir='ltr'><strong>tormenta</strong></span> <span class='ocrx_word' id='word_1_9' title='bbox 1846 438 2152 509; x_wconf 86' lang='lat' dir='ltr'><strong>proﬁciunt,</strong></span> <span class='ocrx_word' id='word_1_10' title='bbox 2186 436 2228 496; x_wconf 83' lang='lat' dir='ltr'><strong>A</strong></span> <span class='ocrx_word' id='word_1_11' title='bbox 2259 451 2334 496; x_wconf 81' lang='lat' dir='ltr'><strong>cet</strong></span> <span class='ocrx_word' id='word_1_12' title='bbox 2362 461 2459 514; x_wconf 77' lang='lat' dir='ltr'><strong>quo</strong></span> <span class='ocrx_word' id='word_1_13' title='bbox 2494 454 2542 498; x_wconf 85' lang='lat' dir='ltr'><strong>tu</strong></span> <span class='ocrx_word' id='word_1_14' title='bbox 2572 460 2676 498; x_wconf 81' lang='lat' dir='ltr'><strong>non</strong></span> <span class='ocrx_word' id='word_1_15' title='bbox 2704 446 2777 499; x_wconf 80' lang='lat' dir='ltr'><strong>vis</strong></span> <span class='ocrx_word' id='word_1_16' title='bbox 2809 443 2985 515; x_wconf 82' lang='lat' dir='ltr'><strong>(Joan.</strong></span> <span class='ocrx_word' id='word_1_17' title='bbox 3016 447 3151 514; x_wconf 75' lang='lat' dir='ltr'><strong>ut).</strong></span> <span class='ocrx_word' id='word_1_18' title='bbox 3199 445 3310 500; x_wconf 87' lang='lat' dir='ltr'><strong>Hoc</strong></span> <span class='ocrx_word' id='word_1_19' title='bbox 3349 453 3432 499; x_wconf 89' lang='lat' dir='ltr'><strong>est</strong></span> <span class='ocrx_word' id='word_1_20' title='bbox 3458 445 3643 499; x_wconf 82' lang='lat' dir='ltr'><strong>dicere</strong></span> <span class='ocrx_word' id='word_1_21' title='bbox 3673 442 3832 503; x_wconf 88' lang='lat' dir='ltr'><strong>:Cum</strong></span> 
     </span>
    </p>
   </div>
   <div class='ocr_carea' id='block_1_5' title="bbox 576 519 2156 602">
    <p class='ocr_par' dir='ltr' id='par_1_5' title="bbox 576 519 2156 602">
     <span class='ocr_line' id='line_1_5' title="bbox 576 519 2156 602; baseline -0.005 -14"><span class='ocrx_word' id='word_1_22' title='bbox 576 533 726 602; x_wconf 80' lang='lat' dir='ltr'><strong>cujus</strong></span> <span class='ocrx_word' id='word_1_23' title='bbox 764 546 982 599; x_wconf 87' lang='lat' dir='ltr'><strong>regnum</strong></span> <span class='ocrx_word' id='word_1_24' title='bbox 1025 546 1122 601; x_wconf 90' lang='lat' dir='ltr'><strong>per</strong></span> <span class='ocrx_word' id='word_1_25' title='bbox 1159 539 1414 584; x_wconf 70' lang='lat' dir='ltr'><strong>{etcrnam</strong></span> <span class='ocrx_word' id='word_1_26' title='bbox 1459 519 1818 600; x_wconf 90' lang='lat' dir='ltr'><strong>invictamque</strong></span> <span class='ocrx_word' id='word_1_27' title='bbox 1859 529 2156 599; x_wconf 77' lang='lat' dir='ltr'><strong>potentiam</strong></span> 
     </span>
    </p>
   </div>
   <div class='ocr_carea' id='block_1_6' title="bbox 577 621 2153 692">
    <p class='ocr_par' dir='ltr' id='par_1_6' title="bbox 577 621 2153 692">
     <span class='ocr_line' id='line_1_6' title="bbox 577 621 2153 692; baseline 0 -16"><span class='ocrx_word' id='word_1_28' title='bbox 577 623 854 677; x_wconf 81' lang='lat' dir='ltr'><strong>mundanis</strong></span> <span class='ocrx_word' id='word_1_29' title='bbox 897 623 1199 677; x_wconf 74' lang='lat' dir='ltr'><strong>dominatur</strong></span> <span class='ocrx_word' id='word_1_30' title='bbox 1227 622 1482 691; x_wconf 89' lang='lat' dir='ltr'><strong>imperiis.</strong></span> <span class='ocrx_word' id='word_1_31' title='bbox 1517 621 1586 677; x_wconf 93' lang='lat' dir='ltr'><strong>Ut</strong></span> <span class='ocrx_word' id='word_1_32' title='bbox 1615 629 1794 676; x_wconf 88' lang='lat' dir='ltr'><strong>autem</strong></span> <span class='ocrx_word' id='word_1_33' title='bbox 1824 621 2034 692; x_wconf 83' lang='lat' dir='ltr'><strong>plenius</strong></span> <span class='ocrx_word' id='word_1_34' title='bbox 2058 621 2153 676; x_wconf 88' lang='lat' dir='ltr'><strong>ad-</strong></span> 
     </span>
    </p>
   </div>
   <div class='ocr_carea' id='block_1_7' title="bbox 575 714 2156 793">
    <p class='ocr_par' dir='ltr' id='par_1_7' title="bbox 575 714 2156 793">
     <span class='ocr_line' id='line_1_7' title="bbox 575 714 2156 793; baseline 0.001 -25"><span class='ocrx_word' id='word_1_35' title='bbox 575 724 864 793; x_wconf 87' lang='lat' dir='ltr'><strong>vertamus,</strong></span> <span class='ocrx_word' id='word_1_36' title='bbox 886 723 1083 784; x_wconf 89' lang='lat' dir='ltr'><strong>quanta</strong></span> <span class='ocrx_word' id='word_1_37' title='bbox 1105 716 1174 770; x_wconf 85' lang='lat' dir='ltr'><strong>sit</strong></span> <span class='ocrx_word' id='word_1_38' title='bbox 1194 715 1425 770; x_wconf 65' lang='lat' dir='ltr'><strong>caelestis</strong></span> <span class='ocrx_word' id='word_1_39' title='bbox 1452 716 1600 784; x_wconf 84' lang='lat' dir='ltr'><strong>regni</strong></span> <span class='ocrx_word' id='word_1_40' title='bbox 1630 714 1935 783; x_wconf 72' lang='lat' dir='ltr'><strong>terrenique</strong></span> <span class='ocrx_word' id='word_1_41' title='bbox 1955 715 2156 769; x_wconf 86' lang='lat' dir='ltr'><strong>distan-</strong></span> 
     </span>
    </p>
   </div>
   <div class='ocr_carea' id='block_1_8' title="bbox 576 808 2156 880">
    <p class='ocr_par' dir='ltr' id='par_1_8' title="bbox 576 808 2156 880">
     <span class='ocr_line' id='line_1_8' title="bbox 576 808 2156 880; baseline 0 -18"><span class='ocrx_word' id='word_1_42' title='bbox 576 811 666 876; x_wconf 91' lang='lat' dir='ltr'><strong>tia,</strong></span> <span class='ocrx_word' id='word_1_43' title='bbox 700 808 1021 864; x_wconf 88' lang='lat' dir='ltr'><strong>documenta</strong></span> <span class='ocrx_word' id='word_1_44' title='bbox 1045 809 1199 864; x_wconf 90' lang='lat' dir='ltr'><strong>nobis</strong></span> <span class='ocrx_word' id='word_1_45' title='bbox 1223 809 1288 864; x_wconf 91' lang='lat' dir='ltr'><strong>de</strong></span> <span class='ocrx_word' id='word_1_46' title='bbox 1307 809 1656 880; x_wconf 47' lang='lat' dir='ltr'><strong>praesentibus</strong></span> <span class='ocrx_word' id='word_1_47' title='bbox 1674 809 1944 878; x_wconf 84' lang='lat' dir='ltr'><strong>capiamus</strong></span> <span class='ocrx_word' id='word_1_48' title='bbox 1972 822 2156 862; x_wconf 83' lang='lat' dir='ltr'><strong>exem-</strong></span> 
     </span>
    </p>
   </div>
   <div class='ocr_carea' id='block_1_9' title="bbox 574 899 2154 971">
    <p class='ocr_par' dir='ltr' id='par_1_9' title="bbox 574 899 2154 971">
     <span class='ocr_line' id='line_1_9' title="bbox 574 899 2154 971; baseline 0 -17"><span class='ocrx_word' id='word_1_49' title='bbox 574 900 694 971; x_wconf 91' lang='lat' dir='ltr'><strong>plis.</strong></span> <span class='ocrx_word' id='word_1_50' title='bbox 718 900 856 956; x_wconf 86' lang='lat' dir='ltr'><strong>Ecce</strong></span> <span class='ocrx_word' id='word_1_51' title='bbox 877 915 1030 969; x_wconf 85' lang='lat' dir='ltr'><strong>reges</strong></span> <span class='ocrx_word' id='word_1_52' title='bbox 1051 901 1420 971; x_wconf 69' lang='lat' dir='ltr'><strong>prmtereuntis</strong></span> <span class='ocrx_word' id='word_1_53' title='bbox 1440 900 1596 970; x_wconf 90' lang='lat' dir='ltr'><strong>hujus</strong></span> <span class='ocrx_word' id='word_1_54' title='bbox 1615 900 1792 956; x_wconf 63' lang='lat' dir='ltr'><strong>saeculi</strong></span> <span class='ocrx_word' id='word_1_55' title='bbox 1813 899 2154 954; x_wconf 88' lang='lat' dir='ltr'><strong>devotionem</strong></span> 
     </span>
    </p>
   </div>
   <div class='ocr_carea' id='block_1_10' title="bbox 576 993 2152 1064">
    <p class='ocr_par' dir='ltr' id='par_1_10' title="bbox 576 993 2152 1064">
     <span class='ocr_line' id='line_1_10' title="bbox 576 993 2152 1064; baseline -0.001 -16"><span class='ocrx_word' id='word_1_56' title='bbox 576 1009 699 1064; x_wconf 89' lang='lat' dir='ltr'><strong>erga</strong></span> <span class='ocrx_word' id='word_1_57' title='bbox 727 1010 784 1049; x_wconf 90' lang='lat' dir='ltr'><strong>se</strong></span> <span class='ocrx_word' id='word_1_58' title='bbox 815 995 1040 1049; x_wconf 90' lang='lat' dir='ltr'><strong>militum</strong></span> <span class='ocrx_word' id='word_1_59' title='bbox 1067 1010 1286 1050; x_wconf 88' lang='lat' dir='ltr'><strong>suorum</strong></span> <span class='ocrx_word' id='word_1_60' title='bbox 1328 995 1380 1049; x_wconf 92' lang='lat' dir='ltr'><strong>in</strong></span> <span class='ocrx_word' id='word_1_61' title='bbox 1427 996 1528 1049; x_wconf 91' lang='lat' dir='ltr'><strong>hac</strong></span> <span class='ocrx_word' id='word_1_62' title='bbox 1557 1001 1761 1049; x_wconf 91' lang='lat' dir='ltr'><strong>tantum</strong></span> <span class='ocrx_word' id='word_1_63' title='bbox 1791 995 1900 1048; x_wconf 89' lang='lat' dir='ltr'><strong>vita</strong></span> <span class='ocrx_word' id='word_1_64' title='bbox 1928 993 2152 1047; x_wconf 90' lang='lat' dir='ltr'><strong>honori-</strong></span> 
     </span>
    </p>
   </div>
   <div class='ocr_carea' id='block_1_11' title="bbox 575 1087 2151 1158">
    <p class='ocr_par' dir='ltr' id='par_1_11' title="bbox 575 1087 2151 1158">
     <span class='ocr_line' id='line_1_11' title="bbox 575 1087 2151 1158; baseline -0.001 -16"><span class='ocrx_word' id='word_1_65' title='bbox 575 1087 672 1142; x_wconf 90' lang='lat' dir='ltr'><strong>bus</strong></span> <span class='ocrx_word' id='word_1_66' title='bbox 701 1087 1115 1158; x_wconf 86' lang='lat' dir='ltr'><strong>muneribusque</strong></span> <span class='ocrx_word' id='word_1_67' title='bbox 1142 1095 1480 1154; x_wconf 88' lang='lat' dir='ltr'><strong>conservant,</strong></span> <span class='ocrx_word' id='word_1_68' title='bbox 1512 1089 1644 1142; x_wconf 90' lang='lat' dir='ltr'><strong>nihil</strong></span> <span class='ocrx_word' id='word_1_69' title='bbox 1689 1088 1904 1158; x_wconf 90' lang='lat' dir='ltr'><strong>penitus</strong></span> <span class='ocrx_word' id='word_1_70' title='bbox 1945 1087 2151 1142; x_wconf 90' lang='lat' dir='ltr'><strong>haben-</strong></span> 
     </span>
    </p>
   </div>
   <div class='ocr_carea' id='block_1_12' title="bbox 575 1178 2148 1251">
    <p class='ocr_par' dir='ltr' id='par_1_12' title="bbox 575 1178 2148 1251">
     <span class='ocr_line' id='line_1_12' title="bbox 575 1178 2148 1251; baseline 0.002 -21"><span class='ocrx_word' id='word_1_71' title='bbox 575 1187 674 1242; x_wconf 86' lang='lat' dir='ltr'><strong>tes,</strong></span> <span class='ocrx_word' id='word_1_72' title='bbox 705 1178 847 1249; x_wconf 90' lang='lat' dir='ltr'><strong>quod</strong></span> <span class='ocrx_word' id='word_1_73' title='bbox 873 1187 1094 1250; x_wconf 80' lang='lat' dir='ltr'><strong>possent</strong></span> <span class='ocrx_word' id='word_1_74' title='bbox 1119 1180 1227 1235; x_wconf 90' lang='lat' dir='ltr'><strong>suis</strong></span> <span class='ocrx_word' id='word_1_75' title='bbox 1253 1180 1458 1251; x_wconf 84' lang='lat' dir='ltr'><strong>sibique</strong></span> <span class='ocrx_word' id='word_1_76' title='bbox 1481 1188 1734 1249; x_wconf 62' lang='lat' dir='ltr'><strong>praestare</strong></span> <span class='ocrx_word' id='word_1_77' title='bbox 1759 1187 1880 1249; x_wconf 91' lang='lat' dir='ltr'><strong>post</strong></span> <span class='ocrx_word' id='word_1_78' title='bbox 1901 1186 2148 1234; x_wconf 88' lang='lat' dir='ltr'><strong>mortem.</strong></span> 
     </span>
    </p>
   </div>
   <div class='ocr_carea' id='block_1_13' title="bbox 574 1269 2152 1334">
    <p class='ocr_par' dir='ltr' id='par_1_13' title="bbox 574 1269 2152 1334">
     <span class='ocr_line' id='line_1_13' title="bbox 574 1269 2152 1334; baseline 0.003 -12"><span class='ocrx_word' id='word_1_79' title='bbox 574 1269 813 1326; x_wconf 83' lang='lat' dir='ltr'><strong>Christus</strong></span> <span class='ocrx_word' id='word_1_80' title='bbox 842 1279 1020 1326; x_wconf 90' lang='lat' dir='ltr'><strong>autem</strong></span> <span class='ocrx_word' id='word_1_81' title='bbox 1050 1286 1146 1326; x_wconf 81' lang='lat' dir='ltr'><strong>rex</strong></span> <span class='ocrx_word' id='word_1_82' title='bbox 1173 1272 1409 1326; x_wconf 89' lang='lat' dir='ltr'><strong>omnium</strong></span> <span class='ocrx_word' id='word_1_83' title='bbox 1437 1272 1771 1334; x_wconf 63' lang='lat' dir='ltr'><strong>saaculorum,</strong></span> <span class='ocrx_word' id='word_1_84' title='bbox 1797 1271 1998 1327; x_wconf 89' lang='lat' dir='ltr'><strong>electos</strong></span> <span class='ocrx_word' id='word_1_85' title='bbox 2025 1287 2152 1326; x_wconf 87' lang='lat' dir='ltr'><strong>suos</strong></span> 
     </span>
    </p>
   </div>
   <div class='ocr_carea' id='block_1_14' title="bbox 574 1360 2153 1432">
    <p class='ocr_par' dir='ltr' id='par_1_14' title="bbox 574 1360 2153 1432">
     <span class='ocr_line' id='line_1_14' title="bbox 574 1360 2153 1432; baseline 0.001 -18"><span class='ocrx_word' id='word_1_86' title='bbox 574 1360 774 1427; x_wconf 89' lang='lat' dir='ltr'><strong>labore,</strong></span> <span class='ocrx_word' id='word_1_87' title='bbox 826 1363 1085 1426; x_wconf 84' lang='lat' dir='ltr'><strong>nuditate,</strong></span> <span class='ocrx_word' id='word_1_88' title='bbox 1126 1362 1283 1430; x_wconf 89' lang='lat' dir='ltr'><strong>fame,</strong></span> <span class='ocrx_word' id='word_1_89' title='bbox 1325 1363 1666 1431; x_wconf 84' lang='lat' dir='ltr'><strong>cruciatibus,</strong></span> <span class='ocrx_word' id='word_1_90' title='bbox 1721 1371 1892 1417; x_wconf 79' lang='lat' dir='ltr'><strong>morte</strong></span> <span class='ocrx_word' id='word_1_91' title='bbox 1935 1362 2153 1432; x_wconf 87' lang='lat' dir='ltr'><strong>insuper</strong></span> 
     </span>
    </p>
   </div>
   <div class='ocr_carea' id='block_1_15' title="bbox 573 1454 2152 1526">
    <p class='ocr_par' dir='ltr' id='par_1_15' title="bbox 573 1454 2152 1526">
     <span class='ocr_line' id='line_1_15' title="bbox 573 1454 2152 1526; baseline 0.003 -19"><span class='ocrx_word' id='word_1_92' title='bbox 573 1455 797 1510; x_wconf 86' lang='lat' dir='ltr'><strong>remittit</strong></span> <span class='ocrx_word' id='word_1_93' title='bbox 825 1454 1014 1525; x_wconf 82' lang='lat' dir='ltr'><strong>aﬂligi;</strong></span> <span class='ocrx_word' id='word_1_94' title='bbox 1041 1466 1064 1492; x_wconf 72' lang='grc' dir='ltr'><strong><em>υ</em></strong></span> <span class='ocrx_word' id='word_1_95' title='bbox 1087 1456 1209 1525; x_wconf 86' lang='lat' dir='ltr'><strong>quia</strong></span> <span class='ocrx_word' id='word_1_96' title='bbox 1241 1464 1476 1526; x_wconf 86' lang='lat' dir='ltr'><strong>potestas</strong></span> <span class='ocrx_word' id='word_1_97' title='bbox 1505 1457 1552 1511; x_wconf 90' lang='lat' dir='ltr'><strong>ei</strong></span> <span class='ocrx_word' id='word_1_98' title='bbox 1575 1464 1657 1512; x_wconf 90' lang='lat' dir='ltr'><strong>est</strong></span> <span class='ocrx_word' id='word_1_99' title='bbox 1685 1457 1943 1512; x_wconf 90' lang='lat' dir='ltr'><strong>suscitare</strong></span> <span class='ocrx_word' id='word_1_100' title='bbox 1971 1455 2152 1511; x_wconf 90' lang='lat' dir='ltr'><strong>defun-</strong></span> 
     </span>
    </p>
   </div>
   <div class='ocr_carea' id='block_1_16' title="bbox 573 1548 2148 1618">
    <p class='ocr_par' dir='ltr' id='par_1_16' title="bbox 573 1548 2148 1618">
     <span class='ocr_line' id='line_1_16' title="bbox 573 1548 2148 1618; baseline 0.002 -17"><span class='ocrx_word' id='word_1_101' title='bbox 573 1554 736 1610; x_wconf 91' lang='lat' dir='ltr'><strong>ctum,</strong></span> <span class='ocrx_word' id='word_1_102' title='bbox 770 1548 1057 1616; x_wconf 89' lang='lat' dir='ltr'><strong>spoliatum</strong></span> <span class='ocrx_word' id='word_1_103' title='bbox 1087 1549 1332 1618; x_wconf 76' lang='lat' dir='ltr'><strong>pncsenti</strong></span> <span class='ocrx_word' id='word_1_104' title='bbox 1361 1549 1465 1603; x_wconf 91' lang='lat' dir='ltr'><strong>vita</strong></span> <span class='ocrx_word' id='word_1_105' title='bbox 1494 1550 1646 1618; x_wconf 82' lang='lat' dir='ltr'><strong>regni</strong></span> <span class='ocrx_word' id='word_1_106' title='bbox 1683 1549 1765 1604; x_wconf 90' lang='lat' dir='ltr'><strong>sui</strong></span> <span class='ocrx_word' id='word_1_107' title='bbox 1791 1549 1908 1604; x_wconf 91' lang='lat' dir='ltr'><strong>luce</strong></span> <span class='ocrx_word' id='word_1_108' title='bbox 1935 1550 2148 1615; x_wconf 87' lang='lat' dir='ltr'><strong>vestire,</strong></span> 
     </span>
    </p>
   </div>
   <div class='ocr_carea' id='block_1_17' title="bbox 525 1639 2148 1713">
    <p class='ocr_par' dir='ltr' id='par_1_17' title="bbox 525 1639 2148 1713">
     <span class='ocr_line' id='line_1_17' title="bbox 525 1639 2148 1713; baseline 0 -21"><span class='ocrx_word' id='word_1_109' title='bbox 525 1711 527 1713; x_wconf 91' lang='lat'><em>_</em></span> <span class='ocrx_word' id='word_1_110' title='bbox 573 1646 627 1692; x_wconf 86' lang='lat' dir='ltr'><strong>et</strong></span> <span class='ocrx_word' id='word_1_111' title='bbox 663 1646 870 1693; x_wconf 84' lang='lat' dir='ltr'><strong>remota</strong></span> <span class='ocrx_word' id='word_1_112' title='bbox 910 1640 1025 1708; x_wconf 87' lang='lat' dir='ltr'><strong>lege</strong></span> <span class='ocrx_word' id='word_1_113' title='bbox 1064 1640 1269 1705; x_wconf 85' lang='lat' dir='ltr'><strong>mortis,</strong></span> <span class='ocrx_word' id='word_1_114' title='bbox 1308 1641 1720 1710; x_wconf 88' lang='lat' dir='ltr'><strong>perpetuitatem</strong></span> <span class='ocrx_word' id='word_1_115' title='bbox 1749 1639 1878 1696; x_wconf 89' lang='lat' dir='ltr'><strong>dare</strong></span> <span class='ocrx_word' id='word_1_116' title='bbox 1915 1640 2148 1695; x_wconf 85' lang='lat' dir='ltr'><strong>mortali.</strong></span> 
     </span>
    </p>
   </div>
   <div class='ocr_carea' id='block_1_18' title="bbox 573 1730 2150 1800">
    <p class='ocr_par' dir='ltr' id='par_1_18' title="bbox 573 1730 2150 1800">
     <span class='ocr_line' id='line_1_18' title="bbox 573 1730 2150 1800; baseline -0.001 -14"><span class='ocrx_word' id='word_1_117' title='bbox 573 1730 727 1797; x_wconf 86' lang='lat' dir='ltr'><strong>Quod</strong></span> <span class='ocrx_word' id='word_1_118' title='bbox 774 1741 950 1785; x_wconf 90' lang='lat' dir='ltr'><strong>autem</strong></span> <span class='ocrx_word' id='word_1_119' title='bbox 999 1747 1380 1800; x_wconf 88' lang='lat' dir='ltr'><strong>nonnunquam</strong></span> <span class='ocrx_word' id='word_1_120' title='bbox 1427 1748 1458 1786; x_wconf 90' lang='lat' dir='ltr'><strong>a</strong></span> <span class='ocrx_word' id='word_1_121' title='bbox 1507 1730 1748 1787; x_wconf 91' lang='lat' dir='ltr'><strong>ﬁdelibus</strong></span> <span class='ocrx_word' id='word_1_122' title='bbox 1792 1732 1920 1787; x_wconf 88' lang='lat' dir='ltr'><strong>viris</strong></span> <span class='ocrx_word' id='word_1_123' title='bbox 1966 1746 2150 1799; x_wconf 88' lang='lat' dir='ltr'><strong>regum</strong></span> 
     </span>
    </p>
   </div>
   <div class='ocr_carea' id='block_1_19' title="bbox 2261 534 3833 613">
    <p class='ocr_par' dir='ltr' id='par_1_19' title="bbox 2261 534 3833 613">
     <span class='ocr_line' id='line_1_19' title="bbox 2261 534 3833 613; baseline 0.002 -23"><span class='ocrx_word' id='word_1_124' title='bbox 2261 548 2407 590; x_wconf 87' lang='lat' dir='ltr'><strong>esses</strong></span> <span class='ocrx_word' id='word_1_125' title='bbox 2430 534 2631 602; x_wconf 86' lang='lat' dir='ltr'><strong>junior,</strong></span> <span class='ocrx_word' id='word_1_126' title='bbox 2666 534 2846 604; x_wconf 89' lang='lat' dir='ltr'><strong>Petre,</strong></span> <span class='ocrx_word' id='word_1_127' title='bbox 2876 547 3066 592; x_wconf 88' lang='lat' dir='ltr'><strong>manus</strong></span> <span class='ocrx_word' id='word_1_128' title='bbox 3088 535 3244 613; x_wconf 72' lang='lat'><strong>57.1</strong></span> <span class='ocrx_word' id='word_1_129' title='bbox 3272 545 3326 592; x_wconf 89' lang='lat' dir='ltr'><strong>te</strong></span> <span class='ocrx_word' id='word_1_130' title='bbox 3347 537 3580 607; x_wconf 66' lang='lat' dir='ltr'><strong>prOpriai</strong></span> <span class='ocrx_word' id='word_1_131' title='bbox 3610 537 3833 595; x_wconf 60' lang='lat' dir='ltr'><strong>ministe-</strong></span> 
     </span>
    </p>
   </div>
   <div class='ocr_carea' id='block_1_20' title="bbox 2260 628 3831 698">
    <p class='ocr_par' dir='ltr' id='par_1_20' title="bbox 2260 628 3831 698">
     <span class='ocr_line' id='line_1_20' title="bbox 2260 628 3831 698; baseline 0.001 -16"><span class='ocrx_word' id='word_1_132' title='bbox 2260 628 2340 682; x_wconf 89' lang='lat' dir='ltr'><strong>rio</strong></span> <span class='ocrx_word' id='word_1_133' title='bbox 2369 628 2684 696; x_wconf 86' lang='lat' dir='ltr'><strong>succingens</strong></span> <span class='ocrx_word' id='word_1_134' title='bbox 2713 638 2858 683; x_wconf 88' lang='lat' dir='ltr'><strong>tuam</strong></span> <span class='ocrx_word' id='word_1_135' title='bbox 2894 629 3202 698; x_wconf 86' lang='lat' dir='ltr'><strong>sequebaris</strong></span> <span class='ocrx_word' id='word_1_136' title='bbox 3230 630 3282 684; x_wconf 90' lang='lat' dir='ltr'><strong>in</strong></span> <span class='ocrx_word' id='word_1_137' title='bbox 3312 628 3562 683; x_wconf 88' lang='lat' dir='ltr'><strong>omnibus</strong></span> <span class='ocrx_word' id='word_1_138' title='bbox 3590 628 3831 683; x_wconf 83' lang='lat' dir='ltr'><strong>volunta-</strong></span> 
     </span>
    </p>
   </div>
   <div class='ocr_carea' id='block_1_21' title="bbox 2259 718 3829 791">
    <p class='ocr_par' dir='ltr' id='par_1_21' title="bbox 2259 718 3829 791">
     <span class='ocr_line' id='line_1_21' title="bbox 2259 718 3829 791; baseline 0.002 -18"><span class='ocrx_word' id='word_1_139' title='bbox 2259 727 2384 774; x_wconf 90' lang='lat' dir='ltr'><strong>tem.</strong></span> <span class='ocrx_word' id='word_1_140' title='bbox 2410 718 2542 775; x_wconf 92' lang='lat' dir='ltr'><strong>Cum</strong></span> <span class='ocrx_word' id='word_1_141' title='bbox 2573 730 2750 776; x_wconf 88' lang='lat' dir='ltr'><strong>autem</strong></span> <span class='ocrx_word' id='word_1_142' title='bbox 2778 723 3040 790; x_wconf 88' lang='lat' dir='ltr'><strong>senueris,</strong></span> <span class='ocrx_word' id='word_1_143' title='bbox 3063 737 3256 777; x_wconf 86' lang='lat' dir='ltr'><strong>manus</strong></span> <span class='ocrx_word' id='word_1_144' title='bbox 3276 730 3330 777; x_wconf 90' lang='lat' dir='ltr'><strong>te</strong></span> <span class='ocrx_word' id='word_1_145' title='bbox 3355 722 3536 791; x_wconf 84' lang='lat' dir='ltr'><strong>cinget</strong></span> <span class='ocrx_word' id='word_1_146' title='bbox 3559 729 3829 787; x_wconf 66' lang='lat' dir='ltr'><strong>exta-anes,</strong></span> 
     </span>
    </p>
   </div>
   <div class='ocr_carea' id='block_1_22' title="bbox 2257 809 3832 882">
    <p class='ocr_par' dir='ltr' id='par_1_22' title="bbox 2257 809 3832 882">
     <span class='ocr_line' id='line_1_22' title="bbox 2257 809 3832 882; baseline 0.003 -19"><span class='ocrx_word' id='word_1_147' title='bbox 2257 817 2312 864; x_wconf 92' lang='lat' dir='ltr'><strong>et</strong></span> <span class='ocrx_word' id='word_1_148' title='bbox 2340 809 2498 865; x_wconf 90' lang='lat' dir='ltr'><strong>ducet</strong></span> <span class='ocrx_word' id='word_1_149' title='bbox 2519 825 2626 881; x_wconf 89' lang='lat' dir='ltr'><strong>quo</strong></span> <span class='ocrx_word' id='word_1_150' title='bbox 2654 819 2711 866; x_wconf 93' lang='lat' dir='ltr'><strong>tu</strong></span> <span class='ocrx_word' id='word_1_151' title='bbox 2738 820 2846 867; x_wconf 92' lang='lat' dir='ltr'><strong>non</strong></span> <span class='ocrx_word' id='word_1_152' title='bbox 2868 813 2965 878; x_wconf 85' lang='lat' dir='ltr'><strong>vis,</strong></span> <span class='ocrx_word' id='word_1_153' title='bbox 2992 828 3056 868; x_wconf 90' lang='lat' dir='ltr'><strong>ac</strong></span> <span class='ocrx_word' id='word_1_154' title='bbox 3076 812 3374 882; x_wconf 78' lang='lat' dir='ltr'><strong>iuventutis</strong></span> <span class='ocrx_word' id='word_1_155' title='bbox 3402 821 3508 867; x_wconf 76' lang='lat' dir='ltr'><strong>tuae</strong></span> <span class='ocrx_word' id='word_1_156' title='bbox 3535 812 3832 868; x_wconf 86' lang='lat' dir='ltr'><strong>libertatem</strong></span> 
     </span>
    </p>
   </div>
   <div class='ocr_carea' id='block_1_23' title="bbox 2257 902 3831 972">
    <p class='ocr_par' dir='ltr' id='par_1_23' title="bbox 2257 902 3831 972">
     <span class='ocr_line' id='line_1_23' title="bbox 2257 902 3831 972; baseline 0.003 -17"><span class='ocrx_word' id='word_1_157' title='bbox 2257 903 2486 957; x_wconf 84' lang='lat' dir='ltr'><strong>mutabis</strong></span> <span class='ocrx_word' id='word_1_158' title='bbox 2514 903 2566 958; x_wconf 94' lang='lat' dir='ltr'><strong>in</strong></span> <span class='ocrx_word' id='word_1_159' title='bbox 2595 905 2868 960; x_wconf 86' lang='lat' dir='ltr'><strong>servitium</strong></span> <span class='ocrx_word' id='word_1_160' title='bbox 2889 904 3196 960; x_wconf 89' lang='lat' dir='ltr'><strong>senectutis.</strong></span> <span class='ocrx_word' id='word_1_161' title='bbox 3227 903 3414 967; x_wconf 80' lang='lat' dir='ltr'><strong>Docet,</strong></span> <span class='ocrx_word' id='word_1_162' title='bbox 3436 902 3632 971; x_wconf 85' lang='lat' dir='ltr'><strong>inquit,</strong></span> <span class='ocrx_word' id='word_1_163' title='bbox 3657 909 3712 957; x_wconf 89' lang='lat' dir='ltr'><strong>te</strong></span> <span class='ocrx_word' id='word_1_164' title='bbox 3733 918 3831 972; x_wconf 87' lang='lat' dir='ltr'><strong>quo</strong></span> 
     </span>
    </p>
   </div>
   <div class='ocr_carea' id='block_1_24' title="bbox 2257 993 3831 1066">
    <p class='ocr_par' dir='ltr' id='par_1_24' title="bbox 2257 993 3831 1066">
     <span class='ocr_line' id='line_1_24' title="bbox 2257 993 3831 1066; baseline 0.001 -20"><span class='ocrx_word' id='word_1_165' title='bbox 2257 1000 2314 1047; x_wconf 92' lang='lat' dir='ltr'><strong>tu</strong></span> <span class='ocrx_word' id='word_1_166' title='bbox 2343 1009 2449 1048; x_wconf 92' lang='lat' dir='ltr'><strong>non</strong></span> <span class='ocrx_word' id='word_1_167' title='bbox 2477 995 2575 1050; x_wconf 87' lang='lat' dir='ltr'><strong>vis.</strong></span> <span class='ocrx_word' id='word_1_168' title='bbox 2613 995 2892 1066; x_wconf 85' lang='lat' dir='ltr'><strong>Nunquam</strong></span> <span class='ocrx_word' id='word_1_169' title='bbox 2923 996 3142 1052; x_wconf 88' lang='lat' dir='ltr'><strong>nolebat</strong></span> <span class='ocrx_word' id='word_1_170' title='bbox 3166 995 3356 1050; x_wconf 86' lang='lat' dir='ltr'><strong>Petrus</strong></span> <span class='ocrx_word' id='word_1_171' title='bbox 3384 994 3496 1064; x_wconf 88' lang='lat' dir='ltr'><strong>pati</strong></span> <span class='ocrx_word' id='word_1_172' title='bbox 3526 1009 3628 1063; x_wconf 87' lang='lat' dir='ltr'><strong>pro</strong></span> <span class='ocrx_word' id='word_1_173' title='bbox 3657 993 3831 1049; x_wconf 90' lang='lat' dir='ltr'><strong>Domi-</strong></span> 
     </span>
    </p>
   </div>
   <div class='ocr_carea' id='block_1_25' title="bbox 2257 1085 3830 1154">
    <p class='ocr_par' dir='ltr' id='par_1_25' title="bbox 2257 1085 3830 1154">
     <span class='ocr_line' id='line_1_25' title="bbox 2257 1085 3830 1154; baseline 0.001 -18"><span class='ocrx_word' id='word_1_174' title='bbox 2257 1098 2327 1138; x_wconf 93' lang='lat' dir='ltr'><strong>no</strong></span> <span class='ocrx_word' id='word_1_175' title='bbox 2353 1099 2468 1148; x_wconf 88' lang='lat' dir='ltr'><strong>suo,</strong></span> <span class='ocrx_word' id='word_1_176' title='bbox 2499 1085 2586 1140; x_wconf 90' lang='lat' dir='ltr'><strong>cui</strong></span> <span class='ocrx_word' id='word_1_177' title='bbox 2615 1094 2738 1140; x_wconf 90' lang='lat' dir='ltr'><strong>ante</strong></span> <span class='ocrx_word' id='word_1_178' title='bbox 2759 1086 2872 1154; x_wconf 89' lang='lat' dir='ltr'><strong>jam</strong></span> <span class='ocrx_word' id='word_1_179' title='bbox 2899 1085 3108 1142; x_wconf 78' lang='lat' dir='ltr'><strong>dixerat</strong></span> <span class='ocrx_word' id='word_1_180' title='bbox 3133 1102 3146 1138; x_wconf 90' lang='lat'>:</span> <span class='ocrx_word' id='word_1_181' title='bbox 3176 1086 3416 1146; x_wconf 80' lang='lat' dir='ltr'><strong>Animam</strong></span> <span class='ocrx_word' id='word_1_182' title='bbox 3453 1101 3624 1139; x_wconf 82' lang='lat' dir='ltr'><strong>meam</strong></span> <span class='ocrx_word' id='word_1_183' title='bbox 3657 1099 3752 1154; x_wconf 77' lang='lat' dir='ltr'><strong>pro</strong></span> <span class='ocrx_word' id='word_1_184' title='bbox 3788 1093 3830 1138; x_wconf 81' lang='lat' dir='ltr'><strong>te</strong></span> 
     </span>
    </p>
   </div>
   <div class='ocr_carea' id='block_1_26' title="bbox 2252 1174 3827 1248">
    <p class='ocr_par' dir='ltr' id='par_1_26' title="bbox 2252 1174 3827 1248">
     <span class='ocr_line' id='line_1_26' title="bbox 2252 1174 3827 1248; baseline -0.002 -18"><span class='ocrx_word' id='word_1_185' title='bbox 2252 1189 2445 1245; x_wconf 80' lang='lat' dir='ltr'><strong>ponam</strong></span> <span class='ocrx_word' id='word_1_186' title='bbox 2476 1176 2653 1246; x_wconf 80' lang='lat' dir='ltr'><strong>(Joan.</strong></span> <span class='ocrx_word' id='word_1_187' title='bbox 2684 1178 2822 1248; x_wconf 79' lang='lat' dir='ltr'><strong>xui).</strong></span> <span class='ocrx_word' id='word_1_188' title='bbox 2854 1176 3081 1232; x_wconf 78' lang='lat' dir='ltr'><strong>Volebat</strong></span> <span class='ocrx_word' id='word_1_189' title='bbox 3105 1176 3320 1246; x_wconf 86' lang='lat' dir='ltr'><strong>quidem</strong></span> <span class='ocrx_word' id='word_1_190' title='bbox 3341 1183 3399 1230; x_wconf 87' lang='lat' dir='ltr'><strong>ut.</strong></span> <span class='ocrx_word' id='word_1_191' title='bbox 3419 1174 3652 1230; x_wconf 86' lang='lat' dir='ltr'><strong>devotus</strong></span> <span class='ocrx_word' id='word_1_192' title='bbox 3678 1174 3827 1240; x_wconf 86' lang='lat' dir='ltr'><strong>mori,</strong></span> 
     </span>
    </p>
   </div>
   <div class='ocr_carea' id='block_1_27' title="bbox 2255 1264 3828 1336">
    <p class='ocr_par' dir='ltr' id='par_1_27' title="bbox 2255 1264 3828 1336">
     <span class='ocr_line' id='line_1_27' title="bbox 2255 1264 3828 1336; baseline -0.002 -15"><span class='ocrx_word' id='word_1_193' title='bbox 2255 1268 2350 1322; x_wconf 89' lang='lat' dir='ltr'><strong>sed</strong></span> <span class='ocrx_word' id='word_1_194' title='bbox 2389 1267 2514 1336; x_wconf 85' lang='lat' dir='ltr'><strong>quia</strong></span> <span class='ocrx_word' id='word_1_195' title='bbox 2550 1268 2695 1324; x_wconf 91' lang='lat' dir='ltr'><strong>velut</strong></span> <span class='ocrx_word' id='word_1_196' title='bbox 2732 1269 2874 1324; x_wconf 91' lang='lat' dir='ltr'><strong>ultro</strong></span> <span class='ocrx_word' id='word_1_197' title='bbox 2915 1269 3075 1323; x_wconf 93' lang='lat' dir='ltr'><strong>morti</strong></span> <span class='ocrx_word' id='word_1_198' title='bbox 3119 1283 3178 1323; x_wconf 90' lang='lat' dir='ltr'><strong>se</strong></span> <span class='ocrx_word' id='word_1_199' title='bbox 3218 1267 3510 1335; x_wconf 78' lang='lat' dir='ltr'><strong>ingerebat,</strong></span> <span class='ocrx_word' id='word_1_200' title='bbox 3550 1264 3828 1336; x_wconf 84' lang='lat' dir='ltr'><strong>quamdam</strong></span> 
     </span>
    </p>
   </div>
   <div class='ocr_carea' id='block_1_28' title="bbox 2255 1354 3829 1428">
    <p class='ocr_par' dir='ltr' id='par_1_28' title="bbox 2255 1354 3829 1428">
     <span class='ocr_line' id='line_1_28' title="bbox 2255 1354 3829 1428; baseline -0.004 -15"><span class='ocrx_word' id='word_1_201' title='bbox 2255 1359 2624 1428; x_wconf 65' lang='lat' dir='ltr'><strong>praesumentis</strong></span> <span class='ocrx_word' id='word_1_202' title='bbox 2652 1360 2850 1415; x_wconf 88' lang='lat' dir='ltr'><strong>habere</strong></span> <span class='ocrx_word' id='word_1_203' title='bbox 2879 1359 3160 1415; x_wconf 88' lang='lat' dir='ltr'><strong>videbatur</strong></span> <span class='ocrx_word' id='word_1_204' title='bbox 3179 1357 3480 1424; x_wconf 89' lang='lat' dir='ltr'><strong>audaciam,</strong></span> <span class='ocrx_word' id='word_1_205' title='bbox 3511 1371 3637 1412; x_wconf 89' lang='lat' dir='ltr'><strong>nam</strong></span> <span class='ocrx_word' id='word_1_206' title='bbox 3663 1354 3756 1424; x_wconf 89' lang='lat' dir='ltr'><strong>qui</strong></span> <span class='ocrx_word' id='word_1_207' title='bbox 3781 1363 3829 1408; x_wconf 82' lang='lat' dir='ltr'><strong>ut</strong></span> 
     </span>
    </p>
   </div>
   <div class='ocr_carea' id='block_1_29' title="bbox 2255 1435 3828 1516">
    <p class='ocr_par' dir='ltr' id='par_1_29' title="bbox 2255 1435 3828 1516">
     <span class='ocr_line' id='line_1_29' title="bbox 2255 1435 3828 1516; baseline -0.002 -14"><span class='ocrx_word' id='word_1_208' title='bbox 2255 1435 2497 1504; x_wconf 73' lang='lat' dir='ltr'><strong>inﬁrmus</strong></span> <span class='ocrx_word' id='word_1_209' title='bbox 2524 1451 2659 1505; x_wconf 89' lang='lat' dir='ltr'><strong>mori</strong></span> <span class='ocrx_word' id='word_1_210' title='bbox 2686 1467 2794 1506; x_wconf 89' lang='lat' dir='ltr'><strong>non</strong></span> <span class='ocrx_word' id='word_1_211' title='bbox 2815 1451 2948 1516; x_wconf 90' lang='lat' dir='ltr'><strong>vult,</strong></span> <span class='ocrx_word' id='word_1_212' title='bbox 2973 1458 3030 1506; x_wconf 90' lang='lat' dir='ltr'><strong>et</strong></span> <span class='ocrx_word' id='word_1_213' title='bbox 3056 1449 3197 1504; x_wconf 91' lang='lat' dir='ltr'><strong>idem</strong></span> <span class='ocrx_word' id='word_1_214' title='bbox 3226 1456 3284 1503; x_wconf 90' lang='lat' dir='ltr'><strong>ut</strong></span> <span class='ocrx_word' id='word_1_215' title='bbox 3308 1447 3642 1504; x_wconf 82' lang='lat' dir='ltr'><strong>confortatus</strong></span> <span class='ocrx_word' id='word_1_216' title='bbox 3666 1460 3698 1499; x_wconf 88' lang='lat' dir='ltr'><strong>a</strong></span> <span class='ocrx_word' id='word_1_217' title='bbox 3728 1445 3828 1500; x_wconf 85' lang='lat' dir='ltr'><strong>Deo</strong></span> 
     </span>
    </p>
   </div>
   <div class='ocr_carea' id='block_1_30' title="bbox 2256 1539 3828 1611">
    <p class='ocr_par' dir='ltr' id='par_1_30' title="bbox 2256 1539 3828 1611">
     <span class='ocr_line' id='line_1_30' title="bbox 2256 1539 3828 1611; baseline -0.001 -18"><span class='ocrx_word' id='word_1_218' title='bbox 2256 1555 2364 1594; x_wconf 90' lang='lat' dir='ltr'><strong>non</strong></span> <span class='ocrx_word' id='word_1_219' title='bbox 2399 1539 2594 1610; x_wconf 78' lang='lat' dir='ltr'><strong>refugit</strong></span> <span class='ocrx_word' id='word_1_220' title='bbox 2618 1541 2938 1611; x_wconf 89' lang='lat' dir='ltr'><strong>passionem,</strong></span> <span class='ocrx_word' id='word_1_221' title='bbox 2970 1540 3172 1610; x_wconf 89' lang='lat' dir='ltr'><strong>pariter</strong></span> <span class='ocrx_word' id='word_1_222' title='bbox 3207 1539 3262 1594; x_wconf 93' lang='lat' dir='ltr'><strong>in</strong></span> <span class='ocrx_word' id='word_1_223' title='bbox 3299 1539 3610 1608; x_wconf 88' lang='lat' dir='ltr'><strong>semetipso,</strong></span> <span class='ocrx_word' id='word_1_224' title='bbox 3641 1543 3699 1591; x_wconf 92' lang='lat' dir='ltr'><strong>et</strong></span> <span class='ocrx_word' id='word_1_225' title='bbox 3729 1543 3828 1591; x_wconf 80' lang='lat' dir='ltr'><strong>tre-</strong></span> 
     </span>
    </p>
   </div>
   <div class='ocr_carea' id='block_1_31' title="bbox 2256 1628 3828 1709">
    <p class='ocr_par' dir='ltr' id='par_1_31' title="bbox 2256 1628 3828 1709">
     <span class='ocr_line' id='line_1_31' title="bbox 2256 1628 3828 1709; baseline -0.003 -23"><span class='ocrx_word' id='word_1_226' title='bbox 2256 1631 2392 1701; x_wconf 72' lang='lat' dir='ltr'><strong>pidu:</strong></span> <span class='ocrx_word' id='word_1_227' title='bbox 2420 1633 2597 1687; x_wconf 87' lang='lat' dir='ltr'><strong>carnis</strong></span> <span class='ocrx_word' id='word_1_228' title='bbox 2623 1633 2857 1689; x_wconf 90' lang='lat' dir='ltr'><strong>ostendit</strong></span> <span class='ocrx_word' id='word_1_229' title='bbox 2880 1631 3148 1709; x_wconf 71' lang='lat' dir='ltr'><strong>affectum,</strong></span> <span class='ocrx_word' id='word_1_230' title='bbox 3177 1640 3232 1687; x_wconf 90' lang='lat' dir='ltr'><strong>et</strong></span> <span class='ocrx_word' id='word_1_231' title='bbox 3260 1631 3431 1686; x_wconf 89' lang='lat' dir='ltr'><strong>ﬁdelis</strong></span> <span class='ocrx_word' id='word_1_232' title='bbox 3456 1630 3622 1684; x_wconf 84' lang='lat' dir='ltr'><strong>animi</strong></span> <span class='ocrx_word' id='word_1_233' title='bbox 3651 1628 3828 1698; x_wconf 81' lang='lat' dir='ltr'><strong>implet</strong></span> 
     </span>
    </p>
   </div>
   <div class='ocr_carea' id='block_1_32' title="bbox 2256 1723 3828 1797">
    <p class='ocr_par' dir='ltr' id='par_1_32' title="bbox 2256 1723 3828 1797">
     <span class='ocr_line' id='line_1_32' title="bbox 2256 1723 3828 1797; baseline -0.001 -19"><span class='ocrx_word' id='word_1_234' title='bbox 2256 1723 2511 1780; x_wconf 89' lang='lat' dir='ltr'><strong>ofﬁcium.</strong></span> <span class='ocrx_word' id='word_1_235' title='bbox 2542 1727 2705 1796; x_wconf 89' lang='lat' dir='ltr'><strong>lgitur</strong></span> <span class='ocrx_word' id='word_1_236' title='bbox 2732 1727 2821 1782; x_wconf 91' lang='lat' dir='ltr'><strong>ubi</strong></span> <span class='ocrx_word' id='word_1_237' title='bbox 2850 1727 3126 1797; x_wconf 86' lang='lat' dir='ltr'><strong>apostolus</strong></span> <span class='ocrx_word' id='word_1_238' title='bbox 3151 1735 3344 1797; x_wconf 89' lang='lat' dir='ltr'><strong>sponte</strong></span> <span class='ocrx_word' id='word_1_239' title='bbox 3372 1725 3531 1780; x_wconf 87' lang='lat' dir='ltr'><strong>morti</strong></span> <span class='ocrx_word' id='word_1_240' title='bbox 3554 1741 3615 1780; x_wconf 90' lang='lat' dir='ltr'><strong>se</strong></span> <span class='ocrx_word' id='word_1_241' title='bbox 3645 1724 3828 1788; x_wconf 79' lang='lat' dir='ltr'><strong>oﬂere-</strong></span> 
     </span>
    </p>
   </div>
   <div class='ocr_carea' id='block_1_33' title="bbox 532 1809 3828 1892">
    <p class='ocr_par' dir='ltr' id='par_1_33' title="bbox 532 1809 3828 1892">
     <span class='ocr_line' id='line_1_33' title="bbox 532 1809 3828 1892; baseline -0.002 -16"><span class='ocrx_word' id='word_1_242' title='bbox 532 1810 536 1816; x_wconf 68' lang='grc'><em>’</em></span> <span class='ocrx_word' id='word_1_243' title='bbox 575 1823 787 1892; x_wconf 72' lang='lat' dir='ltr'><strong>prmmia</strong></span> <span class='ocrx_word' id='word_1_244' title='bbox 815 1831 1129 1890; x_wconf 90' lang='lat' dir='ltr'><strong>renunntur,</strong></span> <span class='ocrx_word' id='word_1_245' title='bbox 1160 1823 1301 1892; x_wconf 89' lang='lat' dir='ltr'><strong>quod</strong></span> <span class='ocrx_word' id='word_1_246' title='bbox 1351 1823 1428 1878; x_wconf 87' lang='lat' dir='ltr'><strong>eis</strong></span> <span class='ocrx_word' id='word_1_247' title='bbox 1464 1823 1784 1878; x_wconf 73' lang='lat' dir='ltr'><strong>abominata:</strong></span> <span class='ocrx_word' id='word_1_248' title='bbox 1810 1830 1935 1878; x_wconf 91' lang='lat' dir='ltr'><strong>sunt</strong></span> <span class='ocrx_word' id='word_1_249' title='bbox 1962 1838 2148 1877; x_wconf 89' lang='lat' dir='ltr'><strong>onmes</strong></span> <span class='ocrx_word' id='word_1_250' title='bbox 2176 1820 2225 1881; x_wconf 91' lang='lat' dir='ltr'><strong>B</strong></span> <span class='ocrx_word' id='word_1_251' title='bbox 2250 1816 2365 1886; x_wconf 87' lang='lat' dir='ltr'><strong>bat,</strong></span> <span class='ocrx_word' id='word_1_252' title='bbox 2397 1819 2469 1874; x_wconf 88' lang='lat' dir='ltr'><strong>ibi</strong></span> <span class='ocrx_word' id='word_1_253' title='bbox 2500 1820 2674 1875; x_wconf 89' lang='lat' dir='ltr'><strong>timuit</strong></span> <span class='ocrx_word' id='word_1_254' title='bbox 2701 1821 2858 1889; x_wconf 89' lang='lat' dir='ltr'><strong>mori,</strong></span> <span class='ocrx_word' id='word_1_255' title='bbox 2890 1829 2942 1876; x_wconf 93' lang='lat' dir='ltr'><strong>et</strong></span> <span class='ocrx_word' id='word_1_256' title='bbox 2970 1821 3059 1876; x_wconf 91' lang='lat' dir='ltr'><strong>ubi</strong></span> <span class='ocrx_word' id='word_1_257' title='bbox 3087 1821 3275 1876; x_wconf 86' lang='lat' dir='ltr'><strong>nolens</strong></span> <span class='ocrx_word' id='word_1_258' title='bbox 3300 1829 3381 1875; x_wconf 88' lang='lat' dir='ltr'><strong>est</strong></span> <span class='ocrx_word' id='word_1_259' title='bbox 3403 1809 3601 1874; x_wconf 84' lang='lat' dir='ltr'><strong>ductus</strong></span> <span class='ocrx_word' id='word_1_260' title='bbox 3622 1817 3691 1872; x_wconf 89' lang='lat' dir='ltr'><strong>ad</strong></span> <span class='ocrx_word' id='word_1_261' title='bbox 3719 1833 3828 1872; x_wconf 51' lang='lat' dir='ltr'><strong>cru.</strong></span> 
     </span>
    </p>
   </div>
   <div class='ocr_carea' id='block_1_34' title="bbox 573 1912 2150 1988">
    <p class='ocr_par' dir='ltr' id='par_1_34' title="bbox 573 1912 2150 1988">
     <span class='ocr_line' id='line_1_34' title="bbox 573 1912 2150 1988; baseline 0.001 -22"><span class='ocrx_word' id='word_1_262' title='bbox 573 1914 748 1988; x_wconf 65' lang='lat' dir='ltr'><strong>sicculi</strong></span> <span class='ocrx_word' id='word_1_263' title='bbox 773 1914 1079 1983; x_wconf 84' lang='lat' dir='ltr'><strong>dignitates,</strong></span> <span class='ocrx_word' id='word_1_264' title='bbox 1109 1914 1252 1985; x_wconf 86' lang='lat' dir='ltr'><strong>quod</strong></span> <span class='ocrx_word' id='word_1_265' title='bbox 1280 1924 1335 1969; x_wconf 90' lang='lat' dir='ltr'><strong>ut</strong></span> <span class='ocrx_word' id='word_1_266' title='bbox 1361 1931 1559 1969; x_wconf 86' lang='lat' dir='ltr'><strong>vanum</strong></span> <span class='ocrx_word' id='word_1_267' title='bbox 1586 1923 1862 1986; x_wconf 89' lang='lat' dir='ltr'><strong>respuunt,</strong></span> <span class='ocrx_word' id='word_1_268' title='bbox 1893 1912 2150 1984; x_wconf 90' lang='lat' dir='ltr'><strong>quidquid</strong></span> 
     </span>
    </p>
   </div>
   <div class='ocr_carea' id='block_1_35' title="bbox 573 2004 2150 2078">
    <p class='ocr_par' dir='ltr' id='par_1_35' title="bbox 573 2004 2150 2078">
     <span class='ocr_line' id='line_1_35' title="bbox 573 2004 2150 2078; baseline 0.001 -19"><span class='ocrx_word' id='word_1_269' title='bbox 573 2004 674 2060; x_wconf 90' lang='lat' dir='ltr'><strong>illis</strong></span> <span class='ocrx_word' id='word_1_270' title='bbox 703 2006 788 2061; x_wconf 91' lang='lat' dir='ltr'><strong>hic</strong></span> <span class='ocrx_word' id='word_1_271' title='bbox 815 2006 1042 2062; x_wconf 89' lang='lat' dir='ltr'><strong>mundus</strong></span> <span class='ocrx_word' id='word_1_272' title='bbox 1072 2007 1324 2062; x_wconf 89' lang='lat' dir='ltr'><strong>obtulerit</strong></span> <span class='ocrx_word' id='word_1_273' title='bbox 1361 2008 1677 2078; x_wconf 89' lang='lat' dir='ltr'><strong>pretiosum,</strong></span> <span class='ocrx_word' id='word_1_274' title='bbox 1707 2024 1830 2078; x_wconf 92' lang='lat' dir='ltr'><strong>spes</strong></span> <span class='ocrx_word' id='word_1_275' title='bbox 1861 2007 1948 2062; x_wconf 80' lang='lat' dir='ltr'><strong>illa</strong></span> <span class='ocrx_word' id='word_1_276' title='bbox 1977 2007 2150 2062; x_wconf 79' lang='lat' dir='ltr'><strong>omni-</strong></span> 
     </span>
    </p>
   </div>
   <div class='ocr_carea' id='block_1_36' title="bbox 574 2098 2150 2171">
    <p class='ocr_par' dir='ltr' id='par_1_36' title="bbox 574 2098 2150 2171">
     <span class='ocr_line' id='line_1_36' title="bbox 574 2098 2150 2171; baseline 0.001 -20"><span class='ocrx_word' id='word_1_277' title='bbox 574 2098 742 2153; x_wconf 90' lang='lat' dir='ltr'><strong>modis</strong></span> <span class='ocrx_word' id='word_1_278' title='bbox 763 2099 908 2164; x_wconf 85' lang='lat' dir='ltr'><strong>facit,</strong></span> <span class='ocrx_word' id='word_1_279' title='bbox 931 2101 1055 2170; x_wconf 90' lang='lat' dir='ltr'><strong>quia</strong></span> <span class='ocrx_word' id='word_1_280' title='bbox 1077 2115 1173 2170; x_wconf 86' lang='lat' dir='ltr'><strong>per</strong></span> <span class='ocrx_word' id='word_1_281' title='bbox 1192 2101 1417 2168; x_wconf 80' lang='lat' dir='ltr'><strong>gratiam</strong></span> <span class='ocrx_word' id='word_1_282' title='bbox 1439 2100 1598 2171; x_wconf 82' lang='lat' dir='ltr'><strong>57o</strong></span> <span class='ocrx_word' id='word_1_283' title='bbox 1617 2100 1817 2155; x_wconf 87' lang='lat' dir='ltr'><strong>Christi</strong></span> <span class='ocrx_word' id='word_1_284' title='bbox 1837 2101 1917 2155; x_wconf 90' lang='lat' dir='ltr'><strong>sui</strong></span> <span class='ocrx_word' id='word_1_285' title='bbox 1940 2100 2150 2170; x_wconf 89' lang='lat' dir='ltr'><strong>potiora</strong></span> 
     </span>
    </p>
   </div>
   <div class='ocr_carea' id='block_1_37' title="bbox 574 2193 2147 2264">
    <p class='ocr_par' dir='ltr' id='par_1_37' title="bbox 574 2193 2147 2264">
     <span class='ocr_line' id='line_1_37' title="bbox 574 2193 2147 2264; baseline 0 -16"><span class='ocrx_word' id='word_1_286' title='bbox 574 2193 672 2248; x_wconf 82' lang='lat' dir='ltr'><strong>sibi</strong></span> <span class='ocrx_word' id='word_1_287' title='bbox 713 2193 1032 2262; x_wconf 89' lang='lat' dir='ltr'><strong>quandoque</strong></span> <span class='ocrx_word' id='word_1_288' title='bbox 1081 2195 1378 2264; x_wconf 74' lang='lat' dir='ltr'><strong>pnestanda</strong></span> <span class='ocrx_word' id='word_1_289' title='bbox 1425 2194 1555 2250; x_wconf 89' lang='lat' dir='ltr'><strong>ﬁdes</strong></span> <span class='ocrx_word' id='word_1_290' title='bbox 1596 2203 1806 2264; x_wconf 80' lang='lat' dir='ltr'><strong>servata</strong></span> <span class='ocrx_word' id='word_1_291' title='bbox 1856 2194 2147 2264; x_wconf 67' lang='lat' dir='ltr'><strong>prmsumit.</strong></span> 
     </span>
    </p>
   </div>
   <div class='ocr_carea' id='block_1_38' title="bbox 573 2282 2155 2354">
    <p class='ocr_par' dir='ltr' id='par_1_38' title="bbox 573 2282 2155 2354">
     <span class='ocr_line' id='line_1_38' title="bbox 573 2282 2155 2354; baseline 0.001 -17"><span class='ocrx_word' id='word_1_292' title='bbox 573 2283 700 2350; x_wconf 83' lang='lat' dir='ltr'><strong>Quis</strong></span> <span class='ocrx_word' id='word_1_293' title='bbox 724 2300 828 2338; x_wconf 91' lang='lat' dir='ltr'><strong>non</strong></span> <span class='ocrx_word' id='word_1_294' title='bbox 849 2290 1028 2354; x_wconf 83' lang='lat' dir='ltr'><strong>stupet</strong></span> <span class='ocrx_word' id='word_1_295' title='bbox 1048 2284 1099 2339; x_wconf 92' lang='lat' dir='ltr'><strong>in</strong></span> <span class='ocrx_word' id='word_1_296' title='bbox 1122 2285 1395 2339; x_wconf 88' lang='lat' dir='ltr'><strong>voluntate</strong></span> <span class='ocrx_word' id='word_1_297' title='bbox 1414 2282 1612 2339; x_wconf 88' lang='lat' dir='ltr'><strong>Christi</strong></span> <span class='ocrx_word' id='word_1_298' title='bbox 1638 2300 1756 2340; x_wconf 90' lang='lat' dir='ltr'><strong>esse</strong></span> <span class='ocrx_word' id='word_1_299' title='bbox 1784 2285 1885 2339; x_wconf 93' lang='lat' dir='ltr'><strong>hoc</strong></span> <span class='ocrx_word' id='word_1_300' title='bbox 1913 2293 2024 2338; x_wconf 89' lang='lat' dir='ltr'><strong>tam</strong></span> <span class='ocrx_word' id='word_1_301' title='bbox 2052 2283 2155 2338; x_wconf 92' lang='lat' dir='ltr'><strong>mi-</strong></span> 
     </span>
    </p>
   </div>
   <div class='ocr_carea' id='block_1_39' title="bbox 542 2373 2153 2450">
    <p class='ocr_par' dir='ltr' id='par_1_39' title="bbox 542 2373 2153 2450">
     <span class='ocr_line' id='line_1_39' title="bbox 542 2373 2153 2450; baseline 0.002 -24"><span class='ocrx_word' id='word_1_302' title='bbox 542 2438 545 2441; x_wconf 96' lang='lat'><em>_</em></span> <span class='ocrx_word' id='word_1_303' title='bbox 574 2373 738 2428; x_wconf 89' lang='lat' dir='ltr'><strong>rabile</strong></span> <span class='ocrx_word' id='word_1_304' title='bbox 758 2383 1174 2438; x_wconf 81' lang='lat' dir='ltr'><strong>sacramentum,</strong></span> <span class='ocrx_word' id='word_1_305' title='bbox 1200 2375 1292 2446; x_wconf 91' lang='lat' dir='ltr'><strong>qui</strong></span> <span class='ocrx_word' id='word_1_306' title='bbox 1316 2377 1518 2450; x_wconf 82' lang='lat' dir='ltr'><strong>sanctis</strong></span> <span class='ocrx_word' id='word_1_307' title='bbox 1540 2377 1648 2431; x_wconf 91' lang='lat' dir='ltr'><strong>suis</strong></span> <span class='ocrx_word' id='word_1_308' title='bbox 1673 2376 1751 2432; x_wconf 89' lang='lat' dir='ltr'><strong>sic</strong></span> <span class='ocrx_word' id='word_1_309' title='bbox 1770 2392 1864 2431; x_wconf 88' lang='lat' dir='ltr'><strong>sua</strong></span> <span class='ocrx_word' id='word_1_310' title='bbox 1891 2376 2153 2447; x_wconf 87' lang='lat' dir='ltr'><strong>promittit</strong></span> 
     </span>
    </p>
   </div>
   <div class='ocr_carea' id='block_1_40' title="bbox 574 2467 2153 2538">
    <p class='ocr_par' dir='ltr' id='par_1_40' title="bbox 574 2467 2153 2538">
     <span class='ocr_line' id='line_1_40' title="bbox 574 2467 2153 2538; baseline 0.001 -18"><span class='ocrx_word' id='word_1_311' title='bbox 574 2467 813 2536; x_wconf 57' lang='lat' dir='ltr'><strong>praemia,</strong></span> <span class='ocrx_word' id='word_1_312' title='bbox 844 2475 902 2520; x_wconf 91' lang='lat' dir='ltr'><strong>ut</strong></span> <span class='ocrx_word' id='word_1_313' title='bbox 945 2467 1023 2522; x_wconf 90' lang='lat' dir='ltr'><strong>cis</strong></span> <span class='ocrx_word' id='word_1_314' title='bbox 1060 2475 1324 2523; x_wconf 88' lang='lat' dir='ltr'><strong>tormenta</strong></span> <span class='ocrx_word' id='word_1_315' title='bbox 1371 2469 1678 2538; x_wconf 65' lang='lat' dir='ltr'><strong>praemittat,</strong></span> <span class='ocrx_word' id='word_1_316' title='bbox 1710 2470 1787 2525; x_wconf 90' lang='lat' dir='ltr'><strong>sic</strong></span> <span class='ocrx_word' id='word_1_317' title='bbox 1815 2468 2004 2524; x_wconf 67' lang='lat' dir='ltr'><strong>futura:</strong></span> <span class='ocrx_word' id='word_1_318' title='bbox 2032 2467 2153 2524; x_wconf 71' lang='lat' dir='ltr'><strong>vitm</strong></span> 
     </span>
    </p>
   </div>
   <div class='ocr_carea' id='block_1_41' title="bbox 573 2557 2154 2630">
    <p class='ocr_par' dir='ltr' id='par_1_41' title="bbox 573 2557 2154 2630">
     <span class='ocr_line' id='line_1_41' title="bbox 573 2557 2154 2630; baseline 0.004 -20"><span class='ocrx_word' id='word_1_319' title='bbox 573 2557 824 2630; x_wconf 63' lang='lat' dir='ltr'><strong>prmdicat</strong></span> <span class='ocrx_word' id='word_1_320' title='bbox 852 2559 1146 2625; x_wconf 88' lang='lat' dir='ltr'><strong>caritatem,</strong></span> <span class='ocrx_word' id='word_1_321' title='bbox 1177 2569 1234 2614; x_wconf 91' lang='lat' dir='ltr'><strong>ut</strong></span> <span class='ocrx_word' id='word_1_322' title='bbox 1257 2569 1574 2630; x_wconf 65' lang='lat' dir='ltr'><strong>praesentem</strong></span> <span class='ocrx_word' id='word_1_323' title='bbox 1598 2561 1788 2616; x_wconf 89' lang='lat' dir='ltr'><strong>doceat</strong></span> <span class='ocrx_word' id='word_1_324' title='bbox 1815 2578 1920 2616; x_wconf 93' lang='lat' dir='ltr'><strong>non</strong></span> <span class='ocrx_word' id='word_1_325' title='bbox 1952 2561 2154 2616; x_wconf 90' lang='lat' dir='ltr'><strong>amari?</strong></span> 
     </span>
    </p>
   </div>
   <div class='ocr_carea' id='block_1_42' title="bbox 575 2647 2150 2721">
    <p class='ocr_par' dir='ltr' id='par_1_42' title="bbox 575 2647 2150 2721">
     <span class='ocr_line' id='line_1_42' title="bbox 575 2647 2150 2721; baseline 0.003 -20"><span class='ocrx_word' id='word_1_326' title='bbox 575 2647 670 2703; x_wconf 88' lang='lat' dir='ltr'><strong>llic</strong></span> <span class='ocrx_word' id='word_1_327' title='bbox 700 2650 971 2718; x_wconf 83' lang='lat' dir='ltr'><strong>religionis</strong></span> <span class='ocrx_word' id='word_1_328' title='bbox 993 2659 1074 2706; x_wconf 90' lang='lat' dir='ltr'><strong>cst</strong></span> <span class='ocrx_word' id='word_1_329' title='bbox 1102 2651 1318 2715; x_wconf 87' lang='lat' dir='ltr'><strong>veritas,</strong></span> <span class='ocrx_word' id='word_1_330' title='bbox 1343 2651 1433 2706; x_wconf 92' lang='lat' dir='ltr'><strong>ubi</strong></span> <span class='ocrx_word' id='word_1_331' title='bbox 1460 2651 1671 2706; x_wconf 89' lang='lat' dir='ltr'><strong>tristitia</strong></span> <span class='ocrx_word' id='word_1_332' title='bbox 1694 2653 1942 2720; x_wconf 86' lang='lat' dir='ltr'><strong>gaudium</strong></span> <span class='ocrx_word' id='word_1_333' title='bbox 1963 2652 2150 2721; x_wconf 85' lang='lat' dir='ltr'><strong>gignit,</strong></span> 
     </span>
    </p>
   </div>
   <div class='ocr_carea' id='block_1_43' title="bbox 575 2731 2154 2816">
    <p class='ocr_par' dir='ltr' id='par_1_43' title="bbox 575 2731 2154 2816">
     <span class='ocr_line' id='line_1_43' title="bbox 575 2731 2154 2816; baseline 0.003 -23"><span class='ocrx_word' id='word_1_334' title='bbox 575 2739 663 2793; x_wconf 92' lang='lat' dir='ltr'><strong>ubi</strong></span> <span class='ocrx_word' id='word_1_335' title='bbox 693 2739 844 2809; x_wconf 92' lang='lat' dir='ltr'><strong>inops</strong></span> <span class='ocrx_word' id='word_1_336' title='bbox 868 2741 1078 2796; x_wconf 88' lang='lat' dir='ltr'><strong>nuditas</strong></span> <span class='ocrx_word' id='word_1_337' title='bbox 1106 2731 1520 2812; x_wconf 12' lang='lat' dir='ltr'><strong>incorr’uptionis</strong></span> <span class='ocrx_word' id='word_1_338' title='bbox 1543 2744 1860 2798; x_wconf 88' lang='lat' dir='ltr'><strong>vestimenta</strong></span> <span class='ocrx_word' id='word_1_339' title='bbox 1888 2745 2154 2816; x_wconf 74' lang='lat' dir='ltr'><strong>prmtexit,</strong></span> 
     </span>
    </p>
   </div>
   <div class='ocr_carea' id='block_1_44' title="bbox 576 2831 2152 2905">
    <p class='ocr_par' dir='ltr' id='par_1_44' title="bbox 576 2831 2152 2905">
     <span class='ocr_line' id='line_1_44' title="bbox 576 2831 2152 2905; baseline 0.004 -21"><span class='ocrx_word' id='word_1_340' title='bbox 576 2831 836 2886; x_wconf 84' lang='lat' dir='ltr'><strong>decoriari</strong></span> <span class='ocrx_word' id='word_1_341' title='bbox 854 2831 1020 2898; x_wconf 83' lang='lat' dir='ltr'><strong>gloria</strong></span> <span class='ocrx_word' id='word_1_342' title='bbox 1040 2833 1196 2903; x_wconf 76' lang='lat' dir='ltr'><strong>(forte</strong></span> <span class='ocrx_word' id='word_1_343' title='bbox 1209 2834 1475 2905; x_wconf 84' lang='lat' dir='ltr'><strong>legendum</strong></span> <span class='ocrx_word' id='word_1_344' title='bbox 1489 2836 1577 2890; x_wconf 89' lang='lat' dir='ltr'><strong>ubi</strong></span> <span class='ocrx_word' id='word_1_345' title='bbox 1600 2835 1916 2891; x_wconf 89' lang='lat' dir='ltr'><strong>dedecorari</strong></span> <span class='ocrx_word' id='word_1_346' title='bbox 1939 2836 2152 2905; x_wconf 84' lang='lat' dir='ltr'><strong>gloria),</strong></span> 
     </span>
    </p>
   </div>
   <div class='ocr_carea' id='block_1_45' title="bbox 577 2911 2159 2998">
    <p class='ocr_par' dir='ltr' id='par_1_45' title="bbox 577 2911 2159 2998">
     <span class='ocr_line' id='line_1_45' title="bbox 577 2911 2159 2998; baseline 0.006 -23"><span class='ocrx_word' id='word_1_347' title='bbox 577 2921 669 2976; x_wconf 90' lang='lat' dir='ltr'><strong>ubi</strong></span> <span class='ocrx_word' id='word_1_348' title='bbox 697 2923 848 2976; x_wconf 83' lang='lat' dir='ltr'><strong>exuri</strong></span> <span class='ocrx_word' id='word_1_349' title='bbox 876 2921 1231 2991; x_wconf 77' lang='lat' dir='ltr'><strong>refrigerium,</strong></span> <span class='ocrx_word' id='word_1_350' title='bbox 1264 2925 1353 2979; x_wconf 92' lang='lat' dir='ltr'><strong>ubi</strong></span> <span class='ocrx_word' id='word_1_351' title='bbox 1382 2926 1552 2981; x_wconf 88' lang='lat' dir='ltr'><strong>occidi</strong></span> <span class='ocrx_word' id='word_1_352' title='bbox 1580 2928 1878 2998; x_wconf 87' lang='lat' dir='ltr'><strong>triumphus</strong></span> <span class='ocrx_word' id='word_1_353' title='bbox 1903 2911 2159 2984; x_wconf 33' lang='lat' dir='ltr'><strong>estfllmc</strong></span> 
     </span>
    </p>
   </div>
   <div class='ocr_carea' id='block_1_46' title="bbox 577 3015 2157 3082">
    <p class='ocr_par' dir='ltr' id='par_1_46' title="bbox 577 3015 2157 3082">
     <span class='ocr_line' id='line_1_46' title="bbox 577 3015 2157 3082; baseline 0.004 -14"><span class='ocrx_word' id='word_1_354' title='bbox 577 3023 659 3069; x_wconf 89' lang='lat' dir='ltr'><strong>est</strong></span> <span class='ocrx_word' id='word_1_355' title='bbox 703 3030 866 3082; x_wconf 90' lang='lat' dir='ltr'><strong>mors,</strong></span> <span class='ocrx_word' id='word_1_356' title='bbox 899 3015 1175 3080; x_wconf 89' lang='lat' dir='ltr'><strong>carissimi,</strong></span> <span class='ocrx_word' id='word_1_357' title='bbox 1218 3017 1262 3072; x_wconf 92' lang='lat' dir='ltr'><strong>si</strong></span> <span class='ocrx_word' id='word_1_358' title='bbox 1304 3019 1461 3073; x_wconf 92' lang='lat' dir='ltr'><strong>modo</strong></span> <span class='ocrx_word' id='word_1_359' title='bbox 1507 3018 1662 3074; x_wconf 91' lang='lat' dir='ltr'><strong>ﬁdem</strong></span> <span class='ocrx_word' id='word_1_360' title='bbox 1710 3029 1946 3075; x_wconf 90' lang='lat' dir='ltr'><strong>nostram</strong></span> <span class='ocrx_word' id='word_1_361' title='bbox 1988 3021 2157 3076; x_wconf 89' lang='lat' dir='ltr'><strong>sancti</strong></span> 
     </span>
    </p>
   </div>
   <div class='ocr_carea' id='block_1_47' title="bbox 547 3107 2160 3190">
    <p class='ocr_par' dir='ltr' id='par_1_47' title="bbox 547 3107 2160 3190">
     <span class='ocr_line' id='line_1_47' title="bbox 547 3107 2160 3190; baseline 0.003 -28"><span class='ocrx_word' id='word_1_362' title='bbox 547 3107 806 3178; x_wconf 78' lang='lat' dir='ltr'><strong>Spiritus</strong></span> <span class='ocrx_word' id='word_1_363' title='bbox 844 3109 1014 3179; x_wconf 79' lang='lat' dir='ltr'><strong>erigat</strong></span> <span class='ocrx_word' id='word_1_364' title='bbox 1053 3118 1106 3164; x_wconf 93' lang='lat' dir='ltr'><strong>et</strong></span> <span class='ocrx_word' id='word_1_365' title='bbox 1147 3109 1426 3167; x_wconf 89' lang='lat' dir='ltr'><strong>conﬁrmet</strong></span> <span class='ocrx_word' id='word_1_366' title='bbox 1470 3113 1776 3190; x_wconf 77' lang='lat' dir='ltr'><strong>auctoritas,</strong></span> <span class='ocrx_word' id='word_1_367' title='bbox 1809 3129 1970 3183; x_wconf 88' lang='lat' dir='ltr'><strong>quam</strong></span> <span class='ocrx_word' id='word_1_368' title='bbox 2004 3113 2160 3184; x_wconf 90' lang='lat' dir='ltr'><strong>pueri</strong></span> 
     </span>
    </p>
   </div>
   <div class='ocr_carea' id='block_1_48' title="bbox 2252 1910 3825 1982">
    <p class='ocr_par' dir='ltr' id='par_1_48' title="bbox 2252 1910 3825 1982">
     <span class='ocr_line' id='line_1_48' title="bbox 2252 1910 3825 1982; baseline -0.002 -15"><span class='ocrx_word' id='word_1_369' title='bbox 2252 1928 2388 1977; x_wconf 87' lang='lat' dir='ltr'><strong>cem,</strong></span> <span class='ocrx_word' id='word_1_370' title='bbox 2414 1929 2520 1967; x_wconf 89' lang='lat' dir='ltr'><strong>non</strong></span> <span class='ocrx_word' id='word_1_371' title='bbox 2543 1914 2716 1968; x_wconf 92' lang='lat' dir='ltr'><strong>timuit</strong></span> <span class='ocrx_word' id='word_1_372' title='bbox 2743 1914 3002 1982; x_wconf 85' lang='lat' dir='ltr'><strong>crucifigi.</strong></span> <span class='ocrx_word' id='word_1_373' title='bbox 3030 1914 3152 1982; x_wconf 88' lang='lat' dir='ltr'><strong>quia</strong></span> <span class='ocrx_word' id='word_1_374' title='bbox 3182 1913 3286 1968; x_wconf 94' lang='lat' dir='ltr'><strong>illic</strong></span> <span class='ocrx_word' id='word_1_375' title='bbox 3312 1913 3546 1974; x_wconf 86' lang='lat' dir='ltr'><strong>humana</strong></span> <span class='ocrx_word' id='word_1_376' title='bbox 3573 1910 3825 1979; x_wconf 82' lang='lat' dir='ltr'><strong>fatigaba-</strong></span> 
     </span>
    </p>
   </div>
   <div class='ocr_carea' id='block_1_49' title="bbox 2257 2001 3824 2079">
    <p class='ocr_par' dir='ltr' id='par_1_49' title="bbox 2257 2001 3824 2079">
     <span class='ocr_line' id='line_1_49' title="bbox 2257 2001 3824 2079; baseline -0.001 -21"><span class='ocrx_word' id='word_1_377' title='bbox 2257 2013 2342 2058; x_wconf 91' lang='lat' dir='ltr'><strong>tur</strong></span> <span class='ocrx_word' id='word_1_378' title='bbox 2373 2004 2670 2079; x_wconf 80' lang='lat' dir='ltr'><strong>inﬁrmitas,</strong></span> <span class='ocrx_word' id='word_1_379' title='bbox 2703 2005 2790 2060; x_wconf 91' lang='lat' dir='ltr'><strong>hic</strong></span> <span class='ocrx_word' id='word_1_380' title='bbox 2814 2005 3050 2060; x_wconf 74' lang='lat' dir='ltr'><strong>caelestis</strong></span> <span class='ocrx_word' id='word_1_381' title='bbox 3090 2004 3321 2075; x_wconf 90' lang='lat' dir='ltr'><strong>Spiritus</strong></span> <span class='ocrx_word' id='word_1_382' title='bbox 3351 2001 3612 2068; x_wconf 88' lang='lat' dir='ltr'><strong>fortitudo</strong></span> <span class='ocrx_word' id='word_1_383' title='bbox 3651 2002 3824 2056; x_wconf 85' lang='lat' dir='ltr'><strong>vince-</strong></span> 
     </span>
    </p>
   </div>
   <div class='ocr_carea' id='block_1_50' title="bbox 2251 2079 3826 2163">
    <p class='ocr_par' dir='ltr' id='par_1_50' title="bbox 2251 2079 3826 2163">
     <span class='ocr_line' id='line_1_50' title="bbox 2251 2079 3826 2163; baseline -0.001 -14"><span class='ocrx_word' id='word_1_384' title='bbox 2251 2095 2363 2149; x_wconf 88' lang='lat' dir='ltr'><strong>bat.</strong></span> <span class='ocrx_word' id='word_1_385' title='bbox 2397 2094 2582 2151; x_wconf 80' lang='lat' dir='ltr'><strong>Omnis</strong></span> <span class='ocrx_word' id='word_1_386' title='bbox 2611 2097 2753 2150; x_wconf 90' lang='lat' dir='ltr'><strong>enim</strong></span> <span class='ocrx_word' id='word_1_387' title='bbox 2773 2104 2958 2150; x_wconf 86' lang='lat' dir='ltr'><strong>nostra</strong></span> <span class='ocrx_word' id='word_1_388' title='bbox 2979 2095 3216 2163; x_wconf 87' lang='lat' dir='ltr'><strong>devotio,</strong></span> <span class='ocrx_word' id='word_1_389' title='bbox 3247 2097 3291 2151; x_wconf 90' lang='lat' dir='ltr'><strong>si</strong></span> <span class='ocrx_word' id='word_1_390' title='bbox 3321 2095 3471 2163; x_wconf 88' lang='lat' dir='ltr'><strong>quasi</strong></span> <span class='ocrx_word' id='word_1_391' title='bbox 3495 2079 3609 2149; x_wconf 86' lang='lat' dir='ltr'><strong>suis</strong></span> <span class='ocrx_word' id='word_1_392' title='bbox 3636 2094 3826 2148; x_wconf 79' lang='lat' dir='ltr'><strong>viribus</strong></span> 
     </span>
    </p>
   </div>
   <div class='ocr_carea' id='block_1_51' title="bbox 2253 2187 3805 2255">
    <p class='ocr_par' dir='ltr' id='par_1_51' title="bbox 2253 2187 3805 2255">
     <span class='ocr_line' id='line_1_51' title="bbox 2253 2187 3805 2255; baseline 0 -17"><span class='ocrx_word' id='word_1_393' title='bbox 2253 2187 2399 2252; x_wconf 85' lang='lat' dir='ltr'><strong>fidat,</strong></span> <span class='ocrx_word' id='word_1_394' title='bbox 2432 2189 2687 2243; x_wconf 91' lang='lat' dir='ltr'><strong>continuo</strong></span> <span class='ocrx_word' id='word_1_395' title='bbox 2716 2197 2773 2243; x_wconf 91' lang='lat' dir='ltr'><strong>ut</strong></span> <span class='ocrx_word' id='word_1_396' title='bbox 2801 2187 3010 2243; x_wconf 79' lang='lat' dir='ltr'><strong>infirma</strong></span> <span class='ocrx_word' id='word_1_397' title='bbox 3040 2188 3298 2243; x_wconf 88' lang='lat' dir='ltr'><strong>lassescit.</strong></span> <span class='ocrx_word' id='word_1_398' title='bbox 3329 2187 3386 2242; x_wconf 90' lang='lat' dir='ltr'><strong>Si</strong></span> <span class='ocrx_word' id='word_1_399' title='bbox 3414 2203 3543 2242; x_wconf 85' lang='lat' dir='ltr'><strong>vero</strong></span> <span class='ocrx_word' id='word_1_400' title='bbox 3568 2187 3690 2254; x_wconf 89' lang='lat' dir='ltr'><strong>quis</strong></span> <span class='ocrx_word' id='word_1_401' title='bbox 3718 2200 3805 2255; x_wconf 86' lang='lat' dir='ltr'><strong>pre</strong></span> 
     </span>
    </p>
   </div>
   <div class='ocr_carea' id='block_1_52' title="bbox 2253 2277 3823 2352">
    <p class='ocr_par' dir='ltr' id='par_1_52' title="bbox 2253 2277 3823 2352">
     <span class='ocr_line' id='line_1_52' title="bbox 2253 2277 3823 2352; baseline -0.003 -16"><span class='ocrx_word' id='word_1_402' title='bbox 2253 2295 2316 2336; x_wconf 91' lang='lat' dir='ltr'><strong>ce</strong></span> <span class='ocrx_word' id='word_1_403' title='bbox 2344 2281 2568 2350; x_wconf 88' lang='lat' dir='ltr'><strong>supplici</strong></span> <span class='ocrx_word' id='word_1_404' title='bbox 2592 2277 2784 2337; x_wconf 71' lang='lat' dir='ltr'><strong>divina:</strong></span> <span class='ocrx_word' id='word_1_405' title='bbox 2811 2283 2995 2351; x_wconf 61' lang='lat' dir='ltr'><strong>gratias</strong></span> <span class='ocrx_word' id='word_1_406' title='bbox 3020 2282 3147 2337; x_wconf 92' lang='lat' dir='ltr'><strong>boni</strong></span> <span class='ocrx_word' id='word_1_407' title='bbox 3173 2282 3256 2336; x_wconf 89' lang='lat' dir='ltr'><strong>sui</strong></span> <span class='ocrx_word' id='word_1_408' title='bbox 3275 2281 3534 2352; x_wconf 88' lang='lat' dir='ltr'><strong>propositi</strong></span> <span class='ocrx_word' id='word_1_409' title='bbox 3558 2295 3823 2335; x_wconf 87' lang='lat' dir='ltr'><strong>commen-</strong></span> 
     </span>
    </p>
   </div>
   <div class='ocr_carea' id='block_1_53' title="bbox 2252 2370 3823 2444">
    <p class='ocr_par' dir='ltr' id='par_1_53' title="bbox 2252 2370 3823 2444">
     <span class='ocr_line' id='line_1_53' title="bbox 2252 2370 3823 2444; baseline -0.001 -19"><span class='ocrx_word' id='word_1_410' title='bbox 2252 2370 2346 2426; x_wconf 90' lang='lat' dir='ltr'><strong>det</strong></span> <span class='ocrx_word' id='word_1_411' title='bbox 2365 2370 2632 2439; x_wconf 88' lang='lat' dir='ltr'><strong>cffectum,</strong></span> <span class='ocrx_word' id='word_1_412' title='bbox 2655 2373 2798 2428; x_wconf 89' lang='lat' dir='ltr'><strong>nulla</strong></span> <span class='ocrx_word' id='word_1_413' title='bbox 2820 2374 2967 2429; x_wconf 91' lang='lat' dir='ltr'><strong>illum</strong></span> <span class='ocrx_word' id='word_1_414' title='bbox 2987 2382 3182 2444; x_wconf 85' lang='lat' dir='ltr'><strong>cogent</strong></span> <span class='ocrx_word' id='word_1_415' title='bbox 3202 2373 3380 2430; x_wconf 60' lang='lat' dir='ltr'><strong>seculi</strong></span> <span class='ocrx_word' id='word_1_416' title='bbox 3420 2372 3579 2442; x_wconf 88' lang='lat' dir='ltr'><strong>hujus</strong></span> <span class='ocrx_word' id='word_1_417' title='bbox 3615 2371 3823 2425; x_wconf 87' lang='lat' dir='ltr'><strong>adversa</strong></span> 
     </span>
    </p>
   </div>
   <div class='ocr_carea' id='block_1_54' title="bbox 2257 2462 3824 2534">
    <p class='ocr_par' dir='ltr' id='par_1_54' title="bbox 2257 2462 3824 2534">
     <span class='ocr_line' id='line_1_54' title="bbox 2257 2462 3824 2534; baseline 0.003 -20"><span class='ocrx_word' id='word_1_418' title='bbox 2257 2469 2465 2516; x_wconf 85' lang='lat' dir='ltr'><strong>nutare.</strong></span> <span class='ocrx_word' id='word_1_419' title='bbox 2515 2462 2825 2519; x_wconf 87' lang='lat' dir='ltr'><strong>Cavendum</strong></span> <span class='ocrx_word' id='word_1_420' title='bbox 2872 2465 3071 2534; x_wconf 88' lang='lat' dir='ltr'><strong>itaque,</strong></span> <span class='ocrx_word' id='word_1_421' title='bbox 3120 2463 3330 2530; x_wconf 84' lang='lat' dir='ltr'><strong>fratres,</strong></span> <span class='ocrx_word' id='word_1_422' title='bbox 3379 2479 3450 2519; x_wconf 89' lang='lat' dir='ltr'><strong>ne</strong></span> <span class='ocrx_word' id='word_1_423' title='bbox 3489 2463 3620 2533; x_wconf 91' lang='lat' dir='ltr'><strong>quid</strong></span> <span class='ocrx_word' id='word_1_424' title='bbox 3660 2463 3824 2520; x_wconf 87' lang='lat' dir='ltr'><strong>virtuti</strong></span> 
     </span>
    </p>
   </div>
   <div class='ocr_carea' id='block_1_55' title="bbox 2229 2554 3806 2628">
    <p class='ocr_par' dir='ltr' id='par_1_55' title="bbox 2229 2554 3806 2628">
     <span class='ocr_line' id='line_1_55' title="bbox 2229 2554 3806 2628; baseline -0.001 -18"><span class='ocrx_word' id='word_1_425' title='bbox 2229 2599 2232 2602; x_wconf 88' lang='lat'><strong>.</strong></span> <span class='ocrx_word' id='word_1_426' title='bbox 2256 2554 2655 2628; x_wconf 64' lang='lat' dir='ltr'><strong>prudentizeque</strong></span> <span class='ocrx_word' id='word_1_427' title='bbox 2682 2562 2879 2616; x_wconf 76' lang='lat' dir='ltr'><strong>nostra:</strong></span> <span class='ocrx_word' id='word_1_428' title='bbox 2906 2559 2973 2614; x_wconf 91' lang='lat' dir='ltr'><strong>de</strong></span> <span class='ocrx_word' id='word_1_429' title='bbox 3000 2559 3083 2613; x_wconf 86' lang='lat' dir='ltr'><strong>his</strong></span> <span class='ocrx_word' id='word_1_430' title='bbox 3103 2573 3222 2628; x_wconf 68' lang='lat' dir='ltr'><strong>qum</strong></span> <span class='ocrx_word' id='word_1_431' title='bbox 3243 2565 3386 2613; x_wconf 91' lang='lat' dir='ltr'><strong>recte</strong></span> <span class='ocrx_word' id='word_1_432' title='bbox 3411 2558 3668 2625; x_wconf 77' lang='lat' dir='ltr'><strong>gerimus,</strong></span> <span class='ocrx_word' id='word_1_433' title='bbox 3691 2572 3806 2610; x_wconf 87' lang='lat' dir='ltr'><strong>arro</strong></span> 
     </span>
    </p>
   </div>
   <div class='ocr_carea' id='block_1_56' title="bbox 2257 2649 3823 2719">
    <p class='ocr_par' dir='ltr' id='par_1_56' title="bbox 2257 2649 3823 2719">
     <span class='ocr_line' id='line_1_56' title="bbox 2257 2649 3823 2719; baseline -0.002 -15"><span class='ocrx_word' id='word_1_434' title='bbox 2257 2663 2463 2717; x_wconf 87' lang='lat' dir='ltr'><strong>gemus,</strong></span> <span class='ocrx_word' id='word_1_435' title='bbox 2489 2651 2718 2707; x_wconf 89' lang='lat' dir='ltr'><strong>docente</strong></span> <span class='ocrx_word' id='word_1_436' title='bbox 2746 2651 2973 2707; x_wconf 91' lang='lat' dir='ltr'><strong>Domino</strong></span> <span class='ocrx_word' id='word_1_437' title='bbox 3009 2652 3283 2719; x_wconf 87' lang='lat' dir='ltr'><strong>apostolos</strong></span> <span class='ocrx_word' id='word_1_438' title='bbox 3308 2667 3453 2717; x_wconf 88' lang='lat' dir='ltr'><strong>suos,</strong></span> <span class='ocrx_word' id='word_1_439' title='bbox 3489 2659 3546 2705; x_wconf 90' lang='lat' dir='ltr'><strong>et</strong></span> <span class='ocrx_word' id='word_1_440' title='bbox 3579 2649 3786 2705; x_wconf 85' lang='lat' dir='ltr'><strong>dicente</strong></span> <span class='ocrx_word' id='word_1_441' title='bbox 3812 2667 3823 2701; x_wconf 89' lang='lat'>:</span> 
     </span>
    </p>
   </div>
   <div class='ocr_carea' id='block_1_57' title="bbox 2262 2740 3806 2815">
    <p class='ocr_par' dir='ltr' id='par_1_57' title="bbox 2262 2740 3806 2815">
     <span class='ocr_line' id='line_1_57' title="bbox 2262 2740 3806 2815; baseline -0.001 -19"><span class='ocrx_word' id='word_1_442' title='bbox 2262 2740 2395 2806; x_wconf 85' lang='lat' dir='ltr'><strong>Quia</strong></span> <span class='ocrx_word' id='word_1_443' title='bbox 2421 2744 2532 2797; x_wconf 83' lang='lat' dir='ltr'><strong>sine</strong></span> <span class='ocrx_word' id='word_1_444' title='bbox 2552 2761 2632 2798; x_wconf 90' lang='lat' dir='ltr'><strong>me</strong></span> <span class='ocrx_word' id='word_1_445' title='bbox 2657 2744 2786 2798; x_wconf 83' lang='lat' dir='ltr'><strong>nihil</strong></span> <span class='ocrx_word' id='word_1_446' title='bbox 2812 2745 3020 2815; x_wconf 77' lang='lat' dir='ltr'><strong>potestis</strong></span> <span class='ocrx_word' id='word_1_447' title='bbox 3047 2746 3215 2815; x_wconf 71' lang='lat' dir='ltr'><strong>facere</strong></span> <span class='ocrx_word' id='word_1_448' title='bbox 3245 2744 3421 2815; x_wconf 70' lang='grc' dir='ltr'><strong>(Ιοαιι.</strong></span> <span class='ocrx_word' id='word_1_449' title='bbox 3453 2745 3564 2814; x_wconf 77' lang='lat' dir='ltr'><strong>xv).</strong></span> <span class='ocrx_word' id='word_1_450' title='bbox 3584 2741 3700 2809; x_wconf 91' lang='lat' dir='ltr'><strong>Qua</strong></span> <span class='ocrx_word' id='word_1_451' title='bbox 3720 2758 3806 2797; x_wconf 86' lang='lat' dir='ltr'><strong>seu</strong></span> 
     </span>
    </p>
   </div>
   <div class='ocr_carea' id='block_1_58' title="bbox 2257 2837 3824 2908">
    <p class='ocr_par' dir='ltr' id='par_1_58' title="bbox 2257 2837 3824 2908">
     <span class='ocr_line' id='line_1_58' title="bbox 2257 2837 3824 2908; baseline -0.001 -18"><span class='ocrx_word' id='word_1_452' title='bbox 2257 2837 2426 2890; x_wconf 88' lang='lat' dir='ltr'><strong>tentia</strong></span> <span class='ocrx_word' id='word_1_453' title='bbox 2455 2845 2819 2906; x_wconf 63' lang='lat' dir='ltr'><strong>prtemonente</strong></span> <span class='ocrx_word' id='word_1_454' title='bbox 2846 2839 2912 2892; x_wconf 80' lang='lat' dir='ltr'><strong>ab</strong></span> <span class='ocrx_word' id='word_1_455' title='bbox 2942 2838 3057 2908; x_wconf 91' lang='lat' dir='ltr'><strong>ipso</strong></span> <span class='ocrx_word' id='word_1_456' title='bbox 3085 2837 3238 2896; x_wconf 86' lang='lat' dir='ltr'><strong>nobis</strong></span> <span class='ocrx_word' id='word_1_457' title='bbox 3266 2837 3529 2908; x_wconf 90' lang='lat' dir='ltr'><strong>speranda</strong></span> <span class='ocrx_word' id='word_1_458' title='bbox 3568 2844 3694 2891; x_wconf 89' lang='lat' dir='ltr'><strong>sunt</strong></span> <span class='ocrx_word' id='word_1_459' title='bbox 3721 2850 3824 2890; x_wconf 70' lang='lat' dir='ltr'><strong>om~</strong></span> 
     </span>
    </p>
   </div>
   <div class='ocr_carea' id='block_1_59' title="bbox 2260 2929 3823 3001">
    <p class='ocr_par' dir='ltr' id='par_1_59' title="bbox 2260 2929 3823 3001">
     <span class='ocr_line' id='line_1_59' title="bbox 2260 2929 3823 3001; baseline -0.003 -15"><span class='ocrx_word' id='word_1_460' title='bbox 2260 2930 2370 2986; x_wconf 90' lang='lat' dir='ltr'><strong>nia.</strong></span> <span class='ocrx_word' id='word_1_461' title='bbox 2392 2929 2597 2986; x_wconf 85' lang='lat' dir='ltr'><strong>Cuncta</strong></span> <span class='ocrx_word' id='word_1_462' title='bbox 2626 2931 2808 2997; x_wconf 88' lang='lat' dir='ltr'><strong>etiam,</strong></span> <span class='ocrx_word' id='word_1_463' title='bbox 2839 2945 2956 3001; x_wconf 66' lang='lat' dir='ltr'><strong>qum</strong></span> <span class='ocrx_word' id='word_1_464' title='bbox 2985 2946 3243 3001; x_wconf 84' lang='lat' dir='ltr'><strong>prospere</strong></span> <span class='ocrx_word' id='word_1_465' title='bbox 3264 2931 3483 2986; x_wconf 90' lang='lat' dir='ltr'><strong>veniunt</strong></span> <span class='ocrx_word' id='word_1_466' title='bbox 3511 2929 3655 2983; x_wconf 90' lang='lat' dir='ltr'><strong>illius</strong></span> <span class='ocrx_word' id='word_1_467' title='bbox 3681 2943 3823 2998; x_wconf 55' lang='lat' dir='ltr'><strong>repu.</strong></span> 
     </span>
    </p>
   </div>
   <div class='ocr_carea' id='block_1_60' title="bbox 2263 3001 3824 3092">
    <p class='ocr_par' dir='ltr' id='par_1_60' title="bbox 2263 3001 3824 3092">
     <span class='ocr_line' id='line_1_60' title="bbox 2263 3001 3824 3092; baseline 0.001 -19"><span class='ocrx_word' id='word_1_468' title='bbox 2263 3019 2423 3076; x_wconf 75' lang='lat' dir='ltr'><strong>tando</strong></span> <span class='ocrx_word' id='word_1_469' title='bbox 2448 3022 2778 3089; x_wconf 89' lang='lat' dir='ltr'><strong>muneribus,</strong></span> <span class='ocrx_word' id='word_1_470' title='bbox 2808 3023 2924 3078; x_wconf 86' lang='lat' dir='ltr'><strong>sine</strong></span> <span class='ocrx_word' id='word_1_471' title='bbox 2946 3038 3075 3092; x_wconf 88' lang='lat' dir='ltr'><strong>quo,</strong></span> <span class='ocrx_word' id='word_1_472' title='bbox 3108 3030 3166 3076; x_wconf 92' lang='lat' dir='ltr'><strong>ut</strong></span> <span class='ocrx_word' id='word_1_473' title='bbox 3193 3001 3306 3092; x_wconf 75' lang='lat' dir='ltr'><strong>ipse</strong></span> <span class='ocrx_word' id='word_1_474' title='bbox 3333 3021 3479 3084; x_wconf 90' lang='lat' dir='ltr'><strong>dicit,</strong></span> <span class='ocrx_word' id='word_1_475' title='bbox 3515 3021 3716 3076; x_wconf 89' lang='lat' dir='ltr'><strong>nullum</strong></span> <span class='ocrx_word' id='word_1_476' title='bbox 3742 3034 3824 3090; x_wconf 72' lang='grc' dir='ltr'><strong>ρε-</strong></span> 
     </span>
    </p>
   </div>
   <div class='ocr_carea' id='block_1_61' title="bbox 2263 3115 3824 3187">
    <p class='ocr_par' dir='ltr' id='par_1_61' title="bbox 2263 3115 3824 3187">
     <span class='ocr_line' id='line_1_61' title="bbox 2263 3115 3824 3187; baseline -0.001 -18"><span class='ocrx_word' id='word_1_477' title='bbox 2263 3115 2406 3171; x_wconf 89' lang='lat' dir='ltr'><strong>nitus</strong></span> <span class='ocrx_word' id='word_1_478' title='bbox 2437 3124 2683 3172; x_wconf 85' lang='lat' dir='ltr'><strong>votorum</strong></span> <span class='ocrx_word' id='word_1_479' title='bbox 2727 3126 3032 3173; x_wconf 90' lang='lat' dir='ltr'><strong>nostrorum</strong></span> <span class='ocrx_word' id='word_1_480' title='bbox 3069 3131 3354 3187; x_wconf 87' lang='lat' dir='ltr'><strong>possumus</strong></span> <span class='ocrx_word' id='word_1_481' title='bbox 3392 3116 3590 3170; x_wconf 85' lang='lat' dir='ltr'><strong>habere</strong></span> <span class='ocrx_word' id='word_1_482' title='bbox 3629 3128 3824 3169; x_wconf 84' lang='lat' dir='ltr'><strong>succes-</strong></span> 
     </span>
    </p>
   </div>
   <div class='ocr_carea' id='block_1_62' title="bbox 577 3197 3826 3278">
    <p class='ocr_par' dir='ltr' id='par_1_62' title="bbox 577 3197 3826 3278">
     <span class='ocr_line' id='line_1_62' title="bbox 577 3197 3826 3278; baseline 0 -20"><span class='ocrx_word' id='word_1_483' title='bbox 577 3217 684 3258; x_wconf 90' lang='lat' dir='ltr'><strong>non</strong></span> <span class='ocrx_word' id='word_1_484' title='bbox 715 3211 963 3270; x_wconf 91' lang='lat' dir='ltr'><strong>renuunt,</strong></span> <span class='ocrx_word' id='word_1_485' title='bbox 991 3203 1217 3271; x_wconf 84' lang='lat' dir='ltr'><strong>juvenes</strong></span> <span class='ocrx_word' id='word_1_486' title='bbox 1245 3221 1351 3261; x_wconf 93' lang='lat' dir='ltr'><strong>non</strong></span> <span class='ocrx_word' id='word_1_487' title='bbox 1382 3205 1673 3272; x_wconf 89' lang='lat' dir='ltr'><strong>declinant,</strong></span> <span class='ocrx_word' id='word_1_488' title='bbox 1703 3209 2024 3264; x_wconf 89' lang='lat' dir='ltr'><strong>maturiores</strong></span> <span class='ocrx_word' id='word_1_489' title='bbox 2064 3209 2162 3264; x_wconf 55' lang='lat' dir='ltr'><strong>eli-’</strong></span> <span class='ocrx_word' id='word_1_490' title='bbox 2188 3197 2235 3261; x_wconf 91' lang='lat' dir='ltr'><strong>C</strong></span> <span class='ocrx_word' id='word_1_491' title='bbox 2263 3223 2401 3262; x_wconf 91' lang='lat' dir='ltr'><strong>sum.</strong></span> <span class='ocrx_word' id='word_1_492' title='bbox 2427 3206 2454 3246; x_wconf 72' lang='grc' dir='ltr'>δ</span> <span class='ocrx_word' id='word_1_493' title='bbox 2483 3207 2720 3278; x_wconf 83' lang='lat' dir='ltr'><strong>Denique</strong></span> <span class='ocrx_word' id='word_1_494' title='bbox 2757 3209 3027 3278; x_wconf 89' lang='lat' dir='ltr'><strong>quomodo</strong></span> <span class='ocrx_word' id='word_1_495' title='bbox 3069 3207 3407 3278; x_wconf 70' lang='lat' dir='ltr'><strong>prtesumpsit</strong></span> <span class='ocrx_word' id='word_1_496' title='bbox 3435 3205 3628 3260; x_wconf 89' lang='lat' dir='ltr'><strong>Petrus</strong></span> <span class='ocrx_word' id='word_1_497' title='bbox 3666 3205 3826 3259; x_wconf 82' lang='lat' dir='ltr'><strong>dicere</strong></span> 
     </span>
    </p>
   </div>
   <div class='ocr_carea' id='block_1_63' title="bbox 577 3294 2181 3370">
    <p class='ocr_par' dir='ltr' id='par_1_63' title="bbox 577 3294 2181 3370">
     <span class='ocr_line' id='line_1_63' title="bbox 577 3294 2181 3370; baseline 0.006 -23"><span class='ocrx_word' id='word_1_498' title='bbox 577 3302 724 3362; x_wconf 87' lang='lat' dir='ltr'><strong>gunt,</strong></span> <span class='ocrx_word' id='word_1_499' title='bbox 754 3307 910 3350; x_wconf 89' lang='lat' dir='ltr'><strong>senes</strong></span> <span class='ocrx_word' id='word_1_500' title='bbox 938 3295 1197 3362; x_wconf 87' lang='lat' dir='ltr'><strong>ambiunt,</strong></span> <span class='ocrx_word' id='word_1_501' title='bbox 1243 3294 1451 3355; x_wconf 65' lang='lat' dir='ltr'><strong>feminae</strong></span> <span class='ocrx_word' id='word_1_502' title='bbox 1492 3314 1598 3354; x_wconf 92' lang='lat' dir='ltr'><strong>non</strong></span> <span class='ocrx_word' id='word_1_503' title='bbox 1636 3308 1916 3368; x_wconf 88' lang='lat' dir='ltr'><strong>paverunt.</strong></span> <span class='ocrx_word' id='word_1_504' title='bbox 1950 3299 2004 3354; x_wconf 92' lang='lat' dir='ltr'><strong>ln</strong></span> <span class='ocrx_word' id='word_1_505' title='bbox 2033 3316 2181 3370; x_wconf 47' lang='lat' dir='ltr'><strong>pass</strong></span> 
     </span>
    </p>
   </div>
   <div class='ocr_carea' id='block_1_64' title="bbox 577 3388 2157 3460">
    <p class='ocr_par' dir='ltr' id='par_1_64' title="bbox 577 3388 2157 3460">
     <span class='ocr_line' id='line_1_64' title="bbox 577 3388 2157 3460; baseline 0.003 -18"><span class='ocrx_word' id='word_1_506' title='bbox 577 3389 726 3442; x_wconf 88' lang='lat' dir='ltr'><strong>sione</strong></span> <span class='ocrx_word' id='word_1_507' title='bbox 749 3388 892 3442; x_wconf 88' lang='lat' dir='ltr'><strong>enint</strong></span> <span class='ocrx_word' id='word_1_508' title='bbox 915 3389 1154 3459; x_wconf 87' lang='lat' dir='ltr'><strong>martyrii</strong></span> <span class='ocrx_word' id='word_1_509' title='bbox 1183 3389 1271 3444; x_wconf 92' lang='lat' dir='ltr'><strong>ubi</strong></span> <span class='ocrx_word' id='word_1_510' title='bbox 1302 3389 1431 3446; x_wconf 85' lang='lat' dir='ltr'><strong>ﬁdes</strong></span> <span class='ocrx_word' id='word_1_511' title='bbox 1459 3391 1661 3446; x_wconf 85' lang='lat' dir='ltr'><strong>firmior</strong></span> <span class='ocrx_word' id='word_1_512' title='bbox 1690 3401 1876 3460; x_wconf 86' lang='lat' dir='ltr'><strong>regnat</strong></span> <span class='ocrx_word' id='word_1_513' title='bbox 1900 3395 1954 3447; x_wconf 90' lang='lat' dir='ltr'><strong>in</strong></span> <span class='ocrx_word' id='word_1_514' title='bbox 1980 3392 2157 3448; x_wconf 84' lang='lat' dir='ltr'><strong>homi-</strong></span> 
     </span>
    </p>
   </div>
   <div class='ocr_carea' id='block_1_65' title="bbox 578 3481 2158 3552">
    <p class='ocr_par' dir='ltr' id='par_1_65' title="bbox 578 3481 2158 3552">
     <span class='ocr_line' id='line_1_65' title="bbox 578 3481 2158 3552; baseline 0.002 -14"><span class='ocrx_word' id='word_1_515' title='bbox 578 3497 666 3547; x_wconf 90' lang='lat' dir='ltr'><strong>ne,</strong></span> <span class='ocrx_word' id='word_1_516' title='bbox 695 3482 832 3537; x_wconf 90' lang='lat' dir='ltr'><strong>sicut</strong></span> <span class='ocrx_word' id='word_1_517' title='bbox 860 3498 1001 3551; x_wconf 57' lang='lat' dir='ltr'><strong>saepe</strong></span> <span class='ocrx_word' id='word_1_518' title='bbox 1023 3483 1135 3552; x_wconf 91' lang='lat' dir='ltr'><strong>jam</strong></span> <span class='ocrx_word' id='word_1_519' title='bbox 1164 3481 1361 3539; x_wconf 86' lang='lat' dir='ltr'><strong>factum</strong></span> <span class='ocrx_word' id='word_1_520' title='bbox 1390 3493 1491 3548; x_wconf 89' lang='lat' dir='ltr'><strong>est,</strong></span> <span class='ocrx_word' id='word_1_521' title='bbox 1524 3499 1623 3539; x_wconf 92' lang='lat' dir='ltr'><strong>nec</strong></span> <span class='ocrx_word' id='word_1_522' title='bbox 1648 3492 1778 3539; x_wconf 69' lang='lat' dir='ltr'><strong>tetas</strong></span> <span class='ocrx_word' id='word_1_523' title='bbox 1812 3485 1898 3539; x_wconf 89' lang='lat' dir='ltr'><strong>illa</strong></span> <span class='ocrx_word' id='word_1_524' title='bbox 1933 3501 1990 3540; x_wconf 93' lang='lat' dir='ltr'><strong>se</strong></span> <span class='ocrx_word' id='word_1_525' title='bbox 2030 3486 2158 3541; x_wconf 89' lang='lat' dir='ltr'><strong>sub-</strong></span> 
     </span>
    </p>
   </div>
   <div class='ocr_carea' id='block_1_66' title="bbox 579 3574 2160 3646">
    <p class='ocr_par' dir='ltr' id='par_1_66' title="bbox 579 3574 2160 3646">
     <span class='ocr_line' id='line_1_66' title="bbox 579 3574 2160 3646; baseline 0.003 -19"><span class='ocrx_word' id='word_1_526' title='bbox 579 3575 762 3639; x_wconf 88' lang='lat' dir='ltr'><strong>trahit,</strong></span> <span class='ocrx_word' id='word_1_527' title='bbox 790 3590 887 3629; x_wconf 90' lang='lat' dir='ltr'><strong>nec</strong></span> <span class='ocrx_word' id='word_1_528' title='bbox 916 3589 1074 3630; x_wconf 88' lang='lat' dir='ltr'><strong>sexus</strong></span> <span class='ocrx_word' id='word_1_529' title='bbox 1102 3583 1341 3630; x_wconf 85' lang='lat' dir='ltr'><strong>excusat.</strong></span> <span class='ocrx_word' id='word_1_530' title='bbox 1374 3574 1470 3643; x_wconf 89' lang='lat' dir='ltr'><strong>lbi,</strong></span> <span class='ocrx_word' id='word_1_531' title='bbox 1489 3575 1699 3643; x_wconf 78' lang='lat' dir='ltr'><strong>fratres,</strong></span> <span class='ocrx_word' id='word_1_532' title='bbox 1723 3575 1796 3629; x_wconf 91' lang='lat' dir='ltr'><strong>ibi</strong></span> <span class='ocrx_word' id='word_1_533' title='bbox 1814 3577 2160 3646; x_wconf 70' lang='lat' dir='ltr'><strong>prtetenditur</strong></span> 
     </span>
    </p>
   </div>
   <div class='ocr_carea' id='block_1_67' title="bbox 581 3665 2153 3735">
    <p class='ocr_par' dir='ltr' id='par_1_67' title="bbox 581 3665 2153 3735">
     <span class='ocr_line' id='line_1_67' title="bbox 581 3665 2153 3735; baseline 0.003 -15"><span class='ocrx_word' id='word_1_534' title='bbox 581 3665 857 3720; x_wconf 89' lang='lat' dir='ltr'><strong>inﬁrmitas</strong></span> <span class='ocrx_word' id='word_1_535' title='bbox 885 3667 1146 3735; x_wconf 87' lang='lat' dir='ltr'><strong>corporis,</strong></span> <span class='ocrx_word' id='word_1_536' title='bbox 1179 3667 1269 3721; x_wconf 90' lang='lat' dir='ltr'><strong>ubi</strong></span> <span class='ocrx_word' id='word_1_537' title='bbox 1299 3667 1427 3723; x_wconf 89' lang='lat' dir='ltr'><strong>ﬁdes</strong></span> <span class='ocrx_word' id='word_1_538' title='bbox 1471 3683 1579 3722; x_wconf 91' lang='lat' dir='ltr'><strong>non</strong></span> <span class='ocrx_word' id='word_1_539' title='bbox 1623 3667 1781 3721; x_wconf 88' lang='lat' dir='ltr'><strong>habet</strong></span> <span class='ocrx_word' id='word_1_540' title='bbox 1829 3666 2153 3724; x_wconf 87' lang='lat' dir='ltr'><strong>ﬁrmitatem.</strong></span> 
     </span>
    </p>
   </div>
   <div class='ocr_carea' id='block_1_68' title="bbox 581 3754 2159 3824">
    <p class='ocr_par' dir='ltr' id='par_1_68' title="bbox 581 3754 2159 3824">
     <span class='ocr_line' id='line_1_68' title="bbox 581 3754 2159 3824; baseline 0.004 -14"><span class='ocrx_word' id='word_1_541' title='bbox 581 3754 704 3810; x_wconf 92' lang='lat' dir='ltr'><strong>ldeo</strong></span> <span class='ocrx_word' id='word_1_542' title='bbox 733 3758 1146 3824; x_wconf 84' lang='lat' dir='ltr'><strong>gloriosissimus</strong></span> <span class='ocrx_word' id='word_1_543' title='bbox 1174 3759 1363 3814; x_wconf 86' lang='lat' dir='ltr'><strong>Petrus</strong></span> <span class='ocrx_word' id='word_1_544' title='bbox 1391 3761 1680 3816; x_wconf 87' lang='lat' dir='ltr'><strong>stabilitate</strong></span> <span class='ocrx_word' id='word_1_545' title='bbox 1711 3761 1834 3816; x_wconf 86' lang='lat' dir='ltr'><strong>ﬁdei</strong></span> <span class='ocrx_word' id='word_1_546' title='bbox 1872 3777 1979 3816; x_wconf 63' lang='lat' dir='ltr'><strong>suae</strong></span> <span class='ocrx_word' id='word_1_547' title='bbox 2012 3763 2159 3817; x_wconf 91' lang='lat' dir='ltr'><strong>omni</strong></span> 
     </span>
    </p>
   </div>
   <div class='ocr_carea' id='block_1_69' title="bbox 582 3845 2160 3923">
    <p class='ocr_par' dir='ltr' id='par_1_69' title="bbox 582 3845 2160 3923">
     <span class='ocr_line' id='line_1_69' title="bbox 582 3845 2160 3923; baseline 0.008 -26"><span class='ocrx_word' id='word_1_548' title='bbox 582 3845 784 3902; x_wconf 87' lang='lat' dir='ltr'><strong>ﬁrmior</strong></span> <span class='ocrx_word' id='word_1_549' title='bbox 829 3855 998 3918; x_wconf 88' lang='lat' dir='ltr'><strong>petra,</strong></span> <span class='ocrx_word' id='word_1_550' title='bbox 1032 3849 1158 3904; x_wconf 89' lang='lat' dir='ltr'><strong>dum</strong></span> <span class='ocrx_word' id='word_1_551' title='bbox 1193 3850 1399 3906; x_wconf 75' lang='lat' dir='ltr'><strong>Christi</strong></span> <span class='ocrx_word' id='word_1_552' title='bbox 1430 3868 1664 3908; x_wconf 60' lang='lat' dir='ltr'><strong>crucem&#39;</strong></span> <span class='ocrx_word' id='word_1_553' title='bbox 1693 3853 1964 3923; x_wconf 57' lang='lat' dir='ltr'><strong>praedicat,</strong></span> <span class='ocrx_word' id='word_1_554' title='bbox 2008 3869 2160 3920; x_wconf 84' lang='lat' dir='ltr'><strong>suam</strong></span> 
     </span>
    </p>
   </div>
   <div class='ocr_carea' id='block_1_70' title="bbox 581 3940 2162 4014">
    <p class='ocr_par' dir='ltr' id='par_1_70' title="bbox 581 3940 2162 4014">
     <span class='ocr_line' id='line_1_70' title="bbox 581 3940 2162 4014; baseline 0.005 -21"><span class='ocrx_word' id='word_1_555' title='bbox 581 3940 734 4004; x_wconf 86' lang='lat' dir='ltr'><strong>vicit;</strong></span> <span class='ocrx_word' id='word_1_556' title='bbox 769 3957 867 3995; x_wconf 86' lang='lat' dir='ltr'><strong>nec</strong></span> <span class='ocrx_word' id='word_1_557' title='bbox 898 3942 1073 3996; x_wconf 91' lang='lat' dir='ltr'><strong>timult</strong></span> <span class='ocrx_word' id='word_1_558' title='bbox 1103 3941 1360 4011; x_wconf 87' lang='lat' dir='ltr'><strong>cruciﬁgi,</strong></span> <span class='ocrx_word' id='word_1_559' title='bbox 1385 3945 1510 4014; x_wconf 89' lang='lat' dir='ltr'><strong>quia</strong></span> <span class='ocrx_word' id='word_1_560' title='bbox 1538 3944 1860 4000; x_wconf 84' lang='lat' dir='ltr'><strong>Cruciﬁxum</strong></span> <span class='ocrx_word' id='word_1_561' title='bbox 1889 3947 2082 4014; x_wconf 90' lang='lat' dir='ltr'><strong>timuit,</strong></span> <span class='ocrx_word' id='word_1_562' title='bbox 2107 3956 2162 4001; x_wconf 89' lang='lat' dir='ltr'><strong>et</strong></span> 
     </span>
    </p>
   </div>
   <div class='ocr_carea' id='block_1_71' title="bbox 581 4030 2158 4106">
    <p class='ocr_par' dir='ltr' id='par_1_71' title="bbox 581 4030 2158 4106">
     <span class='ocr_line' id='line_1_71' title="bbox 581 4030 2158 4106; baseline 0.006 -24"><span class='ocrx_word' id='word_1_563' title='bbox 581 4031 798 4084; x_wconf 88' lang='lat' dir='ltr'><strong>amavit.</strong></span> <span class='ocrx_word' id='word_1_564' title='bbox 833 4030 1024 4087; x_wconf 86' lang='lat' dir='ltr'><strong>Passus</strong></span> <span class='ocrx_word' id='word_1_565' title='bbox 1065 4047 1195 4101; x_wconf 88' lang='lat' dir='ltr'><strong>ergo</strong></span> <span class='ocrx_word' id='word_1_566' title='bbox 1234 4043 1314 4090; x_wconf 90' lang='lat' dir='ltr'><strong>est</strong></span> <span class='ocrx_word' id='word_1_567' title='bbox 1356 4034 1562 4099; x_wconf 87' lang='lat' dir='ltr'><strong>Petrus,</strong></span> <span class='ocrx_word' id='word_1_568' title='bbox 1598 4043 1656 4090; x_wconf 85' lang='lat' dir='ltr'><strong>ut</strong></span> <span class='ocrx_word' id='word_1_569' title='bbox 1697 4037 1932 4106; x_wconf 92' lang='lat' dir='ltr'><strong>optimus</strong></span> <span class='ocrx_word' id='word_1_570' title='bbox 1972 4052 2158 4091; x_wconf 84' lang='lat' dir='ltr'><strong>servus</strong></span> 
     </span>
    </p>
   </div>
   <div class='ocr_carea' id='block_1_72' title="bbox 583 4112 2162 4198">
    <p class='ocr_par' dir='ltr' id='par_1_72' title="bbox 583 4112 2162 4198">
     <span class='ocr_line' id='line_1_72' title="bbox 583 4112 2162 4198; baseline 0.006 -25"><span class='ocrx_word' id='word_1_571' title='bbox 583 4136 681 4189; x_wconf 94' lang='lat' dir='ltr'><strong>pro</strong></span> <span class='ocrx_word' id='word_1_572' title='bbox 708 4119 958 4187; x_wconf 91' lang='lat' dir='ltr'><strong>Domino,</strong></span> <span class='ocrx_word' id='word_1_573' title='bbox 987 4131 1040 4175; x_wconf 92' lang='lat' dir='ltr'><strong>ut</strong></span> <span class='ocrx_word' id='word_1_574' title='bbox 1073 4123 1240 4178; x_wconf 84' lang='lat' dir='ltr'><strong>fidelis</strong></span> <span class='ocrx_word' id='word_1_575' title='bbox 1270 4112 1561 4198; x_wconf 62' lang='lat' dir='ltr'><strong>discipulus</strong></span> <span class='ocrx_word' id='word_1_576' title='bbox 1589 4141 1688 4194; x_wconf 88' lang='lat' dir='ltr'><strong>pro</strong></span> <span class='ocrx_word' id='word_1_577' title='bbox 1715 4129 1992 4195; x_wconf 85' lang='lat' dir='ltr'><strong>magistro,</strong></span> <span class='ocrx_word' id='word_1_578' title='bbox 2022 4137 2075 4182; x_wconf 90' lang='lat' dir='ltr'><strong>ct</strong></span> <span class='ocrx_word' id='word_1_579' title='bbox 2103 4136 2162 4182; x_wconf 90' lang='lat' dir='ltr'><strong>ut</strong></span> 
     </span>
    </p>
   </div>
   <div class='ocr_carea' id='block_1_73' title="bbox 583 4203 2162 4287">
    <p class='ocr_par' dir='ltr' id='par_1_73' title="bbox 583 4203 2162 4287">
     <span class='ocr_line' id='line_1_73' title="bbox 583 4203 2162 4287; baseline 0.006 -21"><span class='ocrx_word' id='word_1_580' title='bbox 583 4229 680 4284; x_wconf 89' lang='lat' dir='ltr'><strong>pro</strong></span> <span class='ocrx_word' id='word_1_581' title='bbox 718 4214 1016 4269; x_wconf 90' lang='lat' dir='ltr'><strong>commissis</strong></span> <span class='ocrx_word' id='word_1_582' title='bbox 1061 4203 1164 4270; x_wconf 77' lang='lat' dir='ltr'><strong>Sibi</strong></span> <span class='ocrx_word' id='word_1_583' title='bbox 1203 4217 1390 4272; x_wconf 86' lang='lat' dir='ltr'><strong>ovibus</strong></span> <span class='ocrx_word' id='word_1_584' title='bbox 1431 4225 1618 4286; x_wconf 89' lang='lat' dir='ltr'><strong>pastor</strong></span> <span class='ocrx_word' id='word_1_585' title='bbox 1651 4219 1873 4287; x_wconf 91' lang='lat' dir='ltr'><strong>electus,</strong></span> <span class='ocrx_word' id='word_1_586' title='bbox 1916 4220 2056 4274; x_wconf 90' lang='lat' dir='ltr'><strong>illius</strong></span> <span class='ocrx_word' id='word_1_587' title='bbox 2095 4220 2162 4275; x_wconf 90' lang='lat' dir='ltr'><strong>ad</strong></span> 
     </span>
    </p>
   </div>
   <div class='ocr_carea' id='block_1_74' title="bbox 582 4307 2163 4379">
    <p class='ocr_par' dir='ltr' id='par_1_74' title="bbox 582 4307 2163 4379">
     <span class='ocr_line' id='line_1_74' title="bbox 582 4307 2163 4379; baseline 0.002 -19"><span class='ocrx_word' id='word_1_588' title='bbox 582 4314 808 4361; x_wconf 88' lang='lat' dir='ltr'><strong>mortem</strong></span> <span class='ocrx_word' id='word_1_589' title='bbox 852 4313 1067 4362; x_wconf 89' lang='lat' dir='ltr'><strong>secutus</strong></span> <span class='ocrx_word' id='word_1_590' title='bbox 1094 4307 1335 4375; x_wconf 88' lang='lat' dir='ltr'><strong>vestigia,</strong></span> <span class='ocrx_word' id='word_1_591' title='bbox 1367 4307 1518 4378; x_wconf 87' lang='lat' dir='ltr'><strong>cujus</strong></span> <span class='ocrx_word' id='word_1_592' title='bbox 1555 4309 1800 4363; x_wconf 90' lang='lat' dir='ltr'><strong>semitam</strong></span> <span class='ocrx_word' id='word_1_593' title='bbox 1837 4309 2163 4379; x_wconf 84' lang='lat' dir='ltr'><strong>sequebatur</strong></span> 
     </span>
    </p>
   </div>
   <div class='ocr_carea' id='block_1_75' title="bbox 581 4383 2160 4470">
    <p class='ocr_par' dir='ltr' id='par_1_75' title="bbox 581 4383 2160 4470">
     <span class='ocr_line' id='line_1_75' title="bbox 581 4383 2160 4470; baseline 0.003 -18"><span class='ocrx_word' id='word_1_594' title='bbox 581 4383 660 4452; x_wconf 27' lang='lat' dir='ltr'><strong>ad;</strong></span> <span class='ocrx_word' id='word_1_595' title='bbox 676 4397 860 4465; x_wconf 86' lang='lat' dir='ltr'><strong>vitam,</strong></span> <span class='ocrx_word' id='word_1_596' title='bbox 891 4405 946 4451; x_wconf 93' lang='lat' dir='ltr'><strong>et</strong></span> <span class='ocrx_word' id='word_1_597' title='bbox 973 4397 1097 4466; x_wconf 89' lang='lat' dir='ltr'><strong>quia</strong></span> <span class='ocrx_word' id='word_1_598' title='bbox 1126 4393 1455 4453; x_wconf 83' lang='lat' dir='ltr'><strong>consimilem</strong></span> <span class='ocrx_word' id='word_1_599' title='bbox 1484 4398 1623 4468; x_wconf 88' lang='lat' dir='ltr'><strong>regis</strong></span> <span class='ocrx_word' id='word_1_600' title='bbox 1653 4400 1735 4454; x_wconf 89' lang='lat' dir='ltr'><strong>sui</strong></span> <span class='ocrx_word' id='word_1_601' title='bbox 1763 4399 1924 4454; x_wconf 90' lang='lat' dir='ltr'><strong>subiit</strong></span> <span class='ocrx_word' id='word_1_602' title='bbox 1952 4401 2160 4470; x_wconf 88' lang='lat' dir='ltr'><strong>passio-</strong></span> 
     </span>
    </p>
   </div>
   <div class='ocr_carea' id='block_1_76' title="bbox 537 4477 2163 4564">
    <p class='ocr_par' dir='ltr' id='par_1_76' title="bbox 537 4477 2163 4564">
     <span class='ocr_line' id='line_1_76' title="bbox 537 4477 2163 4564; baseline 0.002 -19"><span class='ocrx_word' id='word_1_603' title='bbox 537 4477 544 4485; x_wconf 71' lang='grc'><strong>’</strong></span> <span class='ocrx_word' id='word_1_604' title='bbox 581 4505 724 4554; x_wconf 80' lang='lat' dir='ltr'><strong>nem,</strong></span> <span class='ocrx_word' id='word_1_605' title='bbox 755 4490 987 4546; x_wconf 68' lang='lat' dir='ltr'><strong>cazlestis</strong></span> <span class='ocrx_word' id='word_1_606' title='bbox 1013 4489 1161 4564; x_wconf 83' lang='lat' dir='ltr'><strong>regni</strong></span> <span class='ocrx_word' id='word_1_607' title='bbox 1184 4490 1334 4545; x_wconf 89' lang='lat' dir='ltr'><strong>clave</strong></span> <span class='ocrx_word' id='word_1_608' title='bbox 1357 4499 1627 4560; x_wconf 76' lang='lat' dir='ltr'><strong>suscepta,</strong></span> <span class='ocrx_word' id='word_1_609' title='bbox 1651 4492 2053 4548; x_wconf 89' lang='lat' dir='ltr'><strong>similitudinem</strong></span> <span class='ocrx_word' id='word_1_610' title='bbox 2076 4509 2163 4549; x_wconf 90' lang='lat' dir='ltr'><strong>re-</strong></span> 
     </span>
    </p>
   </div>
   <div class='ocr_carea' id='block_1_77' title="bbox 2261 3295 3825 3369">
    <p class='ocr_par' dir='ltr' id='par_1_77' title="bbox 2261 3295 3825 3369">
     <span class='ocr_line' id='line_1_77' title="bbox 2261 3295 3825 3369; baseline 0 -19"><span class='ocrx_word' id='word_1_611' title='bbox 2261 3295 2488 3353; x_wconf 91' lang='lat' dir='ltr'><strong>Domino</strong></span> <span class='ocrx_word' id='word_1_612' title='bbox 2515 3317 2526 3351; x_wconf 92' lang='lat'><strong>:</strong></span> <span class='ocrx_word' id='word_1_613' title='bbox 2558 3299 2797 3354; x_wconf 79' lang='lat' dir='ltr'><strong>Animam</strong></span> <span class='ocrx_word' id='word_1_614' title='bbox 2816 3316 2980 3354; x_wconf 85' lang='lat' dir='ltr'><strong>meam</strong></span> <span class='ocrx_word' id='word_1_615' title='bbox 3004 3314 3138 3369; x_wconf 83' lang='lat' dir='ltr'><strong>pono</strong></span> <span class='ocrx_word' id='word_1_616' title='bbox 3157 3316 3251 3364; x_wconf 83' lang='lat' dir='ltr'><strong>pro</strong></span> <span class='ocrx_word' id='word_1_617' title='bbox 3275 3307 3320 3351; x_wconf 81' lang='lat' dir='ltr'><strong>te</strong></span> <span class='ocrx_word' id='word_1_618' title='bbox 3347 3295 3526 3366; x_wconf 77' lang='lat' dir='ltr'><strong>(Ioau.</strong></span> <span class='ocrx_word' id='word_1_619' title='bbox 3555 3295 3702 3360; x_wconf 77' lang='lat' dir='ltr'><strong>xm);</strong></span> <span class='ocrx_word' id='word_1_620' title='bbox 3732 3311 3825 3350; x_wconf 86' lang='lat' dir='ltr'><strong>non</strong></span> 
     </span>
    </p>
   </div>
   <div class='ocr_carea' id='block_1_78' title="bbox 2259 3376 3825 3461">
    <p class='ocr_par' dir='ltr' id='par_1_78' title="bbox 2259 3376 3825 3461">
     <span class='ocr_line' id='line_1_78' title="bbox 2259 3376 3825 3461; baseline 0.002 -18"><span class='ocrx_word' id='word_1_621' title='bbox 2259 3389 2418 3458; x_wconf 88' lang='lat' dir='ltr'><strong>longe</strong></span> <span class='ocrx_word' id='word_1_622' title='bbox 2439 3376 2559 3460; x_wconf 73' lang='lat' dir='ltr'><strong>post</strong></span> <span class='ocrx_word' id='word_1_623' title='bbox 2579 3391 2770 3461; x_wconf 59' lang='lat' dir='ltr'><strong>puellae</strong></span> <span class='ocrx_word' id='word_1_624' title='bbox 2792 3391 3264 3460; x_wconf 78' lang='lat' dir='ltr'><strong>interrbgationem</strong></span> <span class='ocrx_word' id='word_1_625' title='bbox 3289 3390 3529 3444; x_wconf 88' lang='lat' dir='ltr'><strong>turbatus</strong></span> <span class='ocrx_word' id='word_1_626' title='bbox 3551 3387 3825 3458; x_wconf 78' lang='lat' dir='ltr'><strong>respondit.</strong></span> 
     </span>
    </p>
   </div>
   <div class='ocr_carea' id='block_1_79' title="bbox 2260 3475 3826 3554">
    <p class='ocr_par' dir='ltr' id='par_1_79' title="bbox 2260 3475 3826 3554">
     <span class='ocr_line' id='line_1_79' title="bbox 2260 3475 3826 3554; baseline -0.004 -15"><span class='ocrx_word' id='word_1_627' title='bbox 2260 3483 2494 3539; x_wconf 86' lang='lat' dir='ltr'><strong>nescisse</strong></span> <span class='ocrx_word' id='word_1_628' title='bbox 2521 3499 2580 3538; x_wconf 89' lang='lat' dir='ltr'><strong>se</strong></span> <span class='ocrx_word' id='word_1_629' title='bbox 2608 3475 2900 3538; x_wconf 72' lang='lat' dir='ltr'><strong>hominem.</strong></span> <span class='ocrx_word' id='word_1_630' title='bbox 2929 3481 3155 3552; x_wconf 88' lang='lat' dir='ltr'><strong>Propter</strong></span> <span class='ocrx_word' id='word_1_631' title='bbox 3198 3480 3341 3554; x_wconf 88' lang='lat' dir='ltr'><strong>quod</strong></span> <span class='ocrx_word' id='word_1_632' title='bbox 3387 3479 3535 3535; x_wconf 75' lang='lat' dir='ltr'><strong>flevit</strong></span> <span class='ocrx_word' id='word_1_633' title='bbox 3574 3477 3826 3534; x_wconf 84' lang='lat' dir='ltr'><strong>amarissi-</strong></span> 
     </span>
    </p>
   </div>
   <div class='ocr_carea' id='block_1_80' title="bbox 2260 3570 3826 3640">
    <p class='ocr_par' dir='ltr' id='par_1_80' title="bbox 2260 3570 3826 3640">
     <span class='ocr_line' id='line_1_80' title="bbox 2260 3570 3826 3640; baseline -0.004 -10"><span class='ocrx_word' id='word_1_634' title='bbox 2260 3589 2381 3639; x_wconf 90' lang='lat' dir='ltr'><strong>me;</strong></span> <span class='ocrx_word' id='word_1_635' title='bbox 2411 3583 2463 3630; x_wconf 90' lang='lat' dir='ltr'><strong>et</strong></span> <span class='ocrx_word' id='word_1_636' title='bbox 2488 3575 2577 3630; x_wconf 91' lang='lat' dir='ltr'><strong>ubi</strong></span> <span class='ocrx_word' id='word_1_637' title='bbox 2603 3577 2679 3629; x_wconf 91' lang='lat' dir='ltr'><strong>ait</strong></span> <span class='ocrx_word' id='word_1_638' title='bbox 2718 3573 2981 3640; x_wconf 87' lang='lat' dir='ltr'><strong>Christus,</strong></span> <span class='ocrx_word' id='word_1_639' title='bbox 3017 3572 3234 3631; x_wconf 87' lang='lat' dir='ltr'><strong>Petrum</strong></span> <span class='ocrx_word' id='word_1_640' title='bbox 3263 3570 3564 3627; x_wconf 89' lang='lat' dir='ltr'><strong>ducendum</strong></span> <span class='ocrx_word' id='word_1_641' title='bbox 3591 3585 3706 3625; x_wconf 87' lang='lat' dir='ltr'><strong>esse</strong></span> <span class='ocrx_word' id='word_1_642' title='bbox 3732 3584 3826 3637; x_wconf 88' lang='lat' dir='ltr'><strong>quo</strong></span> 
     </span>
    </p>
   </div>
   <div class='ocr_carea' id='block_1_81' title="bbox 2261 3659 3824 3736">
    <p class='ocr_par' dir='ltr' id='par_1_81' title="bbox 2261 3659 3824 3736">
     <span class='ocr_line' id='line_1_81' title="bbox 2261 3659 3824 3736; baseline -0.005 -16"><span class='ocrx_word' id='word_1_643' title='bbox 2261 3665 2445 3729; x_wconf 91' lang='lat' dir='ltr'><strong>nollet,</strong></span> <span class='ocrx_word' id='word_1_644' title='bbox 2479 3665 2549 3721; x_wconf 92' lang='lat' dir='ltr'><strong>ibi</strong></span> <span class='ocrx_word' id='word_1_645' title='bbox 2590 3666 2869 3723; x_wconf 84' lang='lat' dir='ltr'><strong>victoriam</strong></span> <span class='ocrx_word' id='word_1_646' title='bbox 2911 3663 3246 3736; x_wconf 87' lang='lat' dir='ltr'><strong>triumphalis</strong></span> <span class='ocrx_word' id='word_1_647' title='bbox 3288 3664 3551 3734; x_wconf 84' lang='lat' dir='ltr'><strong>passionis</strong></span> <span class='ocrx_word' id='word_1_648' title='bbox 3594 3659 3824 3717; x_wconf 86' lang='lat' dir='ltr'><strong>obtinuit.</strong></span> 
     </span>
    </p>
   </div>
   <div class='ocr_carea' id='block_1_82' title="bbox 2261 3753 3825 3830">
    <p class='ocr_par' dir='ltr' id='par_1_82' title="bbox 2261 3753 3825 3830">
     <span class='ocr_line' id='line_1_82' title="bbox 2261 3753 3825 3830; baseline -0.004 -16"><span class='ocrx_word' id='word_1_649' title='bbox 2261 3758 2376 3814; x_wconf 87' lang='lat' dir='ltr'><strong>Non</strong></span> <span class='ocrx_word' id='word_1_650' title='bbox 2406 3773 2532 3827; x_wconf 86' lang='lat' dir='ltr'><strong>ergo</strong></span> <span class='ocrx_word' id='word_1_651' title='bbox 2563 3768 2644 3814; x_wconf 89' lang='lat' dir='ltr'><strong>est</strong></span> <span class='ocrx_word' id='word_1_652' title='bbox 2674 3757 3142 3830; x_wconf 84' lang='lat' dir='ltr'><strong>reprehendendus</strong></span> <span class='ocrx_word' id='word_1_653' title='bbox 3162 3757 3437 3830; x_wconf 86' lang='lat' dir='ltr'><strong>apostolus</strong></span> <span class='ocrx_word' id='word_1_654' title='bbox 3457 3758 3503 3812; x_wconf 91' lang='lat' dir='ltr'><strong>si</strong></span> <span class='ocrx_word' id='word_1_655' title='bbox 3532 3773 3631 3827; x_wconf 91' lang='lat' dir='ltr'><strong>pro</strong></span> <span class='ocrx_word' id='word_1_656' title='bbox 3649 3753 3825 3810; x_wconf 88' lang='lat' dir='ltr'><strong>Christi</strong></span> 
     </span>
    </p>
   </div>
   <div class='ocr_carea' id='block_1_83' title="bbox 2262 3847 3826 3923">
    <p class='ocr_par' dir='ltr' id='par_1_83' title="bbox 2262 3847 3826 3923">
     <span class='ocr_line' id='line_1_83' title="bbox 2262 3847 3826 3923; baseline -0.004 -16"><span class='ocrx_word' id='word_1_657' title='bbox 2262 3852 2468 3907; x_wconf 88' lang='lat' dir='ltr'><strong>honore</strong></span> <span class='ocrx_word' id='word_1_658' title='bbox 2516 3852 2806 3907; x_wconf 91' lang='lat' dir='ltr'><strong>animosius</strong></span> <span class='ocrx_word' id='word_1_659' title='bbox 2834 3853 3054 3923; x_wconf 90' lang='lat' dir='ltr'><strong>optabat</strong></span> <span class='ocrx_word' id='word_1_660' title='bbox 3080 3860 3136 3908; x_wconf 91' lang='lat' dir='ltr'><strong>et</strong></span> <span class='ocrx_word' id='word_1_661' title='bbox 3161 3852 3318 3915; x_wconf 91' lang='lat' dir='ltr'><strong>mori,</strong></span> <span class='ocrx_word' id='word_1_662' title='bbox 3349 3851 3472 3919; x_wconf 90' lang='lat' dir='ltr'><strong>quia</strong></span> <span class='ocrx_word' id='word_1_663' title='bbox 3501 3847 3826 3919; x_wconf 66' lang='lat' dir='ltr'><strong>praesumptio</strong></span> 
     </span>
    </p>
   </div>
   <div class='ocr_carea' id='block_1_84' title="bbox 2263 3939 3826 4016">
    <p class='ocr_par' dir='ltr' id='par_1_84' title="bbox 2263 3939 3826 4016">
     <span class='ocr_line' id='line_1_84' title="bbox 2263 3939 3826 4016; baseline -0.004 -16"><span class='ocrx_word' id='word_1_664' title='bbox 2263 3945 2370 4011; x_wconf 87' lang='lat' dir='ltr'><strong>illa,</strong></span> <span class='ocrx_word' id='word_1_665' title='bbox 2397 3960 2516 4016; x_wconf 74' lang='lat' dir='ltr'><strong>qum</strong></span> <span class='ocrx_word' id='word_1_666' title='bbox 2544 3946 2611 4000; x_wconf 92' lang='lat' dir='ltr'><strong>de</strong></span> <span class='ocrx_word' id='word_1_667' title='bbox 2641 3946 2798 4016; x_wconf 75' lang='lat'><strong>5&#39;72</strong></span> <span class='ocrx_word' id='word_1_668' title='bbox 2828 3946 3039 4002; x_wconf 86' lang='lat' dir='ltr'><strong>fervore</strong></span> <span class='ocrx_word' id='word_1_669' title='bbox 3066 3945 3189 4000; x_wconf 89' lang='lat' dir='ltr'><strong>ﬁdei</strong></span> <span class='ocrx_word' id='word_1_670' title='bbox 3202 3944 3380 4009; x_wconf 80' lang='lat' dir='ltr'><strong>&#39;venit,</strong></span> <span class='ocrx_word' id='word_1_671' title='bbox 3420 3943 3525 3998; x_wconf 88' lang='lat' dir='ltr'><strong>etsi</strong></span> <span class='ocrx_word' id='word_1_672' title='bbox 3569 3939 3826 3997; x_wconf 78' lang='lat' dir='ltr'><strong>laudabilis</strong></span> 
     </span>
    </p>
   </div>
   <div class='ocr_carea' id='block_1_85' title="bbox 2239 4033 3825 4106">
    <p class='ocr_par' dir='ltr' id='par_1_85' title="bbox 2239 4033 3825 4106">
     <span class='ocr_line' id='line_1_85' title="bbox 2239 4033 3825 4106; baseline -0.005 -15"><span class='ocrx_word' id='word_1_673' title='bbox 2239 4033 2372 4091; x_wconf 48' lang='lat' dir='ltr'><strong>&#39;non</strong></span> <span class='ocrx_word' id='word_1_674' title='bbox 2401 4036 2629 4102; x_wconf 91' lang='lat' dir='ltr'><strong>videtur,</strong></span> <span class='ocrx_word' id='word_1_675' title='bbox 2660 4051 2909 4106; x_wconf 87' lang='lat' dir='ltr'><strong>magnam</strong></span> <span class='ocrx_word' id='word_1_676' title='bbox 2939 4045 3117 4092; x_wconf 88' lang='lat' dir='ltr'><strong>tamen</strong></span> <span class='ocrx_word' id='word_1_677' title='bbox 3145 4037 3305 4092; x_wconf 86' lang='lat' dir='ltr'><strong>habet</strong></span> <span class='ocrx_word' id='word_1_678' title='bbox 3333 4035 3400 4091; x_wconf 91' lang='lat' dir='ltr'><strong>ad</strong></span> <span class='ocrx_word' id='word_1_679' title='bbox 3444 4033 3738 4096; x_wconf 89' lang='lat' dir='ltr'><strong>Dominum,</strong></span> <span class='ocrx_word' id='word_1_680' title='bbox 3767 4045 3825 4085; x_wconf 76' lang='lat' dir='ltr'><strong>ex</strong></span> 
     </span>
    </p>
   </div>
   <div class='ocr_carea' id='block_1_86' title="bbox 2263 4127 3825 4202">
    <p class='ocr_par' dir='ltr' id='par_1_86' title="bbox 2263 4127 3825 4202">
     <span class='ocr_line' id='line_1_86' title="bbox 2263 4127 3825 4202; baseline -0.005 -16"><span class='ocrx_word' id='word_1_681' title='bbox 2263 4132 2379 4202; x_wconf 88' lang='lat' dir='ltr'><strong>ipsa</strong></span> <span class='ocrx_word' id='word_1_682' title='bbox 2401 4131 2746 4186; x_wconf 78' lang='lat' dir='ltr'><strong>conscientia:</strong></span> <span class='ocrx_word' id='word_1_683' title='bbox 2764 4139 2872 4187; x_wconf 68' lang='lat' dir='ltr'><strong>sua:</strong></span> <span class='ocrx_word' id='word_1_684' title='bbox 2898 4132 3184 4200; x_wconf 84' lang='lat' dir='ltr'><strong>devotione</strong></span> <span class='ocrx_word' id='word_1_685' title='bbox 3213 4129 3478 4186; x_wconf 73' lang='lat' dir='ltr'><strong>ﬁduCiam.</strong></span> <span class='ocrx_word' id='word_1_686' title='bbox 3505 4127 3699 4182; x_wconf 80' lang='lat' dir='ltr'><strong>Verum</strong></span> <span class='ocrx_word' id='word_1_687' title='bbox 3714 4138 3825 4194; x_wconf 83' lang='lat' dir='ltr'><strong>pro—</strong></span> 
     </span>
    </p>
   </div>
   <div class='ocr_carea' id='block_1_87' title="bbox 2263 4216 3825 4293">
    <p class='ocr_par' dir='ltr' id='par_1_87' title="bbox 2263 4216 3825 4293">
     <span class='ocr_line' id='line_1_87' title="bbox 2263 4216 3825 4293; baseline -0.004 -18"><span class='ocrx_word' id='word_1_688' title='bbox 2263 4230 2384 4293; x_wconf 87' lang='lat' dir='ltr'><strong>pter</strong></span> <span class='ocrx_word' id='word_1_689' title='bbox 2411 4222 2674 4277; x_wconf 88' lang='lat' dir='ltr'><strong>cautelam</strong></span> <span class='ocrx_word' id='word_1_690' title='bbox 2705 4221 2938 4277; x_wconf 89' lang='lat' dir='ltr'><strong>ﬁdelium</strong></span> <span class='ocrx_word' id='word_1_691' title='bbox 2965 4238 3204 4288; x_wconf 92' lang='lat' dir='ltr'><strong>suorum,</strong></span> <span class='ocrx_word' id='word_1_692' title='bbox 3239 4227 3541 4288; x_wconf 64' lang='lat' dir='ltr'><strong>nostraeque</strong></span> <span class='ocrx_word' id='word_1_693' title='bbox 3572 4216 3825 4271; x_wconf 86' lang='lat' dir='ltr'><strong>inﬁrmita-</strong></span> 
     </span>
    </p>
   </div>
   <div class='ocr_carea' id='block_1_88' title="bbox 2265 4305 3824 4382">
    <p class='ocr_par' dir='ltr' id='par_1_88' title="bbox 2265 4305 3824 4382">
     <span class='ocr_line' id='line_1_88' title="bbox 2265 4305 3824 4382; baseline -0.004 -18"><span class='ocrx_word' id='word_1_694' title='bbox 2265 4310 2332 4365; x_wconf 90' lang='lat' dir='ltr'><strong>tis</strong></span> <span class='ocrx_word' id='word_1_695' title='bbox 2353 4311 2651 4382; x_wconf 88' lang='lat' dir='ltr'><strong>perfugium</strong></span> <span class='ocrx_word' id='word_1_696' title='bbox 2681 4313 2890 4368; x_wconf 82' lang='lat' dir='ltr'><strong>dicebat</strong></span> <span class='ocrx_word' id='word_1_697' title='bbox 2919 4313 3166 4368; x_wconf 90' lang='lat' dir='ltr'><strong>Salvator</strong></span> <span class='ocrx_word' id='word_1_698' title='bbox 3190 4311 3464 4381; x_wconf 90' lang='lat' dir='ltr'><strong>discipulis</strong></span> <span class='ocrx_word' id='word_1_699' title='bbox 3491 4309 3603 4365; x_wconf 89' lang='lat' dir='ltr'><strong>suis</strong></span> <span class='ocrx_word' id='word_1_700' title='bbox 3627 4327 3638 4362; x_wconf 91' lang='lat'><strong>:</strong></span> <span class='ocrx_word' id='word_1_701' title='bbox 3672 4305 3728 4362; x_wconf 90' lang='lat' dir='ltr'><strong>Si</strong></span> <span class='ocrx_word' id='word_1_702' title='bbox 3752 4322 3824 4358; x_wconf 77' lang='lat' dir='ltr'><strong>ros</strong></span> 
     </span>
    </p>
   </div>
   <div class='ocr_carea' id='block_1_89' title="bbox 2265 4401 3825 4476">
    <p class='ocr_par' dir='ltr' id='par_1_89' title="bbox 2265 4401 3825 4476">
     <span class='ocr_line' id='line_1_89' title="bbox 2265 4401 3825 4476; baseline -0.004 -19"><span class='ocrx_word' id='word_1_703' title='bbox 2265 4407 2515 4476; x_wconf 79' lang='lat' dir='ltr'><strong>persecuti</strong></span> <span class='ocrx_word' id='word_1_704' title='bbox 2566 4407 2754 4476; x_wconf 78' lang='lat' dir='ltr'><strong>fuerint</strong></span> <span class='ocrx_word' id='word_1_705' title='bbox 2812 4409 2864 4460; x_wconf 83' lang='lat' dir='ltr'><strong>in</strong></span> <span class='ocrx_word' id='word_1_706' title='bbox 2917 4407 3121 4459; x_wconf 82' lang='lat' dir='ltr'><strong>civitate</strong></span> <span class='ocrx_word' id='word_1_707' title='bbox 3170 4407 3304 4468; x_wconf 86' lang='lat' dir='ltr'><strong>ista,</strong></span> <span class='ocrx_word' id='word_1_708' title='bbox 3363 4404 3526 4474; x_wconf 78' lang='lat' dir='ltr'><strong>fugite</strong></span> <span class='ocrx_word' id='word_1_709' title='bbox 3578 4404 3633 4456; x_wconf 83' lang='lat' dir='ltr'><strong>in</strong></span> <span class='ocrx_word' id='word_1_710' title='bbox 3685 4401 3825 4452; x_wconf 87' lang='lat' dir='ltr'><strong>aliam</strong></span> 
     </span>
    </p>
   </div>
   <div class='ocr_carea' id='block_1_90' title="bbox 2268 4489 3824 4567">
    <p class='ocr_par' dir='ltr' id='par_1_90' title="bbox 2268 4489 3824 4567">
     <span class='ocr_line' id='line_1_90' title="bbox 2268 4489 3824 4567; baseline -0.005 -18"><span class='ocrx_word' id='word_1_711' title='bbox 2268 4494 2481 4567; x_wconf 82' lang='lat' dir='ltr'><strong>(Matth.</strong></span> <span class='ocrx_word' id='word_1_712' title='bbox 2506 4496 2582 4566; x_wconf 89' lang='lat' dir='ltr'><strong>v).</strong></span> <span class='ocrx_word' id='word_1_713' title='bbox 2608 4496 2722 4552; x_wconf 85' lang='lat' dir='ltr'><strong>Hoc</strong></span> <span class='ocrx_word' id='word_1_714' title='bbox 2751 4505 2833 4552; x_wconf 90' lang='lat' dir='ltr'><strong>est</strong></span> <span class='ocrx_word' id='word_1_715' title='bbox 2857 4496 3034 4552; x_wconf 90' lang='lat' dir='ltr'><strong>dicere</strong></span> <span class='ocrx_word' id='word_1_716' title='bbox 3059 4513 3075 4550; x_wconf 88' lang='lat'><strong>:</strong></span> <span class='ocrx_word' id='word_1_717' title='bbox 3108 4495 3380 4550; x_wconf 88' lang='lat' dir='ltr'><strong>Declinate</strong></span> <span class='ocrx_word' id='word_1_718' title='bbox 3399 4493 3618 4562; x_wconf 88' lang='lat' dir='ltr'><strong>quidem</strong></span> <span class='ocrx_word' id='word_1_719' title='bbox 3640 4489 3824 4560; x_wconf 83' lang='lat' dir='ltr'><strong>passio-</strong></span> 
     </span>
    </p>
   </div>
   <div class='ocr_carea' id='block_1_91' title="bbox 579 4565 3824 4658">
    <p class='ocr_par' dir='ltr' id='par_1_91' title="bbox 579 4565 3824 4658">
     <span class='ocr_line' id='line_1_91' title="bbox 579 4565 3824 4658; baseline -0.001 -22"><span class='ocrx_word' id='word_1_720' title='bbox 579 4584 792 4654; x_wconf 85' lang='lat' dir='ltr'><strong>gnantis</strong></span> <span class='ocrx_word' id='word_1_721' title='bbox 811 4571 1065 4652; x_wconf 76' lang='lat' dir='ltr'><strong>suscepit.</strong></span> <span class='ocrx_word' id='word_1_722' title='bbox 1090 4579 1193 4636; x_wconf 84' lang='lat' dir='ltr'><strong>Aut</strong></span> <span class='ocrx_word' id='word_1_723' title='bbox 1213 4582 1483 4651; x_wconf 83' lang='lat' dir='ltr'><strong>quomodo</strong></span> <span class='ocrx_word' id='word_1_724' title='bbox 1506 4583 1595 4638; x_wconf 91' lang='lat' dir='ltr'><strong>ille</strong></span> <span class='ocrx_word' id='word_1_725' title='bbox 1613 4583 1735 4638; x_wconf 69' lang='lat' dir='ltr'><strong>vita:</strong></span> <span class='ocrx_word' id='word_1_726' title='bbox 1755 4584 1983 4655; x_wconf 71' lang='lat' dir='ltr'><strong>proprim</strong></span> <span class='ocrx_word' id='word_1_727' title='bbox 2005 4584 2160 4641; x_wconf 90' lang='lat' dir='ltr'><strong>time-</strong></span> <span class='ocrx_word' id='word_1_728' title='bbox 2188 4565 2240 4629; x_wconf 82' lang='lat' dir='ltr'><strong>D</strong></span> <span class='ocrx_word' id='word_1_729' title='bbox 2266 4565 2408 4652; x_wconf 85' lang='lat' dir='ltr'><strong>nem,</strong></span> <span class='ocrx_word' id='word_1_730' title='bbox 2441 4603 2505 4642; x_wconf 90' lang='lat' dir='ltr'><strong>ne</strong></span> <span class='ocrx_word' id='word_1_731' title='bbox 2535 4565 2672 4642; x_wconf 89' lang='lat' dir='ltr'><strong>forte</strong></span> <span class='ocrx_word' id='word_1_732' title='bbox 2700 4603 2794 4658; x_wconf 88' lang='lat' dir='ltr'><strong>per</strong></span> <span class='ocrx_word' id='word_1_733' title='bbox 2824 4595 3090 4642; x_wconf 90' lang='lat' dir='ltr'><strong>tormenta</strong></span> <span class='ocrx_word' id='word_1_734' title='bbox 3121 4579 3434 4649; x_wconf 88' lang='lat' dir='ltr'><strong>vincamini;</strong></span> <span class='ocrx_word' id='word_1_735' title='bbox 3481 4583 3621 4652; x_wconf 89' lang='lat' dir='ltr'><strong>capti</strong></span> <span class='ocrx_word' id='word_1_736' title='bbox 3670 4588 3824 4645; x_wconf 82' lang='lat' dir='ltr'><strong>tamen</strong></span> 
     </span>
    </p>
   </div>
   <div class='ocr_carea' id='block_1_92' title="bbox 580 4675 2162 4745">
    <p class='ocr_par' dir='ltr' id='par_1_92' title="bbox 580 4675 2162 4745">
     <span class='ocr_line' id='line_1_92' title="bbox 580 4675 2162 4745; baseline 0.001 -14"><span class='ocrx_word' id='word_1_737' title='bbox 580 4684 665 4732; x_wconf 87' lang='lat' dir='ltr'><strong>ret</strong></span> <span class='ocrx_word' id='word_1_738' title='bbox 693 4689 962 4740; x_wconf 89' lang='lat' dir='ltr'><strong>occasum,</strong></span> <span class='ocrx_word' id='word_1_739' title='bbox 990 4675 1079 4745; x_wconf 87' lang='lat' dir='ltr'><strong>qui</strong></span> <span class='ocrx_word' id='word_1_740' title='bbox 1109 4676 1428 4744; x_wconf 84' lang='lat' dir='ltr'><strong>probaverat</strong></span> <span class='ocrx_word' id='word_1_741' title='bbox 1449 4675 1722 4730; x_wconf 89' lang='lat' dir='ltr'><strong>Christum</strong></span> <span class='ocrx_word' id='word_1_742' title='bbox 1741 4691 1894 4730; x_wconf 91' lang='lat' dir='ltr'><strong>suum</strong></span> <span class='ocrx_word' id='word_1_743' title='bbox 1936 4690 2162 4744; x_wconf 87' lang='lat' dir='ltr'><strong>regnare</strong></span> 
     </span>
    </p>
   </div>
   <div class='ocr_carea' id='block_1_93' title="bbox 581 4766 2160 4840">
    <p class='ocr_par' dir='ltr' id='par_1_93' title="bbox 581 4766 2160 4840">
     <span class='ocr_line' id='line_1_93' title="bbox 581 4766 2160 4840; baseline 0.001 -18"><span class='ocrx_word' id='word_1_744' title='bbox 581 4777 702 4840; x_wconf 90' lang='lat' dir='ltr'><strong>post</strong></span> <span class='ocrx_word' id='word_1_745' title='bbox 722 4769 983 4823; x_wconf 87' lang='lat' dir='ltr'><strong>mortem?</strong></span> <span class='ocrx_word' id='word_1_746' title='bbox 1005 4767 1286 4834; x_wconf 86' lang='lat' dir='ltr'><strong>Quomodo</strong></span> <span class='ocrx_word' id='word_1_747' title='bbox 1311 4766 1578 4837; x_wconf 87' lang='lat' dir='ltr'><strong>refugeret</strong></span> <span class='ocrx_word' id='word_1_748' title='bbox 1598 4783 1828 4833; x_wconf 87' lang='lat' dir='ltr'><strong>crucem,</strong></span> <span class='ocrx_word' id='word_1_749' title='bbox 1852 4769 1942 4836; x_wconf 90' lang='lat' dir='ltr'><strong>qui</strong></span> <span class='ocrx_word' id='word_1_750' title='bbox 1964 4767 2016 4821; x_wconf 91' lang='lat' dir='ltr'><strong>in</strong></span> <span class='ocrx_word' id='word_1_751' title='bbox 2038 4783 2160 4823; x_wconf 90' lang='lat' dir='ltr'><strong>cor-</strong></span> 
     </span>
    </p>
   </div>
   <div class='ocr_carea' id='block_1_94' title="bbox 581 4855 2162 4929">
    <p class='ocr_par' dir='ltr' id='par_1_94' title="bbox 581 4855 2162 4929">
     <span class='ocr_line' id='line_1_94' title="bbox 581 4855 2162 4929; baseline 0.003 -16"><span class='ocrx_word' id='word_1_752' title='bbox 581 4873 713 4929; x_wconf 90' lang='lat' dir='ltr'><strong>pore</strong></span> <span class='ocrx_word' id='word_1_753' title='bbox 744 4855 951 4916; x_wconf 84' lang='lat' dir='ltr'><strong>Domini</strong></span> <span class='ocrx_word' id='word_1_754' title='bbox 980 4861 1063 4915; x_wconf 90' lang='lat' dir='ltr'><strong>sui</strong></span> <span class='ocrx_word' id='word_1_755' title='bbox 1089 4860 1361 4917; x_wconf 87' lang='lat' dir='ltr'><strong>redeuntis</strong></span> <span class='ocrx_word' id='word_1_756' title='bbox 1383 4877 1414 4915; x_wconf 88' lang='lat' dir='ltr'><strong>a</strong></span> <span class='ocrx_word' id='word_1_757' title='bbox 1442 4860 1667 4916; x_wconf 87' lang='lat' dir='ltr'><strong>mortuis</strong></span> <span class='ocrx_word' id='word_1_758' title='bbox 1693 4863 1862 4916; x_wconf 75' lang='lat' dir='ltr'><strong>beata:</strong></span> <span class='ocrx_word' id='word_1_759' title='bbox 1890 4862 2062 4917; x_wconf 89' lang='lat' dir='ltr'><strong>crucis</strong></span> <span class='ocrx_word' id='word_1_760' title='bbox 2079 4863 2162 4917; x_wconf 75' lang='lat' dir='ltr'><strong>si-</strong></span> 
     </span>
    </p>
   </div>
   <div class='ocr_carea' id='block_1_95' title="bbox 584 4943 2165 5024">
    <p class='ocr_par' dir='ltr' id='par_1_95' title="bbox 584 4943 2165 5024">
     <span class='ocr_line' id='line_1_95' title="bbox 584 4943 2165 5024; baseline 0.006 -22"><span class='ocrx_word' id='word_1_761' title='bbox 584 4944 686 5019; x_wconf 87' lang='lat' dir='ltr'><strong>gna</strong></span> <span class='ocrx_word' id='word_1_762' title='bbox 716 4952 1374 5020; x_wconf 78' lang='lat' dir='ltr'><strong>cognoverat?Qitomodo</strong></span> <span class='ocrx_word' id='word_1_763' title='bbox 1398 4953 1799 5024; x_wconf 85' lang='lat' dir='ltr'><strong>cruciﬁgentnm</strong></span> <span class='ocrx_word' id='word_1_764' title='bbox 1829 4955 2050 5010; x_wconf 87' lang='lat' dir='ltr'><strong>vulnera</strong></span> <span class='ocrx_word' id='word_1_765' title='bbox 2079 4943 2165 5011; x_wconf 85' lang='lat' dir='ltr'><strong>re-</strong></span> 
     </span>
    </p>
   </div>
   <div class='ocr_carea' id='block_1_96' title="bbox 585 5041 2164 5121">
    <p class='ocr_par' dir='ltr' id='par_1_96' title="bbox 585 5041 2164 5121">
     <span class='ocr_line' id='line_1_96' title="bbox 585 5041 2164 5121; baseline 0.004 -26"><span class='ocrx_word' id='word_1_766' title='bbox 585 5041 814 5108; x_wconf 80' lang='lat' dir='ltr'><strong>ensaret,</strong></span> <span class='ocrx_word' id='word_1_767' title='bbox 845 5044 934 5112; x_wconf 90' lang='lat' dir='ltr'><strong>qui</strong></span> <span class='ocrx_word' id='word_1_768' title='bbox 964 5042 1378 5121; x_wconf 71' lang='lat' dir='ltr'><strong>Redemptor-em</strong></span> <span class='ocrx_word' id='word_1_769' title='bbox 1410 5044 1591 5099; x_wconf 91' lang='lat' dir='ltr'><strong>mundi</strong></span> <span class='ocrx_word' id='word_1_770' title='bbox 1632 5045 1900 5101; x_wconf 88' lang='lat' dir='ltr'><strong>clavorum</strong></span> <span class='ocrx_word' id='word_1_771' title='bbox 1942 5047 2164 5114; x_wconf 86' lang='lat' dir='ltr'><strong>vestigia</strong></span> 
     </span>
    </p>
   </div>
   <div class='ocr_carea' id='block_1_97' title="bbox 575 5133 2163 5206">
    <p class='ocr_par' dir='ltr' id='par_1_97' title="bbox 575 5133 2163 5206">
     <span class='ocr_line' id='line_1_97' title="bbox 575 5133 2163 5206; baseline 0.003 -20"><span class='ocrx_word' id='word_1_772' title='bbox 575 5141 828 5206; x_wconf 84' lang='lat' dir='ltr'><strong>portasse</strong></span> <span class='ocrx_word' id='word_1_773' title='bbox 856 5149 1036 5189; x_wconf 91' lang='lat' dir='ltr'><strong>secum</strong></span> <span class='ocrx_word' id='word_1_774' title='bbox 1065 5135 1269 5190; x_wconf 80' lang='lat' dir='ltr'><strong>sciebat</strong></span> <span class='ocrx_word' id='word_1_775' title='bbox 1295 5134 1361 5189; x_wconf 68' lang='lat' dir='ltr'><strong>an</strong></span> <span class='ocrx_word' id='word_1_776' title='bbox 1391 5133 1642 5191; x_wconf 75' lang='lat' dir='ltr'><strong>Patrem?</strong></span> <span class='ocrx_word' id='word_1_777' title='bbox 1670 5135 1762 5191; x_wconf 92' lang='lat' dir='ltr'><strong>llle</strong></span> <span class='ocrx_word' id='word_1_778' title='bbox 1793 5151 1892 5206; x_wconf 88' lang='lat' dir='ltr'><strong>pro</strong></span> <span class='ocrx_word' id='word_1_779' title='bbox 1921 5151 2017 5191; x_wconf 91' lang='lat' dir='ltr'><strong>suo</strong></span> <span class='ocrx_word' id='word_1_780' title='bbox 2055 5136 2163 5191; x_wconf 88' lang='lat' dir='ltr'><strong>Do-</strong></span> 
     </span>
    </p>
   </div>
   <div class='ocr_carea' id='block_1_98' title="bbox 583 5211 2161 5297">
    <p class='ocr_par' dir='ltr' id='par_1_98' title="bbox 583 5211 2161 5297">
     <span class='ocr_line' id='line_1_98' title="bbox 583 5211 2161 5297; baseline 0.003 -19"><span class='ocrx_word' id='word_1_781' title='bbox 583 5225 731 5279; x_wconf 88' lang='lat' dir='ltr'><strong>mino</strong></span> <span class='ocrx_word' id='word_1_782' title='bbox 759 5223 962 5280; x_wconf 89' lang='lat' dir='ltr'><strong>obitum</strong></span> <span class='ocrx_word' id='word_1_783' title='bbox 989 5211 1322 5291; x_wconf 75' lang='lat' dir='ltr'><strong>formidaret,</strong></span> <span class='ocrx_word' id='word_1_784' title='bbox 1347 5225 1430 5281; x_wconf 89' lang='lat' dir='ltr'><strong>cui</strong></span> <span class='ocrx_word' id='word_1_785' title='bbox 1454 5227 1566 5297; x_wconf 81' lang='lat' dir='ltr'><strong>ipse</strong></span> <span class='ocrx_word' id='word_1_786' title='bbox 1585 5227 1709 5280; x_wconf 72' lang='lat' dir='ltr'><strong>vita:</strong></span> <span class='ocrx_word' id='word_1_787' title='bbox 1730 5236 1917 5281; x_wconf 87' lang='lat' dir='ltr'><strong>auctor</strong></span> <span class='ocrx_word' id='word_1_788' title='bbox 1937 5235 1992 5281; x_wconf 87' lang='lat' dir='ltr'><strong>et</strong></span> <span class='ocrx_word' id='word_1_789' title='bbox 2014 5229 2161 5282; x_wconf 76' lang='lat' dir='ltr'><strong>mor-</strong></span> 
     </span>
    </p>
   </div>
   <div class='ocr_carea' id='block_1_99' title="bbox 523 5313 2165 5390">
    <p class='ocr_par' dir='ltr' id='par_1_99' title="bbox 523 5313 2165 5390">
     <span class='ocr_line' id='line_1_99' title="bbox 523 5313 2165 5390; baseline 0 -18"><span class='ocrx_word' id='word_1_790' title='bbox 523 5370 526 5372; x_wconf 80' lang='lat'><strong>.</strong></span> <span class='ocrx_word' id='word_1_791' title='bbox 584 5325 713 5383; x_wconf 87' lang='lat' dir='ltr'><strong>tem,</strong></span> <span class='ocrx_word' id='word_1_792' title='bbox 738 5328 791 5372; x_wconf 90' lang='lat' dir='ltr'><strong>et</strong></span> <span class='ocrx_word' id='word_1_793' title='bbox 811 5317 975 5387; x_wconf 88' lang='lat' dir='ltr'><strong>genus</strong></span> <span class='ocrx_word' id='word_1_794' title='bbox 995 5313 1182 5373; x_wconf 77' lang='lat' dir='ltr'><strong>mortis</strong></span> <span class='ocrx_word' id='word_1_795' title='bbox 1202 5319 1548 5389; x_wconf 74' lang='lat' dir='ltr'><strong>pr’aescientia:</strong></span> <span class='ocrx_word' id='word_1_796' title='bbox 1569 5333 1678 5374; x_wconf 69' lang='lat' dir='ltr'><strong>sum</strong></span> <span class='ocrx_word' id='word_1_797' title='bbox 1699 5328 1792 5374; x_wconf 81' lang='lat' dir='ltr'><strong>Ore</strong></span> <span class='ocrx_word' id='word_1_798' title='bbox 1814 5318 2165 5390; x_wconf 69' lang='lat' dir='ltr'><strong>pucdixerat?</strong></span> 
     </span>
    </p>
   </div>
   <div class='ocr_carea' id='block_1_100' title="bbox 585 5407 2163 5483">
    <p class='ocr_par' dir='ltr' id='par_1_100' title="bbox 585 5407 2163 5483">
     <span class='ocr_line' id='line_1_100' title="bbox 585 5407 2163 5483; baseline 0 -18"><span class='ocrx_word' id='word_1_799' title='bbox 585 5411 657 5465; x_wconf 87' lang='lat' dir='ltr'><strong>ita</strong></span> <span class='ocrx_word' id='word_1_800' title='bbox 689 5407 868 5466; x_wconf 89' lang='lat' dir='ltr'><strong>dicens</strong></span> <span class='ocrx_word' id='word_1_801' title='bbox 895 5431 904 5464; x_wconf 94' lang='lat'>:</span> <span class='ocrx_word' id='word_1_802' title='bbox 940 5410 1065 5465; x_wconf 83' lang='lat' dir='ltr'><strong>Cum</strong></span> <span class='ocrx_word' id='word_1_803' title='bbox 1094 5428 1227 5466; x_wconf 76' lang='lat' dir='ltr'><strong>esses</strong></span> <span class='ocrx_word' id='word_1_804' title='bbox 1249 5413 1430 5483; x_wconf 84' lang='lat' dir='ltr'><strong>junior</strong></span> <span class='ocrx_word' id='word_1_805' title='bbox 1459 5413 1698 5483; x_wconf 83' lang='lat' dir='ltr'><strong>cingebas</strong></span> <span class='ocrx_word' id='word_1_806' title='bbox 1733 5421 1802 5479; x_wconf 87' lang='lat' dir='ltr'><strong>te,</strong></span> <span class='ocrx_word' id='word_1_807' title='bbox 1833 5421 1881 5466; x_wconf 87' lang='lat' dir='ltr'><strong>et</strong></span> <span class='ocrx_word' id='word_1_808' title='bbox 1920 5410 2030 5465; x_wconf 79' lang='lat' dir='ltr'><strong>ibas</strong></span> <span class='ocrx_word' id='word_1_809' title='bbox 2065 5421 2163 5482; x_wconf 82' lang='lat' dir='ltr'><strong>quo</strong></span> 
     </span>
    </p>
   </div>
   <div class='ocr_carea' id='block_1_101' title="bbox 582 5504 2162 5572">
    <p class='ocr_par' dir='ltr' id='par_1_101' title="bbox 582 5504 2162 5572">
     <span class='ocr_line' id='line_1_101' title="bbox 582 5504 2162 5572; baseline -0.003 -12"><span class='ocrx_word' id='word_1_810' title='bbox 582 5504 814 5566; x_wconf 68' lang='lat' dir='ltr'><strong>volebas;</strong></span> <span class='ocrx_word' id='word_1_811' title='bbox 839 5521 950 5560; x_wconf 82' lang='lat' dir='ltr'><strong>cum</strong></span> <span class='ocrx_word' id='word_1_812' title='bbox 973 5517 1142 5561; x_wconf 78' lang='lat' dir='ltr'><strong>autem</strong></span> <span class='ocrx_word' id='word_1_813' title='bbox 1168 5507 1417 5572; x_wconf 70' lang='lat' dir='ltr'><strong>senueris,</strong></span> <span class='ocrx_word' id='word_1_814' title='bbox 1442 5506 1574 5561; x_wconf 85' lang='lat' dir='ltr'><strong>alius</strong></span> <span class='ocrx_word' id='word_1_815' title='bbox 1604 5515 1650 5559; x_wconf 89' lang='lat' dir='ltr'><strong>te</strong></span> <span class='ocrx_word' id='word_1_816' title='bbox 1668 5506 1964 5571; x_wconf 72' lang='lat' dir='ltr'><strong>m&#39;wcitrget,</strong></span> <span class='ocrx_word' id='word_1_817' title='bbox 1996 5514 2043 5558; x_wconf 87' lang='lat' dir='ltr'><strong>et</strong></span> <span class='ocrx_word' id='word_1_818' title='bbox 2065 5505 2162 5557; x_wconf 80' lang='lat' dir='ltr'><strong>du-</strong></span> 
     </span>
    </p>
   </div>
   <div class='ocr_carea' id='block_1_102' title="bbox 2268 4675 3824 4748">
    <p class='ocr_par' dir='ltr' id='par_1_102' title="bbox 2268 4675 3824 4748">
     <span class='ocr_line' id='line_1_102' title="bbox 2268 4675 3824 4748; baseline -0.006 -15"><span class='ocrx_word' id='word_1_819' title='bbox 2268 4679 2435 4734; x_wconf 90' lang='lat' dir='ltr'><strong>nolite</strong></span> <span class='ocrx_word' id='word_1_820' title='bbox 2475 4677 2672 4733; x_wconf 88' lang='lat' dir='ltr'><strong>cedere</strong></span> <span class='ocrx_word' id='word_1_821' title='bbox 2712 4678 3086 4748; x_wconf 87' lang='lat' dir='ltr'><strong>persequenti;</strong></span> <span class='ocrx_word' id='word_1_822' title='bbox 3114 4677 3238 4731; x_wconf 87' lang='lat' dir='ltr'><strong>volo</strong></span> <span class='ocrx_word' id='word_1_823' title='bbox 3288 4675 3430 4730; x_wconf 91' lang='lat' dir='ltr'><strong>enim</strong></span> <span class='ocrx_word' id='word_1_824' title='bbox 3473 4688 3661 4728; x_wconf 86' lang='lat' dir='ltr'><strong>servos</strong></span> <span class='ocrx_word' id='word_1_825' title='bbox 3696 4683 3824 4725; x_wconf 85' lang='lat' dir='ltr'><strong>meos</strong></span> 
     </span>
    </p>
   </div>
   <div class='ocr_carea' id='block_1_103' title="bbox 2269 4764 3823 4844">
    <p class='ocr_par' dir='ltr' id='par_1_103' title="bbox 2269 4764 3823 4844">
     <span class='ocr_line' id='line_1_103' title="bbox 2269 4764 3823 4844; baseline -0.006 -18"><span class='ocrx_word' id='word_1_826' title='bbox 2269 4779 2498 4826; x_wconf 89' lang='lat' dir='ltr'><strong>mortem</strong></span> <span class='ocrx_word' id='word_1_827' title='bbox 2526 4785 2623 4826; x_wconf 90' lang='lat' dir='ltr'><strong>nec</strong></span> <span class='ocrx_word' id='word_1_828' title='bbox 2653 4777 2985 4839; x_wconf 84' lang='lat' dir='ltr'><strong>exspectare,</strong></span> <span class='ocrx_word' id='word_1_829' title='bbox 3015 4784 3113 4824; x_wconf 91' lang='lat' dir='ltr'><strong>nec</strong></span> <span class='ocrx_word' id='word_1_830' title='bbox 3147 4769 3357 4844; x_wconf 49' lang='lat' dir='ltr'><strong>tinyre,</strong></span> <span class='ocrx_word' id='word_1_831' title='bbox 3386 4773 3650 4843; x_wconf 89' lang='lat' dir='ltr'><strong>quatenus</strong></span> <span class='ocrx_word' id='word_1_832' title='bbox 3675 4764 3823 4818; x_wconf 86' lang='lat' dir='ltr'><strong>inesse</strong></span> 
     </span>
    </p>
   </div>
   <div class='ocr_carea' id='block_1_104' title="bbox 2268 4859 3823 4933">
    <p class='ocr_par' dir='ltr' id='par_1_104' title="bbox 2268 4859 3823 4933">
     <span class='ocr_line' id='line_1_104' title="bbox 2268 4859 3823 4933; baseline -0.006 -17"><span class='ocrx_word' id='word_1_833' title='bbox 2268 4863 2421 4918; x_wconf 88' lang='lat' dir='ltr'><strong>vobis</strong></span> <span class='ocrx_word' id='word_1_834' title='bbox 2449 4862 2784 4933; x_wconf 89' lang='lat' dir='ltr'><strong>sapientiam,</strong></span> <span class='ocrx_word' id='word_1_835' title='bbox 2809 4877 2907 4917; x_wconf 88' lang='lat' dir='ltr'><strong>nec</strong></span> <span class='ocrx_word' id='word_1_836' title='bbox 2929 4861 3117 4916; x_wconf 89' lang='lat' dir='ltr'><strong>deesse</strong></span> <span class='ocrx_word' id='word_1_837' title='bbox 3139 4860 3295 4914; x_wconf 77' lang='lat' dir='ltr'><strong>ﬁdum</strong></span> <span class='ocrx_word' id='word_1_838' title='bbox 3323 4859 3519 4914; x_wconf 88' lang='lat' dir='ltr'><strong>stultus</strong></span> <span class='ocrx_word' id='word_1_839' title='bbox 3539 4864 3823 4928; x_wconf 81' lang='lat' dir='ltr'><strong>persecutor</strong></span> 
     </span>
    </p>
   </div>
   <div class='ocr_carea' id='block_1_105' title="bbox 2274 4949 3822 5023">
    <p class='ocr_par' dir='ltr' id='par_1_105' title="bbox 2274 4949 3822 5023">
     <span class='ocr_line' id='line_1_105' title="bbox 2274 4949 3822 5023; baseline -0.008 -14"><span class='ocrx_word' id='word_1_840' title='bbox 2274 4963 2563 5023; x_wconf 89' lang='lat' dir='ltr'><strong>agnoscat;</strong></span> <span class='ocrx_word' id='word_1_841' title='bbox 2594 4953 2717 5023; x_wconf 90' lang='lat' dir='ltr'><strong>quia</strong></span> <span class='ocrx_word' id='word_1_842' title='bbox 2748 4961 2974 5006; x_wconf 90' lang='lat' dir='ltr'><strong>mortem</strong></span> <span class='ocrx_word' id='word_1_843' title='bbox 3012 4968 3118 5006; x_wconf 91' lang='lat' dir='ltr'><strong>non</strong></span> <span class='ocrx_word' id='word_1_844' title='bbox 3162 4951 3351 5016; x_wconf 88' lang='lat' dir='ltr'><strong>vitare,</strong></span> <span class='ocrx_word' id='word_1_845' title='bbox 3384 4964 3506 5023; x_wconf 77' lang='lat' dir='ltr'><strong>cum</strong></span> <span class='ocrx_word' id='word_1_846' title='bbox 3537 4949 3724 5019; x_wconf 89' lang='lat' dir='ltr'><strong>possis,</strong></span> <span class='ocrx_word' id='word_1_847' title='bbox 3754 4955 3822 4998; x_wconf 88' lang='lat' dir='ltr'><strong>te-</strong></span> 
     </span>
    </p>
   </div>
   <div class='ocr_carea' id='block_1_106' title="bbox 2271 5039 3824 5114">
    <p class='ocr_par' dir='ltr' id='par_1_106' title="bbox 2271 5039 3824 5114">
     <span class='ocr_line' id='line_1_106' title="bbox 2271 5039 3824 5114; baseline -0.005 -14"><span class='ocrx_word' id='word_1_848' title='bbox 2271 5046 2533 5100; x_wconf 89' lang='lat' dir='ltr'><strong>meritatis</strong></span> <span class='ocrx_word' id='word_1_849' title='bbox 2571 5054 2651 5101; x_wconf 85' lang='lat' dir='ltr'><strong>est</strong></span> <span class='ocrx_word' id='word_1_850' title='bbox 2698 5045 2904 5110; x_wconf 88' lang='lat' dir='ltr'><strong>vitium,</strong></span> <span class='ocrx_word' id='word_1_851' title='bbox 2949 5044 3226 5114; x_wconf 88' lang='lat' dir='ltr'><strong>perimenti</strong></span> <span class='ocrx_word' id='word_1_852' title='bbox 3275 5051 3453 5097; x_wconf 88' lang='lat' dir='ltr'><strong>autem</strong></span> <span class='ocrx_word' id='word_1_853' title='bbox 3501 5057 3612 5096; x_wconf 92' lang='lat' dir='ltr'><strong>non</strong></span> <span class='ocrx_word' id='word_1_854' title='bbox 3662 5039 3824 5096; x_wconf 75' lang='lat' dir='ltr'><strong>cedem</strong></span> 
     </span>
    </p>
   </div>
   <div class='ocr_carea' id='block_1_107' title="bbox 2241 5130 3823 5199">
    <p class='ocr_par' dir='ltr' id='par_1_107' title="bbox 2241 5130 3823 5199">
     <span class='ocr_line' id='line_1_107' title="bbox 2241 5130 3823 5199; baseline -0.004 -7"><span class='ocrx_word' id='word_1_855' title='bbox 2241 5136 2526 5192; x_wconf 78' lang='lat' dir='ltr'><strong>fortitudo</strong></span> <span class='ocrx_word' id='word_1_856' title='bbox 2557 5136 2820 5192; x_wconf 87' lang='lat' dir='ltr'><strong>credentis</strong></span> <span class='ocrx_word' id='word_1_857' title='bbox 2850 5145 2948 5191; x_wconf 90' lang='lat' dir='ltr'><strong>est.</strong></span> <span class='ocrx_word' id='word_1_858' title='bbox 2982 5135 3151 5190; x_wconf 87' lang='lat' dir='ltr'><strong>Habet</strong></span> <span class='ocrx_word' id='word_1_859' title='bbox 3189 5137 3290 5189; x_wconf 89' lang='lat' dir='ltr'><strong>hoc</strong></span> <span class='ocrx_word' id='word_1_860' title='bbox 3328 5133 3484 5199; x_wconf 91' lang='lat' dir='ltr'><strong>ratio,</strong></span> <span class='ocrx_word' id='word_1_861' title='bbox 3516 5143 3571 5188; x_wconf 91' lang='lat' dir='ltr'><strong>et</strong></span> <span class='ocrx_word' id='word_1_862' title='bbox 3595 5135 3754 5187; x_wconf 88' lang='lat' dir='ltr'><strong>virtus</strong></span> <span class='ocrx_word' id='word_1_863' title='bbox 3779 5130 3823 5180; x_wconf 85' lang='lat' dir='ltr'><strong>li-</strong></span> 
     </span>
    </p>
   </div>
   <div class='ocr_carea' id='block_1_108' title="bbox 2273 5225 3823 5295">
    <p class='ocr_par' dir='ltr' id='par_1_108' title="bbox 2273 5225 3823 5295">
     <span class='ocr_line' id='line_1_108' title="bbox 2273 5225 3823 5295; baseline -0.005 -12"><span class='ocrx_word' id='word_1_864' title='bbox 2273 5229 2357 5284; x_wconf 90' lang='lat' dir='ltr'><strong>dei</strong></span> <span class='ocrx_word' id='word_1_865' title='bbox 2384 5237 2598 5295; x_wconf 73' lang='lat' dir='ltr'><strong>nostrzc,</strong></span> <span class='ocrx_word' id='word_1_866' title='bbox 2642 5237 2699 5283; x_wconf 92' lang='lat' dir='ltr'><strong>ut</strong></span> <span class='ocrx_word' id='word_1_867' title='bbox 2732 5229 2783 5282; x_wconf 90' lang='lat' dir='ltr'><strong>in</strong></span> <span class='ocrx_word' id='word_1_868' title='bbox 2813 5228 3149 5285; x_wconf 76' lang='lat' dir='ltr'><strong>confessibne</strong></span> <span class='ocrx_word' id='word_1_869' title='bbox 3177 5225 3461 5282; x_wconf 88' lang='lat' dir='ltr'><strong>Christiani</strong></span> <span class='ocrx_word' id='word_1_870' title='bbox 3492 5226 3721 5281; x_wconf 91' lang='lat' dir='ltr'><strong>nominis</strong></span> <span class='ocrx_word' id='word_1_871' title='bbox 3747 5237 3823 5277; x_wconf 89' lang='lat' dir='ltr'><strong>nec</strong></span> 
     </span>
    </p>
   </div>
   <div class='ocr_carea' id='block_1_109' title="bbox 2270 5317 3864 5389">
    <p class='ocr_par' dir='ltr' id='par_1_109' title="bbox 2270 5317 3864 5389">
     <span class='ocr_line' id='line_1_109' title="bbox 2270 5317 3864 5389; baseline -0.006 -15"><span class='ocrx_word' id='word_1_872' title='bbox 2270 5329 2514 5389; x_wconf 88' lang='lat' dir='ltr'><strong>optemus</strong></span> <span class='ocrx_word' id='word_1_873' title='bbox 2553 5329 2801 5384; x_wconf 88' lang='lat' dir='ltr'><strong>mortem,</strong></span> <span class='ocrx_word' id='word_1_874' title='bbox 2837 5336 2935 5375; x_wconf 90' lang='lat' dir='ltr'><strong>nec</strong></span> <span class='ocrx_word' id='word_1_875' title='bbox 2961 5320 3241 5374; x_wconf 90' lang='lat' dir='ltr'><strong>timeamus</strong></span> <span class='ocrx_word' id='word_1_876' title='bbox 3287 5317 3476 5374; x_wconf 91' lang='lat' dir='ltr'><strong>occidi.</strong></span> <span class='ocrx_word' id='word_1_877' title='bbox 3508 5317 3599 5373; x_wconf 88' lang='lat' dir='ltr'><strong>Sic</strong></span> <span class='ocrx_word' id='word_1_878' title='bbox 3626 5318 3727 5382; x_wconf 88' lang='lat' dir='ltr'><strong>ille,</strong></span> <span class='ocrx_word' id='word_1_879' title='bbox 3753 5329 3822 5366; x_wconf 83' lang='lat' dir='ltr'><strong>vas</strong></span> <span class='ocrx_word' id='word_1_880' title='bbox 3855 5323 3864 5336; x_wconf 78' lang='lat'><strong>‘</strong></span> 
     </span>
    </p>
   </div>
   <div class='ocr_carea' id='block_1_110' title="bbox 2269 5405 3824 5486">
    <p class='ocr_par' dir='ltr' id='par_1_110' title="bbox 2269 5405 3824 5486">
     <span class='ocr_line' id='line_1_110' title="bbox 2269 5405 3824 5486; baseline -0.005 -18"><span class='ocrx_word' id='word_1_881' title='bbox 2269 5413 2565 5484; x_wconf 89' lang='lat' dir='ltr'><strong>electionis,</strong></span> <span class='ocrx_word' id='word_1_882' title='bbox 2595 5413 3006 5482; x_wconf 85' lang='lat' dir='ltr'><strong>gloriosissimus</strong></span> <span class='ocrx_word' id='word_1_883' title='bbox 3048 5411 3259 5477; x_wconf 88' lang='lat' dir='ltr'><strong>Paulus,</strong></span> <span class='ocrx_word' id='word_1_884' title='bbox 3295 5421 3363 5466; x_wconf 89' lang='lat' dir='ltr'><strong>ne</strong></span> <span class='ocrx_word' id='word_1_885' title='bbox 3383 5427 3422 5486; x_wconf 87' lang='lat' dir='ltr'><strong>_a</strong></span> <span class='ocrx_word' id='word_1_886' title='bbox 3447 5410 3727 5478; x_wconf 86' lang='lat' dir='ltr'><strong>gentilibus</strong></span> <span class='ocrx_word' id='word_1_887' title='bbox 3758 5405 3824 5460; x_wconf 82' lang='lat' dir='ltr'><strong>vel</strong></span> 
     </span>
    </p>
   </div>
   <div class='ocr_carea' id='block_1_111' title="bbox 2266 5501 3824 5572">
    <p class='ocr_par' dir='ltr' id='par_1_111' title="bbox 2266 5501 3824 5572">
     <span class='ocr_line' id='line_1_111' title="bbox 2266 5501 3824 5572; baseline -0.004 -14"><span class='ocrx_word' id='word_1_888' title='bbox 2266 5503 2429 5572; x_wconf 80' lang='lat' dir='ltr'><strong>virgis</strong></span> <span class='ocrx_word' id='word_1_889' title='bbox 2457 5506 2834 5570; x_wconf 89' lang='lat' dir='ltr'><strong>macularetur,</strong></span> <span class='ocrx_word' id='word_1_890' title='bbox 2865 5505 3128 5560; x_wconf 88' lang='lat' dir='ltr'><strong>clamabat</strong></span> <span class='ocrx_word' id='word_1_891' title='bbox 3168 5504 3338 5559; x_wconf 88' lang='lat' dir='ltr'><strong>civem</strong></span> <span class='ocrx_word' id='word_1_892' title='bbox 3385 5517 3442 5558; x_wconf 88' lang='lat' dir='ltr'><strong>se</strong></span> <span class='ocrx_word' id='word_1_893' title='bbox 3481 5517 3602 5559; x_wconf 86' lang='lat' dir='ltr'><strong>esse</strong></span> <span class='ocrx_word' id='word_1_894' title='bbox 3652 5501 3824 5556; x_wconf 82' lang='lat' dir='ltr'><strong>Roma-</strong></span> 
     </span>
    </p>
   </div>
   <div class='ocr_carea' id='block_1_112' title="bbox 659 5634 3825 5712">
    <p class='ocr_par' dir='ltr' id='par_1_112' title="bbox 659 5634 3825 5712">
     <span class='ocr_line' id='line_1_112' title="bbox 659 5634 3825 5712; baseline -0.001 -19"><span class='ocrx_word' id='word_1_895' title='bbox 659 5649 681 5676; x_wconf 78' lang='grc' dir='ltr'>α</span> <span class='ocrx_word' id='word_1_896' title='bbox 713 5639 843 5694; x_wconf 92' lang='lat' dir='ltr'><strong>Cod.</strong></span> <span class='ocrx_word' id='word_1_897' title='bbox 896 5640 1142 5700; x_wconf 84' lang='lat' dir='ltr'><strong>Ambros.</strong></span> <span class='ocrx_word' id='word_1_898' title='bbox 1192 5646 1518 5708; x_wconf 80' lang='lat' dir='ltr'><strong>recognitus,</strong></span> <span class='ocrx_word' id='word_1_899' title='bbox 1565 5639 1750 5710; x_wconf 60' lang='lat' dir='ltr'><strong>(mare:</strong></span> <span class='ocrx_word' id='word_1_900' title='bbox 1787 5641 1908 5708; x_wconf 80' lang='lat' dir='ltr'><strong>quia</strong></span> <span class='ocrx_word' id='word_1_901' title='bbox 1945 5646 2195 5712; x_wconf 66' lang='lat' dir='ltr'><strong>potestas</strong></span> <span class='ocrx_word' id='word_1_902' title='bbox 2277 5639 2445 5712; x_wconf 74' lang='lat' dir='ltr'><strong>dicere</strong></span> <span class='ocrx_word' id='word_1_903' title='bbox 2487 5640 2749 5712; x_wconf 81' lang='lat' dir='ltr'><strong>Domino:</strong></span> <span class='ocrx_word' id='word_1_904' title='bbox 2776 5641 3018 5712; x_wconf 71' lang='lat' dir='ltr'><strong>Animam</strong></span> <span class='ocrx_word' id='word_1_905' title='bbox 3057 5655 3222 5712; x_wconf 71' lang='lat' dir='ltr'><strong>meam</strong></span> <span class='ocrx_word' id='word_1_906' title='bbox 3263 5653 3453 5712; x_wconf 77' lang='lat' dir='ltr'><strong>ponam</strong></span> <span class='ocrx_word' id='word_1_907' title='bbox 3491 5655 3586 5707; x_wconf 75' lang='lat' dir='ltr'><strong>pro</strong></span> <span class='ocrx_word' id='word_1_908' title='bbox 3633 5634 3706 5702; x_wconf 50' lang='lat' dir='ltr'><strong>te;</strong></span> <span class='ocrx_word' id='word_1_909' title='bbox 3743 5651 3825 5691; x_wconf 81' lang='lat' dir='ltr'><strong>mm</strong></span> 
     </span>
    </p>
   </div>
   <div class='ocr_carea' id='block_1_113' title="bbox 585 5706 3604 5781">
    <p class='ocr_par' dir='ltr' id='par_1_113' title="bbox 585 5706 3604 5781">
     <span class='ocr_line' id='line_1_113' title="bbox 585 5706 3604 5781; baseline 0.001 -17"><span class='ocrx_word' id='word_1_910' title='bbox 585 5711 631 5764; x_wconf 82' lang='lat' dir='ltr'><strong>ei</strong></span> <span class='ocrx_word' id='word_1_911' title='bbox 661 5718 751 5781; x_wconf 61' lang='lat' dir='ltr'><strong>est,</strong></span> <span class='ocrx_word' id='word_1_912' title='bbox 779 5719 902 5781; x_wconf 68' lang='lat' dir='ltr'><strong>etc.</strong></span> <span class='ocrx_word' id='word_1_913' title='bbox 983 5778 991 5781; x_wconf 92' lang='lat'>_</span> <span class='ocrx_word' id='word_1_914' title='bbox 1089 5779 1092 5781; x_wconf 12' lang='grc' dir='ltr'><strong>Α</strong></span> <span class='ocrx_word' id='word_1_915' title='bbox 1191 5777 1223 5781; x_wconf 22' lang='grc' dir='ltr'><strong>Δ,</strong></span> <span class='ocrx_word' id='word_1_916' title='bbox 1331 5706 1345 5708; x_wconf 55' lang='grc'>⁷</span> <span class='ocrx_word' id='word_1_917' title='bbox 1571 5706 1586 5781; x_wconf 52' lang='grc' dir='ltr'><em>ξ</em></span> <span class='ocrx_word' id='word_1_918' title='bbox 1800 5706 1807 5708; x_wconf 57' lang='grc'><strong><em>“</em></strong></span> <span class='ocrx_word' id='word_1_919' title='bbox 1925 5706 1950 5781; x_wconf 77' lang='grc' dir='ltr'><strong><em>ς</em></strong></span> <span class='ocrx_word' id='word_1_920' title='bbox 1992 5777 2019 5781; x_wconf 29' lang='grc' dir='ltr'><strong>Α</strong></span> <span class='ocrx_word' id='word_1_921' title='bbox 2190 5706 2207 5744; x_wconf 56' lang='grc' dir='ltr'><strong>’κ</strong></span> <span class='ocrx_word' id='word_1_922' title='bbox 2275 5711 2423 5780; x_wconf 79' lang='lat' dir='ltr'><strong>longe</strong></span> <span class='ocrx_word' id='word_1_923' title='bbox 2443 5709 2557 5780; x_wconf 83' lang='lat' dir='ltr'><strong>post</strong></span> <span class='ocrx_word' id='word_1_924' title='bbox 2587 5711 2769 5781; x_wconf 71' lang='lat' dir='ltr'><strong>puella:</strong></span> <span class='ocrx_word' id='word_1_925' title='bbox 2797 5707 3196 5781; x_wconf 81' lang='lat' dir='ltr'><strong>interrogatione</strong></span> <span class='ocrx_word' id='word_1_926' title='bbox 3220 5706 3604 5776; x_wconf 73' lang='lat' dir='ltr'><strong>turbatus,et:.</strong></span> 
     </span>
    </p>
   </div>
   <div class='ocr_carea' id='block_1_114' title="bbox 660 5777 2629 5844">
    <p class='ocr_par' dir='ltr' id='par_1_114' title="bbox 660 5777 2629 5844">
     <span class='ocr_line' id='line_1_114' title="bbox 660 5777 2629 5844; baseline 0.001 -13"><span class='ocrx_word' id='word_1_927' title='bbox 660 5779 683 5816; x_wconf 70' lang='grc' dir='ltr'><strong>ιι</strong></span> <span class='ocrx_word' id='word_1_928' title='bbox 713 5778 844 5833; x_wconf 86' lang='lat' dir='ltr'><strong>Cod.</strong></span> <span class='ocrx_word' id='word_1_929' title='bbox 877 5778 1148 5842; x_wconf 58' lang='lat' dir='ltr'><strong>Ambros,</strong></span> <span class='ocrx_word' id='word_1_930' title='bbox 1182 5777 1381 5834; x_wconf 74' lang='lat' dir='ltr'><strong>Deinde</strong></span> <span class='ocrx_word' id='word_1_931' title='bbox 1405 5779 1610 5844; x_wconf 68' lang='lat' dir='ltr'><strong>quando</strong></span> <span class='ocrx_word' id='word_1_932' title='bbox 1625 5780 1955 5844; x_wconf 78' lang='lat' dir='ltr'><strong>prwsumpsit</strong></span> <span class='ocrx_word' id='word_1_933' title='bbox 1983 5777 2166 5833; x_wconf 79' lang='lat' dir='ltr'><strong>Petrus</strong></span> <span class='ocrx_word' id='word_1_934' title='bbox 2365 5777 2379 5780; x_wconf 66' lang='grc'>⁷</span> <span class='ocrx_word' id='word_1_935' title='bbox 2443 5777 2450 5780; x_wconf 73' lang='grc'><em>’</em></span> <span class='ocrx_word' id='word_1_936' title='bbox 2587 5777 2629 5793; x_wconf 86' lang='grc'><em>”</em></span> 
     </span>
    </p>
   </div>
   <div class='ocr_carea' id='block_1_115' title="bbox 2201 5923 2278 5942">
    <p class='ocr_par' dir='ltr' id='par_1_115' title="bbox 2201 5923 2278 5942">
     <span class='ocr_line' id='line_1_115' title="bbox 2201 5923 2278 5942; baseline -0.013 0"><span class='ocrx_word' id='word_1_937' title='bbox 2201 5923 2278 5942; x_wconf 54' lang='grc' dir='ltr'><strong>Α..</strong></span> 
     </span>
    </p>
   </div>
  </div>
