4052 6330
244 343 344 405 3159

1605 337 1838 397 SERMO
1874 338 2095 398 LXVIII.

3407 345 3519 410 670

180 491 192 502 ο
251 478 389 528 num,
411 467 467 517 et
485 458 741 530 iniuriam
762 458 1004 528 corporis
1023 457 1107 515 sui
1130 456 1463 516 saecularium
1490 456 1666 527 legum
1693 473 1833 529 prm-
1865 463 1909 527 Α
1939 462 1993 512 et
2018 456 2083 512 de
2110 455 2334 511 muliere
2361 455 2633 514 divinante
2660 457 2817 516 Piton
2858 458 3104 531 probavit
3150 459 3370 530 eiectus.
3402 461 3509 518 Sed

252 552 532 625 scriptione
552 549 848 619 submovit,
876 558 1228 620 ereptumque
1266 563 1324 604 se
1368 545 1434 603 de
1476 548 1728 619 periculis
1767 564 1832 605 ac

252 643 511 699 mortibus
537 640 739 712 scripta
780 640 1134 699 exsultatione
1179 638 1460 709 gaudebat.
1493 628 1648 704 Quod
1689 637 1735 693 si
1774 647 1834 694 ut

253 735 493 811 curiosus
514 734 752 805 inquiras
772 718 870 789 cur
887 732 1169 803 privilegio
1193 731 1428 800 gentium
1442 745 1560 787 sese
1585 729 1834 787 tuebatur

253 823 555 895 Apostolus,
586 824 721 882 scito
749 824 852 879 hoc
871 822 1153 896 apostolici
1182 818 1342 878 fuisse
1369 821 1598 888 consilii,
1622 829 1681 876 ut
1709 821 1827 878 illos

252 918 340 991 qui
380 915 473 970 Dei
520 914 687 994 nostri
731 904 1090 985 reverentiam
1138 927 1245 967 non
1287 910 1571 981 habebant,
1602 910 1834 983 propriis

252 1022 432 1064 eorum
461 1006 669 1075 legibus
694 1000 911 1081 territos
934 1003 1252 1070 conlutaret,
1278 1019 1378 1059 nec
1398 1002 1519 1058 data
1547 1001 1650 1059 sibi
1668 1019 1698 1058 a
1720 1003 1833 1059 Do-

251 1098 394 1153 mino
422 1103 690 1166 potestate
717 1093 882 1150 voluit
911 1093 965 1149 in
994 1109 1089 1150 eos
1116 1108 1369 1149 exercere
1406 1092 1715 1164 vindictam,
1741 1094 1834 1166 qui

252 1204 307 1246 se
333 1178 553 1249 missum
583 1186 650 1242 ad
689 1178 914 1243 salutem
955 1192 1181 1242 noverat
1216 1193 1652 1257 persequentum.
1698 1185 1832 1241 Nam

244 1264 374 1347 quid
401 1279 574 1336 virtus
599 1277 769 1351 possit
795 1276 1027 1350 apostoli
1052 1278 1219 1334 sensit
1249 1291 1434 1347 magus
1463 1276 1553 1335 ille
1579 1288 1829 1353 caecatus,

1935 546 2112 603 tamen
2143 548 2233 604 ubi
2260 546 2659 617 dispensatione
2685 549 2953 607 dominica
2983 559 3191 623 tempus
3219 552 3267 607 ei
3295 553 3504 623 passio-

1935 639 2019 694 nis
2043 637 2280 705 advenit,
2304 638 2635 697 conﬁdenter
2661 641 2845 711 gentili
2868 640 3010 697 ferro
3032 640 3206 697 auena
3228 641 3364 697 colla
3387 626 3516 698 sub-

1929 727 2081 799 jecit,
2112 735 2166 784 et
2193 729 2284 813 qui
2324 727 2524 786 dudum
2550 734 2773 789 verbera
2809 731 3118 803 respuebat,
3146 730 3376 801 gladium
3409 748 3515 788 non

1935 818 2149 890 refugit.
2182 814 2306 877 llaec
2349 820 2492 876 enim
2534 831 2716 878 sancta
2745 816 3087 896 perfectaque
3114 822 3364 879 menshra
3402 840 3520 881 cre-

1937 912 2118 982 dendi,
2160 913 2273 971 haec
2320 912 2704 988 irreprehensa:
2749 902 3049 974 devotionis
3095 924 3177 973 est
3217 918 3419 981 sanitas
3464 917 3519 971 in

1929 998 2231 1076 certamine
2260 1005 2403 1073 lidei,
2430 1015 2484 1064 et
2511 1006 2656 1064 noll‘e
2684 1009 2839 1074 mori,
2870 1016 2925 1064 et
2944 1010 3210 1080 patienter
3238 1008 3520 1087 occumbe-

1936 1114 2016 1165 re,
2051 1099 2176 1169 quia
2214 1098 2358 1156 Deus
2398 1100 2581 1156 noster
2609 1114 2717 1155 non
2751 1109 2980 1167 mortem
3008 1109 3246 1157 nostram
3274 1098 3518 1172 requirit,

1934 1186 2028 1247 sed
2058 1180 2201 1247 illam
2224 1183 2460 1249 mentem
2486 1207 2647 1265 quam
2674 1207 2821 1248 mors
2848 1207 3102 1264 superare
3124 1210 3230 1252 non
3260 1194 3446 1267 possit.

1591 1330 1857 1435 suam)
1904 1330 2187 1439 Lva.

990 1473 1070 1530 De
1094 1475 1272 1530 eodem
1303 1475 1468 1533 natali
1495 1483 1790 1528 sanctorum
1827 1476 2178 1545 apostolorum
2213 1475 2359 1539 Petri
2393 1486 2442 1533 et
2466 1477 2622 1536 Pauli
2646 1478 2770 1541 ΙΙΙ.

1672 1566 2069 1629 ADMONITIO.

315 1655 820 1736 maeremus
846 1659 1155 1736 biegnae
1183 1667 1265 1716 est
1297 1661 1351 1715 in
1380 1658 1657 1736 culicibus
1686 1657 1956 1736 Vatisanis
1996 1660 2122 1731 539.
2154 1661 2309 1736 ξω,
2342 1664 2501 1732 4951.
2529 1672 2586 1725 ει
2616 1666 2832 1734 Resina:
2860 1662 2984 1736 555.
3018 1664 3317 1736 miniatus.
3339 1674 3515 1725 autem

315 1680 473 1731 θυῖε
504 1680 820 1733 rsuonyluus
850 1680 936 1714 mc
977 1680 1155 1715 sermo
1183 1680 1265 1716 ess
1297 1680 1351 1715 Ill
1380 1680 1657 1733 sumemus
1695 1680 1956 1717 vattcants
1996 1680 2122 1731 θον,
2154 1680 2309 1731 tua,
2342 1680 2501 1732 suo],
2529 1680 2586 1725 et
2616 1680 2832 1734 ntegrum
2860 1680 2964 1720 oon
3018 1680 3038 1719 ι
3138 1680 3311 1736 ruptus
3339 1680 3515 1725 autem

250 1737 429 1812 sancto
459 1724 915 1812 Ambrosioapud
944 1726 1230 1812 Gillotium
1250 1746 1395 1811 num.
1429 1727 1493 1782 67
1544 1728 1767 1812 legitur.
1794 1728 1905 1785 Nos
1932 1741 2122 1812 sancto
2154 1732 2386 1812 Maximo
2413 1735 2661 1812 eumdem
2689 1751 2807 1812 esse
2835 1680 3206 1812 ascribemm
3234 1732 3516 1812 volumus;

249 1795 389 1877 quod
420 1813 531 1877 non
561 1799 724 1877 modo
753 1795 1093 1877 inipracclaro
1117 1800 1471 1877 Ambrosiano
1501 1795 1689 1877 codice
1720 1799 1837 1877 ejus
1866 1811 2092 1877 ornatur
2119 1805 2358 1877 nomine,
2377 1806 2477 1877 sed
2501 1806 2661 1861 ctiam
2689 1804 2743 1877 in
2772 1804 3040 1863 veteribus
3069 1796 3229 1877 atque
3257 1795 3516 1877 praestari;

248 1865 463 1943 tissimjs
500 1865 1017 1943 codicibusduobus
1039 1870 1257 1943 Sancta;
1274 1870 1473 1943 Crucis
1502 1871 1557 1925 in
1584 1865 1885 1929 Jerusalem
1914 1869 1982 1925 90
2006 1882 2170 1927 serm.
2201 1873 2254 1939 2,
2288 1865 2439 1930 et'99
2460 1865 2734 1943 sermciil,
2768 1882 2824 1930 et
2851 1877 2906 1931 in
2938 1876 3065 1932 cod.
3096 1865 3232 1931 Bibl.
3260 1865 3389 1933 blim
3419 1874 3516 1933 Mi-

250 1953 365 2022 nor.
394 1936 661 2022 convent.
695 1940 746 1993 in
777 1939 1199 2022 Laurentianhtv
1220 1938 1365 2022 Plut.
1397 1956 1674 2022 aruaquo
1704 1943 1758 1996 in
1787 1950 2061 2012 postremo
2100 1936 2381 2017 inscriptio
2409 1955 2493 2004 est
2521 1936 2829 2017 huiusmodi

249 2006 402 2063 Petro
422 2020 472 2064 et
500 2010 675 2064 Paulo
707 2027 870 2065 sermo
895 2004 1060 2066 sancti
1088 2009 1308 2066 Maximi
1328 2004 1573 2082 episcopi.

2873 1966 2886 2001 :
2930 1946 3012 2003 De
3038 1948 3232 2005 sanctis
3274 1948 3519 2024 apostolis

249 2122 639 2204 Διίοεξηεῃιῖι.
668 2153 741 2204 :-
763 2124 847 2204 pe
875 2126 977 2180 t‘iso
999 2128 1140 2204 rasis
1163 2124 1303 2198 pleni
1330 2125 1745 2204 quadrupedibus
1765 2142 1826 2180 ac
1856 2133 1906 2195 Β
1931 2096 2157 2200 argento
2191 2149 2203 2185 :
2236 2139 2295 2188 ut
2320 2134 2414 2204 qui
2443 2143 2666 2204 propter
2681 2132 2953 2193 Christum
2989 2134 3195 2203 argenti
3224 2130 3460 2204 speciem
3489 2128 3517 2170 ἀ

316 2197 613 2251 volatilibus
661 2194 720 2250 S.
752 2195 913 2268 Petro
960 2194 1174 2261 oblato,
1201 2213 1298 2268 quo
1342 2194 1665 2268 diversarum
1708 2214 1829 2267 gen-

317 2270 440 2321 tium
467 2268 808 2338 congregatio
835 2267 1049 2322 collecta
1092 2268 1147 2321 in
1201 2265 1307 2321 una
1334 2265 1572 2321 Ecclesia
1610 2265 1825 2322 demon-

315 2344 531 2392 stratur.
1180 2354 1183 2357 λ

315 2490 558 2546 Natalem
582 2491 1014 2547 beatissimorum
1039 2493 1405 2563 apostolorum
1438 2491 1581 2549 Petri
1608 2496 1662 2550 et
1684 2494 1834 2551 Pauli

250 2580 403 2639 hodie
430 2580 792 2651 celebrantes,
826 2584 1017 2641 fratres
1058 2584 1345 2655 carissimi,
1389 2584 1616 2642 diversis
1657 2588 1831 2658 epulis

249 2688 345 2731 nos
372 2676 602 2732 reticere
629 2675 903 2742 debemus,
946 2686 1002 2733 et
1029 2685 1232 2733 tantam
1264 2677 1607 2735 festivitatem
1636 2695 1829 2750 magna

244 2780 359 2821 cum
388 2767 580 2822 lzetitia
615 2768 905 2824 celebrare.
941 2778 966 2808 ι
1000 2772 1015 2791 ⁸
1044 2770 1173 2837 Quis
1204 2771 1347 2826 enim
1374 2772 1561 2827 talium
1593 2773 1827 2829 virorum

238 2862 647 2919 solemniLatem
693 2879 802 2941 non
843 2866 1033 2934 magna
1074 2882 1195 2921 cum
1227 2864 1409 2921 lmtitia
1438 2867 1778 2923 celebraret?
1813 2869 1831 2890 '

240 2951 363 3020 Quis
384 2955 542 3010 enim
564 2955 620 3009 in
642 2954 826 3010 talium
844 2956 1082 3016 virorum
1104 2957 1447 3015 solemnitate
1471 2974 1577 3014 non
1608 2971 1832 3027 magnos

241 3045 338 3102 sibi
367 3046 632 3102 exhibeat
656 3056 965 3118 apparatus,
986 3057 1045 3105 ut
1072 3064 1179 3120 quo
1208 3049 1326 3120 plus
1347 3051 1681 3122 expenderit,
1712 3051 1833 3122 plus

246 3153 301 3196 se
348 3140 633 3212 apostolos
695 3155 877 3196 amare
922 3141 1248 3198 confirmet?
1297 3138 1676 3200 Verumtamen
1723 3159 1833 3201 non

247 3245 375 3301 opus
402 3242 496 3288 est
533 3221 757 3303 proprio
803 3241 1017 3303 sumptu
1057 3233 1124 3288 ad
1175 3224 1526 3291 refectionem
1567 3245 1826 3291 nostram.

246 3321 376 3380 Nam
401 3325 574 3381 natali
602 3340 701 3381 suo
730 3324 788 3379 S.
819 3323 1012 3381 Petrus
1039 3326 1154 3396 ipse
1182 3316 1281 3382 nos
1306 3327 1520 3393 reiicit;
1561 3336 1645 3384 est
1687 3329 1831 3384 enim

247 3416 495 3472 omnibus
516 3417 691 3488 copiis
718 3416 975 3473 refertum
1002 3432 1099 3472 vas
1128 3416 1265 3486 ejus,
1294 3418 1439 3488 quod
1481 3419 1555 3473 illi
1585 3419 1651 3475 de
1690 3420 1830 3476 mlo

1932 2223 2239 2288 refutasset,
2270 2239 2370 2295 per
2406 2224 2677 2281 Christum
2717 2226 2924 2295 argenti
2964 2226 3139 2281 nitore
3170 2235 3194 2263 ο
3234 2225 3515 2280 ditaretur.

1933 2312 2204 2372 Pransuro
2251 2315 2411 2384 igitur
2439 2314 2599 2371 Petro
2639 2316 2833 2372 deSuut
2876 2330 3173 2386 coquorum
3203 2324 3514 2387 apparatus,

1932 2406 2130 2462 desunt
2170 2407 2425 2477 obsequia
2464 2406 2819 2474 famulorum;
2849 2407 2945 2463 sed
2972 2406 3116 2477 quod
3154 2415 3239 2462 est
3276 2405 3296 2445 τ
3328 2407 3517 2462 melius

1932 2496 2231 2552 ministeria
2256 2497 2435 2555 divina
2466 2514 2572 2553 non
2602 2497 2816 2565 desunt,
2843 2506 2899 2553 et
2925 2496 3128 2553 utiliori
3160 2507 3184 2545 ε
3207 2504 3507 2553 commuta-

1934 2591 2083 2645 tione
2121 2588 2311 2645 sancto
2338 2586 2475 2657 viro,
2506 2588 2647 2659 quod
2677 2589 2829 2665 deest
2858 2589 2912 2645 in
2935 2588 3110 2653 terris,
3143 2586 3382 2644 abundat
3411 2586 3437 2624 ιι
3461 2589 3515 2643 iu

1934 2680 2111 2746 caelis;
2144 2687 2204 2735 ut
2230 2695 2290 2736 se
2317 2678 2524 2737 reﬁciat
2549 2682 2691 2737 enim
2722 2678 2932 2746 Petrus,
2962 2692 3070 2736 non
3100 2680 3378 2736 cellarium
3402 2679 3514 2736 sol-

1935 2770 2079 2827 licite
2099 2780 2389 2837 reseratur,
2414 2771 2508 2828 sed
2529 2772 2721 2828 coelum
2744 2773 2918 2843 ipsum
2942 2760 3186 2842 protinus
3207 2773 3446 2843 aperitur
3473 2771 3514 2827 ί.
3615 2802 3624 2810 -

1935 2862 2187 2936 Legimus
2215 2868 2268 2924 in
2300 2866 2590 2939 Scripturis
2622 2866 2721 2940 (III
2748 2866 2880 2942 Reg.
2914 2869 3041 2941 xvu)
3081 2873 3323 2924 sanctum
3348 2862 3519 2923 Eliam

1935 2958 1990 3012 in
2011 2958 2227 3015 deserto
2247 2958 2426 3015 corvis
2442 2959 2880 3017 ministrantibus
2907 2966 3155 3030 pastum;
3185 2957 3387 3027 quanto
3408 2973 3519 3014 me-
3592 3020 3609 3031 ‘

1936 3048 2039 3105 lius
2066 3046 2277 3117 Petrus,
2309 3051 2396 3105 cui
2436 3066 2544 3105 non
2586 3058 2804 3122 parvam
2845 3065 3025 3106 escam
3077 3048 3092 3100 l
3150 3055 3365 3105 terrena
3407 3051 3519 3105 avis

1936 3143 2184 3215 porrigit,
2209 3143 2315 3230 sed
2340 3144 2606 3214 integrum
2634 3143 2940 3200 convivium
2964 3142 3251 3209 multitudo
3280 3142 3518 3212 angelica

1937 3234 2340 3313 subministrat!
2394 3233 2521 3290 Post
2562 3237 2863 3290 orationem
2913 3248 3042 3303 ergo
3095 3234 3263 3289 esurit
3308 3231 3518 3291 Petrus.

1902 3310 2237 3382 'Mirandum
2265 3342 2364 3382 cur
2388 3334 2633 3382 sanctum
2664 3326 2995 3394 virum_post
3022 3325 3321 3379 orationem
3352 3323 3521 3378 fames

1908 3432 1911 3435 λ
1938 3425 2213 3486 sequatur,
2245 3432 2363 3472 cum
2394 3417 2567 3473 soleat
2600 3416 2768 3471 fames
2795 3417 3043 3472 oratione
3077 3415 3375 3487 depellipet
3396 3430 3519 3470 esu-

248 3509 502 3564 esurienti
515 3509 765 3567 delatum
793 3520 893 3570 est.
925 3513 1092 3582 Igitur
1116 3514 1208 3584 qui
1239 3514 1406 3570 esurit
1433 3515 1573 3570 sicut
1612 3514 1822 3582 Petrus,
1858 3509 1904 3573 C
1935 3508 2083 3562 riens
2108 3508 2285 3570 anima
2315 3505 2342 3545 ι
2374 3506 2584 3562 nonnisi
2614 3503 3080 3562 observationibus
3125 3504 3374 3575 saginari.
3414 3504 3520 3560 Sed

248 3588 483 3661 reficitur
509 3600 624 3671 ipse
665 3617 786 3658 cum
834 3602 1015 3660 Petro.
1046 3602 1117 3660 Ut
1146 3603 1275 3675 quid
1305 3619 1435 3674 ergo
1462 3620 1829 3677 praeparemus

250 3689 401 3746 nobis
436 3693 714 3763 proprium
757 3696 1060 3773 prandium,
1110 3713 1232 3753 cum
1278 3697 1579 3769 apostolico
1623 3697 1827 3754 ferculo

246 3783 586 3852 saginemur?
631 3785 739 3843 Cur
777 3791 933 3847 nobis
972 3790 1304 3859 iuquiramus
1348 3799 1592 3845 terrenas
1618 3790 1824 3860 epulas,

245 3886 365 3928 cum
387 3876 636 3933 cmlestes
662 3878 849 3949 copias
875 3880 1205 3935 habeamus?
1234 3880 1372 3935 Dicit
1398 3879 1543 3935 enim
1573 3878 1631 3935 S.
1656 3878 1830 3937 Lucas

244 3963 298 4018 in
338 3964 563 4023 Actibus
597 3970 964 4049 apostolorum
995 3970 1144 4041 (Cap.
1185 3987 1241 4038 x,
1266 3985 1340 4034 xi,
1373 3969 1517 4040 etc.),
1550 3977 1674 4040 post
1701 3985 1828 4025 era-

242 4056 447 4115 tionem
478 4060 734 4116 esurienti
774 4059 935 4120 Petro
976 4062 1118 4120 circa
1149 4062 1340 4118 horam
1368 4069 1601 4127 sextam,
1640 4068 1832 4133 aperto

242 4151 384 4217 cmlo
417 4167 516 4208 vas
537 4153 825 4235 quoddam
853 4154 1210 4226 splendidum,
1238 4156 1386 4213 velut
1407 4155 1629 4211 linteum
1667 4153 1833 4221 fuisse

242 4241 505 4309 delatum,
537 4246 588 4299 in
616 4262 724 4317 quo
748 4257 899 4303 erant
925 4249 1107 4304 omnia
1134 4248 1163 4288 1³
1192 4236 1555 4319 quadrupedia
1582 4256 1740 4304 terrae
1778 4255 1835 4303 et

242 4332 486 4391 volatilia
513 4338 633 4394 caeli
652 4357 666 4407 ;
685 4346 744 4395 et
768 4333 967 4396 dixisse
997 4340 1279 4396 Dominum
1301 4329 1370 4395 ad
1392 4354 1515 4394 eum
1548 4357 1560 4392 :
1598 4350 1619 4378 ε
1653 4337 1828 4405 Petre,

244 4445 417 4500 surge,
450 4431 660 4487 immola
695 4442 745 4486 et
785 4432 1041 4499 manduca
1069 4433 1203 4501 (Act.
1223 4432 1301 4502 x).
1335 4431 1477 4487 Ecce
1503 4429 1713 4497 Petrus,
1737 4432 1832 4500 qui

247 4519 410 4592 57k
436 4520 566 4578 dicit
604 4523 729 4578 alibi
762 4541 775 4576 :
804 4522 1000 4578 Aurum
1040 4533 1090 4579 et
1127 4532 1399 4595 argentum
1440 4539 1544 4577 non
1586 4532 1663 4578 est
1700 4523 1828 4576 mihi

249 4612 387 4686 (Act.
405 4614 504 4684 ιιι),
540 4628 679 4671 nunc
696 4616 936 4672 convivii.
956 4616 1071 4686 ejus
1090 4617 1365 4671 vasculum
1387 4614 1717 4685 splendidius
1744 4623 1829 4669 est

321 4759 347 4787 ι
376 4749 434 4821 In
462 4755 688 4821 utroqu‘e
715 4752 901 4808 codice
938 4751 996 4807 S.
1020 4751 1207 4807 Crdcis
1228 4751 1282 4821 in
1303 4749 1477 4805 Jerus.
1502 4749 1662 4821 verba
1697 4748 1838 4821 inter
1864 4754 1918 4812 1)

252 4819 536 4892 asteriscos
571 4818 749 4892 posita
776 4822 967 4877 desunt
995 4822 1196 4878 omnia.
1221 4820 1428 4877 Desunt
1456 4819 1619 4873 etiam
1646 4819 1698 4871 in
1730 4818 1836 4872 Va-

252 4888 350 5033 ,ὴῇ
368 4888 662 5033 Vat.
696 4960 821 5033 APal.
850 4936 1386 5033 Δλιὲὶέἱ,ηιμιατινιφεάίιι
1421 4970 1470 5015 et
1517 4960 1741 5033 reptilia,
1784 4967 1837 5011 et

251 5030 485 5154 ﬁlatim
521 5032 654 5106 caeli.
683 5030 815 5089 Cod.
846 5031 968 5107 Vat.
1001 5030 1103 5087 539
1134 5030 1242 5104 pro
1262 5033 1492 5104 repentia
1521 5030 1683 5085 habet
1714 5042 1833 5100 rep-

274 5116 385 5156 tta.

326 5181 349 5210 ⁸
374 5171 525 5228 Idem
548 5171 670 5229 cod.
695 5173 817 5230 Vat.
842 5172 980 5256 559,.
997 5172 1182 5247 Surge,
1216 5174 1390 5239 l’ctre,
1417 5182 1585 5228 macta
1607 5182 1654 5225 et
1680 5188 1833 5227 man-

254 5240 539 5387 dugaéodd.
564 5313 703 5387 Vat;
724 5312 861 5387 1269
880 5321 941 5387 _el
959 5311 1092 5387 _559,
1118 5316 1387 5387 relatae“.

258 5391 347 5505 di;
367 5382 543 5507 tCodd.
574 5383 632 5440 S.
663 5382 849 5439 Crucis
877 5384 932 5438 in
951 5382 1087 5450 Jer.,
1118 5382 1240 5440 Vat.
1268 5384 1430 5451 1269,
1455 5392 1510 5439 et
1541 5382 1671 5452 ch.
1703 5383 1828 5449 559,

333 5469 364 5505 a
388 5470 471 5507 ur.

324 5495 484 5604 ἷξὲᾶ
507 5524 641 5597 quod
662 5532 738 5579 est
758 5525 923 5604 multo
940 5524 1162 5604 melius.
1195 5524 1273 5580 lta
1299 5524 1457 5604 codd.
1494 5523 1596 5579 559
1624 5534 1679 5580 et
1704 5523 1825 5589 49-5,

252 5595 340 5659 qui
372 5595 553 5649 tamen
581 5610 679 5664 pro
699 5595 990 5649 ministeria
1018 5595 1145 5663 legit
1172 5596 1418 5667 mysteria

226 5676 232 5681 ‘
321 5668 347 5708 8
368 5661 498 5718 C'od.
534 5664 653 5719 Vat.
688 5664 845 5728 1969,
876 5667 1249 5720 communione.
1326 5716 1329 5719 .

322 5728 349 5807 ξ
377 5730 522 5787 idem
543 5734 663 5790 cod.
696 5735 810 5790 Vat.
842 5733 1001 5792 1269.
1030 5736 1086 5791 in
1115 5736 1274 5791 cwlis.
1302 5734 1371 5790 Ut
1397 5737 1661 5807 reﬁciatur
1689 5737 1827 5791 enim

253 5793 457 5870 Petrus,
479 5811 582 5860 etc.

1816 5920 1875 5940 ,νο

1936 3608 2069 3670 puto
2111 3597 2329 3654 Petrqu
2372 3607 2495 3669 post
2539 3596 2862 3663 orationem,
2896 3613 3004 3652 non
3049 3597 3226 3653 cibum
3268 3596 3522 3669 esm'iisse

1940 3692 2240 3757 hominum,
2287 3689 2381 3745 sed
2422 3690 2689 3756 salutem;
2743 3704 2844 3745 nec
2890 3688 3068 3744 inedia
3106 3696 3357 3744 vexatum
3399 3703 3522 3743 esse

1940 3782 2206 3851 corporis,
2227 3780 2321 3837 sed
2350 3781 2528 3852 inopia
2550 3781 2882 3836 credentium
2911 3780 3200 3852 laborasse.
3221 3779 3357 3836 Cum
3379 3781 3523 3836 enim

1902 3928 1907 3935 ,
1939 3848 2199 3929 Judaicus
2220 3848 2461 3944 populus
2482 3869 2719 3943 perﬁdus
2745 3879 2800 3927 et
2828 3872 3084 3943 ingratus,
3113 3848 3205 3927 illo
3231 3871 3525 3945 praedicau-

1902 4002 1907 4025 ς
1944 3973 2018 4031 te,
2040 3964 2254 4021 Christo
2274 3980 2382 4021 non
2403 3964 2667 4032 crederet,
2694 3963 2887 4020 famem
2908 3963 3310 4034 quodammodo
3333 3963 3524 4020 Petrus

1939 4057 2024 4114 sui
2053 4057 2214 4114 ofllcii
2242 4058 2555 4115 sustinebat.
2581 4057 2800 4113 Famem
2828 4057 2970 4113 enim
2997 4057 3216 4139 patitur,
3248 4057 3339 4127 qui
3368 4057 3525 4115 mini-

1940 4167 2030 4207 me
2058 4152 2285 4208 fructum
2326 4151 2407 4206 sui
2436 4151 2635 4206 laboris
2675 4149 2996 4220 assequitur.
3035 4147 3053 4187 ι
3098 4144 3158 4202 In
3186 4148 3525 4215 cmuaculutn

1939 4242 2104 4313 igitur
2143 4241 2208 4298 ad
2250 4242 2551 4299 orationem
2591 4241 2817 4321 festinus
2844 4239 3106 4296 ascendit.
3152 4239 3295 4296 Bene
3335 4239 3430 4306 ait,
3473 4239 3525 4293 in

1939 4334 2280 4391 cenaculum
2318 4333 2387 4388 ad
2427 4335 2729 4389 orationem
2775 4331 3080 4411 ascendisse
3120 4329 3356 4407 Petrum;
3402 4330 3525 4399 quia

1901 4436 1907 4447 ‘
1938 4428 2117 4484 omnis
2153 4434 2389 4493 sanctus,
2420 4424 2635 4495 quando
2669 4432 2789 4480 orat
2826 4406 3137 4493 relinquens
3347 4420 3526 4475 humi-

1935 4520 2029 4588 lia,
2061 4520 2157 4575 vel.
2172 4528 2383 4575 terrena
2413 4519 2465 4573 in
2496 4518 2661 4572 altum
2701 4517 2897 4571 mentis
2937 4513 3232 4581 extollitur,
3255 4522 3310 4568 et
3353 4513 3404 4567 in
3434 4530 3525 4568 su-
3620 4508 3627 4515 ’

1934 4612 2097 4667 hlime
2116 4626 2409 4682 suspensus
2435 4610 2659 4680 rapitur,
2684 4617 2721 4659 αι
2747 4615 2802 4662 et
2828 4606 3154 4676 cogitatione
3179 4614 3364 4662 sancta
3388 4606 3525 4662 coelo

2027 4747 2040 4785 ί
2091 4746 2229 4801 Cod.
2261 4746 2382 4800 Vat.
2416 4742 2548 4798 4951
2592 4750 2716 4813 post
2755 4756 2943 4813 vocem
2971 4718 3217 4811 aperitur.
3242 4741 3370 4811 legit
3400 4741 3527 4797 Post

1953 4819 2241 4896 orationem
2269 4832 2424 4897 ergo_;
2450 4814 2656 4938 religiua
2692 4824 2818 4936 ἔξω
2848 4812 3261 4874 interponuntur
3305 4814 3522 4867 omittit.

2025 4900 2040 4938 ι
2079 4888 2245 4943 Codd.
2280 4887 2450 4942 Vatic.
2499 4886 2522 4940 l
2600 4883 2681 4952 9,.
2764 4881 2798 4935 9
2832 4889 2889 4937 et
2925 4881 3082 4948 1277,
3124 4889 3255 4936 tetra
3295 4898 3392 4952 pro
3421 4893 3522 4938 ter-

2122 4902 2245 4943 ouo.
2287 4902 2450 4942 vauc.
2499 4902 2654 4953 120:1,
2680 4902 2798 4939 om!
2832 4902 2889 4937 et
2925 4902 3082 4948 Izu,
3124 4902 3255 4936 tetra
3295 4902 3392 4952 pro
3421 4902 3527 4938 ter-

1948 4976 2206 5114 "fw.
2243 5028 2363 5084 νηί,
2395 5024 2521 5090 495,
2553 5041 2655 5080 non
2694 5022 2828 5091 cibo,
2866 5023 2957 5078 sed
2996 5020 3345 5078 obsecratione
3384 5026 3527 5096 sagi-

1944 5116 2216 5223 “item.
2249 5133 2370 5222 Val.
2402 5165 2535 5220 495:
2574 5166 2646 5220 ita
2679 5165 2819 5220 hunc
2842 5164 3023 5223 locum
3050 5145 3298 5221 exhibet:
3326 5164 3391 5218 In
3425 5182 3525 5220 cm-

1909 5287 1913 5291 .
1943 5241 2187 5296 naculum
2212 5240 2370 5309 igitur
2397 5237 2460 5291 ab
2483 5238 2718 5292 oratione
2731 5235 3240 5363 [estinas.ascendit,
3273 5237 3393 5307 quia
3412 5253 3526 5290 om-

1942 5312 2027 5363 nis
2053 5319 2279 5363 sanctus.
2307 5307 2513 5363 auando
2538 5316 2654 5361 orat
2674 5324 2728 5361 re
2750 5308 2966 5363 inaueus
2988 5305 3206 5360 humilia
3227 5314 3449 5363 terrena,
3470 5307 3526 5359 in

1882 5325 1895 5343 ·
1942 5312 2027 5365 uis
2053 5305 2279 5374 sanctus,
2307 5307 2520 5380 quando
2534 5316 2654 5380 rorat
2674 5305 2966 5380 relinquens
2988 5305 3206 5380 (tumilia
3227 5305 3449 5369 terrena,
3470 5307 3526 5359 in

1941 5384 2105 5436 altum
2132 5374 2329 5435 mentis
2362 5379 2648 5443 extollitur,
2692 5387 2740 5432 et
2783 5374 2838 5430 in
2883 5374 3101 5431 sublime
3137 5390 3411 5442 suspensus
3440 5392 3527 5427 ra-

1943 5453 2104 5521 pitur,
2147 5462 2203 5504 ut
2248 5444 2779 5521 cogitatione‘sanc‘ta
2816 5444 2942 5521 conlo
2982 5444 3524 5521 vicinionefﬁcialur,

1943 5512 2101 5593 atque
2123 5522 2194 5577 ibi
2226 5512 2469 5593 esurienti
2498 5519 2598 5585 illi,
2631 5521 2723 5593 liae
2748 5526 2824 5573 est
2851 5515 3104 5593 incautis
3140 5512 3525 5593 sui-sublimiori

1938 5581 2081 5675 loco,
2111 5592 2243 5675 velut
2272 5591 2447 5645 divina
2475 5581 2594 5645 voce
2622 5589 2827 5643 dicente
2852 5584 2930 5638 illi
2976 5600 2993 5637 :
3037 5594 3089 5638 tu
3136 5582 3350 5637 Iudicas
3388 5581 3525 5635 solos

1940 5670 2290 5787 εεαοζιὲορᾶῗλ
2316 5730 2374 5786 S.
2407 5706 2612 5785 Cruris.
2644 5728 2797 5797 Min.,
2827 5733 2959 5793 etc.,
2988 5730 3044 5778 ut
3064 5720 3376 5793 cogitatione
3396 5700 3525 5776 san-

1945 5812 2032 5857 cla
2068 5802 2195 5857 caelo
2224 5803 2440 5865 vicinior
2466 5801 2741 5872 efﬁciatur.
