4052 6330
555 378 649 433 Mi

1781 369 1837 420 s.
1880 358 2123 418 MAXIM!
2164 322 2611 417 TAURINENSIS

3719 363 3813 421 678

554 488 761 543 vicinus
787 484 1031 540 efﬁcitur.
1067 482 1240 553 Atque
1270 478 1342 536 ibi
1362 476 1620 535 esurienti
1645 478 1739 544 illi,
1764 478 1864 532 hoc
1884 485 1966 531 est
1993 475 2133 545 cogi-
2158 474 2208 537 Α
2237 483 2319 530 est
2348 475 2606 529 omnium.
2653 471 2907 539 Quamvis
2936 470 3078 527 enim
3108 484 3337 542 corpora
3385 472 3641 553 passione
3685 490 3809 532 caesa

557 577 691 633 tanti
720 575 771 630 in
801 573 979 631 cordis
1005 572 1087 629 sui
1116 569 1414 628 sublimiori
1454 570 1575 626 loco
1608 584 1707 640 pro
1729 567 1903 623 salute
1928 565 2136 621 Judaici

554 664 738 740 populi
763 662 985 720 offertur
1013 678 1107 719 vas
1150 661 1487 719 diversorum
1533 674 1789 731 generum
1818 659 2138 714 animalibus

378 756 384 765 ’
464 764 473 769 ’
552 757 794 832 plenum,
817 766 842 794 ι
862 756 1011 813 velut
1036 754 1325 811 Divinitate
1343 754 1555 812 dicente
1583 752 1661 808 illi
1694 770 1706 807 :
1740 750 1820 807 Tu
1842 752 1896 807 in
1926 750 2138 807 Judaeos

552 848 703 905 solus
716 848 921 916 esuris;
944 863 1071 904 ecce
1088 854 1269 903 tamen
1292 844 1414 903 ﬁdei
1442 855 1544 902 tua:
1564 853 1878 902 cunctarum
1898 844 2137 915 gentium

553 939 867 997 diversitate
910 937 1115 995 reﬁcio.
1148 937 1283 994 Nam
1325 938 1511 1007 utique
1551 934 1581 977 ιι
1626 935 1839 992 diversa
1886 934 2137 990 animalia

555 1031 781 1089 collecta
809 1031 865 1087 in
884 1024 995 1087 uno
1023 1029 1263 1096 vasculo,
1294 1029 1626 1084 diversarum
1652 1027 1891 1097 gentium
1909 1039 2137 1095 congre-

555 1123 701 1192 gatio
746 1122 975 1178 collecta
1022 1121 1075 1177 in
1119 1136 1226 1177 una
1254 1119 1493 1176 Ecclesia
1520 1118 1918 1175 demonstratur
1966 1136 1979 1171 :
2021 1133 2140 1189 qum

555 1211 795 1269 Ecclesia
822 1212 877 1267 in
906 1212 1049 1269 illius
1081 1223 1104 1252 ο
1144 1210 1365 1267 vasculo
1389 1209 1694 1281 splendido,
1731 1208 1859 1265 dum
1903 1225 2010 1265 non
2039 1210 2139 1264 ha-

554 1304 649 1361 bet
676 1302 939 1358 maculam
970 1316 1146 1371 neque
1174 1315 1382 1371 rugam,
1413 1300 1567 1356 lintei
1609 1299 1786 1355 nitore
1813 1298 2138 1370 resplendet.

554 1393 612 1449 In
660 1376 779 1464 qua‘
810 1393 1041 1465 primum
1088 1391 1287 1447 animal
1333 1390 1446 1446 Deo
1493 1406 1562 1447 ex
1612 1390 1861 1459 gentibus
1900 1392 2143 1446 centurio

553 1484 837 1541 Cornelius
859 1484 1184 1541 immolatur.
1214 1483 1291 1538 De
1318 1481 1424 1537 hoc
1450 1496 1580 1551 ergo
1608 1481 1825 1538 vasculo
1854 1497 1952 1537 suo
1980 1481 2143 1537 hodie

555 1592 658 1633 nos
682 1576 858 1633 reiicit
888 1575 1112 1644 Petrus;
1144 1589 1267 1631 cum
1291 1574 1436 1630 enim
1460 1574 1705 1631 videmus
1723 1574 2004 1653 gentilium
2025 1582 2142 1629 tur-

553 1666 654 1724 bas
697 1665 766 1722 ad
809 1660 971 1723 ﬁdem
1007 1663 1426 1721 Christianitatis
1471 1678 1771 1730 accurrere,
1821 1663 1978 1719 simul
2020 1679 2142 1719 cum

556 1756 816 1828 apostolis
841 1755 1190 1825 gratulamur.
1213 1754 1332 1810 Non
1357 1754 1501 1810 enim
1523 1754 1721 1809 mortui
1749 1762 1891 1821 sunt,
1915 1768 2142 1824 quorum

2240 569 2368 633 sint,
2399 568 2726 636 interruptus
2755 572 2935 620 tamen
2967 580 3071 620 non
3109 562 3126 604 τ
3160 571 3241 621 est
3270 564 3404 621 ordo
3437 562 3684 631 vivendi;
3723 568 3809 637 igi-

2239 666 2327 714 tur
2373 659 2515 714 enim
2559 665 2613 714 et
2640 656 2752 714 Deo
2796 656 2997 727 gratias
3036 665 3221 726 agunt,
3251 666 3307 713 et
3344 656 3531 713 laudes
3559 655 3811 715 Salvatori

2238 752 2511 817 referunt;
2562 749 2663 805 nisi
2709 748 2853 820 quod
2900 748 3138 805 resoluta
3183 748 3548 804 membrorum
3590 750 3807 813 sarcina,

2239 843 2410 914 magis
2438 852 2465 889 κ
2493 842 2766 898 adhmrent
2800 841 3047 909 Christo;
3090 842 3230 898 sicut
3268 841 3344 896 ait
3371 840 3573 898 Paulus
3602 850 3809 912 aposto-

2238 940 2323 996 lus
2354 957 2366 992 :
2403 937 2622 995 Dissolvi
2650 947 2698 994 et
2725 955 2837 993 esse
2864 955 2979 993 cum
3007 936 3214 992 Christo
3242 946 3434 1011 quanto
3456 938 3647 992 melius
3677 937 3815 1008 (Phi-

2241 1029 2331 1103 lip.
2366 1031 2441 1101 i)!
2479 1030 2597 1087 Non
2620 1045 2748 1100 ergo
2775 1029 2999 1086 dicenda
3028 1037 3113 1086 est
3135 1045 3283 1086 mors
3302 1020 3814 1100 qual‘interveniente

2241 1139 2487 1181 caremus
2526 1131 2893 1196 persecutore,
2926 1131 2981 1178 et
3020 1120 3235 1177 Christo
3274 1121 3560 1178 nectimur.
3593 1119 3711 1176 Non
3745 1129 3816 1175 est

2241 1214 2402 1285 plane
2446 1213 2671 1271 dicenda
2712 1229 2859 1269 mors
2896 1227 3015 1283 qua:
3052 1209 3267 1267 Christo
3294 1219 3565 1266 mortuum
3596 1210 3813 1277 socians,

2202 1362 2205 1367 λ
2242 1307 2452 1363 lucrum
2480 1305 2647 1363 eﬂicit
2674 1306 2973 1370 morientis,
2999 1306 3138 1360 sicut
3167 1303 3242 1359 ait
3282 1304 3471 1359 beatus
3495 1301 3813 1373 Apostolus:

2246 1398 2380 1453 Mihi
2418 1400 2555 1453 enim
2586 1400 2749 1452 uiuere
2778 1396 3009 1452 Christus
3034 1404 3131 1463 est,
3160 1405 3212 1451 et
3236 1395 3370 1451 mori
3390 1395 3593 1449 lucrum
3620 1391 3813 1463 (Ibid.l.

2243 1489 2338 1545 llla
2366 1497 2548 1546 autem
2576 1505 2705 1545 vera
2736 1490 2761 1527 δ
2790 1505 2937 1545 mors
2980 1504 3100 1559 quae
3142 1489 3306 1544 etiam
3342 1488 3618 1542 viventem
3662 1486 3818 1541 homi-

2246 1597 2369 1638 nem
2412 1589 2757 1653 peccatorum
2792 1588 2968 1637 morte
3008 1590 3024 1619 ι
3053 1580 3403 1649 constringit;
3434 1579 3562 1649 quia
3589 1579 3819 1649 quamvis

2245 1673 2429 1728 vivere
2452 1672 2688 1741 videtur,
2711 1672 3007 1729 sceleribus
3028 1680 3204 1727 tamen
3241 1671 3353 1727 suis
3380 1669 3545 1726 morti
3570 1669 3584 1719 i
3624 1668 3820 1724 videtur

2247 1764 2514 1833 addictus,
2546 1754 2685 1822 sicut
2715 1766 2791 1821 ait
2819 1765 3108 1836 Apostolus
3139 1764 3207 1820 de
3236 1763 3323 1818 illa
3347 1763 3605 1819 deliciosa
3637 1759 3816 1816 vidua:

555 1848 728 1932 τοἶᾶ
747 1845 775 1885 ἀ
803 1861 1056 1903 curamus
1092 1845 1327 1902 natalem
1357 1845 1538 1910 hodie,
1576 1854 1598 1883 °
1628 1844 1723 1903 sed
1761 1846 1934 1900 renati
1958 1846 2146 1901 vivunt

2251 1857 2379 1915 Haec
2406 1868 2576 1915 autem
2604 1861 2775 1915 uiuens
2803 1867 3006 1915 mortua
3032 1867 3108 1914 est
3139 1856 3195 1915 (Ι
3226 1857 3465 1928 Tim.'v).

557 1938 737 2018 plane,
767 1940 892 2010 quia
932 1937 1221 2009 participes
1246 1935 1423 1994 eﬁ'ecti
1463 1943 1588 1992 sunt
1636 1935 1855 2003 Christi,
1891 1936 1980 2007 qui
2022 1936 2131 1991 vita

1947 2027 2217 2092 SERMO
2260 2031 2488 2096 LXIX.
2564 2009 2578 2027 '

1290 2126 1384 2182 Pe
1416 2127 1595 2185 eodem
1621 2127 2113 2209 natali‘sanetorum
2152 2132 2503 2202 apostolorum
2532 2131 2679 2189 Petri
2707 2144 2757 2189 et
2784 2132 2940 2189 Pauli
2969 2132 2999 2188 1
3010 2133 3074 2190 γ.

2014 2219 2407 2279 ADMONITIO.

629 2318 784 2387 Quod
818 2318 1020 2375 dictum
1059 2326 1143 2375 est
1183 2330 1345 2389 supra
1374 2314 1452 2389 de.
1479 2313 1730 2389 utilitate,
1758 2329 1920 2384 quam
1951 2330 2018 2389 ex
2045 2315 2335 2371 multorum
2365 2318 2614 2389 codicum
2659 2332 2788 2372 mss.
2817 2316 3109 2389 collatione
3127 2316 3576 2389 comparavimus,
3614 2322 3675 2371 ut
3708 2314 3821 2389 scri-

558 2385 746 2461 pta'ab
774 2390 1042 2461 imperitia
1072 2385 1738 2461 amanuensiumdiversis
1763 2386 2073 2461 auctoribus
2099 2389 2375 2461 supposita
2419 2388 2880 2461 dignosceremus,
2902 2388 2991 2443 hic
3018 2386 3215 2461 clarius
3247 2385 3471 2461 patebit.
3489 2385 3683 2461 _l_1_i_mc_
3697 2388 3822 2461 enim

555 2454 869 2517 sermonem
881 2462 990 2516 duo
1017 2459 1235 2516 codices
1262 2456 1531 2523 Vaticani,
1564 2454 1702 2509 1269
1731 2464 1787 2511 et
1815 2455 1972 2522 1277,
1996 2465 2150 2512 sanet

2251 2454 2503 2514 imbrosio
2528 2459 2803 2524 tribuunt;
2833 2457 2971 2512 alter
2998 2472 3131 2513 vero
3161 2454 3449 2512 Vaticanus
3480 2454 3613 2510 1951
3651 2456 3708 2512 8.
3736 2457 3825 2510 Διι-

596 2531 795 2599 ustino,
826 2532 928 2587 hac
971 2529 1264 2600 epigraphe
1296 2526 1397 2581 insi
1434 2527 1603 2581 nitum
1638 2544 1649 2578 :
1699 2525 1760 2581 S.
1810 2525 2083 2598 Augustini
2110 2544 2279 2582 sermo
2322 2530 2571 2584 dicendus
2599 2531 2651 2584 in
2682 2530 2810 2601 [esto
2840 2538 3139 2584 sanctorum
3181 2526 3330 2582 Petri
3367 2536 3419 2582 et
3459 2526 3639 2593 Pauli,
3671 2527 3826 2583 codex

556 2544 935 2655 Vallicellanus
961 2601 1003 2654 A
1045 2599 1081 2654 9
1107 2606 1353 2655 sanctum
1395 2540 1632 2652 Eeonem
1662 2594 1908 2655 Magnum
1937 2605 2213 2652 auctorem
2242 2601 2497 2655 annellat.
2531 2599 2796 2655 lncertu‘m
2825 2612 2954 2655 ergo
2982 2606 3126 2654 esset
3152 2598 3256 2653 hac
3282 2596 3335 2652 i'n
3363 2596 3681 2653 diversitate
3702 2598 3824 2655 iudi-

606 2601 935 2657 allicellanus
961 2599 1018 2654 A7
1045 2599 1081 2654 9
1107 2599 1353 2655 sanctum

1472 2611 1632 2652 onem
1662 2594 1908 2670 Magnum
1937 2605 2213 2670 auctorem
2242 2601 2497 2670 appellat.
2531 2594 2796 2670 Incertu‘m
2825 2612 2954 2670 ergo
2982 2606 3126 2670 esset
3152 2598 3256 2670 hac
3282 2596 3335 2652 i'n
3363 2596 3681 2653 diversitate
3697 2598 3824 2667 judi-

559 2672 723 2735 cium,
755 2672 857 2726 nisi
885 2670 1392 2742 plurimorumtnss.
1424 2681 1757 2742 consensum
1777 2667 1829 2721 in
1852 2666 2142 2742 Marianum
2172 2666 2516 2742 haberemus.
2546 2669 2733 2742 codici
2754 2670 2897 2742 enim
2927 2668 3287 2742 Ambrosiano
3319 2679 3557 2742 quatuor
3580 2666 3827 2742 accedunt

511 2798 520 2805 _
565 2734 904 2809 testimonia;
925 2740 1158 2797 duorum
1182 2739 1390 2795 scilicet
1416 2736 1665 2809 codicum
1695 2735 1765 2790 90
1799 2746 1854 2792 et
1895 2734 1963 2809 99
2003 2738 2061 2792 8.
2097 2737 2285 2797 Crucis
2324 2742 2376 2796 in
2410 2740 2727 2805 Jerusalem,
2759 2739 3097 2809 duorumque
3126 2734 3496 2795 Casinensium
3537 2738 3645 2793 102
3669 2736 3830 2795 οιωὸ

563 2810 621 2880 Si.
666 2806 901 2866 Maximo
943 2806 1550 2880 suﬁragantium._Cum
1598 2822 1729 2863 vero
1778 2823 1878 2863 nec
1925 2808 2218 2875 Ballerinii,
2260 2828 2361 2868 nec
2402 2809 2707 2867 Caeciarius
2748 2811 2860 2865 suis
2912 2810 2965 2865 iu
2994 2806 3321 2866 édilionibus
3366 2825 3494 2880 opp.
3539 2808 3600 2865 S.
3647 2809 3829 2866 Leonis

524 2924 527 2929 ,
565 2879 744 2950 Magni
767 2880 914 2952 hunc
960 2878 1631 2952 sermonem_eollocarint,
1657 2879 2096 2952 _nec_monachi
2118 2880 2175 2933 S.
2203 2881 2380 2952 Mauri
2419 2884 2560 2939 inter
2588 2881 2852 2951 genuinos
2891 2880 2950 2936 S.
2994 2880 3277 2952 Augustini
3320 2878 3621 2952 sermones,
3654 2882 3745 2937 sed
3781 2881 3828 2935 in

564 2947 919 3033 appendicem
947 2951 1058 3033 sub.
1085 2965 1231 3033 nam:
1266 2948 1365 3003 201
1398 2947 1753 3033 traduserint,
1784 2947 1851 3033 de
1873 2950 2037 3033 hisee
2063 2948 2319 3033 Patribus
2351 2969 2467 3033 esse
2495 2947 2720 3033 quaestio
2750 2968 2856 3033 non
2905 2947 3101 3008 debetf
3120 2951 3441 3033 Dubitarunt
3470 2951 3636 3033 iidem
3668 2952 3823 3032 Bene:

564 3018 751 3101 dicitini
773 3021 1020 3101 monachi
1043 3021 1099 3077 in
1125 3019 1317 3101 eadem
1346 3018 1661 3101 appendice,
1687 3035 1755 3101 an
1785 3018 1924 3101 lorte
1958 3019 2245 3101 Ambrosio
2273 3018 2635 3101 ascribenllus
2647 3031 2824 3101 esset;
2856 3038 3183 3101 rerumcum
3207 3023 3274 3101 _in
3302 3021 3419 3092 ejus
3447 3020 3690 3101 editione
3715 3020 3823 3101 anni

508 3152 515 3158 ,
564 3089 707 3163 1690
736 3091 983 3163 eumdem
1012 3088 1480 3163 praetermiserint,
1510 3088 1581 3163 ab
1621 3088 1923 3163 hujusmodi
1964 3092 2219 3162 opinione
2260 3096 2544 3152 recessisse
2589 3094 2857 3150 videntur.
2896 3093 3132 3163 _Ascribe
3170 3093 3289 3149 idus
3327 3088 3471 3163 ergo;
3501 3090 3560 3148 S.
3616 3092 3829 3147 Maximo

564 3161 663 3233 hic
679 3164 859 3218 sermo
882 3158 1146 3233 jure'est,
1175 3158 1363 3218 contra
1394 3158 2069 3217 editionem’Parisiensém
2098 3178 2226 3233 opp.
2259 3164 2314 3219 8.
2352 3166 2614 3221 Ambrosii
2644 3181 2733 3220 an.
2779 3161 2937 3232 1569,
2971 3164 3059 3219 ubi
3090 3164 3188 3219 sub
3220 3179 3373 3221 num.
3390 3158 3481 3216 ’68
3523 3177 3823 3220 sermonum

562 3232 858 3289 collocatus
886 3232 1004 3289 fuit.

564 3321 734 3394 57,77
760 3321 1153 3378 Ancuusuruu.
1180 3320 1429 3394 s—-__Petri
1447 3325 1605 3375 uirtus
1647 3337 1709 3394 ut
1731 3336 1932 3394 omnem
1961 3294 2153 3378 terram
2180 3326 2226 3390 C

635 3391 828 3463 ili/fisa
847 3402 948 3459 est,
968 3405 1019 3447 et
1054 3393 1206 3448 Pauli
1229 3392 1584 3464 Epistolarum
1606 3391 1757 3446 verba
1776 3394 1830 3446 in
1851 3392 1982 3464 ﬁnes
2012 3393 2153 3448 orbis

633 3462 886 3547 terrarum
905 3462 1371 3547 penetrantia-.De
1396 3463 1584 3547 claudo
1605 3473 1793 3517 sanato
1816 3480 1847 3515 a
1884 3463 2058 3547 Petro,
2092 3466 2156 3519 tle

634 3532 803 3617 Paulo
824 3532 943 3613 uase
961 3533 1247 3601 electionis,
1273 3533 1433 3606 deque
1455 3534 1719 3604 utriusque
1761 3534 1980 3605 apostoli
2009 3551 2153 3617 mar-

642 3606 794 3676 tyrio.

636 3695 832 3752 Notum
880 3697 1034 3753 vobis
1075 3695 1324 3752 omnibus
1374 3703 1476 3762 est,
1530 3694 1753 3762 fratres,
1807 3704 1862 3751 et
1905 3697 2158 3752 universo

564 3787 768 3843 mundo
812 3789 1169 3857 notissimum,
1227 3787 1373 3861 quod
1425 3787 1860 3845 beatissimorum
1908 3787 2051 3843 Petri
2106 3797 2162 3845 et

567 3877 721 3935 Pauli
742 3877 769 3917 ι
794 3880 989 3935 natalis
1018 3888 1101 3935 est
1135 3872 1315 3947 hodie,
1361 3895 1462 3935 nec
1510 3880 1740 3951 aliquam
1781 3887 1989 3950 partem
2011 3880 2160 3935 orbis

566 3971 739 4027 latere
771 3970 787 4011 ι
836 3979 1016 4042 potest
1063 3980 1214 4026 tanta
1257 3969 1507 4026 devotio:
1538 3969 1800 4040 siquidem
1830 3985 1950 4025 cum
1981 3970 2048 4024 de
2076 3970 2160 4024 bis

568 4060 714 4117 dicat
751 4061 917 4118 David
942 4065 1206 4133 prepheta
1238 4082 1250 4117 :
1288 4062 1350 4117 In
1380 4080 1582 4119 omnem
1609 4062 1799 4119 terram
1829 4064 1980 4118 exilit
2000 4079 2159 4117 sonus

567 4170 764 4223 eorum,
790 4156 905 4209 etin
926 4157 1059 4226 ﬁnes
1098 4154 1236 4211 orbis
1260 4167 1412 4212 teme
1429 4156 1580 4212 rerba
1599 4174 1775 4211 eorum
1791 4156 1962 4227 (Psal.
1982 4159 2153 4229 xvm);

640 4320 666 4351 ι
698 4311 845 4368 Idem
883 4311 1006 4368 cod.
1033 4311 1092 4368 S.
1118 4310 1305 4367 Crucis
1332 4310 1484 4374 Μία..
1508 4320 1636 4379 etc.,
1670 4313 1802 4367 velut
1831 4313 2003 4369 divina
2032 4332 2155 4370 voce

568 4383 770 4457 dicente
794 4383 885 4457 illi
901 4400 919 4438 :
943 4382 996 4457 1'
997 4400 1029 4437 u
1052 4384 1111 4457 in
1121 4381 2153 4457 [gglwosgolus‘esurisj‘eccefantem.“

568 4454 815 4524 reﬁcitur.
845 4452 1013 4509 Codd.
1050 4450 1449 4524 l2j7'et‘Vat.
1494 4450 1624 4521 Reg.
1650 4452 1776 4518 559,
1808 4450 1941 4511 velut
1978 4456 2155 4511 divina

568 4522 691 4579 rore
710 4524 925 4595 dicente
945 4524 1025 4580 illi
1054 4541 1072 4578 :
1088 4522 1183 4595 In
1204 4526 1260 4579 in
1284 4522 1499 4595 {uagos
1524 4524 1660 4580 solos
1686 4526 1872 4595 esuris,
1895 4535 2008 4582 'etc.

640 4596 665 4634 l'
688 4594 859 4667 Codd.
886 4594 1007 4667 Vat.
1036 4593 1181 4667 1269
1201 4603 1260 4667 et.
1272 4592 1386 4667 659
1412 4594 1575 4667 Reg._,
1594 4612 1686 4667 per
1712 4592 1935 4664 diversa,
1966 4606 2073 4653 etc.

643 4677 677 4737 cf
700 4665 846 4737 Idem
880 4666 1001 4737 cod.
1034 4665 1155 4720 Vat.
1189 4663 1346 4729 1269,
1377 4663 1766 4737 quae'Ec'clesia
1797 4669 1851 4722 in
1890 4663 2033 4723 illius
2062 4687 2152 4723 ra-

2260 3329 2310 3383 in
2339 3343 2553 3383 omnem
2583 3334 2783 3382 terram
2804 3336 2840 3363 οι
2867 3328 3128 3381 miraoms
3152 3325 3297 3381 Petri
3323 3326 3497 3381 virtus
3526 3324 3718 3381 diﬁ‘usa
3743 3333 3829 3391 est,

2261 3422 2394 3478 eﬂn
2417 3420 2551 3476 ﬁnes
2570 3421 2716 3476 orbis
2745 3428 2903 3475 terra:
2931 3417 3292 3489 Epistolarum
3321 3416 3472 3473 Pauli
3500 3419 3670 3473 verba
3686 3432 3833 3488 pene-

2264 3523 2487 3569 trarunt.
2506 3513 2637 3581 Quis
2656 3514 2799 3567 enim
2831 3527 2937 3566 non
2960 3510 3163 3566 audivit
3188 3510 3330 3581 quod
3348 3510 3582 3580 primum
3603 3518 3631 3546 ιι
3665 3512 3834 3566 beatus

2265 3607 2540 3678 apostolus
2568 3604 2755 3661 Petrus
2783 3605 2991 3661 sedenti
3012 3603 3076 3659 ad
3102 3603 3404 3674 speciosam
3433 3611 3644 3673 portam
3670 3598 3833 3671 templi

2266 3698 2478 3765 claudo,
2502 3707 2527 3734 ο
2557 3706 2612 3753 et
2639 3713 2704 3753 ex
2734 3698 2920 3752 matris
2963 3712 3075 3755 sure
3107 3705 3313 3759 ventre,
3345 3696 3475 3751 olim
3513 3696 3630 3764 jam
3668 3692 3830 3756 debili,

2266 3791 2461 3861 pedum
2487 3790 2779 3846 restituerit
2807 3790 3136 3857 ﬁrmitatem,
3159 3798 3187 3839 ιι
3207 3797 3268 3844 ιιι
3286 3787 3429 3859 quod
3458 3795 3652 3842 natura
3676 3786 3833 3841 minus
3874 3787 3883 3797 '

2266 3884 2587 3947 contulerat,
2638 3883 2931 3955 apostolica
2960 3881 3130 3950 gratia
3186 3881 3502 3951 repararet?
3527 3878 3664 3933 Cum
3706 3878 3832 3933 enim

2267 3986 2294 4025 (ι
2315 3973 2536 4031 claudus
2563 3974 2654 4030 ille
2701 3973 2893 4045 stipem
2922 3987 3138 4042 rogans,
3169 3971 3367 4043 aliquid
3415 3967 3660 4040 pecunia:
3697 3981 3753 4026 se
3776 3968 3833 4023 ab

2265 4068 2526 4137 apostolis
2547 4066 2792 4123 crederet
2812 4074 3178 4137 recepturum,
3205 4067 3281 4121 ait
3307 4066 3381 4121 illi
3407 4076 3428 4104 ι’
3453 4065 3731 4136 apostolus
3747 4062 3834 4118 Pe-

2266 4167 2379 4214 trus
2412 4176 2423 4211 :
2450 4159 2732 4231 Argentum
2760 4167 2811 4215 et
2830 4174 3013 4213 aurum
3036 4173 3148 4213 non
3169 4155 3367 4222 habeo;
3388 4157 3481 4212 sed
3498 4158 3638 4228 quod
3666 4156 3833 4221 habeo,

2330 4320 2358 4355 ιι
2390 4318 2489 4376 llic
2517 4318 2677 4376 ﬁnem
2707 4320 2870 4376 habet
2897 4335 3078 4377 sermo
3120 4320 3175 4376 in
3216 4318 3373 4377 codd.
3425 4318 3548 4375 Vat.
3593 4318 3750 4385 4951,
3786 4325 3835 4373 et

2264 4387 2383 4460 Vat.
2417 4390 2547 4460 Reg.
2584 4389 2707 4446 559.

2338 4459 2367 4496 i'
2389 4458 2523 4516 Cod'.
2562 4461 2677 4517 Vat.
2716 4458 2872 4529 1269,
2903 4478 3021 4516 ιένα
3044 4468 3120 4516 est
3151 4477 3307 4516 mors.

2332 4531 2347 4582 i
2404 4531 2573 4587 Codd.
2617 4532 2730 4587 citt.
2773 4530 2830 4586 8.
2860 4524 3060 4586 "Crucis
3100 4532 3153 4586 in
3190 4530 3326 4598 Jer.,
3367 4532 3696 4598 constringit.
3746 4524 3835 4591 Qui

2332 4547 2347 4582 ι
2404 4547 2573 4587 noon.
2617 4547 2730 4587 cut.
2773 4547 2830 4586 8.
2870 4547 3060 4586 uructs
3100 4548 3153 4586 tn
3190 4547 3326 4598 δατ..
3367 4547 3600 4586 construi
3661 4547 3696 4583 ι.
3746 4547 3832 4591 uin

2256 4605 2491 4672 quamvis
2533 4604 2697 4657 rirere
2734 4602 2987 4667 tideatur,
3018 4609 3123 4657 etc.
3155 4601 3292 4658 Cod.
3341 4600 3460 4657 Vat.
3495 4547 3656 4667 1263:
3692 4598 3832 4654 morti

2257 4674 2372 4744 jam
2402 4673 2617 4744 ridetur.

570 4736 701 4819 sculi.
735 4735 1142 4819 splendidissimi
1177 4737 1356 4819 specie.
1383 4730 1527 4802 ilum,
1566 4745 1670 4819 etc.
1701 4735 1835 4819 Cod.
1862 4754 1999 4819 vero
2027 4737 2149 4794 Vat.
2180 4730 2234 4790 D
2257 4730 2278 4744 ’
2394 4742 2529 4819 Cod.
2559 4741 2684 4819 Vat.
2716 4741 2871 4819 1
2898 4742 3141 4819 natalitia
3164 4758 3276 4797 esse
3295 4741 3463 4796 hodie.
3520 4748 3533 4755 ‘

572 4804 731 4871 L951,
765 4804 891 4873 qua:
930 4804 1240 4877 Ecclesiain
1280 4807 1418 4877 illius
1455 4808 1652 4861 uasculi
1689 4808 2018 4871 splendidum
2045 4826 2155 4864 mo-

574 4877 714 4949 dum,
755 4891 858 4949 non
902 4875 1095 4949 habens
1124 4875 1381 4949 maculam
1404 4892 1565 4949 neque
1584 4894 1791 4949 rugam,
1812 4879 1959 4934 lintei
1988 4882 2156 4933 nitore

576 4945 882 5051 resplendet.
916 4944 981 4998 In
1000 4961 1101 5017 quo
1130 4946 1372 5016 primum,
1404 4944 1511 5002 etc.

726 5016 843 5051 .Inm
870 5014 971 5051 ma
1028 5014 1123 5051 Vas
1178 5012 1304 5051 sum
1358 5033 1511 5051 mm...

702 5013 844 5086 idem
870 5014 991 5086 eod.
1014 5012 1333 5086 'VatLA4951,
1357 5033 1572 5086 quorum
1601 5019 1831 5073 colimus.

649 5094 673 5122 θ
703 5083 838 5137 Cod.
879 5085 995 5138 citt.
1036 5084 1093 5137 S.
1134 5082 1321 5141 Crucis
1346 5082 1399 5140 in
1441 5085 1573 5152 Jer.,
1600 5089 1710 5142 sed.
1735 5090 1923 5143 renati.
1967 5088 2153 5144 Virum

573 5153 749 5228 plane,
771 5154 891 5225 quia
907 5156 1214 5228 participes,
1256 5164 1360 5212 etc.
1393 5156 1468 5211 Ita
1497 5167 1553 5213 et
1572 5159 1692 5228 cod.
1721 5159 1844 5213 Vat.
1872 5158 2028 5221 1269,
2060 5162 2150 5228 qui

575 5224 979 5297 utnittit'verha
1001 5226 1085 5297 qui
1108 5224 1235 5297 rita
1261 5237 1338 5281 est
1375 5230 1621 5283 omnium.
1653 5224 1789 5283 Cod.
1835 5230 1954 5285 Vat.
1987 5224 2159 5296 4951,-

575 5295 666 5349 sed
704 5296 897 5376 renati.
939 5293 1465 5376 Viuuntplanefetc.
1500 5297 1741 5363 Quamvis
1770 5302 1905 5354 enim
1935 5293 2153 5376 corpora

574 5366 809 5442 uassioni
852 5375 1086 5442 cessent,
1121 5368 1431 5442 interruptus
1468 5380 1635 5442 tamen
1669 5386 1771 5424 non
1800 5382 1876 5425 est
1904 5366 2046 5442 rigor
2078 5372 2153 5425 ri-

577 5437 745 5510 rendi.
774 5435 978 5510 largiter
1002 5438 1147 5510 enim
1172 5446 1222 5491 et
1242 5435 1352 5510 Deo
1376 5440 1592 5510 gratias,
1619 5448 1724 5495 etc.

653 5507 673 5583 l
700 5505 870 5583 Codd.
900 5505 957 5561 S.
991 5507 1180 5583 Crucis
1208 5510 1262 5563 in
1288 5505 1422 5583 left,
1450 5518 1527 5583 est
1547 5505 1673 5583 (πάρ
1703 5510 2150 5583 tiuertdi._{ugiter

576 5580 715 5647 enim
738 5588 787 5632 et
806 5576 935 5642 Deo,
960 5585 1063 5647 etc.
1095 5578 1172 5633 Ita
1199 5588 1253 5633 et
1272 5578 1431 5634 codd.
1461 5578 1495 5631 4
1517 5580 1607 5633 cit.
1631 5578 1687 5633 8.
1713 5578 1902 5635 Crucis
1925 5576 2143 5647 Midon,

580 5642 704 5705 Vat.
735 5647 891 5712 1269,
922 5646 1055 5701 1277
1085 5655 1142 5703 et
1169 5649 1290 5703 Vat.
1327 5648 1459 5716 Reg.
1491 5648 1613 5702 529.

650 5716 838 5790 γοοδ.
869 5717 1005 5790 Vat_._
1030 5717 1189 5790 4951,
1221 5720 1388 5790 magis
1414 5719 1607 5773 harent
1640 5720 1863 5786 Christo,
1886 5731 2015 5784 etc.,
2050 5724 2149 5777 dis-

578 5787 705 5843 solvi
725 5798 774 5840 et
802 5803 916 5840 cum
944 5784 1148 5859 Christo
1176 5784 1289 5842 esse
1309 5784 1470 5843 multo
1491 5791 1689 5859 melius,
1717 5800 1823 5846 etc.

2343 4812 2351 4847 '
2397 4812 2529 4883 Cod.
2559 4811 2678 4867 Vat.
2710 4812 2867 4875 6151,
2895 4815 3057 4883 potuit
3081 4828 3193 4883 pro_
3206 4822 3389 4883 potest.

2331 4894 2368 4921 ιιι
2412 4881 2645 4953 Uterque
2668 4884 2787 4938 cod.
2812 4882 2869 4937 8.
2892 4880 3149 4940 Πι-ιιοίδῖη
3169 4880 3469 4953 {erusalem
3495 4900 3508 4935 :
3536 4880 3834 4953 mirohiligys

2265 4952 2409 5007 Petri
2434 4948 2595 5007 uirtus
2620 4963 2713 5018 est,
2737 4963 2787 5007 et
2805 4956 2859 5008 in
2881 4954 3031 5019 ﬁnes,
3048 4962 3152 5009 etc.
3168 4950 3337 5008 Codd.
3357 4953 3520 5008 etiam
3546 4953 3659 5007 Vat.
3683 4948 3831 5012 1269,

2261 5023 2415 5097 12777,
2440 5021 2574 5097 4951
2600 5032 2655 5079 et
2687 5023 2844 5097 6151.
2870 5020 3003 5078 Cod.
3029 5038 3159 5079 vero
3178 5021 3370 5078 Vallic.
3394 5022 3441 5077 Α
3459 5021 3514 5097 9,
3540 5020 3832 5078 mirabilius

2259 5092 2404 5148 Petri
2427 5096 2585 5148 virtus
2612 5094 2789 5148 audita
2817 5102 2912 5149 est.

2327 5174 2353 5201 τι
2378 5164 2610 5245 Ιηροόᾱ.
2637 5163 2693 5219 8.
2717 5163 2905 5221 Crucis
2925 5166 2979 5219 in
2999 5163 3111 5245 Jer.
3140 5164 3465 5220 omittuntur
3488 5163 3648 5220 verba
3661 5163 3827 5215 beatus

2255 5235 2537 5306 apostolus.
3074 5238 3077 5245 '
3563 5246 3571 5255 -

2261 5374 2267 5379 I
2328 5317 2365 5388 °A
2390 5304 2528 5388 Co_d.
2570 5304 2958 5388 Vat.__6451_et
2978 5303 3143 5388 4951,
3183 5313 3342 5388 eaea;
3370 5306 3561 5388 matris
3586 5318 3686 5359 sua
3713 5300 3830 5354 olim

2255 5375 2426 5431 uentre
2441 5378 2555 5449 jam
2584 5376 2755 5444 debili,
2789 5379 2973 5448 pedum
2999 5377 3277 5431 restituerit
3305 5375 3627 5447 ﬁrmitatem.

2328 5459 2355 5497 ρ
2383 5446 2517 5502 Cod.
2544 5445 2751 5502 Casin..
2773 5456 2823 5502 et
2850 5448 2984 5502 auod
3011 5448 3142 5502 nati.
3172 5453 3278 5502 etc.

2429 5463 2517 5502 ou.
2544 5463 2751 5515 casum,
2773 5463 2823 5503 et
2850 5463 2983 5515 quoa
3011 5463 3142 5515 nats,
3172 5463 3278 5502 etc.

2328 5467 2355 5497 Ρ
2383 5467 2517 5502 υοα.
2544 5467 2751 5518 υόὃιηυ,
2773 5467 2823 5503 ει
2850 5467 2983 5521 quoa
3011 5467 3142 5515 tum,
3172 5467 3278 5502 CIC.

2328 5528 2354 5567 (ι
2378 5518 2528 5573 ϐοὰ.
2559 5518 2616 5571 8.
2652 5517 2841 5574 Crucis
2886 5519 2939 5573 in
2984 5517 3094 5573 Jer.
3126 5526 3182 5574 et
3218 5517 3308 5573 alii
3354 5517 3472 5573 citt.
3502 5513 3827 5582 codd.,~CutII

2257 5587 2553 5659 enim_idem
2570 5588 2786 5659 claudus
2803 5590 3003 5659 stipem,
3028 5599 3134 5645 etc.

2332 5669 2353 5696 τ
2394 5657 2452 5713 ln
2481 5658 2641 5715 codd.
2671 5660 2729 5715 8.
2754 5655 2941 5716 Crucis
2969 5661 3022 5714 in
3057 5659 3165 5715 Jer.
3190 5667 3245 5715 et
3274 5659 3327 5715 in
3356 5659 3480 5715 Vat.
3514 5657 3646 5714 1269
3679 5655 3831 5712 deest

2256 5743 2363 5785 vox
2385 5728 2666 5796 apostolus.
