4052 6330
223 292 326 353 675

1560 285 1789 342 SERMO
1826 285 2005 342 LXIX.

3379 288 3492 349 674

223 407 313 462 hoc
332 402 417 457 tibi
442 400 541 455 do:
572 398 637 453 In
661 401 867 456 nomine
884 400 1097 457 Domini
1116 403 1281 459 nostri
1298 401 1424 457 Iesu
1454 376 1648 457 Christi
1678 399 1798 456 Na-
1822 406 1879 467 Α
1902 402 2031 458 licet
2052 402 2106 457 in
2133 402 2355 473 singulis
2401 404 2580 471 fuerit.
2633 413 2810 463 tamen
2851 403 2865 443 ί
2894 412 3093 477 quanta
3150 407 3347 466 referta
3398 418 3491 471 est

227 496 392 552 sereni
413 510 565 566 surge
589 502 640 547 et
667 494 872 549 ambula
896 494 1035 566 (Act.
1066 495 1167 566 tu).
1192 496 1357 553 Beata
1379 495 1539 567 plane
1558 495 1798 565 largitas,

222 604 334 659 qua:
345 584 545 658 petenti
560 592 839 655 argentum
850 586 1188 657 quidetu_nou
1199 587 1447 654 contulit,
1466 586 1558 643 sed
1573 588 1803 644 contulit

223 678 531 738 sanitatem!
563 677 728 734 Beata
759 679 996 750 largitas,
1025 696 1145 752 quae
1178 676 1249 736 de
1272 682 1538 738 thesauris
1568 691 1802 739 “aurum

222 789 324 830 non
361 769 600 842 protulit,
644 770 741 826 sed
768 769 797 811 ιι
827 772 1051 842 protulit
1092 772 1446 829 medicinam!
1480 774 1679 829 Beatus
1720 782 1804 830 est

221 864 306 920 ille
333 861 572 930 claudus,
602 862 692 933 qui
719 861 847 917 dum
868 863 1063 933 stipem
1080 864 1275 934 quaerit
1300 865 1561 935 pecunia),
1590 866 1804 923 divitias

220 954 595 1013 incolumitatis
612 956 839 1026 accepit.
864 954 981 1012 Hoc
1008 957 1152 1012 enim
1177 957 1245 1012 ab
1266 958 1526 1029 apostolis
1544 957 1801 1015 donatum

190 1062 193 1065 '
221 1047 428 1111 meruit,
458 1045 603 1115 quod
633 1046 791 1101 nullis
813 1047 1082 1102 thesauris
1103 1063 1133 1102 a
1159 1048 1382 1105 medicis
1406 1049 1675 1105 redimere
1700 1066 1801 1120 po-

220 1145 420 1199 tuisset.
455 1154 477 1181 ο
521 1139 759 1196 Primum
787 1156 917 1212 ergo
964 1142 1178 1211 signum
1208 1142 1534 1198 mirabilium
1581 1159 1801 1199 suorum

220 1235 404 1291 Petrus
460 1232 618 1300 iecit,
670 1232 864 1289 claudo
917 1233 1114 1304 pedum
1162 1233 1500 1290 restituendo
1550 1235 1795 1304 vestigia.

216 1326 449 1382 Diximus
499 1324 1028 1396 frequenter.ipsum
1077 1324 1293 1381 Petrum
1341 1334 1550 1396 petram
1581 1328 1800 1399 578a

214 1423 436 1479 Domino
458 1428 853 1491 nuncupatum,
885 1420 1023 1476 sicut
1048 1420 1123 1475 ait
1147 1437 1161 1473 :
1197 1419 1273 1497 Tu
1302 1437 1357 1475 es
1384 1419 1567 1475 Petrus
1587 1464 1602 1490 ,
1632 1430 1683 1475 et
1710 1438 1800 1475 su-

213 1532 300 1589 per
345 1513 476 1567 hanc
509 1521 708 1584 petram
734 1510 1003 1582 aediﬁcabo
1039 1510 1332 1567 Ecclesium
1375 1528 1541 1566 meam
1583 1510 1797 1582 (Matth.

202 1605 338 1673 -xvr).
362 1602 418 1661 Si
445 1617 584 1673 ergo
612 1601 805 1659 Petrus
830 1610 985 1673 petra
1011 1610 1096 1658 est
1121 1602 1145 1640 ά
1178 1618 1342 1673 supra
1369 1617 1530 1673 quam
1565 1588 1800 1658 aediﬁca-

211 1706 294 1754 tur
312 1697 582 1761 Ecclesia,
610 1703 760 1752 recte
789 1696 938 1766 prius
960 1694 1129 1766 pedes
1154 1704 1328 1762 sanat,
1360 1694 1579 1750 utsicut
1609 1694 1664 1748 in
1693 1692 1798 1750 Ec-

1902 496 2087 565 gratia:
2110 498 2432 553 sanctitate?
2457 498 2591 554 Nam
2621 498 2813 557 Petrus
2831 501 3030 571 crucis,
3054 502 3196 560 sicut
3213 502 3483 575 Salvator,

1902 589 2105 644 exitum
2130 589 2144 641 i
2176 589 2318 658 tulit,
2346 597 2402 644 et
2428 589 2709 647 dominica:
2743 591 3051 650 devotionis
3077 595 3429 654 similitudine
3455 595 3485 639 ι

1903 696 2003 736 nec
2024 682 2077 736 in
2105 689 2281 738 morte
2307 681 2580 755 disceptus
2604 694 2717 751 est;
2739 685 2943 742 scilicet
2966 694 3026 741 ut
3051 701 3213 759 quem
3239 687 3489 747 imitaba-

1905 782 1992 829 tur
2020 771 2140 841 ﬁdc,
2190 775 2493 832 imitaretur
2513 784 2569 833 et
2597 779 2866 848 passione.
2904 781 2980 836 De
3011 778 3162 837 Pauli
3188 798 3321 840 vero
3367 801 3490 844 cer-

1905 868 2042 933 vice,
2066 883 2187 923 cum
2218 868 2231 906 ι
2269 884 2389 924 eam
2417 878 2730 940 persecutor
2748 870 2924 939 gladio
2946 874 3332 944 percussisset,
3354 870 3490 935 dici-

1904 969 1992 1016 tur
2021 957 2237 1015 ﬁuxisse
2266 960 2437 1029 magis
2456 960 2609 1016 lactis
2625 960 2765 1015 unda
2794 976 2955 1032 quam
2983 964 3286 1034 sanguinis;
3310 974 3368 1024 et
3393 967 3491 1024 mi-

1904 1064 2023 1105 rum
2054 1050 2108 1105 in
2137 1050 2360 1106 modum
2387 1050 2444 1106 8.
2476 1051 2793 1122 Apostolum
2818 1052 3068 1123 baptismi
3087 1057 3258 1125 gratia
3296 1059 3350 1115 in
3372 1059 3491 1131 ipsa

1905 1141 2066 1215 579
2089 1142 2240 1199 caede
2259 1143 2529 1200 exstitisse
2553 1144 2891 1215 splendidum
2915 1147 3095 1216 potius
3112 1165 3274 1221 quam
3296 1166 3493 1209 cruel].

1905 1244 2038 1316 tum.
2072 1236 2201 1305 Quae
2230 1237 2445 1307 quidem
2472 1253 2561 1294 res
2601 1238 2654 1293 in
2688 1237 2745 1293 8.
2773 1235 2942 1301 Paulo
2965 1242 3228 1311 stupenda
3256 1258 3364 1298 non
3385 1251 3491 1300 est.

1902 1329 2042 1397 Quid
2062 1329 2206 1385 enim
2235 1330 2428 1386 mirum
2458 1330 2503 1385 si
2548 1329 2786 1387 abundat
2813 1330 2954 1387 lacte
2980 1340 3020 1369 ω
3041 1334 3275 1389 nutritor
3303 1333 3491 1391 Eccle-

1902 1421 2015 1487 siae,
2042 1422 2183 1477 sicut
2212 1423 2325 1494 ipse
2354 1422 2420 1478 ad
2439 1422 2747 1479 Corinthios
2779 1441 2791 1477 :
2836 1423 2944 1478 Lac
2981 1423 3122 1479 vobis
3151 1435 3327 1496 potum
3345 1428 3487 1496 dedi,

1903 1529 2008 1568 non
2033 1530 2204 1568 escam
2230 1513 2286 1585 (l
2309 1512 2428 1571 Cor.
2454 1516 2553 1585 Ill).
2578 1514 2704 1572 Haec
2730 1523 2812 1571 est
2851 1516 3011 1587 plena
3057 1517 3493 1586 repromissionis

1904 1604 1993 1659 illa
2022 1613 2166 1661 terra
2214 1621 2379 1675 quam
2416 1606 2662 1677 patrihus
2705 1606 2905 1664 nostris
2929 1606 3177 1678 promisit
3222 1605 3380 1673 Deus,
3411 1608 3494 1664 di-
3539 1671 3548 1683 ι

1903 1711 2065 1751 cens:
2099 1695 2248 1751 Dabo
2271 1695 2411 1751 vobis
2442 1705 2631 1752 terram
2658 1698 2902 1768 ﬂuentem
2927 1698 3007 1752 lac
3042 1705 3090 1754 et
3121 1697 3218 1753 mel
3238 1707 3263 1734 "
3293 1696 3490 1771 (Exod.

210 1790 368 1849 clesia
390 1778 962 1844 ﬁdei‘l‘undament'um
1000 1787 1264 1855 continuet,
1294 1786 1368 1842 ita
1399 1793 1454 1842 et
1492 1787 1545 1842 in
1585 1786 1804 1841 homine
1828 1786 1879 1847 Β
1907 1788 2007 1858 nt).
2030 1787 2147 1843 Non
2178 1787 2322 1843 enim
2351 1788 2418 1843 de
2444 1788 2545 1843 hac
2577 1796 2716 1843 terra
2746 1788 2957 1844 locutus
2980 1797 3065 1845 est
3081 1803 3202 1859 qute
3226 1787 3493 1844 mananti-

209 1881 581 1940 membrorum
609 1876 963 1935 fundamenta
1007 1877 1292 1934 conﬁrmet
1322 1897 1335 1931 :
1360 1886 1532 1946 recte,
1563 1878 1801 1947 inquam,

206 1976 430 2048 primum
451 1974 518 2029 in
546 1971 857 2029 Christiano
882 1970 1050 2042 pedes
1076 1979 1250 2038 curat,
1280 1978 1340 2026 ut
1355 1970 1470 2040 jam
1495 1987 1604 2038 npn
1632 1971 1803 2040 trepi-

208 2068 320 2134 dus,
374 2081 485 2121 nec
541 2063 822 2120 imbecillis
869 2063 1041 2134 possit
1086 2078 1249 2134 supra
1293 2070 1502 2134 petram
1555 2060 1806 2118 Ecclesia:

204 2168 363 2223 stare,
392 2156 501 2213 sed
548 2155 825 2221 robustus,
856 2162 914 2209 et
962 2153 1115 2213 fortis
1155 2154 1422 2210 incedere.
1475 2151 1577 2208 Ubi
1623 2162 1805 2210 autem

207 2248 366 2305 verba
395 2245 562 2303 Pauli
585 2260 691 2302 non
722 2244 1005 2314 leguntur?
1032 2243 1163 2310 Quis
1204 2244 1357 2299 locus
1377 2258 1440 2298 ea
1471 2242 1663 2299 litteris
1696 2259 1807 2299 non

205 2343 467 2407 inscribit,
530 2340 697 2398 corde
737 2340 963 2407 retinet,
1013 2340 1427 2397 conversatione
1475 2340 1807 2397 custodivit?

205 2433 303 2502 Qui
350 2433 567 2491 Paulus
592 2448 624 2487 a
667 2431 896 2488 Domino
923 2446 1020 2487 vas
1057 2431 1337 2487 electionis
1363 2439 1450 2488 est
1478 2432 1803 2489 nominatus.

202 2526 409 2583 Bonum
430 2539 560 2591 vas,
579 2521 632 2578 in
659 2538 768 2594 quo
793 2522 1031 2594 pretiosa
1058 2520 1434 2578 mandatorum
1456 2520 1656 2578 Christi
1676 2536 1809 2592 pra:-
1834 2586 1835 2589 η

202 2625 354 2690 cepta
383 2615 704 2675 conduntur
734 2632 748 2669 :
798 2614 1002 2670 bonum
1030 2628 1148 2681 vas,
1180 2612 1248 2669 de
1293 2612 1446 2683 cujus
1464 2612 1811 2684 plenitudine

200 2692 516 2768 substantia
542 2707 667 2763 vita:
689 2706 902 2779 populis
929 2721 1146 2777 semper
1173 2713 1428 2774 erogatur
1444 2746 1460 2772 ,
1490 2713 1548 2761 et
1587 2706 1807 2776 plenum

201 2810 301 2859 est.
326 2799 558 2873 Optima
587 2798 956 2871 apostolorum
984 2797 1226 2863 nomina,
1257 2804 1432 2868 petra,
1447 2804 1504 2854 et
1529 2783 1807 2855 vasculum

200 2894 520 2952 necessaria
539 2890 720 2947 domui
744 2888 1060 2946 Salvatoris.
1087 2900 1110 2927 ε
1135 2888 1335 2946 Domus
1358 2889 1502 2945 enim
1531 2896 1808 2959 petrarum

188 2987 533 3045 Jortitudine
558 2984 906 3047 construitur,
939 2983 1170 3038 utilitate
1194 2983 1339 3039 vasis
1366 2991 1608 3039 ornatur.
1647 2982 1807 3041 Petra

203 3082 269 3139 ad
294 3080 637 3147 ﬁrmitatem,
661 3093 730 3135 ne
753 3078 1022 3144 labantur,
1039 3086 1310 3135 sustentat
1330 3079 1591 3150 populos;
1622 3095 1718 3135 vas
1738 3080 1805 3134 ad

1905 1877 2007 1933 bus
2025 1877 2186 1957 aquis
2213 1892 2426 1934 omnum
2469 1877 2715 1946 involvit,
2742 1878 3022 1949 lutumque
3048 1877 3371 1948 permiscet,
3399 1878 3494 1934 sed

1914 1973 1984 2031 de
2014 1974 2103 2030 illa
2133 1981 2277 2031 terra
2324 1972 2495 2039 Pauli,
2546 1981 2603 2028 et
2629 1973 2881 2032 similium
2928 1971 3101 2039 Pauli,
3133 1987 3253 2042 qua:
3295 1972 3495 2043 jugiter

1906 2054 2101 2156 purum
2129 2080 2402 2134 suaveque
2430 2065 2673 2121 distillat.
2698 2063 2828 2131 Quae
2852 2068 2996 2120 enim
3024 2063 3183 2119 Pauli.
3207 2073 3232 2102 ο
3264 2064 3493 2135 epistola
3590 2106 3595 2111 .

1908 2154 2017 2214 non
2045 2157 2206 2213 melle
2234 2156 2447 2212 dulcior
2466 2163 2568 2220 est,
2614 2156 2757 2212 lacte
2784 2154 3067 2211 candidior
3086 2159 3109 2210 ‘t
3130 2154 3261 2221 Qua:
3287 2156 3495 2227 episto-
3608 2202 3615 2207 .

1908 2249 1992 2317 he,
2023 2256 2279 2318 tanquam
2327 2258 2352 2297 P
2384 2246 2573 2312 ubera,
2596 2244 2957 2302 Ecclesiarum
2981 2244 3209 2315 populos
3250 2245 3497 2311 nutriunt

1908 2339 1981 2400 ad
2006 2339 2362 2397 s‘alutem‘lDe
2381 2338 2596 2395 cervice
2623 2350 2752 2406 ergo
2784 2336 3030 2408 Apostoli
3052 2346 3080 2387 ιι
3108 2352 3209 2407 pro
3236 2336 3498 2406 sanguine

1909 2430 1992 2487 lac
2018 2431 2277 2485 manavit.
2319 2428 2572 2499 Legimus
2621 2438 2643 2467 ι
2677 2428 2729 2483 in
2759 2427 2988 2499 epistola
3042 2427 3225 2499 ipsius,
3256 2415 3498 2501 quoniam

1909 2541 2031 2580 caro
2051 2533 2102 2579 et
2120 2524 2333 2597 sanguis
2355 2538 2567 2595 regnum
2589 2520 2686 2576 Dei
2707 2538 2813 2578 non
2832 2519 3165 2591 possidebunt
3195 2519 3250 2595 (1
3267 2518 3387 2577 Cor.
3415 2523 3495 2594 v).

1908 2617 2026 2675 iam
2054 2618 2218 2696 igitur
2246 2617 2446 2673 Paulus
2489 2615 2734 2687 possidet
2774 2630 3019 2687 regnum,
3052 2613 3216 2687 580
3240 2615 3499 2684 quoniam

1913 2719 1935 2749 ³
1965 2718 2118 2766 caret
2145 2708 2425 2778 sanguine,
2458 2707 2550 2779 qui
2579 2707 2840 2779 impedire
2866 2707 3064 2763 dicitur
3093 2709 3111 2743 ι
3155 2715 3497 2775 regnatur-os.

1911 2803 2101 2859 Adhuc
2127 2816 2258 2872 ergo
2287 2800 2486 2858 Paulus
2524 2801 2580 2856 in
2611 2800 2773 2857 terris
2800 2800 3008 2870 positus
3027 2808 3056 2836 ιι
3077 2800 3240 2856 etiam
3266 2800 3322 2855 in
3347 2802 3499 2871 regni

1909 2895 2149 2953 caelestis
2189 2893 2549 2950 substantiam
2605 2891 3041 2949 translormatur.
3077 2902 3103 2931 ν
3132 2892 3278 2961 Ideo,
3309 2894 3502 2953 fratres

1909 2990 2195 3055 carissimi,
2227 2989 2657 3061 quotiescunque
2681 2997 2979 3061 martyrum
3004 2996 3029 3025 ι
3045 2990 3338 3045 memorias
3365 2991 3501 3047 cele-

1910 3084 2153 3151 bramus,
2204 3082 2578 3154 praetermissis
2598 3082 2847 3138 omnibus
2896 3081 3079 3139 saeculi
3124 3083 3353 3150 actibus,
3384 3085 3502 3141 sine

200 3174 541 3240 custodiam,
584 3185 651 3226 ne
688 3178 983 3237 tententur,
1026 3170 1205 3241 operit
1244 3169 1597 3227 Christianos.
1622 3152 1655 3210 ’ί
1687 3171 1806 3229 Exi-
1832 3167 1879 3231 C
1914 3176 2092 3246 aliqua
2148 3152 2410 3230 dilatione
2453 3184 2481 3223 γ
2511 3188 2837 3230 concurrere
2876 3171 3134 3229 debemus
3186 3173 3255 3228 ad
3281 3174 3501 3230 domum

198 3273 286 3323 tus
322 3282 461 3323 vero
503 3279 693 3320 eorum
740 3261 809 3317 de
841 3261 947 3317 hoc
977 3262 1174 3317 saeculo
1213 3276 1373 3331 quam
1407 3263 1594 3319 beatus
1625 3265 1802 3332 fuerit,

200 3374 364 3415 nemo
395 3365 486 3415 est
505 3355 597 3428 qui
625 3354 848 3411 nesciat.
879 3352 1012 3408 Nam
1035 3354 1210 3424 prima
1238 3353 1354 3409 haec
1382 3365 1407 3403 ε
1431 3356 1484 3410 in
1509 3355 1610 3411 illis
1630 3357 1803 3413 beati-

198 3450 333 3507 tudo
382 3457 495 3515 est,
516 3445 663 3519 quod
692 3445 852 3501 ambo
881 3460 987 3500 una
1016 3444 1103 3500 die
1131 3445 1272 3515 passi
1320 3460 1439 3502 esse
1487 3455 1804 3517 noscuntur,

196 3542 436 3610 scilicet,
480 3524 552 3595 'ut
580 3552 717 3609 quos
743 3552 848 3593 una
898 3535 1029 3593 ﬁdes
1062 3536 1284 3592 servitio
1329 3537 1663 3606 devinxerat,
1698 3557 1803 3596 una

195 3634 313 3693 dies
343 3632 617 3707 martyrio
637 3637 940 3688 coronaret.
960 3626 989 3668 ξι
1010 3628 1212 3684 Deinde
1231 3629 1346 3701 ipsa
1367 3629 1566 3701 passio,
1590 3632 1800 3691 diversa

269 3774 466 3859 περᾷ.
499 3771 622 3827 Vat.
653 3766 816 3859 aliqui
837 3781 1042 3829 aurum,
1070 3764 1159 3819 alii
1187 3774 1456 3836 argentum
1482 3779 1722 3838 ponunt;
1747 3772 1803 3829 in

112 3890 128 3906 .
190 3847 435 3916 reliquis
460 3847 807 3923 conveniunt.
848 3906 859 3918 .
1173 3905 1183 3917 .
1540 3910 1551 3922 ο

264 3916 293 3954 ι’
326 3913 513 3971 Codd.
545 3912 602 3967 8.
634 3909 821 3967 Crucrs
846 3921 901 3960 in
929 3903 1039 3960 Jer.
1075 3911 1333 3967 omittunt
1359 3910 1595 3977 protulit,
1616 3918 1672 3967 et
1696 3913 1798 3969 ha-

92 3992 94 4001 ’
187 3987 331 4049 bent
363 3984 467 4041 sed
495 3982 821 4038 medicinam.

268 4071 294 4099 ο
330 4056 520 4111 Aliter
546 4053 776 4108 habetur
803 4053 891 4108 hic
918 4053 1067 4109 locus
1104 4051 1159 4105 in
1187 4045 1308 4102 c‘od.
1359 4046 1417 4102 8.
1449 4048 1638 4106 Crucis
1667 4050 1798 4109 Min.

185 4134 245 4190 ίη
301 4129 555 4184 Lauren.
603 4122 717 4178 scil.
750 4121 987 4179 Primum
1037 4139 1161 4190 ergo
1215 4118 1419 4189 signum
1468 4121 1800 4189 mirabiltum,

182 4201 338 4277 quasi
369 4193 1039 4277 beatus'aposto‘luslfecit,‘
1061 4190 1472 4277 claudopedum
1520 4194 1805 4277 restituisse

181 4261 426 4338 inuata
464 4261 715 4338 dicimus-
746 4261 979 4338 Αιίιέἱξέίε
1007 4261 1302 4338 tum!!!"
1344 4262 1512 4338 ipsum
1570 4261 1802 4338 Petrum.

184 4352 303 4402 etc.
327 4332 430 4394 'lta
463 4336 625 4392 etiam
657 4335 772 4392 Vat.
806 4334 976 4403 4951,
1007 4332 1113 4406 qui
1151 4342 1328 4388 tamen
1376 4333 1537 4388 habet
1577 4332 1804 4392 diximus

184 4410 627 4489 ιπριέίσίΜξκ.
774 4462 921 4489 ιη...
998 4408 1003 4412 ’
1412 4483 1421 4489 .
1639 4432 1661 4489 .7

262 4483 292 4524 ὁ
322 4479 478 4539 Cod.
509 4477 750 4541 Vatican.
792 4474 953 4546 4951,
976 4494 1130 4549 super
1159 4492 1312 4549 quam
1339 4483 1542 4547 petram
1568 4477 1800 4548 tediﬁca-

190 4568 303 4625 tur,
341 4561 463 4625 etc.

269 4616 301 4666 °’
342 4618 618 4709 (πρός-βο
648 4616 1889 4709 2'9???i9-59“;2_€ili.§;-9".‘!§§szHM?.D

189 4696 368 4754 Laur.
404 4692 575 4750 habet
606 4709 619 4744 :
650 4689 848 4745 Domus
873 4691 1008 4744 enim
1029 4689 1349 4758 fortitudinis
1373 4698 1519 4758 petra
1547 4688 1809 4758 constitui-

191 4779 304 4846 tur,
339 4765 621 4846 utilitate,‘
643 4771 749 4846 etc.
796 4758 967 4846 Codd.
989 4755 1505 4846 ‘Vatr.rﬁl§i,l}1951
1538 4768 1592 4811 et
1636 4756 1800 4822 1277,

190 4831 411 4896 Domus
431 4836 574 4890 enim
595 4831 895 4903 fortitudine
921 4838 1080 4899 petra:
1106 4831 1446 4883 constituitur.

276 4909 297 4949 ί
345 4906 494 4964 Cod.
527 4904 647 4959 Vat.
692 4899 851 4970 i277,
876 4899 1124 4955 Intioitus
1152 4914 1269 4953 rero
1293 4914 1489 4965 eorum,
1510 4913 1664 4969 quam
1693 4897 1812 4953 bea-S

190 4993 276 5039 tu;
311 4977 511 5055 fuerit,
525 4991 691 5055 gemo
716 4981 791 5055 est
818 4973 907 5055 (ηεξ
935 4971 1152 5055 ηιιειεξιιιζ
1170 4976 1276 5055 etc.
1358 5037 1400 5055 υ
1584 5040 1592 5049 ⁸

198 5037 324 5137 ...β’
338 5037 508 5137 ρο6ί
524 5044 582 5137 SJ.
607 5042 814 5137 Crucis:
833 5037 1033 5098 Minor.
1058 5041 1109 5096 in
1130 5039 1317 5104 Laur.,
1346 5037 1491 5095 Nam
1511 5040 1681 5111 prima
1701 5038 1811 5095 haec

192 5124 306 5179 illis
333 5117 614 5176 beatitudo
636 5123 731 5179 est,
756 5123 860 5170 etc.

271 5194 300 5232 ιι
346 5189 498 5247 Cod.
523 5186 711 5242 Vallic.
744 5185 789 5239 A
808 5184 861 5251 9,
888 5183 1088 5238 Deinde
1123 5182 1239 5236 licet
1249 5182 1374 5252 ipsa
1411 5182 1585 5252 passio
1610 5180 1813 5252 diversa

192 5270 252 5322 in
283 5260 529 5335 singulis
553 5259 727 5335 fuerit,
758 5250 862 5335 etc.
894 5254 1188 5335 Cod-vero
1230 5250 1437 5335 Casm,
1468 5250 1813 5335 Deindellice‘t

194 5321 322 5409 ipsa
353 5321 765 5409 p'assio'diuersa
785 5327 836 5379 in
867 5324 1488 5409 singulisnfuet'itt'tame‘n
1500 5321 1711 5409 “aequali
1735 5323 1813 5391 ef-

195 5390 479 5480 fecta'est
519 5401 701 5480 gratia:
751 5390 1041 5480 sanctittite.
1277 5392 1394 5447 Vat.
1426 5390 1592 5458 6451,
1638 5390 1809 5446 tamen

196 5472 442 5559 "(aqualis
462 5473 666 5559 Ireterta
680 5477 779 5559 ﬁt,
790 5472 971 5559 gratia.
988 5472 1310 5559 sanctitatis.‘
1390 5487 1397 5494 ι

286 5548 300 5586 ⁸
351 5540 501 5599 Cod.
532 5537 653 5597 Vat.
680 5537 837 5602 6451,
863 5545 1007 5590 tanta
1035 5551 1134 5605 pro
1153 5544 1365 5604 quanta.

285 5620 299 5670 i
357 5615 517 5670 Idem
543 5612 664 5669 cod.
689 5610 807 5664 Vat.
833 5607 991 5671 6451,
1014 5607 1205 5676 exitum
1235 5604 1460 5676 pertulit.

280 5690 309 5727 ιί
356 5684 534 5742 [idem
563 5682 718 5739 codd.
752 5680 871 5736 Vat.
897 5677 1029 5732 6451
1072 5684 1127 5732 et
1154 5674 1355 5740 CaSin.,
1395 5692 1486 5730 nec
1515 5683 1674 5730 morte
1702 5674 1811 5728 dis-

199 5770 392 5820 cretus
416 5764 517 5811 est.
542 5754 672 5835 Cod.
698 5752 815 5808 Vat.
839 5748 997 5807 4951.
1016 5766 1107 5805 nec
1128 5756 1289 5803 morte
1305 5747 1541 5816 deceptus
1555 5754 1649 5803 est.
1675 5744 1807 5802 Cod.

1918 3268 2031 3332 Dei,
2061 3267 2294 3324 reddere
2313 3266 2420 3322 illis
2444 3262 2911 3321 honoriﬁcentiam
2928 3306 2944 3332 ,
2970 3264 3065 3334 qui
3093 3264 3248 3321 nobis
3272 3265 3503 3342 salutem

1920 3367 1941 3394 ι
1972 3357 2234 3413 eﬁ'usione
2261 3356 2345 3412 sui
2373 3353 2646 3424 sanguinis
2674 3362 3031 3425 pepererunt,
3060 3354 3154 3423 qui
3182 3362 3290 3409 tam
3312 3369 3500 3411 sacra-

1913 3457 2022 3504 tam
2051 3448 2285 3505 hostiam
2315 3461 2419 3519 pro
2438 3452 2622 3501 nostra
2643 3441 3297 3529 propitiationepomino'
3312 3458 3373 3499 se
3400 3444 3500 3501 ob-

1910 3548 2176 3609 tulerunt;
2205 3542 2505 3615 praesertim
2525 3556 2649 3597 cum
2676 3538 2822 3595 dicat
2840 3538 2907 3594 ad
2934 3545 3150 3594 sanctos
3167 3554 3295 3595 suos
3323 3538 3501 3594 omni-

1910 3647 2104 3713 potens
2122 3636 2266 3692 Dcus
2296 3654 2307 3688 :
2336 3632 2436 3700 Qui
2459 3649 2545 3689 vos
2577 3633 2814 3696 honorat,
2836 3646 2919 3685 me
2949 3629 3193 3699 honorat,
3221 3637 3272 3686 et
3306 3631 3393 3702 qui
3413 3646 3503 3686 ros

1907 3774 2032 3829 Vat.
2064 3771 2221 3834 1277,
2256 3785 2349 3825 nec
2377 3777 2541 3837 morte
2568 3765 2856 3837 discerptus
2881 3775 2958 3819 est

1923 3880 1928 3885 -
1988 3843 2004 3883 ι
2038 3841 2172 3899 Cod.
2196 3840 2315 3895 Vat.
2350 3836 2510 3903 4951,
2537 3853 2655 3906 eum
2673 3836 2774 3906 pro
2801 3851 2936 3890 eam.

1980 3925 2018 3953 ω
2056 3912 2192 3969 Cod.
2222 3910 2256 3965 4
2288 3909 2345 3966 8.
2374 3908 2561 3975 Crucis
2607 3904 2799 3963 Minor.
2854 3906 2908 3961 in
2969 3904 3127 3962 Laur.
3173 3907 3247 3961 ita
3293 3907 3498 3962 habet:

1912 3983 2049 4051 Quid
2076 3986 2213 4039 enim
2258 3982 2466 4043 mirum,
2497 3979 2543 4033 si
2594 3977 2797 4033 abunde
2842 3977 2976 4032 lacte
3001 3981 3227 4032 nutritur
3265 3976 3502 4037 Ecclesia

1908 4061 2341 4182 "clfttii’éfh‘gfi.
2386 4121 2445 4177 8.
2474 4119 2663 4176 Crucis
2685 4117 2876 4175 Minor.
2902 4118 2956 4174 in
2986 4118 3168 4185 Laur;,
3194 4116 3343 4174 Dabo
3363 4119 3502 4175 vobis

1915 4208 2125 4261 terram,
2157 4196 2291 4250 lacte
2314 4203 2364 4248 et
2383 4191 2532 4247 melle
2560 4199 2898 4261 manantem._
3004 4260 3007 4261 ν
3040 4248 3045 4251 _

1986 4277 2011 4306 ο
2050 4258 2182 4322 God.
2217 4264 2337 4320 Vat.
2371 4261 2529 4329 1969,
2561 4259 2690 4325 Qute
2716 4261 2852 4315 enim
2879 4259 3030 4315 Pauli
3064 4258 3317 4331 Epistolis
3352 4260 3502 4315 melle

1914 4338 2188 4399 dulciores.
2219 4335 2352 4390 lacte
2370 4332 2721 4388 candidiores.

1985 4419 2013 4460 ιν
2040 4398 2211 4464 Codd.
2251 4406 2434 4460 Casin.
2465 4410 2523 4459 et
2557 4402 2680 4457 Vat.
2711 4398 2870 4466 6451,
2895 4401 3087 4470 optima
3106 4398 3285 4470 ubera.

1986 4491 2013 4529 τι
2043 4477 2221 4535 Codd.
2266 4474 2455 4530 Vallic.
2489 4473 2533 4526 A
2562 4471 2596 4526 9
2624 4480 2677 4526 et
2706 4470 2886 4525 Casin.
2920 4468 3039 4533 162,
3072 4469 3295 4532 apostoli
3322 4468 3499 4522 Pauli.

1990 4559 2010 4586 "
2050 4546 2220 4604 Codd.
2251 4544 2309 4601 8.
2342 4544 2529 4599 Crucis
2552 4541 2604 4595 in
2629 4540 2765 4605 Jer.,
2792 4538 3033 4610 Legimus
3060 4538 3114 4593 in
3136 4539 3270 4608 ipso,
3292 4545 3399 4594 etc.

1986 4628 2007 4655 ³
2039 4617 2173 4676 Cod.
2205 4615 2327 4670 Vat.
2359 4613 2519 4679 1277,
2540 4620 2681 4665 caret
2708 4619 2758 4664 et
2775 4609 3045 4678 sanguine.

1991 4691 2007 4725 ι
2043 4686 2214 4743 Codd.
2244 4685 2300 4741 8.
2333 4677 2523 4739 Crucis
2552 4682 2605 4735 in
2630 4679 2741 4736 Jer.
2767 4677 2982 4749 legunt:
3024 4686 3321 4749 r_egn_aturo.
3343 4677 3422 4741 ita
3449 4688 3506 4736 et

1912 4758 2070 4817 codd.
2102 4757 2225 4812 Vat.
2275 4754 2445 4820 6451,
2474 4750 2649 4815 4951,
2706 4757 2763 4806 et
2815 4748 3002 4805 Vallic.
3033 4745 3096 4803 A'
3132 4745 3199 4815 9,
3254 4758 3503 4821 regnata.

1914 4847 2213 4956 η”ιῗὶῖοιιψ
2244 4896 2301 4952 s.
2337 4894 2527 4951 Crucis
2550 4893 2602 4948 in
2624 4892 2760 4958 Jer.,
2785 4899 2842 4947 et
2869 4888 2937 4945 ιο
2963 4887 3151 4957 Laur.,
3189 4899 3241 4945 et
3259 4906 3375 4963 1am
3403 4907 3505 4963 pro

1915 4981 2152 5096 ειεξωὴἰο
2174 5040 2242 5095 ab
2272 5047 2501 5107 utroque
2522 5034 2645 5092 cod,
2674 5033 2733 5090 s.
2760 5030 2947 5107 Crucis
2972 5030 3161 5107 inuler.
3189 5029 3312 5088 ﬁnis
3339 5048 3505 5105 ιωρο.

1916 5114 2063 5170 nitur
2089 5110 2367 5175 sermoni;
2410 5101 2654 5178 reliquus
2686 5118 2867 5178 sermo
2896 5101 2950 5158 in
2979 5102 3085 5161 illis
3111 5103 3282 5160 deest.

1988 5194 2011 5221 ι
2041 5182 2175 5239 Cod.
2216 5180 2338 5236 Vat.
2363 5176 2863 5244 4951,}nemoriem.

1985 5265 2012 5304 γ
2050 5253 2195 5309 idem
2214 5249 2338 5307 cod.
2370 5242 2697 5315 Vat.'1951,
2717 5261 3024 5315 concurrere
3068 5244 3342 5308 debemus;
3382 5244 3502 5315 red-

1918 5326 2037 5409 dere
2059 5324 2164 5405 illis
2195 5313 2689 5404 honoriﬁcentiam,
2712 5317 2799 5390 qui
2827 5314 2975 5398 nobis
2999 5316 3218 5370 salutem
3240 5330 3334 5384 pro
3370 5313 3502 5438 ef:-

1923 5413 2067 5438 ιιηηρ
2087 5410 2163 5438 καί
2191 5407 2459 5438 ιηηηπιηιη
2484 5396 2805 5438 pepererunt.
2831 5403 2918 5438 aus
2946 5394 3190 5438 tanauam
3223 5398 3374 5437 sacra
3473 5412 3501 5426 -

1923 5399 2067 5451 sione
2087 5394 2164 5449 sui
2191 5387 2459 5464 sanguinis
2484 5387 2826 5464 pepereruntL
2831 5387 2918 5455 qui
2946 5394 3374 5464 tanquamjsacra

1921 5469 2023 5545 stia
2049 5483 2143 5545 pro
2174 5455 2350 5520 nostra
2386 5455 2752 5535 propitiationis
2784 5457 2893 5513 Deo
2920 5455 3251 5545 suntoblati;
3276 5466 3497 5523 prmer-

1915 5544 2170 5665 ιεηξνδιξξιε
2208 5607 2329 5662 ν...
2398 5603 2563 5670 ηδε),
2630 5619 2730 5670 ..τι
3281 5594 3496 5666 ww

1912 5684 2012 5750 nis,
2043 5688 2148 5736 etc.
