4052 6330
229 273 326 331 677

1619 221 1866 324 sentio
1903 267 2085 330 LXXI.

3390 277 3497 339 67“

228 387 334 443 haec
367 379 444 434 illi
471 387 507 416 ε·
547 374 861 432 continuata
907 389 1087 446 parua,
1121 382 1180 429 ut
1210 374 1511 430 ardentium
1560 377 1806 446 exposita
1837 389 1884 448 Α
1912 390 2175 445 sccutoris
2221 389 2462 448 ﬂammas
2500 394 2648 463 vicit,
2705 393 2940 450 ostendit
2987 393 3292 476 nobis_per
3320 392 3494 463 ignem

236 475 366 532 mole
413 469 725 534 carbonum,
775 469 994 540 insuper
1023 467 1049 510 δ
1079 468 1255 524 ferrea
1309 477 1458 524 crate
1513 468 1806 525 distentum

235 566 366 620 lenta
403 561 610 614 ﬂamma
659 567 1032 626 consumeret,
1066 567 1124 614 ut
1155 575 1262 614 non
1285 568 1395 626 tam
1425 559 1806 616 inﬂammando

234 659 332 713 cito
366 669 387 696 α
414 654 749 710 interimeret
787 653 1083 717 hominem,
1118 652 1355 721 quandiu
1387 651 1664 710 exurendo
1703 660 1811 707 tor-

233 757 442 821 queret;
466 747 538 804 ita
565 755 625 802 ut
659 762 784 802 cum
832 761 995 801 unum
1026 745 1168 800 latus
1197 753 1446 800 exustum
1485 755 1806 816 persecutor

232 845 480 902 cerneret,
532 836 675 892 aliud
723 836 863 891 latus
909 836 1121 905 ignibus
1164 835 1422 905 objiceret
1449 837 1802 892 exurendum.

231 931 469 1001 Legimus
497 927 781 994 Ananiam,
806 927 1053 988 Azariam
1077 936 1132 983 et
1159 926 1436 983 Misaelem
1465 928 1809 985 beatissimos

228 1038 413 1096 pueros
440 1036 470 1076 a
499 1036 626 1090 rege
663 1022 716 1075 in
744 1021 955 1076 camino
985 1021 1123 1090 ignis
1160 1021 1393 1076 inclusos
1443 1021 1496 1076 in
1527 1037 1808 1101 poenarum

227 1131 433 1173 suarum
460 1113 833 1171 deambulasse
861 1111 1109 1179 ﬂammis,
1141 1120 1197 1167 et.
1224 1113 1412 1182 igneos
1439 1112 1632 1181 globos
1658 1113 1809 1184 pedi-

228 1209 318 1265 bus
357 1207 704 1263 conculcasse
727 1205 891 1277 (Dan.
923 1208 1021 1277 ιιι).
1055 1203 1208 1264 Unde
1249 1213 1305 1260 et
1331 1207 1526 1266 beatus
1555 1205 1803 1261 Lauren-

225 1301 323 1354 tius
349 1313 456 1353 non
477 1297 674 1352 minori
703 1295 728 1338 ἀ
759 1297 929 1366 gloria
959 1305 1045 1352 est
1066 1295 1455 1366 praeferendus;
1491 1307 1514 1334 θ
1538 1297 1807 1368 siquidem

225 1393 295 1448 illi
335 1393 386 1446 in
414 1405 697 1463 poenarum
727 1405 946 1446 suarum
966 1389 1196 1445 ﬂammis
1219 1390 1528 1456 ambulant,
1559 1391 1646 1446 hic
1673 1399 1727 1446 et
1756 1391 1808 1446 in

224 1489 334 1560 ipso
363 1485 612 1557 supplicii
629 1486 709 1542 sui
740 1487 862 1556 igne
890 1475 1206 1552 discumbit;
1232 1486 1308 1540 illi
1349 1487 1588 1556 vestigiis
1610 1489 1807 1558 pedum

237 1583 255 1624 ί
287 1581 737 1640 conculcaverunt
757 1581 1022 1647 incendia,
1056 1583 1154 1636 iste
1182 1581 1409 1636 laterum
1458 1598 1679 1638 suorum
1705 1581 1810 1637 dif-

221 1678 418 1734 fusione
463 1675 767 1744 restinguit.
800 1676 900 1740 Illi,
932 1675 1170 1744 inquam,
1209 1682 1416 1729 stantes
1465 1683 1490 1722 ε
1542 1676 1596 1730 in
1647 1690 1808 1745 poena

1911 481 2034 538 ﬁdei
2063 482 2318 550 gehennm
2349 483 2594 540 incendia
2619 501 2896 556 superare,
2937 494 2961 521 °
2989 494 3042 540 et
3072 475 3272 540 amere
3297 485 3496 543 Christi
3539 525 3546 534 -

1910 571 2052 628 diem
2069 572 2260 641 judieii
2291 591 2396 632 non
2428 576 2642 634 timere.
2675 578 2783 634 Nos
2821 594 2982 644 vero,
3016 578 3211 634 fratres
3257 580 3496 636 dilectis~

1910 667 2050 732 simi,
2081 668 2125 723 si
2155 667 2221 722 ad
2243 669 2572 723 consortium
2609 677 2916 726 sanctoru’m
2959 680 3253 744 martyrum
3301 687 3495 742 perve-

1911 761 2028 816 nire
2070 762 2345 830 volumus,
2386 761 2454 817 de
2498 762 2795 819 imitatione
2839 774 3133 837 martyrum
3176 767 3493 836 cogitemus.

1912 863 1938 902 ρ
1969 853 2175 908 Debent
2219 855 2363 914 enim
2404 855 2458 909 in
2499 855 2718 911 nobis...
2753 857 2951 926 aliquid
2979 858 3046 913 de
3074 858 3183 914 suis
3212 860 3498 915 virtutibus

1909 959 2320 1014 recognoscere,
2351 954 2407 1001 ut
2428 963 2527 1018 pm
2558 947 2710 1002 nobis
2744 947 3030 1016 dignentur
3059 950 3344 1006 Dominum
3365 968 3497 1023 sup-

1907 1039 2129 1110 plicare.
2163 1039 2219 1094 Si
2259 1041 2402 1095 enim
2434 1049 2700 1096 tormenta
2729 1056 2849 1111 qua:
2884 1045 3053 1098 sancti
3083 1054 3344 1118 martyres
3373 1061 3493 1116 per-

1911 1132 2147 1187 tulerunt
2175 1132 2401 1189 suﬂ'erre
2420 1150 2528 1189 non
2559 1149 2861 1205 possumus,
2889 1144 3077 1192 contra
3101 1138 3270 1193 malas
3297 1155 3497 1194 concu—

1910 1227 2218 1297 piscentias,
2252 1229 2378 1299 ipsis
2427 1229 2898 1294 intercedentibus,
2929 1240 2956 1278 (ι
3011 1246 3389 1301 repugnemus.
3435 1232 3499 1288 Et

1911 1319 2037 1388 quia
2070 1335 2176 1374 non
2223 1319 2417 1376 desunt
2468 1322 2778 1393 quotidiana
2807 1331 3048 1392 peccata,
3081 1333 3101 1360 ι’
3154 1340 3260 1378 non
3307 1325 3500 1382 desunt

1911 1411 2072 1466 etiam
2094 1413 2404 1484 quotidiana
2433 1415 2595 1486 584
2622 1415 2877 1470 remedia.
2914 1424 2934 1450 ⁸
2967 1415 3082 1470 Νοη
3108 1432 3167 1471 se
3192 1417 3374 1472 credat
3403 1420 3499 1474 ali-

1911 1520 2071 1575 quam
2102 1503 2408 1562 felicitatem
2442 1508 2526 1562 vel
2557 1507 2770 1577 aliquod
2799 1523 2983 1562 verum
3014 1509 3264 1576 gaudium
3310 1510 3364 1564 in
3398 1511 3499 1567 hoc

1912 1596 2110 1651 sacculo
2157 1597 2447 1666 possidere.
2481 1597 2873 1652 Beatitudinem
2919 1598 3004 1652 hic
3060 1614 3361 1669 praeparare
3400 1617 3500 1671 po-

1913 1696 2049 1755 test;
2081 1689 2358 1760 possidere
2408 1706 2513 1744 non
2555 1697 2751 1761 potest.
2789 1691 2807 1726 ί
2844 1690 2958 1744 Duo
3011 1691 3112 1745 sibi
3142 1700 3383 1762 tempora
3414 1710 3499 1749 or-

221 1769 434 1826 elevalis
463 1767 716 1822 manibus
739 1767 966 1822 orabam
1005 1765 1322 1832 Dominum;
1354 1765 1441 1822 hic
1471 1775 1649 1821 amem
1679 1781 1806 1836 Ρτο·
1836 1781 1880 1842 Β
1909 1779 2035 1835 diue
2064 1797 2163 1836 suo
2192 1780 2504 1836 succedunt.
2525 1781 2759 1853 Tempus
2779 1775 2936 1837 ﬂendi
2959 1792 3014 1838 et
3038 1792 3250 1854 tempus
3270 1785 3501 1841 ridendi.

127 1881 130 1884 ·
220 1870 409 1918 stratus
431 1862 487 1916 in
517 1876 611 1915 sua
633 1867 925 1934 pmnantoto
948 1877 1175 1934 corpore
1190 1861 1477 1931 Dominum
1501 1861 1526 1899 ιι
1545 1863 1799 1934 depreca-

219 1950 387 2008 batur.
426 1950 632 2006 lterum
661 1952 850 2006 beatus
881 1951 1202 2008 Laurentius
1227 1953 1245 1990 ¹
1273 1953 1326 2008 in
1351 1953 1567 2009 dorsum
1588 1955 1806 2025 supinus

219 2044 458 2112 vertitur,
494 2051 550 2098 et
587 2059 744 2099 renes
766 2044 883 2115 ejus
913 2044 1124 2113 ignibus
1153 2054 1482 2112 exuruntur;
1530 2055 1590 2100 ut
1621 2047 1807 2117 imple-

219 2143 361 2192 retur
387 2136 583 2207 psalmi
614 2137 896 2206 prophetia
926 2152 1044 2206 quzn
1069 2136 1198 2192 dicit
1227 2153 1292 2192 ex
1317 2153 1548 2208 persona
1566 2137 1806 2192 Lauren-

208 2229 317 2283 ‘tii:
364 2227 545 2282 Proba
591 2244 692 2295 me,
723 2226 973 2297 Domine,
1017 2239 1065 2284 et
1114 2237 1255 2284 tenta
1302 2246 1412 2296 me;
1465 2231 1479 2280 i
1531 2246 1625 2284 ure
1664 2248 1808 2285 renes

216 2337 367 2388 meos,
391 2329 441 2375 et
491 2337 583 2374 cor
609 2337 778 2374 meum
801 2319 974 2393 (Psal.
1010 2323 1160 2392 xxv).
1214 2327 1236 2358 κ
1269 2321 1474 2392 Duplici
1525 2337 1583 2376 se
1623 2322 1808 2391 utique

215 2399 455 2484 p'ostulat.
484 2412 648 2489 583
695 2413 816 2480 igne
843 2413 1104 2468 comburi.
1138 2412 1289 2490 Nam,
1311 2413 1356 2468 si
1383 2415 1451 2468 de
1471 2430 1579 2470 uno
1609 2423 1664 2470 et
1691 2414 1808 2471 solo

214 2504 391 2560 mundi
422 2506 553 2573 igne
582 2505 915 2573 loqueretur,
947 2505 1218 2562 sufﬁceret
1250 2523 1411 2562 renes
1433 2515 1639 2563 tantum
1671 2525 1806 2567 exu-.

215 2596 408 2652 rendos
439 2595 708 2650 incendiis
737 2596 1012 2652 obtulisse.
1059 2597 1169 2653 Cor
1199 2607 1380 2659 autem
1425 2599 1458 2638 ι-
1486 2601 1584 2655 nisi
1608 2600 1807 2656 Christi

214 2688 424 2744 ﬂamma
458 2706 571 2744 non
603 2689 813 2756 uritur;
845 2699 1010 2761 atque
1039 2691 1161 2747 ideo
1188 2693 1255 2748 ad
1270 2696 1693 2766 comparandam
1721 2697 1810 2752 de-

214 2782 498 2837 votionem
527 2778 680 2836 suam
725 2782 998 2850 geminum
1045 2783 1146 2838 sibi
1182 2785 1366 2854 ignem
1420 2788 1674 2856 postulat,
1727 2795 1804 2852 ut,

213 2873 509 2944 luctamine
555 2875 760 2942 habito,
792 2886 830 2914 ω
861 2877 1187 2934 ostendisset
1213 2881 1333 2950 plus
1364 2896 1521 2952 posse
1563 2898 1805 2938 amorem

212 2969 408 3036 Christi
449 2985 617 3040 quam
666 2986 877 3040 puniant
910 2973 1140 3044 tyranni.
1186 2983 1212 3010 ιι
1244 2973 1588 3032 Honoremus
1623 2977 1802 3046 igitur,

1912 1871 2082 1928 Nemo
2106 1889 2164 1928 se
2187 1873 2592 1940 circumveniat,
2618 1873 2830 1940 fratres,
2855 1890 2962 1929 non
2991 1884 3073 1929 est
3095 1876 3147 1929 in
3169 1875 3274 1930 hoc
3303 1877 3501 1932 mundo

1915 1973 2124 2036 tempus
2152 1965 2378 2020 ridendi.
2413 1965 2622 2021 Scimus
2643 1968 2784 2021 enim
2815 1967 2958 2036 quod
2993 1969 3166 2023 omnis
3186 1969 3348 2024 homo
3370 1984 3502 2038 gau-

1915 2058 2044 2112 dere
2074 2056 2378 2124 desiderat;
2411 2059 2504 2112 sed
2535 2075 2641 2113 non
2666 2069 2690 2093 υ
2721 2059 2821 2113 toti
2851 2060 2922 2113 ibi
2951 2070 3196 2129 quaerunt
3225 2061 3497 2129 gaudium,

1916 2148 2005 2202 ubi
2027 2158 2240 2218 oportet
2271 2150 2561 2222 inquirere.
2591 2150 2789 2204 Verum
2819 2152 2869 2204 in
2900 2152 3001 2206 hoc
3032 2153 3231 2208 mundo
3252 2155 3500 2220 gaudium

1917 2238 2162 2304 nonfuit,
2195 2255 2294 2294 nec
2322 2233 2420 2306 est,
2454 2257 2551 2295 nec
2583 2257 2700 2295 esse
2729 2242 2944 2311 poterit.
2979 2242 3034 2296 Si
3065 2243 3206 2297 enim
3256 2245 3368 2314 ipse
3399 2245 3500 2300 Do~

1917 2329 2092 2382 minus
2123 2329 2173 2382 in
2204 2328 2493 2398 Evangelio
2520 2331 2810 2400 discipulos
2839 2347 2965 2387 suos
2995 2333 3266 2403 admonet,
3299 2334 3499 2391 dicens:

1915 2419 1978 2474 In
2003 2421 2192 2474 mundo
2223 2438 2514 2491 pressuram
2545 2423 2794 2478 habebitis
2819 2423 2998 2495 (Joan.
3018 2427 3150 2494 xvi).
3181 2425 3244 2479 Et
3268 2426 3457 2481 iterum
3486 2447 3498 2481 :

1915 2511 2141 2567 Mundus
2180 2521 2347 2566 (mle
2390 2515 2650 2585 gaudebit,
2701 2532 2786 2570 ros
2832 2526 3002 2569 autem
3055 2517 3503 2583 contristabimini,

1913 2607 2003 2661 sed
2033 2592 2242 2660 tristhia
2266 2618 2434 2661 vestra
2458 2616 2677 2661 certetur
2700 2610 2751 2661 in
2772 2609 3016 2678 gaudium
3034 2617 3260 2662 vestrum
3290 2608 3498 2680 (Ibid).

1912 2699 1986 2753 Ita
2019 2699 2096 2754 sic
2120 2700 2171 2754 in
2202 2701 2301 2754 hac
2327 2700 2439 2754 vita
2463 2716 2584 2755 cum
2614 2700 2802 2754 labore
2829 2709 2885 2754 et
2903 2700 3108 2764 dolore,
3134 2700 3280 2769 quod
3305 2702 3500 2756 bonum

1911 2799 1992 2844 est
2013 2791 2305 2844 auxiliante
2323 2777 2554 2845 ’Βοηιίηο
2580 2791 2871 2856 faciamus;
2895 2801 2916 2827 τ
2937 2799 2993 2846 ιιι
3024 2793 3076 2846 in
3106 2792 3285 2847 futuro
3305 2793 3502 2848 sarculo

1909 2880 2173 2936 bonorum
2198 2882 2400 2937 fructus
2428 2883 2682 2950 colligere
2697 2898 2818 2937 cum
2849 2884 3042 2951 gaudio
3071 2893 3126 2938 et
3147 2885 3502 2942 exsultatione
3558 2935 3564 2944 .

1911 2975 2195 3052 possimus,
2249 2983 2540 3045 praestante
2596 2975 2823 3029 Domino
2877 2981 3065 3030 uestro
3093 2974 3217 3030 Jesu
3266 2977 3496 3039 Christo,

212 3063 421 3132 fratres,
457 3066 677 3120 beatum
706 3063 1075 3142 Laurentium,
1105 3069 1198 3138 qui
1236 3069 1361 3140 dum
1419 3070 1522 3126 ﬂdc
1553 3087 1648 3126 sua
1677 3087 1803 3141 per-
1829 3061 1876 3124 C
1910 3069 2000 3136 qui
2032 3068 2158 3122 vivit
2187 3075 2240 3121 et
2261 3075 2448 3135 regnat
2478 3067 2530 3120 in
2553 3067 2744 3121 smcula
2775 3067 3111 3122 saeculorum.
3146 3068 3336 3124 Amen.

1545 3180 1818 3243 SERMO
1867 3181 2099 3242 LXXI.

1098 3275 1169 3330 De
1197 3279 1377 3332 eodem
1408 3281 1572 3334 natali
1603 3280 1664 3336 S.
1701 3279 1966 3338 Laurentii
2002 3280 2166 3336 levitm
2193 3287 2240 3331 et
2271 3245 2515 3347 martyris
2547 3275 2628 3332 11.

1666 3370 2056 3442 annosum.

280 3469 450 3550 585
498 3463 857 3550 Lnncodicibus
878 3470 1112 3535 quatuor
1127 3462 1675 3550 liibl..La_trr'entian_a:
1700 3466 1936 3550 putidum
1964 3463 2136 3550 editus
2162 3463 2672 3550 hicsermoisancto
2685 3461 2936 3550 Ιἒξιιιιίιιιο
2965 3465 3252 3550 inscriptus
3279 3471 3492 3550 legitur,

207 3537 261 3605 id
284 3532 384 3596 ἔδῖ
401 3532 477 3592 in
508 3535 576 3590 59
628 3532 935 3605 Ρὶιιι.ηχνιί,
967 3549 1089 3605 pag.
1123 3533 1245 3598 171,
1278 3535 1329 3589 in
1361 3534 1464 3589 175
1491 3544 1545 3590 et
1576 3535 1676 3589 174
1701 3535 1828 3591 bibl.
1862 3536 1990 3590 olim
2018 3534 2158 3588 tedil.
2193 3543 2423 3605 metrOp.
2454 3533 2647 3588 eccles.
2681 3532 2942 3605 Florent.,
2970 3545 3023 3590 et
3053 3554 3101 3592 tv
3129 3532 3318 3595 Minor.
3332 3532 3494 3599 vCou;

206 3603 352 3664 vent.
413 3607 554 3661 Plut.
604 3622 728 3660 xvu.
771 3603 1201 3674 Exstat'quoque
1229 3605 1283 3666 in
1314 3605 1720 3676 cod.ﬂCasinen.
1769 3607 1888 3672 100,
1921 3619 2042 3676 pag.
2077 3605 2201 3671 156,
2232 3604 2740 3676 cuminscriptione
2763 3603 3106 3676 hujusmodi:
3143 3608 3207 3662 In
3233 3615 3495 3669 natiuitate

143 3707 158 3734 ο
202 3681 376 3733 sancti
410 3677 674 3748 Laurentii
703 3678 978 3748 martyris,
1027 3691 1194 3730 sermo
1233 3677 1398 3732 sancti
1429 3675 1648 3730 Haximi
1682 3674 1936 3748 episcopi.
1962 3675 2053 3730 His
2080 3689 2210 3742 ergo
2237 3674 2538 3730 contirmati
2565 3675 2864 3744 perspicuis
2890 3680 3209 3736 testimoniis
3238 3682 3289 3740 in
3319 3683 3493 3740 lucem

199 3750 461 3824 proferre
490 3764 597 3816 non
627 3746 951 3802 dubitamus.

273 3875 300 3904 η
332 3863 509 3920 Codd.
535 3862 568 3915 4
594 3860 649 3916 S.
682 3853 1075 3919 CrueisMinor.
1101 3858 1222 3926 1⁵14,
1249 3867 1304 3914 et
1323 3859 1562 3928 Farfen.,
1592 3862 1698 3918 lites
1721 3863 1798 3918 illi
1827 3853 1832 3858 ’

195 3938 494 3996 constituta
523 3949 690 4003 poma.
1050 4001 1058 4003 ξ
1323 3986 1337 4003 ⁸

271 4007 302 4048 b
345 4004 487 4081 Cod.
516 4001 649 4081 tu,
668 4003 878 4081 insuper
905 4017 1016 4081 eum
1035 4001 1199 4081 ferreo
1230 4001 1387 4063 crate,
1421 4010 1526 4081 etc.

274 4089 298 4117 ε
347 4075 522 4128 Plane
579 4073 741 4126 etiam
801 4071 852 4125 in
915 4070 1134 4139 reliduis
1204 4071 1498 4142 respondet
1546 4073 1666 4130 cod.
1736 4073 1802 4128 10

188 4149 369 4205 Laur.

267 4217 301 4258 ά
343 4214 499 4287 Cod.
523 4212 800 4287 U_rbeyet.,
826 4229 930 4287 non
959 4213 1360 4287 minorilattitia
1388 4226 1436 4272 et
1464 4216 1648 4287 gloria.

273 4300 298 4326 θ
345 4285 524 4342 Codd.
557 4283 793 4356 Farfen.,
819 4293 872 4338 et
893 4284 1094 4356 Casin.,
1128 4286 1258 4356 sicut
1284 4289 1420 4339 enim
1449 4283 1524 4340 illi
1548 4287 1598 4338 in
1620 4303 1800 4356 ptl’tta-

188 4379 312 4416 rum
347 4372 565 4413 suarum
593 4354 815 4426 flammis
863 4351 1291 4420 deambulabant;
1325 4358 1368 4409 si
1416 4359 1513 4410 iste
1560 4351 1798 4426 supplicii

190 4436 276 4487 sui
312 4432 446 4502 igne
491 4425 762 4502 discumbit
787 4442 803 4478 :
832 4426 911 4478 illi
949 4427 1397 4502 vestigiis_pedum
1427 4425 1795 4502 conculcabant

173 4495 474 4561 incendia,
498 4499 598 4552 iste
623 4495 838 4568 laterum
867 4513 1075 4568 suorum
1102 4495 1375 4568 diffusioue
1401 4499 1681 4568 restringit.

275 4572 296 4613 ι
335 4569 513 4642 Codd.
549 4569 614 4642 10
643 4565 919 4642 Laurent.,
953 4575 1007 4622 et
1035 4566 1140 4642 duo
1170 4568 1283 4622 citt.
1308 4565 1364 4621 S.
1396 4565 1656 4622 Crucis'in
1686 4566 1795 4624 Jer.

192 4637 516 4700 conculca'nt
544 4637 800 4706 incendia.

271 4723 296 4760 ε
324 4708 502 4767 Codd.
535 4704 814 4762 SQCrucis
842 4707 895 4760 in
937 4704 1070 4770 εἰει-η
1102 4707 1223 4761 Vat.
1263 4707 1418 4776 1269,
1452 4707 1588 4759 1277
1618 4714 1672 4760 et
1699 4707 1800 4761 Ca-

190 4785 301 4841 sin.
351 4782 472 4848 Illi,
512 4781 742 4848 inquam,
773 4785 968 4831 stantes
996 4777 1050 4829 in
1090 4777 1274 4846 pinnis,
1325 4777 1561 4832 manibus
1591 4777 1797 4832 elevatis

192 4847 495 4910 Dominum
517 4847 826 4904 adorabunt.

271 4924 296 4962 ιι
335 4917 513 4980 Codd.
545 4915 650 4972 duo
676 4917 730 4972 S.
765 4916 949 4980 Crucis
980 4917 1031 4970 in
1056 4914 1190 4983 Jer.,
1249 4925 1303 4972 et
1344 4917 1464 4974 cod.
1511 4916 1566 4972 S.
1613 4915 1798 4971 Crucis

191 4996 433 5058 Minon,
461 4983 737 5058 Dominum
767 4987 1086 5058 deprecatur.

276 5065 291 5103 ί
332 5055 508 5120 Codd.
536 5059 644 5113 duo
665 5057 734 5114 S.‘
754 5055 940 5114 Crucis
981 5059 1038 5112 in
1064 5055 1196 5122 Jer.,
1228 5067 1284 5114 et
1317 5058 1474 5115 codd.
1517 5058 1582 5113 10
1608 5058 1790 5122 Laur.,

191 5136 325 5200 Vat.
364 5131 527 5198 {2.69,
562 5129 719 5202 1277,
753 5127 1036 5202 et_Casi_n.,
1059 5127 1266 5202 Alterum
1295 5147 1414 5202 ergo
1444 5129 1617 5183 beatus
1658 5127 1796 5202 Lau-

191 5198 406 5263 rentius
434 5202 628 5257 exustis
660 5198 918 5265 lateribus,
949 5198 1001 5256 in
1035 5199 1272 5264 dorsum,
1298 5198 1400 5255 etc.

285 5281 299 5326 ι
365 5273 504 5331 Cod.
548 5267 782 5335 Farfen.,
816 5285 934 5340 ure,
981 5271 1166 5340 inquit,
1226 5285 1373 5323 renes
1423 5286 1583 5336 meos,
1630 5278 1677 5323 et
1707 5286 1794 5323 car

190 5364 397 5402 meum.
422 5340 500 5401 Ita
523 5342 696 5406 Cass,
719 5338 914 5409 omissa
943 5338 1109 5408 priori
1138 5349 1306 5409 parte.

273 5418 297 5493 ε
333 5415 628 5493 gown:-
661 5408 820 5493 ψει»
851 5407 1176 5493 eamme
1202 5412 1320 5493 ίρηρ
1357 5411 1590 5493 posse:
1618 5409 1788 5493 ςμιιινέο

282 5489 294 5525 ¹
342 5475 518 5540 Codd.
570 5475 818 5551 Casinen.
847 5477 947 5551 199
972 5488 1026 5535 ct
1057 5475 1297 5551 109,7n‘isi
1317 5475 1378 5534 ab
1401 5479 1658 5551 spirituali
1689 5475 1791 5534 non

193 5562 403 5614 uritur.
432 5554 599 5609 Codd.
630 5553 736 5606 duo
765 5548 822 5605 S.
873 5549 1060 5605 Crucis
1086 5551 1138 5606 in
1167 5550 1297 5617 leta,
1329 5560 1382 5606 et
1417 5548 1584 5608 Codd.
1618 5551 1789 5606 Vatic.

148 5627 152 5630 ’
196 5628 374 5710 1369,
408 5635 461 5710 et
481 5622 776 5710 Casin,‘hti‘c
815 5630 1066 5710 repetunt
1110 5623 1273 5692 verba
1310 5623 1554 5710 superius
1582 5621 1741 5676 allata
1774 5641 1785 5674 :

196 5699 363 5757 Sicut
419 5697 606 5748 Amans
635 5702 682 5746 et
713 5691 961 5764 Cleopltas
1013 5693 1252 5747 dicerunt
1281 5710 1298 5747 :
1342 5691 1528 5764 Nonne
1552 5710 1643 5764 for
1672 5711 1792 5747 uos-

197 5777 350 5825 trum
382 5767 574 5820 ardens
603 5775 712 5818 erat
760 5765 812 5818 in
833 5761 944 5822 ria.
976 5781 1085 5817 cum
1117 5767 1335 5834 aperiret
1363 5763 1506 5818 nobis
1538 5761 1790 5818 Dominus

1904 3864 2205 3933 scripturas.
2236 3862 2399 3932 Atque
2418 3861 2553 3926 ideo,
2579 3869 2682 3916 etc.
2951 3933 2962 3944 .
3077 3934 3087 3945 .

1987 3943 2025 3969 ιιι
2053 3931 2223 3987 Codd.
2256 3932 2341 3984 10.
2371 3931 2551 3995 Laur.,
2581 3942 2635 3986 et
2658 3931 2690 3983 4
2719 3931 2773 3986 S.
2807 3933 2994 3989 Crucis
3021 3933 3210 3990 Minor.
3243 3938 3295 3992 in
3324 3939 3386 3994 L.
3418 3941 3492 3996 le-

1907 4012 2037 4075 gunt
2083 4021 2094 4055 :
2137 4013 2258 4075 ut...
2290 4003 2530 4075 ostendat
2558 4004 2609 4075 in
2639 4020 2696 4056 se
2716 4004 2832 4075 plus
2869 4020 3035 4073 posse,
3067 4015 3170 4060 etc.
3217 4007 3294 4063 Ita
3326 4013 3488 4068 etiam

1905 4072 2062 4130 codd.
2090 4074 2243 4136 1277,
2277 4072 2434 4138 4951,
2462 4072 2640 4128 Casia.
2675 4083 2728 4127 ct
2751 4072 3008 4129 Vallicell.
3035 4075 3077 4129 A
3100 4077 3148 4141 9,
3174 4088 3228 4131 ut
3249 4079 3490 4139 luctami-

1905 4147 1984 4200 nis
2011 4144 2187 4199 habitu
2214 4144 2470 4208 ostendat,
2516 4146 2568 4199 in
2613 4161 2669 4198 se
2696 4145 2812 4214 plus
2845 4163 2995 4217 posse
3023 4163 3249 4203 antorem
3279 4150 3489 4223 Christi,

1940 4232 2056 4269 uam
2111 4229 2218 4270 etc.
2973 4257 2978 4262 -
3536 4267 3541 4272 ,

1905 4235 1936 4287 q
1974 4296 2000 4322 η
2023 4258 2162 4360 βόιι.
2186 4283 2666 4360 farfcu.,_0remus
2696 4287 2876 4360 igitur,
2901 4291 3105 4360 fratres,
3133 4288 3332 4344 beatum
3359 4292 3489 4347 Lau-

1901 4358 2138 4430 rentium.
2176 4356 2308 4430 Cod.
2356 4355 2632 4430 Urbevet._,
2684 4354 2909 4430 Oremus
2929 4361 3106 4430 igitur,
3141 4362 3348 4430 fratres,
3376 4364 3489 4417 bea-

1901 4436 2007 4496 tum
2056 4427 2409 4488 Laurentium,
2438 4429 2523 4496 qui
2581 4427 2699 4480 dum
2745 4429 2900 4495 ﬁdem
2947 4421 3095 4482 31mm
3141 4421 3485 4495 persecutoris

1903 4499 2115 4566 [innima
2141 4515 2242 4552 non
2271 4497 2408 4566 eicit,
2436 4497 2673 4566 ostendat
2700 4498 2844 4550 nobis
2874 4515 2984 4566 per,
3019 4503 3123 4552 etc.

1978 4581 2000 4601 υ
2041 4568 2096 4620 lu
2120 4566 2238 4620 cod.
2272 4565 2482 4618 Farfen.
2510 4567 2622 4619 lucc
2650 4565 2882 4618 desunt.
3448 4626 3454 4631 _

1974 4647 2000 4711 If
2032 4638 2127 4692 llic
2151 4635 2348 4711 _de_s_init
2370 4634 2583 4711 aliud“.
2619 4633 2691 4711 iO_
2715 4633 3236 4711 Laurent._prmseus
3282 4655 3478 4711 sermo,

1900 4715 1955 4761 et
1983 4708 2034 4761 iu
2065 4707 2184 4762 cod.
2209 4703 2516 4779 γει-1277.
2543 4703 2695 4779 Quod
2720 4706 2962 4779 sequitur
2975 4703 3329 4779 fragmentum
3357 4703 3481 4770 cru;

1901 4785 2013 4832 tum
2043 4787 2124 4833 est
2167 4773 2532 4856 excudicibus
2558 4773 2952 4856 Laurentianis.
2983 4773 3122 4856 llo'c_
3148 4781 3297 4856 idem
3313 4783 3482 4856 frag-

1898 4843 2394 4919 mentum_l_ta_l_)_ctur
2422 4841 2472 4896 in
2495 4843 2679 4898 codice
2713 4842 2973 4919 l_“a_rfensi_,
3004 4850 3056 4902 in
3079 4850 3200 4906 Vat.
3237 4851 3388 4919 1269,
3422 4841 3477 4912 ᾗ.

1899 4918 2106 4995 duobus
2152 4913 2409 4971 Vallicell.
2444 4931 2566 4982 xxv,
2611 4923 2665 4968 et
2707 4915 2749 4968 A
2773 4915 2825 4980 9,
2853 4917 2905 4970 in
2936 4917 3114 4974 Casin.
3151 4921 3252 4974 109
3273 4932 3326 4978 et
3355 4913 3478 4995 l'l-l,

1899 4995 1952 5041 et
1978 4985 2226 5044 Urbevet.
3038 5003 3077 5057 ,’
3127 5023 3146 5032 ο

1973 5070 1997 5106 ‘t
2021 5057 2153 5136 Cod.
2192 5057 2466 5136 Urbevgh,
2497 5066 2801 5136 pugnemus.

1973 5139 1992 5165 τ
2024 5128 2156 5196 Cod.
2189 5128 2221 5181 4
2267 5125 2322 5183 S.
2355 5121 2780 5196 CrucisMinor.
2835 5126 2886 5182 in
2935 5129 3118 5198 Laur.,
3164 5150 3264 5188 non
3310 5135 3476 5188 desint

1897 5199 2218 5271 quotidiana,
2246 5208 2349 5271 etc.

1970 5281 1990 5306 ³
2023 5270 2158 5343 Cod.
2184 5270 2418 5338 Farkn.,
2446 5267 2612 5343 Nemo
2631 5270 2886 5343 se‘credat
2902 5272 3130 5343 aliquam
3154 5275 3471 5343 felicitatem,
3559 5285 3578 5300 ⁸

1896 5350 1985 5424 aut
2013 5341 2186 5424 aliqua
2213 5359 2329 5424 vera
2348 5341 2540 5424 gaudia
2565 5341 2847 5424 possidere.
2890 5340 3161 5397 Bea'titudo'
3185 5347 3472 5413 prarparari

1894 5421 2078 5483 potest,
2111 5413 2364 5483 possideri
2388 5427 2491 5464 non
2519 5419 2702 5481 potest.

1971 5484 1984 5517 ί
2014 5477 2157 5536 Idem
2188 5483 2306 5537 cod.
2327 5523 2341 5547 ,
2375 5480 2490 5535 Duo
2518 5481 2563 5534 si
2584 5488 2811 5550 tempora
2840 5482 3019 5536 ordine
3038 5482 3331 5536 succedunt.

1965 5553 2163 5633 lfidem
2190 5553 2337 5633 cod._,
2360 5553 2450 5633 sed
2470 5568 2572 5633 non
2607 5552 2698 5612 loti
2718 5551 2798 5633 ibi
2813 5561 3044 5633 quierunt
3066 5553 3334 5620 gaudium,
3360 5559 3463 5605 etc.

1893 5632 1948 5678 et
1970 5622 2219 5680 Urbcvet.
2245 5624 2454 5685 deinde,
2487 5624 2570 5676 ubi
2594 5631 2798 5693 aportet
2820 5622 3022 5693 inquiri.

1969 5706 1988 5728 ν
2026 5693 2144 5766 ἶίιιι·
2194 5711 2357 5766 usque
2400 5693 2536 5766 idem
2584 5688 2934 5766 fragmenttuu
2967 5692 3018 5746 in
3067 5689 3221 5746 codd.
3273 5688 3462 5746 Laurc

1893 5765 1984 5821 sed
2016 5767 2065 5820 in
2090 5765 2325 5820 Farfensi
2355 5764 2579 5818 additur.
