4052 6330
609 281 718 339 679
1829 274 1894 338 ‘s.
1938 282 2181 338 unum
2224 250 2676 344 'raunmisssrs
3766 297 3847 356 ως

614 398 1318 487 Ακσυμεᾳτύκε-ῖεςαηοιαε
1349 396 1653 487 Laurentius
1678 398 2201 487 Ecclesiwlllomana:
2227 413 2283 472 Α
2307 416 2421 463 scat
2451 407 2610 464 fidem
2653 415 2893 465 nostram
2938 425 3084 466 omni
3132 411 3356 468 veritate
3385 412 3682 468 subnixam.
3718 414 3853 487 Cujus

682 471 953 536 nntritius‘,
991 470 1234 541 indigena
1267 479 1481 541 martyr,
1500 470 1756 541 sedisque
1788 470 2085 541 apostolica:
2116 489 2202 525 ar-
2228 470 2262 504 ’ί

685 541 1015 612 cltidiaconus
1060 538 1308 593 a'sancto
1359 538 1595 612 Maximo
1633 538 1946 612 appellatur,
1995 542 2204 612 ejusque

683 610 1036 683 misericordia
1065 627 1190 683 ergo
1219 625 1492 683 pauperes,
1521 609 1770 681 fortitudo
1790 651 1805 677 ,
1834 619 1985 682 atque
2006 609 2206 683 marty-

683 682 817 735 rium
844 679 1104 751 eleganter
1123 679 1449 734 deseribitur.

683 771 960 839 Quamvis,
988 771 1182 826 fratres
1206 769 1488 834 carissimi,
1522 771 1825 840 passionem
1851 785 1969 841 qua:
1997 771 2050 824 in
2076 785 2208 840 pra:-

612 863 754 919 senti
798 861 886 919 die
933 863 1000 919 de
1045 861 1270 933 perfidia
1317 862 1497 919 saeculi
1546 863 1895 934 triumphavit
1924 864 2205 921 universus

614 954 771 1010 nobis
811 970 932 1009 cum
962 963 1174 1025 stupeat
1198 953 1451 1022 mundus,
1497 955 1770 1025 praecipuo
1802 963 1980 1010 tamen
2007 955 2204 1023 gaudio

613 1045 862 1100 virtutem
910 1046 1120 1101 nutritii
1164 1047 1247 1102 sui
1275 1047 1517 1104 Ecclesia
1546 1048 1790 1104 Romana
1820 1049 2072 1120 miratur,
2097 1050 2204 1106 De-

613 1136 705 1191 bet
733 1137 876 1191 enim
922 1136 1161 1206 gaudere
1198 1153 1308 1208 pm
1335 1139 1544 1195 czeteris
1564 1181 1578 1207 ,
1601 1154 1721 1208 quae
1748 1147 1898 1195 tanto
1925 1139 2204 1195 nobilitata

612 1228 873 1296 sanguine
900 1229 1226 1298 peculiarem
1259 1229 1655 1299 quodammodo
1699 1229 1962 1300 indigena:
1999 1238 2204 1302 marty-

614 1319 689 1375 ris
714 1320 952 1390 possidet
979 1320 1312 1389 dignitatem.
1359 1320 1458 1377 Hic
1481 1321 1662 1391 igitur,
1692 1321 1819 1376 dum
1845 1322 1896 1376 in
1928 1322 2054 1377 sede
2076 1337 2205 1392 apo-

613 1413 804 1469 stolica
831 1413 1300 1469 archidiacbnatus
1327 1413 1639 1484 fungeretur
1665 1412 1863 1478 officio,
1897 1421 1952 1469 et
1977 1411 2204 1484 perdere

613 1521 737 1562 eum
783 1521 912 1561 vasa
959 1505 1266 1562 coelestibus
1294 1505 1470 1561 dicata
1499 1505 1768 1576 mysteriis
1797 1521 1990 1562 avarus
2017 1519 2203 1576 perse-

613 1605 770 1653 cutor
799 1605 1044 1666 urgeret,
1071 1610 1363 1665 egenorum
1391 1595 1735 1651 multitudine
1765 1603 2090 1665 congregata
2117 1595 2201 1651 di-

614 1690 739 1746 visit
776 1689 1192 1744 misericorditer
1221 1689 1301 1743 vir
1342 1687 1678 1744 fidelissimus
1703 1688 1846 1757 quod
1879 1688 2121 1757 redigere
2148 1687 2203 1743 in

2311 506 2418 552 tam
2465 515 2657 554 secura
2704 501 2973 570 possessio
3002 510 3115 568 est,
3148 510 3206 556 ut
3238 502 3505 558 furentem
3542 503 3706 560 rideat
3725 522 3852 564 mun-

2307 589 2457 659 dum,
2485 587 2512 628 (ι
2544 599 2603 646 ut
2645 592 2882 663 de,ipsis
2929 595 3172 665 corporis
3207 595 3292 650 sui
3312 597 3590 668 suppliciis
3611 598 3850 667 glorietur.

2313 690 2336 718 ε’
2359 680 2615 744 Exuritur
2656 700 2757 754 pro
2803 686 2917 740 veri
2957 687 3054 741 Dei
3094 687 3393 743 assertione
3440 687 3770 758 Laurentius,
3809 701 3855 752 et

2308 773 2437 828 dum
2461 774 2759 831 mundanas
2789 773 2992 847 paritér
3017 778 3247 834 sustinet
3271 777 3514 835 flammas
3531 821 3547 846 ,
3575 791 3853 852 perpetuum

2306 865 2410 920 sibi
2449 865 2707 934 gehennae
2735 868 3020 937 restinguit
3045 869 3372 925 incendium.
3419 869 3467 924 Ο
3492 871 3700 927 cunctis
3724 873 3855 930 ﬁdeli-

2309 959 2408 1014 bus
2436 959 2690 1029 optabilis
2717 961 2988 1017 cruciatus
3005 1001 3020 1028 ,
3048 976 3157 1032 quo
3190 963 3282 1018 illa
3307 963 3482 1020 omnis
3504 964 3757 1020 tremendi
3789 967 3856 1035 juo

2308 1050 2433 1129 (Ποῦ
2474 1066 2634 1121 parua
2671 1051 3017 1109 dissolvitur!
3077 1051 3123 1109 0
3167 1054 3304 1124 ignis
3348 1055 3733 1126 desiderabilis,
3771 1073 3854 1128 quo

2309 1142 2411 1213 piis
2439 1143 2709 1198 mentibus
2736 1144 3121 1215 sempiternum
3151 1143 3486 1214 refrigerium
3510 1150 3852 1222 comparatur!

2309 1233 2662 1290 Decoloratur
2688 1235 2910 1306 quidem
2939 1235 3152 1307 ignibus
3179 1249 3310 1291 caro
3336 1234 3633 1301 Laurentii,
3659 1236 3745 1292 sed
3761 1239 3855 1293 ani-

2308 1342 2393 1381 ma
2441 1327 2694 1398 martyris
2740 1327 3066 1393 decoratur;
3117 1325 3470 1383 labefactatur
3513 1341 3712 1397 corpus
3731 1366 3745 1391 ,
3784 1329 3856 1385 sed

2307 1417 2526 1488 spiritus
2545 1417 2902 1485 convalescit,
2934 1426 2991 1474 et
3016 1419 3377 1474 membrorum
3403 1417 3684 1488 corruptio
3705 1418 3858 1474 laetan-

2306 1516 2417 1564 tem
2461 1508 2694 1563 animam
2739 1509 3055 1564 transmittit
3090 1508 3177 1564 ad"
3200 1507 3402 1575 Deum,
3447 1516 3507 1563 ut
3533 1524 3728 1580 corpus
3746 1510 3858 1581 quod

2308 1598 2591 1655 tormentis
2611 1614 2710 1670 pro
2733 1599 2960 1655 veritate
2988 1613 3098 1654 non
3129 1599 3322 1664 cessit,
3353 1583 3638 1670 privilegio
3664 1599 3859 1656 victricis

2307 1690 2501 1746 animm
2545 1689 2831 1762 gloriosius
2875 1689 3214 1746 reformaret.
3281 1688 3388 1745 Sed
3431 1689 3708 1746 videamus
3748 1705 3859 1745 nunc

611 1782 848 1854 praedam
882 1781 1174 1851 sacrilegus
1206 1781 1513 1848 ambiebat;
1546 1769 1841 1851 maluitque
1865 1781 1947 1835 vir
1975 1779 2205 1850 singula-
2229 1797 2279 1860 Β
2305 1796 2412 1851 qua
2441 1781 2564 1837 fidei
2592 1782 2851 1852 patientia
2877 1781 2936 1837 S.
2964 1781 3285 1838 Laurentius
3315 1769 3658 1837 flammarum
3677 1783 3860 1852 pertulit

612 1873 688 1930 ris
727 1873 938 1944 imperii
986 1881 1165 1929 motus
1213 1881 1376 1943 atque
1423 1873 1653 1946 impetus
1677 1872 1939 1942 “exigere
1960 1879 2199 1943 potesta-

613 1975 977 2036 tum,-quam
1025 1966 1331 2022 veneranda
1381 1965 1681 2021 ministeria
1725 1965 1901 2036 impiis
1953 1980 2050 2036 per
2078 1980 2203 2020 eum

613 2057 786 2114 oculis
824 2049 1196 2128 prode'i'entur.
1260 2055 1378 2124 Quo
1424 2055 1830 2126 religiosissimo
1875 2055 2016 2111 facto
2065 2055 2201 2126 ejus,

612 2148 962 2216 imrnoderata
993 2164 1118 2203 mox
1146 2147 1464 2204 crudelitate
1490 2147 1641 2202 furor
1667 2147 1880 2217 gentilis
1905 2145 2200 2215 incanduit,

613 2250 930 2313 raptumque
965 2243 1222 2298 continuo
1264 2241 1535 2297 craticula:
1562 2241 1590 2282 δ
1620 2241 1848 2313 subjecit
1871 2240 2083 2312 ignibus
2121 2258 2206 2298 su-

615 2335 840 2407 perponi
860 2378 876 2404 ,
919 2343 978 2390 ut
1004 2335 1245 2405 vigorem
1273 2335 1482 2392 devota:
1502 2337 1697 2392 mentis
1727 2336 1940 2394 ustione
1961 2335 2204 2406 corporis

563 2434 568 2440 '
613 2429 960 2500 approbaret.
992 2428 1172 2485 Nescit
1201 2429 1345 2484 enim
1376 2425 1741 2484 fidelissimum
1770 2439 1960 2501 pectus
1988 2428 2205 2485 mortali

611 2519 859 2577 incendio
900 2521 1092 2577 cedere
1117 2561 1132 2587 ,
1179 2521 1324 2591 quod
1369 2522 1424 2576 in
1465 2537 1679 2577 omnem
1709 2522 2077 2579 fortitudinem
2102 2537 2204 2578 stc-

612 2613 720 2669 culi
754 2624 776 2686 ¢_
800 2613 910 2682 jam
937 2614 1156 2684 spiritus
1193 2614 1372 2670 fervor
1397 2614 1737 2672 accenderat.
1787 2614 1924 2682 Quid
1953 2617 2201 2687 fartasse,

615 2700 850 2772 Pagane,
876 2703 1143 2760 desaevis?
1172 2703 1310 2772 Quid
1339 2706 1617 2765 meditaris
1644 2707 1861 2761 inania?
1909 2707 2049 2776 Ignis
2079 2717 2200 2766 tuus

607 2809 722 2856 non
752 2803 834 2849 est
876 2793 1148 2850 Laurentii
1193 2813 1351 2867 pmna
1376 2840 1391 2864 ,
1430 2800 1524 2853 sed
1569 2797 1767 2853 lumen'.
1820 2797 2058 2853 Flamma
2089 2807 2199 2870 tua,

525 2953 527 2956 ι
611 2901 715 2956 qua
745 2902 868 2942 eum
921 2887 1151 2943 cruciari
1191 2897 1351 2958 putas
1375 2930 1390 2956 ,
1433 2888 1763 2943 examinatio
1812 2888 2057 2944 veritatis
2093 2901 2200 2957 est,

612 2993 721 3032 non
746 2978 1019 3034 miseratio
1049 2977 1358 3035 Christiani.
1426 2977 1557 3032 Nam
1584 2977 1758 3048 quod,
1789 2977 1982 3034 fratres
2035 2980 2201 3036 caris-

610 3069 728 3125 simi
755 3113 770 3138 ,
822 3069 947 3125 talia
984 3070 1194 3140 perpeti
1233 3070 1476 3126 servulos
1504 3084 1632 3124 suos
1659 3078 1900 3140 potestas
1929 3071 2092 3142 586
2118 3071 2200 3126 di-

610 3161 733 3216 vina
762 3162 1046 3232 permittit,
1076 3161 1378 3232 majestatis
1407 3161 1512 3216 hoc
1537 3169 1754 3215 acterna:
1773 3167 1882 3226 est,
1916 3175 2198 3216 arcanum-

608 3267 712 3322 que
731 3253 1014 3310 consilium
1043 3295 1060 3322 ,
1110 3259 1380 3324 quatenus
1418 3251 1594 3309 omnis
1625 3251 1908 3308 infidelitas
1936 3267 2198 3322 recogno-
2222 3245 2269 3308 C

2305 1875 2595 1931 cruciatus.
2624 1873 2726 1930 Hic
2752 1875 2914 1946 igitur
2942 1875 3069 1930 dum
3094 1875 3451 1946 multiplicato
3478 1873 3626 1944 igne,
3664 1874 3860 1932 canden-

2306 1968 2377 2025 tis
2422 1967 2551 2023 ferri
2589 1957 2871 2024 adustione
2915 1966 3281 2039 perfringitur,
3328 1973 3385 2023 et
3424 1968 3552 2022 dum
3585 1967 3708 2024 diro
3740 1976 3860 2025 actus
3963 2023 3966 2028 .

2305 2058 2568 2130 supplicio
2623 2057 2852 2115 deficere
2897 2058 3012 2129 jam
3051 2066 3292 2131 putatur,
3345 2057 3526 2118 subita
3569 2058 3860 2129 indignantis

2304 2150 2636 2223 ridentisque
2661 2152 2907 2224 prorupit
2935 2153 2989 2208 in
3017 2168 3207 2209 vocem
3234 2172 3246 2206 :
3291 2151 3515 2208 Versate
3541 2167 3656 2220 me,
3685 2152 3858 2223 inquit;

2306 2261 2424 2312 rex,
2453 2255 2739 2312 manduca,
2761 2245 2873 2315 jam
2901 2254 3114 2302 coctum
3136 2253 3237 2303 est.
3271 2244 3389 2313 Quo
3407 2288 3423 2314 ,
3453 2260 3676 2316 quaeso,
3704 2245 3860 2302 crude-

2305 2335 2539 2393 lissimus
2578 2344 2754 2393 tortor
2777 2336 2985 2407 pudore
3010 2337 3265 2394 confusus
3287 2343 3400 2402 est,
3445 2353 3568 2393 cum
3595 2338 3734 2393 inter
3755 2352 3859 2408 sup-

2305 2427 2464 2499 plicia
2491 2428 2771 2484 constituti
2797 2429 3029 2484 hominis
3056 2444 3165 2497 non
3209 2429 3385 2484 solum
3423 2429 3570 2483 nulla
3597 2429 3859 2484 honoratus

2305 2529 2390 2578 est
2414 2536 2596 2592 prece,
2623 2521 2718 2577 sed
2745 2522 3088 2592 correptione
3116 2521 3420 2578 insultantis
3443 2529 3527 2577 est
3554 2519 3856 2592 increpatis!

2305 2613 2372 2669 Et
2398 2621 2601 2684 quanto
2620 2629 2744 2670 eum
2765 2612 3081 2669 Laurentius
3105 2612 3334 2670 ludibrio
3357 2612 3660 2684 deputavit,
3690 2621 3742 2667 ut
3761 2626 3859 2668 cum

2303 2707 2406 2765 sibi
2435 2721 2617 2764 escam
2667 2707 2850 2777 opimo
2877 2706 3220 2762 subtraxerat
3248 2705 3476 2775 prandio
3493 2745 3509 2769 ,
3549 2705 3729 2760 cibum
3753 2702 3861 2759 adu-

2302 2787 2371 2855 sti
2400 2799 2480 2855 sui
2510 2798 2757 2868 corporis
2784 2797 3097 2854 exhiberet!
3144 2797 3269 2853 Haec
3309 2807 3437 2852 sunt
3470 2811 3603 2868 ergo
3623 2837 3642 2864 ,
3671 2797 3854 2862 fratres,

2303 2889 2578 2945 Laurentii
2626 2889 2852 2956 merita,
2895 2889 3010 2944 haac
3043 2889 3288 2960 martyrii
3313 2889 3428 2958 ejus
3450 2889 3647 2959 gloria.
3692 2886 3858 2944 Ditatit

2301 2998 2584 3054 pauperes,
2617 2989 2954 3037 sacramenta
2983 2979 3002 3019 ί
3035 2996 3144 3037 non
3172 2981 3422 3051 perdidit,
3449 2979 3723 3036 insultavit
3749 2977 3858 3048 igni-

2300 3075 2429 3139 ‘ius,
2480 3081 2536 3129 et
2575 3072 2833 3128 mundum
2864 3073 3038 3127 victor
3062 3071 3374 3141 relinquens
3400 3069 3770 3144 persequentis
3787 3067 3855 3124 in-

2297 3163 2502 3218 saniam
2533 3161 2841 3232 triumphali
2869 3175 3004 3218 voce
3022 3160 3314 3218 damnavit.
3487 3163 3489 3165 ’

1958 3343 2229 3407 sumo
2274 3341 2538 3422 Lxxu.

1467 3445 1547 3502 De
1573 3445 1750 3502 eodem
1779 3444 1944 3499 natali
1966 3442 2029 3498 S.
2057 3443 2326 3498 Laurentii
2356 3443 2522 3497 levitte
2547 3448 2598 3494 et
2624 3439 2873 3510 martyris
2897 3435 3016 3492 111.

2033 3530 2423 3590 ADMONITIO.

682 3632 840 3714 58.7
871 3629 989 3714 Nec.
1027 3630 1169 3712 hanc
1215 3628 1430 3714 αυὲμθηι
1480 3603 1968 3714 ιγρίηυιεθξυιιῑ.
1990 3627 2155 3714 tuisse
2184 3621 3244 3714 iusllispzageej"-9°2£€9F1¥i9392
3259 3620 3626 3714 aenum
3661 3619 3754 3676 ¹⁰⁶
3776 3635 3858 3678 ει·

609 3692 824 3772 scripsi:
849 3700 993 3771 quod
1021 3692 1480 3771 primus'aliorum
1505 3692 1670 3753 trium
1699 3692 1890 3755 sancto
1920 3699 2153 3754 Maximo
2179 3692 2562 3753 attribuitorum
2589 3709 2700 3764 prae
2727 3708 2786 3748 se
2813 3693 2982 3766 [erret
3008 3692 3248 3762 ejusdem
3269 3707 3487 3748 nomen.

613 3814 1184 3896 Λιιϐ11ωεητυιι.;-Ιτι
1223 3817 1417 3896 sanctis
1457 3815 1772 3896 martyribus
1819 3814 2198 3896 clarius-fulget

680 3903 829 3969 amor
865 3903 963 3969 quo
1002 3884 1805 3969 D‘eusyrooximusqu'e'diligitur.
1849 3884 2079 3939 Μεναὺὶιὶ
2102 3885 2200 3969 fuit

684 3955 995 4010 Laurentius
1039 3955 1338 4028 fortitudine
1382 3955 1455 4010 de
1486 3955 1675 4010 Christi
1719 3972 1894 4010 amore
1933 3955 2193 4024 concepta.

684 4026 1047 4108 Hierosolyma
1084 4027 1369 4096 ciari/icata
1391 4043 1423 4080 a
1453 4027 1718 4096 Stephano
1740 4069 1755 4092 ,
1795 4025 1962 4080 Roma
1992 4042 2025 4079 a
2053 4023 2196 4078 Lau-

685 4107 867 4147 renuo.

685 4111 867 4150 renuo.

682 4185 818 4240 Cum
867 4183 1104 4239 omnium
1132 4227 1147 4253 ,
1196 4185 1556 4250 dilectissimi,
1599 4201 1806 4241 summa
1844 4185 2100 4256 virtutum
2141 4193 2198 4240 et

615 4276 780 4334 totius
811 4275 1088 4347 plenitudo
1124 4275 1344 4345 justitia:
1371 4276 1438 4330 de
1473 4276 1566 4332 illo
1597 4291 1780 4332 amore
1809 4283 2062 4332 nascatur
2087 4293 2195 4348 quo

612 4369 776 4425 Deus.
801 4365 1187 4438 proximusque
1233 4365 1500 4436 diligitur;
1553 4367 1604 4421 in
1652 4367 1810 4422 nullis
1847 4367 2088 4438 profecto
2109 4368 2197 4424 hic

605 4464 762 4514 arnor
788 4457 1066 4513 sublimius
1100 4457 1368 4512 excellere
1386 4496 1408 4525 τ
1430 4457 1732 4526 clariusque
1776 4457 2004 4528 fulgere,
2035 4473 2194 4529 quam

605 4554 661 4610 in
690 4549 1013 4607 beatissimis
1039 4538 1363 4622 martyribus
1386 4549 1682 4616 invenitur;
1709 4549 1800 4620 qui
1823 4549 2048 4605 Domino
2068 4549 2195 4605 Jesu

605 4641 820 4697 Christo
856 4656 954 4711 pro
991 4640 1240 4696 omnibus
1277 4640 1582 4696 hominibus
1610 4649 1855 4708 mortuo,
1895 4641 2195 4712 propinque

605 4741 728 4788 sunt
767 4732 994 4798 imitati,
1026 4740 1134 4786 tam
1169 4731 1364 4788 ardore
1403 4732 1646 4787 caritatis
1673 4747 1837 4801 quam
1877 4747 2044 4802 opere
2070 4745 2195 4802 pas-

605 4825 790 4881 sionis.
819 4825 1077 4892 Quamvis
1105 4825 1246 4880 enim
1275 4825 1348 4879 illi
1375 4825 1648 4880 dilectioni
1676 4840 1781 4895 qua
1811 4841 1910 4885 nos
1935 4825 2193 4882 Dominus

605 4915 832 4970 redemit
877 4916 1022 4978 nulla
1068 4911 1382 4987 cujusquam
1423 4918 1725 4987 benignitas
1754 4918 1922 4990 possit
1959 4920 2188 4989 :cquari;

604 5005 729 5074 quia
759 5005 900 5061 aliud
922 5013 1143 5077 estpro
1167 5005 1314 5076 justo
1340 5008 1477 5062 mori
1506 5009 1779 5064 hominem
1798 5049 1812 5075 ,
1843 5010 1924 5066 sui
1950 5009 2186 5065 necessi-

605 5107 716 5154 tate
760 5100 1116 5166 moriturum;
1162 5099 1304 5155 aliud
1343 5116 1441 5172 pro
1486 5100 1662 5172 impiis
1699 5103 2190 5158 occumbereade-

471 5231 490 5252 .
552 5187 559 5193 ’
605 5193 717 5247 hito
747 5191 935 5247 mortis
963 5191 1215 5248 alienum.
1267 5191 1490 5249 Multmn
1521 5203 1698 5250 tamen
1729 5194 1991 5251 universis
2020 5193 2189 5248 homi-

2302 3811 2618 3883 tcrribilem,
2666 3810 2762 3866 sed
2800 3809 2980 3865 multis
3019 3808 3241 3900 fecisset
3286 3808 3626 3864 imitabilem.
3670 3807 3724 3864 Si
3750 3819 3857 3873 ergo

2300 3905 2479 3960 nullus
2509 3903 2681 3958 bonus
2705 3902 2804 3958 sibi
2825 3901 2927 3956 soli
2952 3895 3037 3956 est
3049 3900 3242 3965 bonus,
3266 3915 3366 3956 nec
3386 3899 3640 3969 cuiquam
3659 3895 3862 3969 sapienti

2298 3998 2400 4054 sihi
2447 4005 2654 4052 tantum
2703 4003 2786 4051 est
2830 3995 3002 4050 amica
3049 3994 3342 4064 sapientia;
3383 4000 3440 4048 et
3479 3993 3593 4048 hmo
3636 4004 3859 4048 veram

2248 4126 2253 4131 -
2300 4100 2492 4146 natura
2519 4091 2778 4144 virtutum
2805 4096 2908 4156 est,
2939 4096 2999 4143 ut
3026 4087 3248 4142 multum
3278 4101 3309 4140 a
3338 4084 3632 4141 tenebroso
3661 4083 3863 4139 abducat

2299 4196 2482 4236 errore
2499 4224 2514 4248 ,
2545 4181 2635 4250 qui
2656 4193 2842 4235 earum
2863 4178 3041 4233 clarus
3070 4184 3151 4232 est
3180 4175 3410 4241 lumine,
3444 4173 3513 4229 ad
3535 4172 3860 4230 erudiendum

2299 4271 2392 4328 Dei
2422 4271 2678 4343 populum
2725 4269 2870 4324 nulla
2917 4259 2998 4324 est
3043 4267 3226 4323 utilior
3272 4266 3665 4336 forma,quam
3687 4272 3861 4335 marty-

2299 4381 2415 4419 rum
2448 4365 2641 4420 iuvicla
2672 4363 2956 4434 patientia;
2997 4361 3168 4420 facilis
3203 4361 3272 4416 ad
3295 4359 3631 4416 exorandum
3667 4359 3725 4413 ﬁt
3744 4357 3860 4413 ratio

2299 4454 2489 4510 eflicax
2526 4453 2593 4509 ad
2620 4453 2970 4511 suadendum.
3022 4452 3294 4508 Validiora
3335 4458 3518 4508 tamen
3546 4458 3674 4507 sunt
3698 4463 3862 4506 exem-

2221 4530 2270 4591 Ῑ)
2300 4549 2385 4619 pla
2410 4562 2570 4618 quam
2599 4547 2780 4614 verba,
2811 4555 2866 4603 et
2893 4547 3014 4619 plus
3039 4555 3122 4603 est
3141 4561 3305 4617 opere
3325 4545 3522 4602 docere
3541 4561 3705 4616 quam
3726 4558 3860 4600 voce.

2299 4640 2355 4694 lu
2385 4656 2493 4711 quo
2523 4639 2973 4696 excellentissimo
2998 4653 3196 4708 genere
3231 4637 3491 4694 doctrinae
3519 4638 3712 4693 beatus
3736 4651 3863 4692 mar-

2298 4741 2382 4803 tyr
2411 4731 2731 4788 Laurentius
2755 4772 2770 4797 ,
2821 4729 2974 4800 cujus
3010 4731 3261 4801 passione
3293 4729 3408 4785 dies
3445 4729 3737 4786 hodiernus
3763 4726 3863 4782 illu-

2295 4823 2423 4879 stris
2443 4814 2524 4879 est
2542 4866 2557 4890 ,
2588 4838 2693 4894 qua
2718 4823 2953 4894 gloriosa
2982 4821 3182 4892 polleat
3210 4821 3488 4892 dignitate
3509 4821 3673 4881 etiam
3700 4832 3864 4890 perse-

2294 4925 2509 4972 cutores
2556 4916 2672 4986 ejus
2720 4916 2922 4972 sentire
2966 4922 3278 4986 potuerunt.
3324 4913 3496 4982 Quam
3531 4914 3621 4969 ille
3650 4910 3863 4969 mirabili

2293 5007 2392 5062 fuit
2430 5008 2594 5062 animi
2630 5007 2940 5063 fortitudine
2980 5007 3048 5064 de
3075 5007 3272 5064 Christi
3300 5006 3672 5078 principaliter
3698 5015 3866 5060 amore

2294 5109 2590 5172 concepta;
2639 5115 2759 5170 qua:
2797 5115 2904 5154 non
2951 5099 3126 5155 solum
3168 5099 3283 5170 ipsa
3329 5113 3440 5154 non
3485 5096 3746 5160 cederet,
3784 5091 3862 5148 sed

2295 5193 2453 5248 etiam
2485 5193 2619 5248 alios
2640 5193 2889 5264 exemplo
2921 5207 3032 5248 sum
3069 5191 3368 5248 tolerantim
3394 5189 3712 5247 roboraret!
3746 5187 3865 5242 Cum

485 5303 502 5317 ο
602 5283 776 5340 nibus'
802 5283 962 5338 etiam
1011 5291 1277 5356 martyres
1319 5285 1694 5350 contulerunt,
1727 5301 1955 5356 quorum
1983 5282 2188 5339 fortitu-
2293 5287 2436 5342 enim
2487 5286 2637 5358 furor
2680 5287 2908 5343 Gentilis
2965 5288 3017 5342 in
3069 5286 3382 5356 lectissima
3408 5301 3633 5358 quasque
3680 5278 3863 5338 Christi

597 5376 723 5432 dine
762 5377 835 5432 ita
886 5377 1002 5454 ejus
1046 5376 1268 5446 largitor
1305 5369 1432 5434 usus
1460 5387 1542 5434 est
1573 5379 1852 5442 Dominus,
1886 5387 1944 5432 ut
1972 5392 2184 5448 paenam
2293 5378 2531 5432 membra
2572 5378 2814 5444 saeviret,
2859 5394 2926 5435 ac
2953 5379 3220 5449 praecipue
3252 5393 3348 5434 eos
3372 5377 3643 5450 δεδαιιί
3673 5371 3866 5432 ordinis

600 5469 787 5524 mortis
833 5477 889 5524 et
929 5467 1272 5526 atrocitatem
1316 5469 1490 5525 crucis
1533 5469 1690 5524 nullis
1726 5484 1834 5524 non
1871 5469 2035 5525 vellet
2062 5483 2183 5525 esse
2291 5478 2446 5525 erant
2473 5470 2824 5528 sacerdotalis
2853 5471 3156 5542 impeteret,
3184 5471 3238 5527 in
3263 5470 3481 5529 levitam
3502 5467 3858 5528 Laurentimn,

2361 5607 2385 5646 δ
2427 5609 2570 5665 Idem
2594 5609 2737 5675 cod.,
2771 5619 2820 5663 et
2841 5610 2921 5666 de.

2363 5691 2385 5752 ἡ
2427 5680 2569 5752 idem
2600 5679 2743 5752 cod.,
2777 5679 3029 5736 Emritur
3055 5699 3195 5752 ergo.

2367 5750 2385 5788 ί
2427 5750 2569 5807 Idem
2601 5751 2743 5819 cod.,
2777 5769 2876 5807 non
2899 5750 3148 5823 prodidit.

673 5615 696 5679 ξ
735 5606 867 5679 Cod.
896 5604 1098 5679 Casin.,
1131 5611 1387 5679 excipere.

671 5676 694 5713 l'
735 5676 877 5748 idem
906 5678 1059 5743 cod.,
1094 5676 1335 5748 subjectis
1349 5677 1492 5748 jubet
1521 5677 1720 5748 ignibus
1741 5679 2033 5748 superponi.

677 5757 696 5783 ε
736 5745 880 5802 ldem
911 5749 1032 5805 cod.
1055 5745 1254 5805 omittit
1287 5745 1409 5803 iant.
