4052 6330
1669 238 1904 299 SERMO
1927 233 2170 296 LXXIV.

3454 243 3566 304 082

272 359 364 431 qui
391 375 506 416 non
529 360 704 416 solum
731 359 1030 416 ministerio
1057 364 1516 416 sacramentorum
1531 394 1548 421 ,
1579 353 1675 411 sed
1702 356 1867 411 etiam
1895 359 1952 420 Α
1973 366 2158 409 sorum
2183 349 2391 408 alterna
2412 353 2708 410 mutatione
2722 355 3088 412 membrorum
3114 354 3269 412 fmret
3292 357 3561 414 cruciatus

274 448 675 522 dbpensatione
702 450 1079 507 ecclesiasticae
1107 448 1423 505 substantiae
1454 445 1863 518 praeminebat,

271 543 469 614 impius
496 550 814 614 persecutor
839 540 1108 617 eﬂ‘erbuit.
1157 539 1437 611 Duplicem
1479 537 1581 594 sibi
1609 537 1867 610 proponit

269 633 507 706 pandam
551 634 621 690 de
666 651 775 692 uno
815 635 958 704 viro,
986 649 1147 705 quem
1175 634 1221 689 si
1249 632 1480 697 fecisset,
1512 637 1680 687 sach
1699 644 1867 702 pecu-

269 727 372 783 niae
401 727 721 782 traditorem
743 726 979 790 faceret,
1011 727 1172 782 etiam
1199 741 1342 782 vera:
1371 724 1648 794 religionis
1671 738 1864 781 exsor-

270 827 399 875 tem.
462 817 718 890 Armatur
763 819 946 889 itaque
992 818 1204 886 gemina
1251 815 1368 894 face
1413 816 1578 872 homo
1625 816 1866 887 pecunia:

267 907 492 980 cupidus
520 917 577 965 et
606 909 846 966 veritatis
874 910 1158 966 inimicus:
1191 909 1416 964 avaritia
1437 951 1452 975 ,
1482 916 1543 963 ut
1569 908 1746 979 rapiat
1767 923 1865 964 au-

266 1016 422 1068 rum;
476 1001 784 1073 impietate,
838 1011 898 1057 ut
929 1001 1138 1058 auferat
1168 1001 1459 1058 Christum.
1491 999 1734 1057 Postulat
1760 1001 1864 1057 sibi
1913 1024 1918 1028 ·

262 1091 335 1148 ab
381 1092 727 1149 immaculato
787 1108 943 1149 sacro
994 1093 1222 1164 praesule
1271 1108 1402 1164 opes
1446 1091 1862 1163 ecclesiasticas,

262 1185 461 1256 quibus
488 1186 828 1243 avidissimus
856 1185 1096 1242 inhiabat
1122 1185 1324 1242 inferri.
1354 1184 1454 1241 Cui
1482 1185 1646 1242 levita
1674 1187 1864 1243 castis-

261 1276 432 1334 simus
461 1276 554 1334 ubi
577 1293 674 1335 cas
707 1279 974 1350 repositas
999 1277 1224 1352 haberet
1251 1278 1572 1343 ostendens,
1603 1293 1861 1335 numero-

259 1369 506 1431 sissimos
531 1379 841 1428 sanctorum
867 1385 1168 1442 pauperum
1187 1371 1386 1427 obtulit
1411 1383 1620 1441 greges,
1653 1373 1708 1427 in
1729 1387 1865 1442 quo-

259 1474 386 1518 rum
440 1460 588 1517 victu
633 1467 796 1531 atque
861 1446 1059 1517 vestitu
1119 1448 1498 1518 inamissibiles
1543 1461 1864 1518 codiderat

258 1550 564 1610 facultates.
607 1552 737 1620 Quae
775 1562 927 1609 tanto
953 1553 1216 1624 integrius
1243 1562 1400 1609 erant
1426 1552 1616 1617 salva,
1657 1561 1862 1625 quanto

257 1647 503 1703 sanctius
536 1647 904 1718 probabantur
947 1663 1215 1719 expensa.
1264 1647 1471 1703 Fremit
1511 1646 1696 1718 praedo
1747 1645 1860 1702 fru-

1969 447 2366 512 vehementior,
2406 454 2462 503 et
2487 463 2648 518 paena
2670 448 3002 520 productior.
3033 448 3175 504 Nihil
3195 449 3434 518 obtines,
3467 451 3554 506 ni-

1919 565 1930 581 ~
1968 535 2044 592 hil
2093 536 2346 610 proﬁcis,
2407 553 2547 594 saeva
2591 541 2912 608 crudelitas;
2966 542 3093 597 dum
3143 540 3465 599 Laurentius
3502 545 3556 599 in

1967 631 2120 688 malis
2146 632 2452 702 alleviatur,
2483 642 2540 688 tu
2566 633 2751 690 deﬁcis
2775 634 3004 700 ﬂammis
3028 635 3154 691 tuis.
3183 633 3440 706 Superari
3467 652 3556 691 ca-

1966 723 2144 779 ritatis
2169 722 2369 781 Christi
2395 723 2611 781 ﬂamma
2630 741 2740 782 non
2762 727 2956 797 potuit,
2981 735 3038 783 et
3057 727 3276 796 segnior
3301 727 3400 783 fuit
3423 729 3560 796 ignis

1965 816 2060 886 qui
2081 815 2214 874 foris
2237 817 2396 884 ussit,
2418 832 2583 887 quam
2605 819 2698 890 qui
2721 819 2865 876 intus
2885 821 3150 878 accendit.
3181 820 3413 890 Saevisti,
3441 838 3559 892 per-

1965 916 2204 975 secutor,
2254 909 2513 982 martyri,
2560 918 2618 966 et
2657 911 2853 967 auxisti
2899 911 3130 982 palmam
3170 911 3297 968 dum
3335 925 3558 982 aggeras

1965 1014 2200 1072 pinnam.
2244 999 2377 1056 Nam
2411 1000 2540 1072 quid
2566 1016 2675 1058 non
2697 1001 2768 1056 ad
2795 1003 3018 1059 victoris
3037 1004 3265 1073 gloriam
3286 1003 3557 1072 ingenium

1966 1098 2115 1146 tuum
2140 1093 2376 1162 reperit,
2407 1092 2626 1164 quando
2651 1093 2707 1148 in
2728 1093 2991 1149 honorem
3014 1095 3344 1151 transierunt
3367 1095 3559 1150 trium-

1963 1185 2062 1256 phi
2088 1185 2255 1240 etiam
2289 1185 2648 1242 instrumenta
2686 1186 2971 1257 supplicii?
3007 1184 3349 1243 Gaudeamus
3375 1187 3558 1256 igitur,

1965 1275 2340 1344 dilectissimi,
2387 1279 2586 1348 gaudio
2632 1278 2899 1350 spirituali
2945 1277 3014 1334 de
3038 1278 3346 1334 felicissimo
3374 1278 3558 1350 inclyti

1964 1369 2065 1425 viri
2114 1369 2240 1426 line.
2291 1368 2598 1426 Gloriemur
2637 1371 2693 1425 in
2738 1369 2986 1436 Domino,
3031 1369 3176 1441 quod
3211 1368 3474 1425 mirabilis
3502 1368 3587 1438 in,

1966 1462 2130 1534 589
2158 1463 2360 1518 sanctis
2394 1463 2506 1520 suis
2529 1506 2545 1532 ,
2590 1463 2644 1518 in
2679 1463 2874 1532 quibus
2911 1462 3067 1518 nobis
3093 1462 3398 1540 praesidium
3424 1476 3559 1517 cou-

1962 1554 2138 1609 stituit
2173 1561 2230 1608 et
2257 1554 2586 1624 exemplum.
2621 1555 2799 1624 Atque
2829 1555 2904 1609 ita
2935 1568 3034 1625 per
3063 1553 3373 1609 universum
3402 1569 3559 1608 mun-

1964 1643 2092 1700 dum
2117 1646 2433 1703 clarilicavit
2461 1649 2688 1716 gloriam
2711 1663 2892 1715 suam,
2924 1655 2985 1702 ut
3023 1663 3055 1701 a
3088 1647 3222 1702 solis
3242 1653 3368 1701 ortu
3390 1661 3560 1714 usque

225 1763 228 1766 ·
257 1747 462 1796 stratus
483 1781 500 1807 ,
550 1749 606 1796 et
632 1740 687 1796 in
715 1739 842 1797 odio
869 1740 1174 1810 religionis,
1207 1753 1327 1809 quae
1354 1739 1518 1794 talem
1543 1738 1856 1794 divitiarum
1886 1739 1932 1800 Β
1959 1737 2027 1793 ad
2067 1754 2323 1795 occasum
2363 1741 2704 1797 leviticorum
2744 1733 3006 1798 luminum
3053 1740 3256 1795 lumina
3301 1753 3527 1794 corusca

258 1845 420 1887 usum
462 1833 783 1890 instituisset
831 1832 1158 1899 ardescens,
1218 1831 1580 1904 direptionem
1620 1831 1862 1887 thesauri

256 1923 490 1994 potioris
530 1922 862 1994 aggreditur,
901 1924 1043 1995 apud
1081 1938 1242 1994 quem
1283 1923 1485 1978 nullam
1515 1922 1860 1979 denariorum

247 2016 618 2072 substantiam
657 2018 982 2088 reperisset;
1009 2015 1138 2072 illud
1168 2015 1473 2088 depositum
1494 2059 1509 2084 ,
1538 2031 1648 2086 quo
1674 2031 1859 2072 sacra-

253 2107 368 2164 ius
396 2117 515 2164 erat
541 2110 711 2180 dives,
743 2109 1011 2177 auferret,
1042 2111 1356 2166 renuntiare
1383 2109 1732 2166 Laurentium
1769 2109 1860 2179 ju-

255 2199 372 2267 bet,
403 2207 460 2256 et
486 2201 868 2258 solidissimam
897 2202 1044 2257 illam
1063 2199 1268 2258 levitici
1294 2202 1459 2257 animi
1487 2200 1859 2257 fortitudinem

253 2291 392 2350 diris
421 2302 576 2365 parat
614 2309 806 2365 urgere
834 2294 1140 2366 suppliciis;
1168 2309 1401 2366 quorum
1427 2294 1518 2350 ubi
1547 2295 1721 2366 prima
1750 2310 1860 2350 non

254 2389 530 2454 obtinent,
559 2389 970 2446 vehementiora
998 2387 1294 2445 succedunt
1321 2405 1334 2442 :
1368 2387 1578 2445 laceros
1615 2396 1764 2444 artus
1805 2395 1862 2444 et

253 2480 431 2538 multa
463 2482 762 2539 verberum
788 2483 1031 2540 sectione
1055 2482 1302 2538 concisos
1329 2479 1578 2551 subjecto
1601 2481 1863 2552 praecepit

253 2572 388 2645 igne
432 2575 660 2644 torreri;
709 2584 768 2631 ut
809 2591 908 2648 per
948 2581 1154 2632 cratem
1201 2573 1463 2640 ferream,
1509 2589 1630 2645 quae
1651 2571 1766 2644 jam
1795 2572 1863 2628 de

247 2661 476 2724 fervore
511 2665 768 2726 continuo
805 2668 915 2725 vim
945 2668 1000 2724 in
1026 2681 1086 2723 se
1113 2659 1343 2722 haberet
1367 2664 1582 2732 urendi,
1628 2679 1860 2722 conver-

1962 1841 2104 1900 rent,
2137 1843 2193 1889 et
2219 1849 2380 1906 quam
2410 1834 2702 1891 clariﬁcata
2729 1842 2812 1890 est
2839 1834 3214 1905 Hierosolyma
3257 1849 3289 1888 ει
3327 1832 3558 1903 Stepha-

1964 1940 2069 1992 no,
2102 1934 2212 1980 tam
2241 1927 2466 1983 illustris
2507 1925 2664 1984 ﬁeret
2693 1927 2868 1984 Roma
2893 1927 3204 1983 Laurentio.
3250 1926 3415 1996 Cujus
3433 1941 3560 1982 ora-

1967 2020 2114 2075 tione
2141 2029 2196 2076 et
2218 2021 2524 2092 patrocinio
2553 2021 2888 2091 adjuvandos
2923 2022 3038 2076 sine
3072 2022 3370 2076 cessatione
3399 2021 3561 2092 590

1963 2112 2304 2179 conﬁdimus,
2335 2122 2395 2170 ut
2419 2115 2544 2185 quia
2567 2129 2789 2183 omnes,
2819 2114 2959 2170 sicut
2989 2114 3280 2185 Apostolus
3301 2114 3405 2182 ait,
3438 2113 3560 2182 qui-

1965 2220 2178 2275 cunque
2215 2206 2304 2276 pie
2343 2206 2534 2262 volunt
2557 2207 2611 2261 in
2639 2205 2855 2261 Christo
2883 2207 3066 2262 vivere
3083 2246 3098 2272 ,
3127 2207 3560 2276 persecutionem

1967 2295 2265 2367 patiuntur,
2280 2297 2699 2364 corroboremur
2723 2296 2915 2366 spiritu
2943 2296 3206 2362 caritatis,
3223 2302 3280 2351 et
3299 2293 3370 2350 ad
3395 2309 3560 2364 supe-

1967 2387 2166 2444 randus
2193 2404 2383 2446 omnes
2409 2389 2738 2446 tentationes
2765 2389 3065 2445 constantis
3106 2386 3230 2444 ﬁdei
3257 2389 3560 2445 constantia

1969 2483 2293 2538 muniamur.
2339 2481 2444 2538 Per
2481 2483 2767 2537 Dominum
2803 2492 3045 2538 nostrum
3081 2481 3262 2538 Iesum
3291 2482 3560 2536 Christum

1968 2573 2239 2629 viventem
2285 2582 2341 2629 et
2383 2581 2701 2646 regnantem
2749 2589 2870 2630 cum
2912 2573 3072 2630 Patre
3117 2583 3172 2630 et
3213 2590 3334 2628 cum
3359 2573 3560 2644 Spiritu

1968 2674 2158 2722 sancto
2184 2667 2241 2722 in
2271 2667 2466 2724 saecula
2496 2667 2836 2724 saculorum.
2868 2667 3058 2722 Amen.

1570 2757 1844 2822 SERMO
1887 2759 2183 2822 LXXIII.

1122 2862 1204 2920 De
1228 2862 1408 2920 eodem
1446 2859 1616 2917 natali
1646 2861 1710 2918 s.
1741 2859 2014 2917 Laurentii
2041 2862 2210 2916 ιευίιιε
2236 2871 2287 2916 ει
2312 2825 2562 2932 martyris
2591 2860 2696 2916 ιγ.

1713 2948 2108 3006 ADMONITIO.

332 3047 396 3104 In
424 3043 698 3104 codicibus
726 3045 1008 3128 Vaticanis
1027 3043 1161 3099 6451
1188 3059 1312 3128 pag.
1339 3041 1550 3128 ηὔλει
1574 3043 1714 3128 ϐιρι
1741 3060 1868 3128 pag.
1897 3041 2023 3128 555,
2050 3045 2218 3128 inque
2233 3043 2615 3128 Casinensibus
2645 3044 2766 3110 100,
2932 3051 2987 3098 et
3016 3041 3353 3128 l_0.9_fol..87,
3384 3041 3562 3124 brevis

256 3119 355 3178 hic
377 3134 558 3176 sermo
572 3119 757 3202 sancti
795 3117 1035 3200 Maximi.
1061 3113 1288 3202 opta—tur
1337 3117 1575 3202 nomine.
1626 3114 1709 3170 Ex
1740 3113 1855 3187 ipsa
1885 3126 2066 3172 autem
2096 3113 2366 3172 scribendi
2395 3117 2604 3172 ratione
2638 3131 2748 3171 non
2778 3115 2962 3182 alium,
2993 3113 3097 3169 nisi
3125 3113 3417 3168 Maximum
3447 3113 3562 3184 ejus

258 3201 541 3248 auctorem
567 3189 751 3255 fuisse,
785 3188 1038 3258 cognosci
1064 3185 1225 3259 plane
1255 3202 1417 3260 posse
1446 3193 1716 3257 putamus.

260 3285 432 3359 589
461 3285 850 3359 nasciturum.
890 3312 961 3324 --
999 3277 1600 3359 Fidelissintus_martyr
1633 3275 1869 3359 Lauren-
1899 3282 1945 3344 ο
1975 3291 2128 3332 mare
2155 3277 2276 3345 quis
2302 3275 2517 3331 valeat?
2558 3273 2661 3342 Qui
2693 3275 2746 3329 in
2771 3282 2920 3329 tanta
2965 3274 3263 3330 acerbitate
3289 3275 3562 3344 supplicii,

338 3348 440 3411 t'ith
462 3355 633 3410 divino
655 3356 774 3426 igne
799 3359 1064 3426 accensus.
1085 3348 1331 3426 mortales
1352 3349 1593 3426 [laminas
1613 3349 1870 3426 patienter

249 3451 254 3460 ι
335 3427 590 3482 sustinuit
606 3418 896 3495 acvfortiter
913 3421 1055 3487 vicit,
1077 3421 1336 3492 geminato
1365 3418 1588 3490 quodam
1610 3418 1865 3490 supplicio

336 3508 387 3554 et
415 3497 552 3570 ignis
581 3504 630 3550 et
654 3496 778 3568 ferri
802 3503 986 3548 tortus.

339 3653 479 3710 Cum
509 3650 983 3709 innumerabilium
1010 3646 1302 3703 virtutibus
1327 3653 1648 3718 martyrum,
1675 3644 1870 3700 fratres

261 3746 578 3812 carissimi,
621 3743 838 3814 gentilis
865 3757 1010 3813 saepe
1036 3741 1178 3796 victa
1201 3739 1390 3795 fuisset
1414 3737 1697 3808 impietas,
1735 3753 1868 3792 cun-

150 3891 152 3894 .
262 3841 482 3910 ctisque
507 3850 790 3908 pugnarum
829 3832 1118 3904 generibus
1145 3830 1422 3886 exhaustis
1440 3868 1456 3894 ,
1482 3827 1744 3899 populum
1772 3825 1870 3882 Dei

259 3931 484 3991 videret
510 3947 620 3986 non
648 3928 823 3984 solum
851 3942 959 3982 non
988 3939 1148 3996 posse
1171 3922 1436 3994 superari,
1467 3920 1564 3977 sed
1590 3920 1702 3975 suis
1729 3919 1870 3975 efﬁci

260 4025 550 4099 suppliciis
573 4023 824 4078 fortiores
842 4063 858 4088 ,
887 4017 1086 4074 furoris
1114 4017 1196 4073 sui
1222 4014 1429 4071 facibus
1455 4028 1684 4070 accensa
1712 4011 1869 4068 ﬂam-

260 4121 378 4178 mis
401 4115 710 4188 aggreditur
735 4112 1102 4170 beatissimum
1130 4124 1325 4184 vexare
1349 4107 1716 4164 Laurentium.
1763 4106 1872 4163 Sed

263 4212 482 4271 invenit
529 4212 582 4266 in
629 4225 696 4266 eo
748 4209 925 4277 ignem
963 4205 1280 4262 durissimus
1325 4210 1659 4274 persecutor,
1709 4216 1869 4272 quem

261 4303 522 4364 mortalis
568 4301 787 4356 vincere
828 4297 1043 4352 ﬂamma
1071 4312 1179 4353 non
1210 4295 1398 4367 possit.
1443 4293 1536 4349 llle
1565 4293 1708 4349 enim
1736 4289 1869 4347 lide-

1970 3382 2074 3423 nec
2101 3367 2278 3437 impiis
2316 3366 2488 3422 oculis
2525 3374 2726 3421 sancta
2771 3363 3027 3420 Ecclesiae
3065 3365 3358 3436 publicavit
3385 3379 3564 3423 secre-

1971 3468 2084 3516 tum
2109 3498 2124 3524 ,
2173 3473 2277 3515 nec
2318 3457 2695 3528 Redemptoris
2729 3459 2811 3513 sui
2851 3473 3048 3513 nomen
3074 3467 3296 3514 coactus
3325 3469 3408 3516 est
3427 3459 3566 3517 difﬂ-

1971 3553 2094 3609 teri.
2127 3550 2427 3622 Perspicite
2453 3559 2637 3606 autem
2662 3551 2716 3604 in
2737 3565 2898 3622 quam
2920 3551 3309 3608 exsecrabilem
3329 3553 3566 3611 crudelis

1971 3644 2136 3701 animi
2163 3643 2431 3699 feritatem
2459 3650 2778 3714 persecutor
2808 3643 3091 3708 exarserit,
3133 3643 3246 3712 qui,
3279 3645 3435 3715 quasi
3458 3645 3564 3701 liu-

1971 3738 2118 3792 mani
2146 3735 2393 3807 corporis
2421 3735 2621 3790 ustioni
2649 3735 2765 3789 sola
2794 3733 3043 3790 sufﬁcere
3069 3733 3284 3791 ﬂamma
3313 3752 3421 3793 non
3442 3753 3569 3809 pos-

1971 3828 2072 3893 sit,
2106 3841 2226 3897 qnae
2249 3826 2512 3896 subjectis
2535 3824 2747 3893 ignibus
2771 3825 3115 3882 inardescens
3138 3827 3438 3908 ministrum
3469 3827 3582 3908 Dei,

1971 3919 2345 3975 vehementius
2373 3918 2657 3984 cruciaret,
2689 3926 2745 3972 et
2772 3917 2872 3972 sub
2901 3918 3058 3973 unius
3081 3919 3335 3975 tormenti
3363 3920 3567 3991 specie,

1972 4011 2243 4079 geminato
2283 4010 2518 4080 quodam
2548 4009 2834 4088 supplicio,
2866 4010 3232 4067 beatissimum
3268 4019 3567 4085 martyrem

1972 4113 2028 4161 et
2057 4104 2194 4174 ignis
2221 4111 2529 4173 torqueret,
2562 4111 2618 4158 et
2649 4101 2869 4158 ferrum.
2915 4100 3018 4157 Sed
3049 4110 3323 4176 terrenum
3351 4105 3568 4174 penitus

1973 4197 2200 4254 tabescit
2224 4196 2550 4263 incendium,
2585 4195 2676 4250 ubi
2706 4193 2920 4250 fervore
2942 4195 3111 4251 sancti
3141 4194 3374 4266 Spiritus
3401 4195 3567 4253 caele-

1972 4294 2070 4349 stis
2099 4293 2310 4347 animus
2351 4290 2644 4347 incalescit.
2698 4288 2808 4345 Nec
2855 4287 3112 4343 candenti
3140 4288 3373 4344 vincitur
3399 4287 3567 4356 ferro,

263 4395 463 4455 lissimi
511 4393 764 4466 martyris
809 4397 999 4464 pectus
1027 4387 1381 4454 accenderat,
1426 4386 1494 4442 de
1521 4401 1630 4456 quo
1658 4385 1872 4441 dicebat
1971 4387 2064 4456 qui
2092 4385 2144 4440 in
2189 4383 2515 4454 adiutorium
2560 4381 2747 4449 agonis
2794 4381 2895 4444 sui,
2939 4378 3068 4436 ferri
3094 4380 3310 4435 invocat
3338 4379 3566 4435 Creato-

263 4490 575 4547 Dominus:
605 4486 786 4560 Ignem
813 4485 930 4540 veni
957 4483 1160 4538 mittere
1186 4483 1241 4536 in
1263 4490 1484 4547 terram,
1516 4488 1568 4533 et
1607 4478 1729 4556 quid
1755 4477 1870 4532 volo
1971 4493 2108 4534 rem.
2150 4479 2325 4547 Atque
2366 4476 2440 4529 ita
2489 4467 2743 4542 contigit,
2786 4479 2846 4525 ut
2879 4470 2947 4526 de
2983 4470 3251 4526 inusitatis
3277 4471 3566 4560 tormentis

263 4587 379 4642 nisi
402 4591 458 4637 ut
489 4559 803 4637 accendatur
844 4577 998 4651 (Luc.
1021 4575 1155 4647 xu)?
1201 4573 1383 4646 Usque
1413 4574 1549 4630 adeo
1578 4581 1758 4628 autem
1787 4571 1871 4625 vir
1973 4585 2114 4626 nova
2138 4567 2447 4624 Christiano
2490 4564 2645 4619 militi
2683 4560 2909 4616 victoria
2945 4568 3280 4616 nasceretur.
3330 4559 3566 4632 Necnos

263 4675 599 4733 fortissimus
643 4669 886 4728 ﬂammas
934 4668 1053 4724 illas
1100 4667 1371 4738 patienter
1406 4663 1662 4720 sustinuit
1684 4670 1739 4716 et
1761 4661 1873 4716 for—
1898 4675 1952 4736 ι)
1975 4667 2222 4724 moveat,
2256 4657 2476 4723 fratres,
2506 4653 2652 4724 quod
2679 4659 2889 4706 tantum
2912 4651 2968 4706 in
2995 4659 3211 4707 sanctos
3237 4651 3332 4707 Dei
3353 4652 3567 4722 gentili-

265 4772 403 4826 titcr
434 4768 588 4834 vicit,
635 4772 695 4820 ut
721 4763 1024 4820 insaniente
1050 4760 1338 4826 carniﬁce,
1366 4766 1619 4827 totusque
1646 4755 1868 4812 adustus
1975 4753 2076 4808 bus
2103 4751 2257 4816 licet,
2285 4748 2478 4818 quibus
2514 4746 2584 4802 ob
2608 4746 2714 4802 hoc
2739 4751 2980 4816 potestas
3009 4743 3108 4799 ista
3136 4745 3484 4818 permittitur,
3511 4755 3567 4802 et

265 4859 531 4916 membris
551 4901 568 4926 ,
619 4871 720 4912 nec
766 4853 1042 4909 Christum
1083 4850 1391 4920 negaverit,
1430 4862 1532 4903 nec
1559 4844 1870 4904 cmlestibus
1975 4844 2104 4901 dum
2161 4841 2438 4927 crudelius
2488 4838 2735 4910 saeviunt,
2798 4837 3085 4910 gloriosius
3145 4838 3200 4895 in
3243 4838 3567 4912 martyribus

261 4959 485 5009 sasrata
536 4947 804 5021 mysteriis
849 4959 978 5001 vasa
1023 4941 1342 5015 prodiderit.
1400 4940 1460 4996 In
1509 4956 1615 5012 qua
1654 4953 1715 4995 re
1750 4952 1870 5008 quas
1976 4937 2390 5009 triumphentur.

269 5042 472 5100 mentis
501 5040 618 5111 ejus
641 5037 999 5103 conﬁdentia,
1030 5035 1122 5108 qui
1152 5035 1304 5106 vigor
1332 5033 1502 5090 animi
1530 5031 1693 5088 fuerit
1718 5030 1866 5087 aesti-

1609 5121 1880 5188 SEBMO
1921 5119 2211 5184 LXXIV.

1595 5221 1673 5279 De
1713 5231 1892 5278 sancto
1919 5219 2180 5294 Cypriano
2204 5217 2252 5272 1.

352 5401 588 5458 Primum
617 5399 758 5456 hunc
783 5383 851 5452 ile
888 5402 1077 5450 sancto
1114 5390 1393 5463 Cypriane
1415 5401 1752 5463 sermonem,
1790 5385 2084 5463 secundum
2113 5391 2170 5463 et
2199 5382 2416 5463 tertium
2443 5380 2649 5463 primus
2674 5380 2919 5463 omnium
2945 5375 3560 5463 caprarclarogmynbro‘

269 5447 757 5530 siaiiii'Eii'iii'cé'éiT
784 5447 1112 5522 Sl'uratorius
1132 5447 1422 5532 ’e'x'scripsit
1447 5503 1462 5528 ,
1485 5531 1488 5532 γ
1513 5468 1676 5532 atque
1724 5447 1778 5514 in
1816 5455 2082 5532 snecdot.
2116 5462 2266 5509 tomo
2293 5447 2642 5532 leulgavit.
2672 5450 2889 5532 Nullum
2915 5465 2984 5532 ex
3013 5447 3077 5504 iis
3103 5449 3215 5532 ullo
3243 5447 3350 5532 alio
3380 5447 3434 5527 in
3463 5460 3562 5532 cu-

785 5515 1117 5614 wcoit—1per-ire
1146 5515 1258 5588 fas
1283 5515 2342 5614 nob.is'fuit.'Quamobrempostremum
2363 5515 3562 5614 IratavinamPlurlat‘oriicldi:

276 5585 1075 5679 ⁷.Ῐᾶ
1093 5585 1828 5679 unumﬂanimadveriimus,
1877 5585 2448 5679 quidpiannspeciale,
2494 5585 3564 5679 utwq’en‘nadiusltestatuEgehsanc‘to

271 5657 1177 5755 ii£235.}.5"§§E.'ciI.E"nhxirhum
1201 5674 1538 5755 _scripsisse;
1584 5672 1726 5742 quod
1772 5657 1840 5726 de
1887 5657 2124 5724 homiliis
2153 5657 2362 5722 duabus
2390 5657 2511 5742 pag.
2541 5664 2649 5719 255
2677 5671 2734 5720 et
2760 5677 2879 5734 seq.
2907 5659 3066 5728 hujus
3093 5657 3380 5713 voluminis
3408 5657 3564 5718 editis

273 5745 432 5828 tque
461 5772 523 5811 ac
549 5754 620 5809 de
648 5754 792 5807 hisce
818 5746 1157 5806 sermonibus
1184 5745 1291 5801 dici
1318 5753 1519 5802 potest.

564 5849 838 5911 Panos.
881 5839 1076 5905 LVII.
2539 5873 2544 5878 .
3235 5823 3323 5885 ῃ
