4052 6330
685 322 786 379 687

1903 331 1960 388 S.
2001 332 2244 388 MAXIMI
2285 332 2736 393 TAURINENSIS

3776 356 3852 417 688

681 441 932 514 passione
960 455 1067 495 non
1108 440 1300 511 potuit.
1334 439 1400 498 Et
1429 443 1551 500 inde
1581 453 1662 500 est
1699 445 1844 515 quod
1884 449 1952 504 ab
1995 449 2142 504 omni
2171 464 2267 506 eo-
2292 456 2348 516 Α
2370 469 2471 509 nos
2498 447 2611 509 Deo
2639 453 2823 508 vivere
2851 458 2907 506 et
2923 465 3031 522 pro
3058 448 3169 507 Deo
3200 453 3336 508 mori
3374 469 3474 510 non
3499 458 3650 516 solum
3672 478 3861 534 sermone

680 535 906 604 demque
951 535 1090 600 viro,
1134 544 1188 590 et
1233 536 1548 595 inoffensam
1584 548 1733 595 recte
1762 540 1974 596 vivendi
2000 541 2263 610 regulam,

679 635 736 684 et
761 627 1107 684 fortissimum
1131 631 1371 700 martyrii
1395 639 1638 688 tenemus
1658 633 1986 688 exemplum.
2011 633 2107 688 Ille
2127 634 2271 688 enim

2378 544 2580 614 docuit,
2610 545 2702 604 sed
2728 553 2784 599 et
2812 558 2977 614 opere
3004 542 3360 599 confirmavit.

2002 725 2272 787 sermo
2315 725 2636 788 Lxxvn.
2677 801 2680 806 η

1916 827 1987 881 De
2026 828 2205 883 eodem
2235 829 2295 883 S.
2327 826 2590 899 Cypriane
2621 825 2652 882 I
2668 827 2725 882 γ.

2117 917 2509 974 ADMONITIO.

750 1000 902 1090 Illinc
931 1003 1155 1090 legimus
1181 1023 1486 1090 sermonem
1495 1012 1568 1090 in
1596 1012 1871 1090 codicibus
1900 1011 2114 1090 Sanctae
2136 1010 2324 1066 Crucis
2352 1011 2406 1065 in
2427 1010 2725 1090 Jerusalem
2747 1011 2816 1067 90
2834 1029 2982 1068 num.
3005 1014 3058 1080 8,
3083 1023 3138 1070 et
3166 1014 3237 1070 99
3262 1016 3522 1090 num._7‘l,
3548 1026 3688 1090 atque
3707 1023 3748 1078 in
3765 1024 3858 1082 Lau-

677 1074 921 1158 rentiano
950 1092 983 1158 ξι
1014 1074 1151 1131 Plut.
1186 1095 1274 1158 x1_v
1304 1095 1423 1158 pag.
1441 1082 1582 1158 ξεί),
1607 1083 1778 1158 sancti
1801 1082 2018 1158 Marimi
2043 1082 2302 1158 adnotata
2326 1082 2564 1158 nomine.
2592 1083 2650 1158 In
2674 1083 2780 1158 hoc
2809 1094 2987 1158 autem
3019 1074 3294 1158 postremo
3313 1086 3494 1142 codice
3511 1074 3863 1158 posisenno—nrin

677 1141 1067 1226 illurn_exstare
1096 1141 1350 1226 eumdem,
1370 1141 1618 1226 vidimus,
1647 1154 1800 1226 cujus
1831 1154 2039 1226 initium
2069 1160 2151 1206 est
2180 1171 2212 1226 _:_
2231 1153 2417 1226 Sa_ncti
2458 1151 2706 1222 Cypriani
2748 1141 3075 1225 fatuitatem
3108 1141 3288 1226 (quem
3319 1141 3418 1212 nos
3445 1141 3867 1222 sééu'ii'éiiiéiéé‘i};

678 1211 1358 1295 homiliisnumeravimus)
1391 1239 1510 1277 cum
1535 1211 1888 1295 inscriptione
1908 1222 2216 1295 hujusmodi
2242 1241 2254 1276 :
2282 1221 2314 1295 ζ
2318 1232 2414 1276 tem
2438 1211 2728 1295 sequentia,
2748 1211 3006 1281 ironnexio
3030 1211 3272 1281 Maiimi.
3303 1211 3599 1294 Quareinon

677 1279 894 1340 Gillotio
925 1286 1066 1344 hunc
1092 1289 1262 1359 ipsum
1294 1279 1602 1348 sermonem
1633 1279 1824 1350 Sancto
1854 1279 2138 1349 Ambrosio
2161 1293 2472 1362 ascribenti,
2499 1279 2635 1348 edit.
2668 1279 2837 1350 Paris.
2873 1279 3011 1350 1569
3036 1279 3802 1368 opp.ﬂS.VKmbros-.,v

679 1400 1067 1479 Ancunsu'wu.
1108 1435 1180 1479 ἡ
1217 1406 1344 1460 Cum
1395 1418 1604 1462 sanctus
1651 1407 1940 1479 Cyprianus
1978 1423 2161 1478 passus
2203 1407 2270 1479 sit

747 1482 975 1549 tempore
1010 1476 1398 1543 vindemiarum,
1430 1476 1771 1549 impingua'vit
1810 1478 1903 1532 illa
1947 1476 2061 1549 nos,
2104 1478 2271 1549 inquit

749 1543 1114 1621 Mairimuget
1144 1549 1321 1621 refecit
1352 1543 1520 1621 musto
1558 1543 1797 1621 martyrii
1837 1551 1936 1603 sui.
1982 1543 2062 1602 De
2101 1543 2268 1602 musto

752 1617 889 1687 quod
917 1617 1080 1686 reﬁcit
1125 1627 1173 1670 et
1199 1617 1420 1672 inebriat
1448 1617 1830 1685 Christianum;
1863 1637 1960 1687 quo
1988 1627 2154 1673 musto
2184 1635 2268 1672 re-

750 1685 875 1756 pleti
903 1685 1139 1756 apostoli,
1182 1687 1310 1743 ebrii
1337 1697 1387 1743 et
1423 1689 1600 1744 sobrii.
1647 1685 1923 1745 Nonnulla
1955 1691 2023 1744 de
2050 1707 2148 1744 uva
2179 1689 2270 1743 de-

753 1763 849 1823 que
867 1759 1058 1827 spinis;

746 1869 886 1926 Ante
914 1871 1030 1928 dies
1055 1889 1178 1928 cum
1220 1875 1511 1930 beatissimi
1555 1877 1806 1948 martyris
1834 1875 2088 1948 Cypriani
2127 1875 2271 1932 cele-

675 1964 959 2037 braremus
1013 1968 1286 2035 natalem,
1339 1969 1654 2025 suavissime
1701 1970 1754 2042 i_n
1811 1969 1927 2038 ejus
1980 1969 2271 2024 festivitate

676 2056 955 2127 iucundati
984 2075 1196 2127 sumus;
1219 2062 1345 2132 quia
1373 2078 1495 2118 cum
1524 2063 1628 2118 hoc
1648 2063 2037 2119 vindemiarum
2059 2064 2112 2118 in
2134 2072 2272 2120 tem-

677 2165 812 2219 pore
838 2166 1028 2221 passus
1055 2161 1159 2219 est,
1191 2163 1444 2224 tanquam
1473 2163 1528 2210 et
1558 2171 1657 2211 nos
1685 2155 1753 2212 de
1785 2156 2053 2216 vindemia
2083 2156 2270 2212 dulces

675 2253 732 2300 et
758 2245 938 2302 varios
966 2246 1169 2304 fructus
1206 2265 1272 2304 ex
1312 2249 1427 2318 ejus
1467 2251 1715 2320 passione
1742 2259 1767 2289 α
1799 2251 2131 2320 collegimus.
2166 2250 2272 2306 Im-

678 2336 956 2406 pinguavit
985 2339 1125 2393 enim
1158 2355 1256 2394 nos
1283 2347 1338 2395 et
1359 2340 1548 2396 refecit
1574 2353 1753 2397 musto
1781 2343 2023 2413 martyrii
2053 2343 2154 2398 sui.
2179 2341 2273 2397 Est

675 2428 820 2482 enim
858 2436 1093 2484 mustum
1136 2429 1281 2500 quod
1318 2432 1494 2486 reiicit
1532 2442 1586 2487 et
1628 2433 1858 2488 inebriat
1884 2432 2268 2500 Christianum,

673 2519 770 2574 sed
799 2520 1034 2576 ebrietas
1062 2521 1151 2576 illa
1194 2524 1362 2593 magis
1400 2524 1640 2578 sobrium
1686 2523 1814 2578 facit
1847 2542 1858 2576 :
1890 2525 1983 2594 qui
2011 2525 2156 2580 enim
2191 2525 2273 2580 in-

674 2613 916 2668 ebriatur
947 2615 1154 2670 etelesti
1179 2617 1374 2685 gratia,
1403 2618 1744 2672 exsobriatur
1772 2618 1982 2673 sarcina
2015 2627 2269 2689 peccato-

676 2719 817 2757 rum.
852 2703 969 2759 Hoc
998 2722 1228 2775 namque
1248 2716 1428 2762 musto
1448 2709 1640 2778 repleti
1663 2709 1834 2764 sancti
1859 2710 2108 2780 apostoli,
2134 2709 2273 2768 sicut

678 2795 755 2848 ait
782 2794 1058 2866 Scriptura
1090 2797 1226 2869 (Act.
1268 2800 1348 2868 ιι),
1399 2801 1588 2855 alienis
1626 2801 1820 2869 linguis
1862 2801 1957 2856 Dei
1989 2797 2270 2872 ‘magnalia

675 2883 1054 2954 loquebantur.
1087 2887 1144 2942 In
1174 2904 1283 2958 quo
1312 2889 1454 2946 facto
1485 2892 1688 2961 pariter
1718 2893 1852 2948 ebrii
1876 2910 1994 2949 esse
2017 2893 2273 2949 videban-

674 2983 762 3030 tur
789 2985 846 3030 et
871 2977 1069 3044 sobrii;
1099 2979 1237 3034 ebrii
1285 2981 1426 3036 enim
1475 2983 2012 3055 597_putabantur,
2044 2984 2190 3055 quod
2217 2987 2271 3041 in

674 3066 738 3122 iis
767 3067 977 3138 loquela
1008 3080 1204 3141 praeter
1241 3082 1489 3129 naturam
1531 3077 1637 3131 alte
1687 3079 2052 3156 personabat;
2103 3080 2270 3134 sobrii

2371 1423 2540 1472 uvam,
2571 1409 2692 1479 fecit
2720 1416 2890 1462 autem
2917 1410 3128 1479 spinas;
3151 1426 3256 1463 non
3277 1411 3549 1482 justitiam,
3569 1413 3648 1466 sed
3669 1414 3870 1472 clamorem

2374 1496 2529 1567 (Isai.
2563 1499 2640 1568 v).
2673 1498 2845 1566 Quam
2868 1499 3001 1554 dura
3037 1500 3297 1566 conditio,
3331 1509 3388 1555 ut
3416 1503 3663 1573 possessio
3689 1506 3868 1574 (1|de

2373 1589 2521 1645 mino
2551 1605 2651 1645 suo
2681 1591 2962 1646 suavitatis
2992 1589 3198 1647 fructus
3226 1591 3420 1648 ail‘erre
3449 1594 3640 1662 debuit,
3670 1597 3872 1666 spinarum

2373 1681 2521 1736 illum
2565 1683 2855 1753 asperitate
2895 1685 3292 1755 compunxerit,
3324 1684 3350 1723 ι»
3382 1685 3486 1741 hoc
3524 1696 3616 1753 est,
3655 1689 3870 1758 suscipere,

2373 1777 2649 1848 spinarum
2691 1793 2813 1833 eum
2857 1787 3254 1834 coronaverunt
3299 1779 3564 1849 passione.
3593 1778 3706 1846 Qute
3734 1796 3874 1838 corona

2375 1871 2590 1941 quidem
2630 1879 2891 1940 quantum
2939 1872 2992 1926 in
3038 1870 3236 1926 Iudaeis
3281 1880 3384 1940 est,
3415 1880 3528 1927 erat
3565 1888 3737 1928 corona
3757 1873 3875 1928 virtu-

2375 1974 2508 2021 tum.
2556 1965 2708 2022 Unde
2751 1967 2828 2021 ait
2865 1966 3141 2038 Scriptura
3190 1975 3372 2021 sancta
3412 1985 3423 2018 :
3464 1965 3877 2038 Viderunth

2373 2064 2782 2129 compunxerunt
2811 2057 2992 2130 (Joan.
3041 2059 3174 2130 xu).
3226 2059 3414 2128 Igitur,
3459 2057 3665 2125 fratres;
3678 2058 3814 2115 videte
3834 2075 3877 2114 ne

2373 2159 2429 2206 et
2452 2151 2605 2205 vobis
2635 2150 2844 2206 dicatur
2873 2169 2885 2202 :
2921 2149 3160 2205 Sustinui
3194 2159 3253 2204 ut
3279 2151 3485 2205 faceret
3507 2166 3671 2216 uvam,
3697 2149 3796 2206 fecit
3815 2165 3880 2203 au-

2375 2254 2483 2300 tem
2512 2245 2728 2315 spinas;
2765 2245 2930 2316 598
2972 2260 3107 2314 quas
3147 2243 3375 2299 Domino
3410 2241 3574 2298 Judaei
3600 2244 3794 2299 cruentis
3815 2243 3879 2296 im-

2374 2346 2672 2408 posuerunt
2698 2337 2966 2405 manibus,
2990 2353 3090 2392 nos
3118 2337 3316 2407 iniquis
3339 2338 3588 2392 sensibus
3603 2350 3880 2407 apponamus,

2375 2441 2430 2486 et
2459 2445 2882 2501 compungamus
2922 2445 3046 2486 eum
3093 2446 3201 2485 non
3250 2429 3545 2500 asperitate
3581 2429 3794 2492 sontium,
3819 2425 3882 2480 sed

2375 2539 2598 2593 operum
2628 2524 2910 2594 pravitate.
2941 2522 3078 2578 Sunt
3105 2523 3249 2578 enim
3277 2523 3450 2593 spina:
3477 2521 3663 2587 cordis,
3690 2536 3786 2590 qua:
3806 2533 3886 2573 ver-

2374 2614 2501 2669 bum
2548 2614 2643 2669 Dei
2688 2615 2850 2669 etiam
2899 2614 3182 2668 vulnerare
3227 2622 3638 2679 consueverunt,
3665 2611 3722 2666 de
3749 2610 3884 2680 quibus

2375 2707 2618 2761 meminit
2647 2706 2700 2760 in
2731 2705 3022 2775 Evangelio
3055 2704 3273 2776 (Matth.
3322 2706 3442 2777 xui)
3479 2705 3708 2761 Salvator
3741 2701 3888 2767 dicens,

2375 2799 2690 2854 seminantis
2729 2813 2913 2853 semen
2955 2797 3214 2853 cecidisse
3255 2798 3402 2852 inter
3433 2798 3630 2868 spinas,
3656 2804 3704 2851 et
3722 2793 3888 2850 crevisse

2375 2908 2489 2958 eas,
2515 2901 2571 2948 et
2597 2874 2891 2946 sull'ocasse
2915 2890 3061 2960 quod
3087 2898 3263 2946 satum
3305 2897 3411 2945 est.
3445 2888 3574 2956 Qum
3601 2897 3755 2944 autem
3774 2883 3889 2955 spina

2375 2985 2504 3051 sint,
2535 2984 2648 3054 ipse
2678 2983 3044 3053 prosequitur,
3074 2981 3278 3052 dicens,
3321 2982 3514 3052 utique
3554 2994 3666 3036 esse
3697 2975 3890 3032 sollicitu-

2375 3076 2529 3132 dines
2555 3076 2874 3142 mundanas,
2897 3091 3015 3146 quae
3043 3090 3164 3130 cum
3192 3082 3448 3130 crescunt
3479 3074 3531 3128 in
3559 3071 3706 3128 corde
3722 3066 3892 3124 hominis
3982 3079 3983 3090 η

675 3169 850 3224 erant,
893 3163 1038 3231 quod
1077 3163 1232 3232 juxta
1271 3169 1714 3223 consuetudinem
1749 3171 1945 3224 mentis
1976 3170 2146 3225 Deum
2174 3171 2271 3226 de-
2299 3218 2344 3242 η
2377 3173 2630 3228 mandata
2671 3171 2966 3226 Salvatoris
3008 3171 3060 3224 in
3109 3185 3174 3224 eo
3212 3167 3505 3224 sull‘ocanl.
3537 3166 3658 3234 Quis
3692 3163 3806 3218 enim
3826 3175 3892 3212 un-

674 3253 894 3308 votione
923 3254 1232 3310 laudabant.
1265 3256 1417 3324 Quod
1449 3260 1665 3328 quidem
1685 3276 1804 3320 ,non
1834 3261 2068 3317 elatione
2091 3263 2268 3334 aliqua

672 3353 763 3400 aut
790 3347 1124 3417 impudentia
1155 3351 1380 3421 contigit
1416 3363 1476 3407 ut
1502 3353 1603 3407 viri
1633 3355 1803 3408 sancti
1832 3356 2119 3423 peregrino
2147 3371 2252 3411 ser-

667 3453 830 3497 mone
857 3441 1225 3512 loquerentur,
1259 3446 1353 3500 sed
1383 3446 1718 3515 providentia
1743 3445 2048 3502 Divinitatis
2067 3447 2264 3503 factum

671 3545 780 3602 est;
814 3542 874 3591 ut
901 3538 1028 3606 quia
1074 3538 1143 3593 ad
1187 3539 1637 3608 magniticandum
1684 3539 1852 3594 Deum
1900 3556 2006 3594 una
2053 3541 2266 3611 loquela

667 3641 780 3681 non
826 3625 1042 3694 sufﬁcit,
1075 3644 1174 3698 per
1201 3629 1381 3698 plures
1418 3629 1628 3698 linguas
1662 3630 1857 3684 mentis
1893 3629 2110 3685 devotio
2155 3630 2267 3686 sol-

671 3725 903 3772 veretur.
936 3717 1225 3774 Jucundati
1256 3721 1397 3775 enim
1441 3737 1644 3787 sumus,
1675 3722 1800 3792 quia
1843 3720 1911 3776 de
1958 3723 2112 3777 vinea
2155 3723 2263 3778 Do-

668 3809 800 3864 mini
827 3808 1066 3865 Sabaoth
1099 3812 1329 3866 fructum
1369 3812 1676 3869 refectionis
1707 3815 2012 3884 accepimus
2053 3833 2064 3867 :
2100 3814 2264 3868 Vinea

668 3899 811 3953 enim
843 3899 1055 3955 Domini
1086 3901 1317 3956 Sabaoth
1349 3902 1500 3973 (lsai.
1537 3904 1612 3975 v),
1645 3905 1785 3959 sicut
1812 3905 1939 3960 dicit
1975 3906 2262 3975 propheta,

673 3989 848 4045 domus
881 3991 1049 4047 Israel
1077 4003 1185 4058 est;
1217 4011 1335 4062 qua:
1364 3995 1555 4050 domus
1583 4011 1683 4050 nos
1712 4013 1915 4051 sumus.
1958 3996 2262 4050 Secundum

670 4079 829 4135 ﬁdem
854 4085 998 4136 enim
1026 4083 1279 4139 Israelita:
1307 4103 1406 4142 nos
1435 4105 1646 4155 sumus;
1679 4089 1818 4143 unde
1863 4089 1992 4144 dicit
2028 4089 2260 4158 Aposto-

670 4171 754 4228 lus
785 4191 796 4226 :
833 4173 932 4237 Qui
970 4192 1034 4229 ex
1074 4177 1178 4246 ﬁde
1204 4188 1341 4244 sunt,
1376 4181 1426 4232 lii
1455 4183 1551 4250 ﬁlii
1582 4190 1700 4234 sunt
1730 4181 1950 4235 Abrahae
1981 4180 2125 4248 (Cal.
2158 4183 2258 4252 ιιι).

670 4264 934 4331 Quoniam
967 4268 1126 4336 igitur
1158 4286 1254 4324 nos
1281 4287 1464 4324 sumus
1509 4272 1690 4336 Israel,
1736 4273 1888 4326 vinea
1925 4271 2134 4327 Domini
2167 4290 2259 4329 su-

668 4373 789 4414 mus
820 4377 832 4412 :
860 4359 1138 4416 videamus
1160 4361 1442 4430 diligenter
1470 4379 1535 4418 ne
1559 4380 1625 4417 ex
1648 4364 1868 4432 palmite
1891 4365 2068 4434 operis
2089 4365 2260 4419 nostri

667 4466 776 4506 non
826 4462 1078 4508 nascatur
1118 4453 1416 4509 dulcedinis
1459 4471 1582 4521 uva,
1625 4455 1718 4510 sed
1750 4455 1916 4522 fellis;
1956 4473 2023 4511 ne
2051 4456 2262 4511 dicatur

663 4545 821 4602 nobis
867 4545 1014 4617 quod
1060 4545 1258 4602 Judaeis
1297 4547 1496 4604 dictum
1533 4556 1616 4604 est
1649 4566 1660 4600 :
1696 4547 1952 4614 Sustinui,
1987 4556 2040 4601 ut
2067 4550 2260 4620 faceret

2374 3280 2536 3334 quam
2583 3264 2843 3319 sollicitus
2885 3262 2953 3317 de
3001 3261 3220 3325 mundo,
3253 3261 3434 3332 potuit
3475 3259 3718 3315 sollicitus
3739 3249 3893 3308 esseda

2368 3356 2617 3412 Christo?
2640 3354 2771 3421 Quis
2796 3353 2922 3408 dum
2952 3354 3114 3409 lucris
3151 3352 3345 3408 domus
3375 3369 3491 3409 suae
3529 3349 3768 3424 providet,
3792 3342 3894 3398 utili-

2371 3448 2571 3502 tatibus
2600 3445 2856 3501 Ecclesia:
2884 3445 3060 3516 potuit
3085 3445 3411 3515 providere?
3456 3442 3607 3499 Unde
3639 3441 3706 3496 ait
3728 3439 3894 3508 Aposw-

2369 3537 2452 3593 lus
2484 3556 2496 3590 :
2531 3536 2630 3602 Qui
2659 3537 2771 3591 sine
2799 3553 2961 3590 uxore
3000 3547 3095 3603 est,
3126 3536 3380 3591 sollicitus
3429 3545 3510 3591 est
3548 3551 3658 3607 qua:
3695 3538 3794 3586 sunt
3823 3525 3897 3580 Do-

2367 3631 2515 3694 mini,
2547 3628 2799 3701 quomodo
2828 3628 3030 3700 placeat
3059 3627 3203 3694 Deo;
3231 3629 3317 3701 qni
3345 3637 3526 3683 autem
3554 3633 3664 3681 tum
3687 3627 3816 3678 nam
3833 3625 3896 3680 σιν

2367 3722 2618 3776 sollicitus
2646 3731 2724 3775 est
2750 3737 2864 3793 qua:
2903 3721 3267 3796 suntjnundi,
3300 3721 3566 3793 quomodo
3597 3719 3774 3790 placeat
3794 3710 3900 3766 uxori

2371 3811 2424 3883 (1
2449 3811 2567 3866 Cor.
2601 3812 2718 3881 vn).
2746 3811 2906 3881 Ergo,
2939 3811 3153 3877 fratres,
3179 3812 3360 3868 videte
3387 3828 3460 3867 ne
3483 3813 3638 3866 vinea
3661 3817 3808 3863 vestra
3826 3816 3898 3857 non

2369 3920 2518 3969 uvas,
2547 3903 2637 3958 sed
2662 3904 2844 3974 spinas
2872 3904 3050 3969 faciat,
3076 3919 3144 3958 ne
3166 3903 3439 3959 vindemia
3465 3912 3644 3959 vestra
3664 3916 3757 3956 non
3772 3897 3899 3950 vinum

2370 3994 2708 4060 allerat,.sed
2737 4001 2968 4050 acetum.
3002 3993 3253 4064 Quisquis
3281 3995 3429 4050 enim
3470 3992 3772 4049 vindemiam
3797 3984 3896 4050 legit.

2369 4094 2422 4139 ct
2453 4085 2778 4156 pauperibus
2810 4101 2917 4140 non
2947 4085 3188 4154 largitur,
3221 4087 3309 4140 ille
3347 4096 3573 4142 acetum
3616 4082 3810 4149 colligit,
3831 4091 3901 4130 non

2369 4178 2574 4230 vinum.
2627 4177 2878 4247 Quisquis
2929 4193 3128 4232 messes
3177 4179 3461 4246 recondit,
3514 4188 3571 4234 ct
3619 4168 3899 4242 indigentibus

2370 4286 2478 4324 non
2522 4270 2808 4335 miniStrat,
2845 4269 2945 4324 iste
2984 4285 3088 4323 non
3138 4269 3405 4324 alimonia:
3459 4269 3668 4325 fructus
3710 4258 3902 4334 reposti“.

2368 4359 2465 4415 sed
2494 4361 2719 4416 tribulos
2748 4360 2985 4416 avaritiae
3015 4360 3388 4430 congregavit;
3423 4376 3555 4414 nam
3587 4363 3835 4430 propterea
3855 4346 3902 4399 ait

2367 4451 2643 4523 Scriptura
2670 4453 2738 4510 de
2762 4461 2904 4508 terra
2926 4461 3108 4508 nostra
3139 4470 3150 4506 :
3179 4451 3372 4524 Spinas
3399 4462 3455 4508 et
3480 4451 3696 4506 tribulos
3713 4442 3905 4520 96min“

2369 4547 2440 4602 bit
2463 4548 2552 4603 tibi
2581 4547 2734 4620 (Cen.
2763 4549 2862 4619 ιιι).

1975 4661 2246 4722 SERMO
2290 4661 2646 4723 LXXVIII.

1663 4765 1740 4819 De
1768 4764 1933 4818 natali
1963 4773 2279 4830 sanctorum,
2313 4765 2576 4835 prwcipue
2607 4764 2666 4821 S.
2699 4762 2966 4836 Cypriani.

2117 4852 2508 4909 ADMONITIO.

737 4946 928 5006 Exstat
953 4949 1042 5005 hic
1069 4963 1282 5019 quoque
1306 4963 1483 5003 sermo
1513 4948 1567 5002 in
1597 4949 1781 5004 codice
1811 4947 2168 5002 Ambrosiano
2197 4956 2384 5004 sancto
2405 4947 2641 5003 Maximo
2663 4949 2970 5018 inscriptus,
2995 4955 3156 5019 atque
3183 4962 3214 5002 a
3243 4947 3554 5003 Muratorio
3577 4946 3747 5002 editus
3767 4959 3778 4995 ε
3797 4950 3907 5019 quem

663 5021 970 5090 discrepare
992 5036 1023 5074 a
1051 5013 1302 5091 sermone
1330 5019 1745 5091 tributosancto
1776 5019 2073 5087 Augustino
2088 5019 2154 5091 _i_n
2178 5034 2372 5072 comm.
2409 5019 2624 5091 plurim.
2661 5013 2883 5091 martyr.
2913 5013 3276 5091 Rom.'l_3rev.,
3301 5021 3344 5072 si
3376 5027 3684 5090 utrumque
3709 5013 3910 5091 conferas.

667 5093 826 5164 plane
845 5087 1176 5164 cognosces.
1199 5087 1437 5164 Uterque
1467 5106 1496 5144 a
1527 5089 1861 5164 Maurinisin
1892 5089 2189 5164 appendice
2216 5089 2718 5164 scrm_.__S._August_.
2750 5087 3064 5164 collocatur.
3083 5088 3285 5164 _Leonis
3311 5091 3545 5164 nomine
3566 5087 3623 5144 in
3653 5091 3836 5164 aliquot.

668 5153 887 5234 lintribus
909 5153 1150 5234 dntiquisi
1164 5159 1304 5234 idem
1327 5153 1504 5216 sermo
1532 5162 1700 5214 editus
1733 5153 2073 5234 fuit,_nécnon
2107 5161 2160 5212 in
2207 5157 2522 5234 {familiaria
2551 5153 2711 5234 Pauli
2724 5161 2944 5234 _djaconi
2971 5161 3210 5234 editionis
3240 5159 3574 5234 Basilieeltsis
3607 5176 3696 5234 an.
3727 5153 3856 5216 H96,
3876 5155 3913 5200 ιιι

665 5251 693 5306 ει
725 5229 1496 5306 Balleriniisanimadversum
1545 5241 1628 5306 est
1669 5229 1802 5286 tom.
1848 5229 1867 5282 l
1911 5247 2036 5300 opp.
2069 5229 2242 5286 sancti
2282 5229 2496 5306 Leonis,
2527 5245 2648 5306 pag.
2683 5230 2787 5306 587
2821 5231 2948 5306 edit.
2984 5229 3497 5306 venet._ari._1155.
3539 5233 3610 5306 At
3639 5230 3692 5284 hi
3722 5243 3812 5306 nep
3837 5234 3914 5306 ςλῆὲ

663 5302 832 5358 Leoni
857 5303 1195 5359 tribuendum
1216 5302 1544 5373 jndicarunt.
1572 5302 1760 5371 Itaque
1789 5318 1913 5357 cum
1949 5292 2066 5356 'n'on
2106 5308 2319 5356 tantum
2356 5302 2408 5357 in
2454 5292 2831 5369 Ambrosiam,
2857 5302 2953 5357 sed
2986 5302 3148 5357 etiam
3189 5303 3244 5357 in
3272 5301 3678 5358 Casinensibns
3703 5292 3913 5353 codicilli”

740 5474 763 5501 λ
793 5463 928 5535 Cod.
957 5463 1026 5518 90
1051 5463 1108 5535 S.
1141 5461 1328 5535 Crucis
1355 5463 1408 5517 in
1433 5462 1570 5535 Je_r.,
1599 5463 1905 5535 colligimus.

735 5535 764 5574 ι)
795 5534 932 5589 Cod.
965 5535 1032 5588 90
1061 5534 1118 5589 S.
1147 5533 1336 5588 Crucis
1380 5535 1433 5587 in
1479 5531 1612 5598 Jer.,
1659 5531 1754 5588 hoc
1800 5544 1895 5601 est,
1929 5551 2042 5588 cum
2082 5534 2254 5590 Judaei

666 5605 931 5661 debuerint
979 5606 1305 5660 Salvatorem
1356 5603 1621 5676 devotione
1659 5607 1935 5676 suscipere,
1984 5607 2254 5676 spinarum

665 5694 778 5730 eum
809 5684 1177 5746 coronaverunt
1205 5676 1461 5746 passione.
1487 5673 1776 5746 Codsvero
1797 5673 1866 5727 99
1888 5673 2018 5729 item
2042 5674 2096 5728 S.
2122 5675 2256 5730 Cru-

589 5806 599 5813 ,
667 5748 748 5801 cis
772 5748 824 5800 in
853 5745 1148 5800 Jerusalem
1184 5765 1196 5797 :
1229 5747 1322 5798 hoc
1349 5755 1444 5809 est,
1467 5763 1584 5798 cum
1611 5745 1784 5800 Judwi
1811 5746 2136 5800 Salvatorem
2166 5747 2255 5801 de-

669 5817 873 5872 buerint
900 5827 1006 5872 tota
1028 5816 1136 5886 ﬁde
1161 5817 1523 5887 devotioneque
1553 5819 1831 5886 suscipere,
1856 5818 2117 5883 spinarum
2139 5831 2264 5872 eum‘

2285 5471 2337 5532 D
2362 5477 2733 5540 coronaverunt
2774 5468 3038 5540 passione,
3077 5485 3191 5539 qua:
3217 5485 3411 5523 corona
3452 5469 3693 5540 quidem,
3729 5467 3914 5535 quantum

2362 5539 2418 5609 i_n
2440 5537 2636 5592 ludatis
2662 5548 2757 5603 est,
2776 5537 2896 5592 erat
2925 5537 3237 5609 injuriarum
3266 5537 3626 5609 contunielia,
3657 5540 3919 5609 quantum}?

2364 5607 2589 5681 l_)omino
2618 5619 2730 5681 erat
2745 5600 2944 5663 corona
2964 5600 3224 5663 uirtutum.
3250 5600 3787 5681 Comprmgun'tenim
3799 5600 3919 5681 Imb,"

2363 5677 2664 5752 Dominum,
2695 5680 2815 5732 dum
2842 5690 3140 5752 Acoronant;
3181 5665 3574 5752 compungunt,
3609 5680 3731 5732 dum
3766 5665 3917 5726 emiti-

2365 5760 2508 5821 gunt.
2547 5749 2695 5804 Unde
2722 5752 2796 5804 ait
2827 5750 3129 5820 Scriptura,
3160 5761 3262 5806 etc.

3813 5095 3826 5134 ι
3839 5081 3910 5131 tli-
