4052 6330
519 309 618 368 891

1733 303 1788 358 S.
1832 301 2076 356 MAXIM!
2117 299 2250 356 TAU
2259 300 2564 356 RINENSIS

3691 290 3799 350 693

520 421 886 495 praedicamus,
920 418 1082 474 etiam
1110 416 1298 478 beatus
1322 415 1621 487 Cyprianus
1646 414 1865 480 assistit,
1891 421 1948 466 ut
1975 389 2108 468 cun-
2213 416 2464 486 quoniam
2506 423 2728 484 propter
2762 428 2860 467 nos
2900 419 3195 484 martyrum
3246 408 3478 465 vindicta
3526 397 3790 462 differtur.

519 523 726 572 ctorum
753 509 1039 566 vindictam
1069 505 1316 575 facundia
1335 506 1583 563 uberiore
1607 498 1966 577 prosequitur.
1990 504 2095 560 Ne-

518 620 621 673 que
649 603 792 658 enim
818 601 1169 656 dubitandum
1188 605 1272 655 est
1291 614 1413 655 eum
1441 601 1497 654 in
1524 598 1782 670 martyrio
1812 597 1965 667 plura
1986 611 2097 666 pra:

517 694 726 750 caeteris
752 707 998 757 exorare,
1027 692 1118 760 qui
1149 692 1200 745 in
1231 690 1536 746 sacerdotio
1569 704 1682 760 prae
1709 687 1918 743 caeteris
1944 687 2098 756 plura

516 785 851 855 conscripsit.
895 783 963 836 Et
990 783 1118 840 licet
1150 797 1271 838 eum
1301 782 1548 838 omnibus
1575 779 1768 835 stolam
1808 776 2100 848 splendida

517 859 964 936 remunerationis
1008 875 1297 945 acceperit,
1325 883 1504 930 tamen
1533 872 1759 927 fortasse
1786 869 1966 953 eloqui
1991 868 2096 924 mi—

517 983 615 1021 nus
644 975 839 1032 cessat,
869 981 976 1036 quo
1005 967 1124 1036 plus
1151 982 1210 1028 se
1250 966 1497 1032 intelligit
1541 963 1855 1033 promereri.
1898 961 2100 1017 Dicitur

517 1074 645 1129 ergo
672 1059 777 1114 illis
805 1058 1090 1122 vindictam
1120 1058 1512 1132 postulantibus
1536 1066 1657 1127 post
1679 1055 1861 1110 datum
1885 1069 2097 1119 munus,

519 1159 577 1206 ut
603 1153 884 1222 quiescant
921 1161 1085 1222 atque
1125 1153 1443 1219 sustineant,
1483 1151 1657 1208 donec
1685 1150 1970 1220 impleatur
1995 1164 2100 1204 nu-

517 1257 697 1303 merus
735 1261 1144 1316 conservorum,
1174 1254 1236 1303 et
1267 1246 1492 1315 reliqua.
1531 1245 1736 1301 Videtis
1773 1245 1933 1315 θος
1972 1256 2101 1311 ergo

2199 508 2335 565 Dum
2383 509 2525 564 enim
2573 525 2672 564 nos
2715 508 3074 576 retardamus,
3109 506 3304 562 borum
3341 503 3559 573 sanguis
3597 503 3794 558 inultus

2207 611 2307 657 est.
2347 600 2453 655 Sed
2494 601 2601 655 hoc
2639 599 2863 668 contigit
2889 609 3071 655 nostra
3099 597 3325 662 desidia,
3348 597 3441 666 qui
3480 611 3611 660 non,
3658 597 3793 650 sicut

2205 692 2422 763 dignum
2445 701 2545 757 est,
2578 691 2824 759 religiose
2844 690 3090 758 vivimus,
3113 689 3204 758 qui
3235 704 3341 743 non
3369 688 3476 758 pie,
3505 687 3645 742 sicut
3665 702 3792 741 con-

2206 785 2371 852 gruit,
2396 798 2701 854 operamur.
2735 782 2866 836 Nam
2902 783 2948 837 si
2973 783 3237 837 bonorum
3263 795 3486 850 operum
3528 777 3596 834 ad
3627 778 3791 833 Deum

2203 873 2407 944 justitia
2436 881 2618 932 nostra
2649 872 2993 944 praecederet,
3032 870 3143 941 jam
3179 883 3565 926 conservorum
3601 882 3790 922 nume-

2203 980 2296 1020 rus
2339 967 2431 1034 qui
2479 972 2850 1036 exspectatur,
2898 972 3042 1020 esset
3089 963 3358 1034 impletus.
3415 960 3557 1016 Nulli
3612 969 3788 1014 autem

2203 1061 2420 1115 dubium
2450 1069 2533 1114 est
2559 1061 2849 1115 vindictam
2875 1066 2999 1129 post
3024 1058 3284 1128 judicium
3309 1063 3574 1128 martyres
3600 1067 3789 1125 ρει-ω-

2201 1160 2409 1224 pturos,
2439 1153 2532 1220 qui
2559 1152 2722 1216 etiam
2748 1158 2871 1223 post
2907 1150 3167 1222 judicium
3209 1149 3444 1221 praemiis
3477 1147 3790 1204 omlestibm

2203 1244 2555 1300 honorantur.
3759 1242 3764 1245 ’

1847 1359 2115 1420 SERMO
2155 1359 2454 1421 LXXIX.

1859 1455 1937 1513 De
1974 1459 2033 1514 S.
2068 1457 2387 1516 Machabwin
2417 1451 2467 1513 1.

1960 1544 2350 1601 ADMONITIO.

586 1643 664 1698 De
701 1642 799 1700 SS.
831 1642 1147 1699 Macbabaeis
1174 1657 1204 1696 a
1233 1648 1422 1696 sancto
1450 1640 1683 1694 Maximo
1711 1637 2050 1712 conscriptos
2073 1635 2278 1706 primus
2307 1636 2546 1712 omnium
2589 1636 2658 1693 cl.
2691 1635 3031 1712 M_uratorius,
3063 1652 3200 1712 quos
3225 1633 3512 1712 inpudice
3552 1637 3783 1712 Ambro-

517 1717 669 1771 siano
717 1716 867 1786 legit,
920 1714 1085 1770 hosce
1132 1726 1411 1786 sermones
1455 1711 1694 1781 vulgavit
1720 1711 1872 1786 duos.

1954 1705 2140 1762 osdem
2186 1723 2286 1762 nos
2334 1705 2387 1760 in

2440 1715 2671 1776 quatuor
2716 1705 3100 1764 Casinensibus
3142 1707 3417 1764 codicibus
3463 1705 3787 1776 inquirendo

517 1775 874 1856 comperimus
918 1792 1102 1840 sancto
1148 1783 1386 1856 Maximo
1428 1775 1814 1856 nuncupatos;_
1848 1781 1921 1856 in_
1949 1777 2068 1856 cod.
2121 1775 2243 1843 100,
2399 1775 2498 1832 149
2543 1777 2632 1834 fol.
2667 1776 2738 1832 75
2775 1795 2805 1834 a
2857 1780 3128 1856 tergo,
3176 1778 3278 1856 Mj
3327 1777 3421 1835 fol.
3457 1775 3559 1856 ll?
3603 1794 3634 1833 a
3675 1786 3787 1835 ter-

553 1873 585 1910 o
610 1853 725 1923 ,_et'
771 1853 910 1919 M8;
961 1870 1023 1909 ac

1067 1860 1325 1922 praeterea
1375 1853 1428 1908 in
1476 1848 1847 1906 Laurentianis
1893 1848 2102 1922 duobus
2131 1889 2148 1916 ,

2199 1864 2251 1902 IV
2297 1845 2437 1920 Plut.
2486 1865 2588 1920 xxJ
2635 1857 2689 1920 et
2726 1865 2810 1920 ei;
2867 1845 2974 1904 xw'.
3021 1847 3151 1920 bibl.
3194 1850 3320 1904 olim
3366 1847 3500 1905 eccl.
3549 1858 3782 1920 metr-op.

563 1917 752 1981 lerant.
786 1917 962 1979 Alium
991 1924 1057 1979 de
1070 1917 1400 1979 "Maeliabzeis
1428 1933 1732 1978 sermonem
1779 1925 1968 1975 sancto
1996 1917 2166 1973 Leoni
2193 1919 2508 1973 attributum
2543 1918 2815 1974 Ballerinii
2845 1920 2898 1974 in
2922 1919 3214 1993 appendice
3239 1935 3402 1975 serm.
3445 1919 3618 1975 sancti
3648 1917 3786 1976 Leo-

517 1998 598 2055 nis
625 1997 945 2052 retulcrunt.
997 2005 1000 2010 ‘

519 2074 908 2155 Assanitarum.
941 2121 1015 2132 -—-
1045 2088 1163 2143 Una
1195 2089 1252 2142 in
1289 2085 1605 2141 Hachabreis
1632 2085 1783 2155 ﬁdes,
1824 2081 2094 2155 multiplex
2125 2084 2173 2146 B
2199 2090 2357 2137 cutor
2376 2082 2405 2121 ιι
2427 2098 2457 2137 a
2477 2083 2734 2154 primiore
2760 2091 2910 2149 natu,
2936 2093 2998 2139 ut
3023 2085 3077 2140 in
3100 2092 3366 2155 praecepta
3386 2099 3486 2140 sua
3512 2085 3783 2144 seniorum

573 2150 639 2215 in
679 2160 904 2238 singulis_
938 2161 1125 2238 claruit
1159 2157 1434 2238 fortitudo,
1477 2150 1846 2238 ([ιιιιηίιξιηηιῃιΔ
1873 2150 2095 2238 proicias

586 2249 642 2286 re
683 2223 826 2303 gesta
871 2223 1200 2303 describenda
1335 2223 1617 2303 diiungimus
1660 2225 1882 2303 laudati
1919 2223 2098 2277 laudat

586 2293 780 2374 quaeue
804 2297 1094 2356 earumdem
1116 2299 1295 2354 matris
1326 2293 1616 2351 Felicitalis
1648 2295 2022 2366 fortitudinem.

587 2456 728 2523 Quid
753 2455 1006 2526 primum,
1037 2453 1316 2518 carissimi,
1359 2452 1425 2507 de
1464 2449 1783 2506 Maehabaeis
1821 2449 2094 2514 fratribus,

519 2565 745 2620 quorum
773 2547 934 2603 hodie
959 2546 1152 2601 natalis
1177 2553 1281 2610 est,
1311 2542 1590 2613 aggrediar
1617 2541 1950 2612 praedicare?
1979 2540 2098 2607 Quo

518 2656 606 2696 me
629 2649 654 2677 λ
677 2640 731 2693 in
757 2638 942 2693 laudes
969 2653 1157 2692 eorum
1186 2649 1435 2692 sermone
1453 2633 1845 2698 circumferam,
1869 2649 2099 2704 quorum

519 2731 653 2786 mihi
692 2730 920 2800 insignia
978 2729 1170 2784 merita
1221 2743 1323 2784 nec
1364 2727 1633 2798 explicare
1697 2727 1951 2795 possibile
1993 2734 2095 2792 est,

524 2821 550 2859 δ
583 2835 685 2876 nec
725 2821 879 2890 sequi
909 2819 1223 2889 probabile?
1265 2817 1336 2872 Ut
1358 2819 1499 2873 enim
1548 2833 1654 2872 una
1689 2816 2020 2886 resplenduit
2048 2816 2104 2870 in

527 2913 781 2969 omnibus
803 2910 954 2977 ﬁdes,
973 2912 1046 2965 ita
1061 2911 1342 2980 multiplex
1354 2910 1545 2965 claruit
1565 2909 1617 2964 in
1638 2905 1868 2975 singulis
1881 2906 2097 2962 fortitu-

520 3007 612 3062 do.
637 3006 778 3061 Vere
804 3004 1155 3068 venerabiles,
1185 3015 1210 3045 ο
1240 3014 1402 3074 atque
1439 3019 1535 3059 ore
1562 3001 1802 3056 omnium
1829 3001 2100 3057 celebran-

519 3097 575 3152 di
603 3097 817 3166 fratres,
847 3097 987 3167 apud
1014 3112 1150 3166 quos
1177 3097 1232 3150 in
1271 3097 1450 3151 verbis
1496 3092 1788 3166 confessio,
1827 3102 1881 3149 et
1918 3094 2102 3148 trium-

517 3190 654 3258 phus
697 3199 779 3243 est
816 3190 870 3242 in
898 3189 1114 3243 virtute.
1146 3189 1212 3242 Hi
1241 3188 1422 3256 igitur,
1451 3188 1577 3242 dum
1606 3187 1804 3243 illicitis
1848 3187 2014 3256 vesci,
2045 3195 2102 3244 et

517 3281 912 3337 communicare
945 3281 1248 3350 prohibitis,
1279 3287 1424 3334 metu
1452 3279 1603 3348 regio
1628 3288 1683 3334 et
1698 3287 2097 3335 tormentorum

2201 2175 2464 2245 supplicio
2492 2175 2934 2244 subsequentium
2955 2176 3164 2232 animos
3184 2175 3482 2245 inclinaret.
3514 2174 3622 2231 Sed
3643 2175 3783 2247 quod

2201 2265 2396 2339 impius
2424 2276 2827 2337 argumentatur
2855 2268 2922 2323 ad
2943 2277 3166 2336 metum,
3198 2268 3453 2324 fratribus
3480 2268 3697 2339 proficit
3717 2269 3784 2328 ad

2201 2363 2522 2432 exemplum.
2541 2363 2699 2434 603
2715 2361 2966 2432 lntelligit
2984 2363 3346 2433 unusquisque
3367 2378 3554 2418 eorum
3585 2362 3602 2400 ί
3628 2379 3783 2434 posse

2200 2471 2264 2510 ea
2293 2463 2348 2510 et
2370 2454 2570 2510 debere
2600 2469 2660 2510 se
2687 2435 2936 2521 vincere;
2956 2470 3075 2525 qum
3103 2455 3286 2524 vigore
3323 2470 3594 2525 germanae
3635 2471 3782 2511 meno

2201 2547 2268 2600 tis
2310 2553 2365 2600 et
2411 2544 2644 2599 fraterna
2688 2543 2902 2598 fuerant
2935 2546 3196 2614 religione
3248 2546 3478 2602 calcata.
3517 2545 3626 2602 Sed
3653 2545 3779 2615 quid

2201 2637 2539 2708 potissimum
2568 2636 2638 2691 de
2662 2636 2958 2691 venerabili
2987 2652 3174 2692 eorum
3203 2643 3375 2692 matre
3402 2638 3670 2692 sermonis
3693 2653 3780 2693 no-

2201 2730 2297 2784 stri
2340 2728 2685 2784 mediocritas
2715 2719 3100 2799 prosequetur,
3123 2729 3209 2784 cui
3247 2729 3314 2785 de
3343 2738 3451 2784 tam
3482 2719 3776 2788 numerosis

2201 2821 2490 2876 orbitatum
2519 2821 2750 2876 luctibus
2777 2820 2969 2889 gaudia
2997 2821 3176 2876 votiva
3202 2829 3516 2886 nascuntur,
3556 2837 3676 2891 qua:
3703 2830 3776 2877 tot

2200 2913 2448 2968 funerum
2472 2912 2762 2968 exsultavit
2791 2913 2804 2962 i
2846 2914 3146 2979 tormentis,
3177 2920 3311 2982 quot
3345 2913 3661 2984 pignoribus
3687 2915 3774 2970 lte-

2203 3005 2457 3058 tabamr?
2485 3002 2510 3041 ι
2543 3002 2666 3073 Egit
2691 3005 2850 3059 beata
2869 3003 3122 3060 Felicitas
3142 3005 3409 3073 geminam
3429 3007 3774 3075 quodammo-

2200 3095 2270 3150 do
2299 3104 2525 3150 matrem
2549 3111 2563 3160 ;
2601 3111 2723 3150 nam
2751 3110 2888 3164 quos
2916 3097 3033 3165 lege
3060 3111 3320 3166 corporea
3349 3098 3602 3167 praesenti
3631 3097 3772 3154 fude-

2201 3194 2285 3240 rat
2311 3187 2454 3250 vitae,
2485 3185 2795 3243 fortitudine
2815 3189 3031 3257 spiritus
3060 3189 3332 3259 perpetuis
3358 3190 3569 3248 szeculis
3593 3199 3771 3261 partu-

2200 3278 2341 3333 rivit.
2375 3277 2506 3345 Quis
2546 3294 2650 3334 non
2699 3281 3004 3334 mortalium
3038 3281 3290 3351 miretur,
3322 3281 3517 3338 fratres
3553 3282 3595 3348 ‘,
3627 3283 3772 3352 cujus

517 3373 808 3427 acerbitate
837 3380 1117 3440 coguntur,
1148 3387 1249 3425 una
1280 3372 1377 3426 sibi
1415 3368 1441 3408 ἀ
1469 3385 1658 3428 omnes
1696 3371 1959 3429 moriendi
1999 3388 2113 3430 νυ(
2204 3387 2308 3428 non
2353 3370 2735 3430 contremiseat
2777 3370 3017 3440 allectus,
3053 3373 3180 3429 totis
3217 3381 3444 3428 matrem
3485 3374 3772 3445 trepidasse

517 3464 720 3519 luntate
766 3464 1075 3533 succedunt,
1125 3466 1249 3542 quia
1298 3467 1544 3522 umnibus
1573 3473 1688 3521 erat
1727 3476 1851 3537 post
1888 3467 2093 3524 obitum
2121 3466 2166 3527 C
2200 3466 2510 3533 visceribus,
2538 3483 2605 3522 ne
2626 3467 2746 3536 quis
2777 3465 3008 3524 filiorum
3028 3483 3248 3526 suorum
3273 3468 3329 3523 in
3359 3475 3470 3524 tam
3499 3468 3771 3538 magnifico

515 3557 637 3627 spes
665 3573 772 3613 uua
816 3559 1042 3629 vwendi.
1069 3557 1244 3630 Quam
1282 3558 1528 3627 specioso
1555 3565 1736 3614 autem
1758 3557 1961 3627 judicio
1988 3559 2098 3614 lau-

515 3651 784 3718 dabilique
833 3651 1134 3706 constantia
1177 3650 1425 3719 porcinas
1472 3665 1680 3717 carnes,
1729 3665 1850 3720 quae
1891 3653 2098 3709 caelesti

516 3750 643 3796 tunc
693 3741 980 3795 interdictu
1035 3742 1374 3797 habebantur
1424 3743 1730 3810 immundae,
1785 3743 2098 3816 contingere

515 3832 950 3904 perhorrescunt,
994 3852 1223 3904 quorum
1255 3835 1470 3894 devotio
1499 3848 1522 3875 θ
1581 3837 1652 3894 ad
1688 3839 2012 3895 immaculati
2040 3855 2098 3894 se

514 3924 649 3993 Agni
671 3925 1009 3994 praeparabat
1037 3927 1353 3982 adventum!
1386 3928 1690 3997 Rapiuntur
1716 3944 1845 3998 ergo
1866 3930 2095 3985 fortissi-

515 4016 587 4070 mi
610 4016 857 4083 juvenes,
901 4018 966 4070 ad
996 4017 1176 4086 iniqua
1222 4028 1275 4072 ct
1320 4020 1487 4074 vetita
1523 4019 1691 4074 variis
1733 4020 2096 4075 membrorum

515 4104 841 4160 cruciatibus
883 4105 1248 4174 impelluntur.
1283 4106 1580 4164 Persistunt
1622 4116 1801 4162 tamen
1849 4108 2095 4179 viriliter,

515 4209 614 4249 nec
657 4192 823 4248 furori
863 4194 879 4230 ί
918 4196 1198 4263 tyrannico
1227 4197 1461 4262 cedunt;
1494 4205 1553 4254 ut
1589 4197 1974 4266 omnipotentis
2001 4199 2102 4256 Dei.

515 4277 915 4355 dispensatione
936 4285 1182 4351 mirabili,
1209 4302 1346 4355 quos
1376 4289 1555 4348 carnis
1582 4291 1863 4357 generatio
1895 4300 2100 4362 tempo-

504 4376 653 4432 rales
701 4378 1066 4447 mortalesque
1106 4378 1349 4434 ediderat
1378 4379 1589 4448 fratres,
1620 4390 1852 4438 aeternos
1897 4385 2096 4444 faceret

511 4484 670 4540 pinna
699 4483 1005 4538 germanos.
1034 4467 1166 4536 Quis
1206 4486 1394 4526 revera
1434 4488 1545 4528 non
1585 4481 1697 4528 tota
1740 4475 2096 4534 admiratione

510 4561 789 4631 suscipiat,
832 4561 978 4629 quod
1020 4577 1119 4630 pro
1166 4562 1489 4617 auctoritate
1529 4562 1724 4618 divina:
1770 4565 1902 4635 legis
1943 4568 2096 4636 pueri

511 4652 828 4722 sapientiam
877 4653 1182 4722 pncferunt,
1238 4653 1609 4710 adolescentes
1665 4665 1929 4714 tormenta
1985 4675 2095 4714 non

511 4749 779 4812 metuunt,
811 4751 836 4791 8
863 4743 1087 4813 juvenes
1134 4753 1192 4804 et,
1231 4762 1454 4801 munera
1485 4749 1652 4815 regia,
1685 4757 1740 4804 et
1772 4749 1892 4806 vitae
1923 4751 2090 4821 ipsius

2199 3560 2452 3616 conflictu
2482 3570 2576 3616 aut
2603 3561 2835 3625 timeret,
2873 3568 2968 3617 aut
2997 3577 3106 3618 non
3137 3570 3436 3618 mereretur
3463 3562 3668 3618 occidi?
3695 3565 3772 3616 At

2199 3668 2304 3723 que
2345 3655 2485 3709 inter
2514 3653 2601 3708 illa
2629 3661 3032 3724 peremptorum
3070 3651 3256 3708 funera
3285 3653 3634 3723 parvulorqu
3674 3668 3769 3708 ma-

2198 3753 2352 3800 terno
2378 3744 2434 3799 in
2464 3752 2681 3816 pectore
2725 3760 2834 3799 non
2871 3744 3043 3799 solum
3089 3743 3263 3798 nullus
3293 3743 3523 3799 tristitiae
3552 3738 3768 3813 gemitus

2198 3834 2318 3902 fuit,
2347 3833 2440 3889 sed
2461 3834 2598 3888 ultra
2628 3832 2870 3888 femineae
2889 3833 3106 3904 pietatis
3132 3830 3382 3888 allectum
3403 3833 3687 3888 exsultavit
3707 3831 3768 3888 de

2199 3942 2384 3981 eorum
2412 3925 2636 3980 victoria
2664 3934 2838 3980 mater
2860 3925 3137 3990 mirabilis,
3163 3940 3300 3993 quos
3327 3939 3386 3979 se
3412 3923 3641 3986 sciebat,
3669 3939 3766 3978 non

2197 4017 2373 4070 minus
2412 4015 2514 4070 fide
2544 4015 2774 4069 nutrisse
2797 4030 2962 4084 quam
2999 4015 3153 4070 laete.
3187 4013 3396 4067 Transit
3438 4025 3568 4082 ergo
3598 4012 3766 4067 nativi-

2199 4110 2325 4164 tatis
2354 4108 2489 4166 ordo
2519 4109 2574 4162 in
2603 4107 2846 4162 ordinem
2875 4107 3156 4177 passionis,
3190 4115 3250 4160 ut
3290 4104 3585 4174 justissima
3618 4103 3766 4175 605

2197 4201 2436 4272 martyrii
2465 4199 2668 4267 regula,
2699 4199 2914 4255 tramite
2941 4215 3051 4268 quo
3078 4214 3175 4255 eos
3201 4197 3435 4254 mundus
3474 4203 3763 4269 acceperat,

2196 4295 2688 4349 transmitterentur
2717 4292 2784 4346 ad
2821 4293 3035 4347 coelum.
3077 4289 3122 4344 Ο
3161 4305 3359 4346 novum
3396 4291 3620 4360 pietatis
3656 4289 3763 4343 alle-

2197 4387 2377 4444 ctum!
2428 4392 2745 4455 torquentur
2773 4385 2886 4449 ﬁlii,
2921 4392 2978 4440 et
3016 4391 3189 4440 mater
3215 4384 3466 4451 exsultat,
3501 4392 3658 4454 atque
3699 4382 3761 4436 ita

2197 4495 2255 4534 se
2297 4479 2349 4530 in
2379 4485 2669 4547 conspectu
2718 4476 2927 4531 Domini
2955 4491 3140 4538 veram
3165 4483 3390 4532 matrem
3423 4475 3651 4532 credidit
3673 4490 3762 4544 ap:

2195 4568 2542 4638 probandam,
2575 4569 2622 4624 si
2643 4569 2782 4623 inter
2810 4575 2920 4623 tam
2942 4566 3150 4624 funesta
3179 4568 3443 4638 supplicia
3474 4579 3760 4624 numerosa:

2197 4660 2399 4716 sobolis
2427 4675 2556 4726 suae,
2588 4660 2784 4715 inflexo
2813 4668 3032 4730 pectore
3078 4670 3134 4716 et
3164 4660 3320 4716 siccis
3350 4659 3544 4728 oculis,
3575 4658 3758 4714 astitis~

2199 4760 2301 4808 set.
2331 4753 2442 4812 [mo
2470 4752 2572 4808 sibi
2609 4752 2720 4823 ipsa
2751 4753 3074 4822 congaudct,
3104 4753 3248 4824 quod
3273 4753 3610 4810 alacritatem
3633 4767 3758 4808 men-

511 4832 874 4892 blandimenta
901 4836 1293 4891 contemnunt?
1321 4835 1514 4906 Incipit
1540 4852 1670 4907 ergo
1698 4840 1891 4895 artifex
1919 4858 2095 4911 perse-
2121 4839 2174 4901 D
2199 4847 2268 4902 tis
2295 4861 2407 4902 suae
2425 4846 2536 4901 suis
2560 4847 2614 4900 in
2643 4845 2956 4915 pignoribus
2977 4845 3334 4914 recognoscit,
3354 4852 3407 4900 et
3430 4844 3577 4914 quod
3603 4844 3654 4900 ei
3678 4841 3756 4898 tali

579 5000 610 5029 ιι
637 4987 836 5047 Omnes
858 4991 970 5046 eitt.
993 4991 1154 5047 codd.
1180 4991 1606 5050 omittuntvoces
1627 4996 1681 5049 in
1710 4995 1888 5052 laudes
1913 5015 2089 5054 eorum

509 5076 741 5115 sermone
748 5102 761 5114 .

585 5131 612 5169 δ
643 5130 947 5203 ϐοᾱᾷηνμ
974 5129 1139 5187 λΕᾱίΙ.
1171 5131 1305 5188 eccl.
1336 5133 1505 5203 Flor.,
1530 5145 1586 5191 et
1612 5135 1816 5203 Casin.,
1847 5154 1940 5202 nec
1960 5141 2092 5196 reli-

511 5216 634 5256 cere-
652 5200 934 5256 probabile.

585 5283 608 5347 «ξ
638 5269 773 5347 God.
807 5288 859 5327 IV
907 5269 1046 5347 Plut.
1079 5289 1150 5327 xx
1180 5272 1337 5329 Laur.
1371 5291 1488 5346 pag.
1522 5275 1591 5329 87
1620 5293 1654 5332 a
1679 5286 1849 5347 tergo,
1883 5289 1936 5332 et
1965 5281 2083 5334 cod.

511 5341 616 5395 174
659 5344 772 5406 cit.,
815 5353 966 5411 atque
1000 5346 1202 5399 honore
1241 5341 1384 5400 omni
1417 5341 1727 5411 cclebrandi,
1765 5341 1880 5404 etc.
1915 5349 2083 5404 Codd.

512 5411 690 5537 aliisin.
719 5413 840 5482 100,
869 5411 974 5467 142
995 5424 1049 5470 et
1078 5415 1199 5481 147,
1225 5426 1376 5485 atque
1401 5421 1628 5472 omnium
1657 5419 1946 5474 celebrandi
1977 5421 2093 5474 lau—

599 5501 680 5537 us.

599 5501 680 5539 ηε.
1129 5539 1132 5542 .

586 5551 613 5593 ἀ
643 5554 812 5610 Codd.
843 5555 1022 5611 Casin.
1055 5556 1308 5611 omittunt
1338 5574 1534 5610 omnes.

587 5635 610 5662 θ
641 5623 785 5699 Idem
816 5625 937 5681 cod.
965 5625 1174 5699 _Ca_sin.,
1204 5627 1272 5679 ad
1312 5629 1699 5699 immaculatum
1739 5646 1792 5682 se
1832 5646 2093 5699 prcepara—

516 5690 640 5776 eant
666 5697 974 5778 adventum!
1024 5694 1310 5778 Rapiuntur
1353 5697 1621 5778 fortissimi
1652 5690 1885 5778 juvenes,
1934 5690 1991 5778 et.
2025 5701 2094 5756 ad

513 5763 693 5835 iniqua
721 5776 770 5821 et
807 5768 960 5822 vetita
991 5763 1144 5822 variis
1162 5763 1438 5823 uerborum
1467 5763 1777 5825 crucia-tibus
1815 5763 2089 5845 impellune

2193 5010 2293 5064 tur,
2320 5008 2424 5056 etc.

2268 5070 2289 5108 τ
2324 5069 2458 5143 Qod.
2489 5069 2612 5143 173i,
2643 5087 2737 5143 nec
2761 5072 2926 5143 furori
2957 5072 3164 5142 tyranni
3195 5079 3496 5125 concocunt.

2269 5151 2293 5212 β
2323 5139 2500 5212 βράἀ.
2532 5141 2734 5212 Casin.,
2754 5139 3218 5212 juvenesrmunere,
3248 5149 3354 5197 etc.

2268 5209 2294 5246 ιι
2325 5210 2490 5281 [idem
2511 5211 2669 5281 codd.
2701 5209 2901 5277 Casin.,
2926 5228 2957 5264 a
2979 5213 3149 5281 priore
3170 5219 3311 5266 nato.

2274 5282 2287 5353 l
2325 5279 2493 5353 Qedd.
2526 5279 2728 5353 Casin.,
2757 5299 2816 5353 se
2841 5279 2989 5353 posse
3011 5299 3071 5335 ea
3100 5281 3300 5349 debere,
3331 5297 3416 5336 seu
3449 5283 3656 5353 vincere.

2270 5350 2282 5400 i
2323 5350 2494 5424 Codd.
2529 5351 2630 5404 174
2664 5361 2719 5406 et
2744 5350 2946 5420 Casin.,
2978 5369 3090 5424 qua:
3118 5362 3190 5406 tot
3227 5355 3462 5423 funerum
3501 5351 3752 5407 exsultauit

2199 5422 2488 5490 triumphis,
2520 5429 2658 5491 quot,
2691 5430 2794 5478 etc.

2271 5491 2497 5564 l‘_Codd.
2526 5492 2728 5558 Casin.,
2763 5491 2885 5564 Egit
2913 5493 3058 5546 beata
3088 5494 3277 5564 femina
3305 5495 3509 5564 gemina
3535 5493 3750 5564 quodam-

2197 5562 2348 5616 modo
2378 5572 2559 5634 mater,
2591 5572 2645 5615 ut
2672 5563 2725 5616 in
2755 5562 2851 5616 hac
2879 5562 3232 5617 momentanea
3263 5562 3364 5616 vita
3397 5562 3749 5634 ﬁlios'mnitte-

2195 5641 2292 5696 ret,
2316 5641 2363 5686 et
2389 5633 2444 5690 in
2467 5644 2659 5687 wterna
2680 5650 2763 5688 eos
2789 5634 3068 5705 susciperet
3096 5634 3207 5686 sine
3235 5634 3340 5703 ﬁne
3365 5629 3599 5688 victu-ros.
3626 5629 3746 5684 Nam

2245 5720 2340 5756 (08.
2367 5720 2470 5756 θιρ.

2197 5720 2340 5775 quos,
2367 5710 2470 5758 etc.
3079 5766 3085 5772 .

2277 5766 2293 5810 ί
2326 5772 2495 5830 Iidem
2523 5773 2678 5832 codd.
2708 5773 2912 5842 Casin.,
2937 5777 3123 5848 fratres
3152 5774 3420 5835 carissimi.
