4052 6330
573 310 680 366 ωδ

1771 310 1828 367 S.
1870 310 2115 368 MAXIM!
2152 308 2604 377 TAURINENSIS

3726 317 3816 375 696

571 435 629 480 tu
680 422 738 479 e‘t
773 424 996 496 optabili
1039 424 1142 482 ﬂde
1185 426 1443 484 decubuit
1470 428 1511 480 ί.
1542 425 1729 495 Neque
1754 424 1880 482 ullis
1908 423 2152 481 terreba-
2178 434 2227 496 Α
2251 425 2473 498 pidabat
2517 423 2712 492 occidi,
2763 439 2884 496 qua
2930 425 3002 482 ad
3048 426 3194 483 illam
3240 424 3527 485 festinabat
3553 426 3728 497 vitam,
3752 431 3814 492 ad

567 531 658 571 tur
686 517 777 571 illa
816 516 1111 588 suppliciis,
1140 519 1467 589 quae-omnia
1489 517 1602 589 jam
1637 525 2029 575 tormentorum
2052 529 2148 587 ge-

566 623 696 665 nera
726 610 928 667 vicerat
952 611 1009 669 in
1045 612 1337 670 visceribus
1363 612 1618 669 filiorum.
1651 610 1838 683 Neque
1864 611 2011 667 enim
2039 618 2181 670 tre-.

2250 538 2413 594 quam
2439 538 2537 581 sua
2563 529 2790 580 noverat
2811 521 3039 593 pignora
3064 523 3411 595 przemisisse.
3437 517 3445 527 ’

1897 668 2179 764 senato
2207 668 2525 762 LXXXI.

1385 799 1461 857 De
1487 799 1594 858 ss.
1634 754 2583 872 ,πανιννεοῖιξιῐὲαῖιάῦῗὶὶἇῖᾦιίο
2609 803 2661 852 οι
2688 794 2924 853 suam
2966 793 3020 850 ι.

2013 886 2402 944 ADMONITIO.
2469 904 2475 911 '
2610 885 2616 890 ’

634 978 1196 1052 Auctoritatecodicis
1236 979 1576 1052 Ambrosiani
1614 988 1804 1038 saneto
1839 979 2075 1052 Maximo
2113 992 2393 1052 sermones
2422 977 2495 1052 ac
2511 979 2743 1052 .sanctis
2769 977 3083 1051 martyribus
3110 979 3443 1052 έζεςωιιάτο,
3482 978 3814 1052 μστιυνὶοα

563 1049 799 1123 ,Sisinnio
830 1051 1015 1107 tribuit
1061 1050 1403 1118 Muralorius,
1433 1051 1525 1121 qui
1572 1059 1886 1121 sequuntur,
1933 1051 2090 1107 duos.
2141 1049 2252 1106 llos
2279 1047 2475 1104 deinde
2502 1045 2814 1105 Gallandius
2853 1045 2985 1111 toin.
3028 1065 3084 1106 ix
3109 1048 3249 1105 Bibl.
3277 1056 3448 1106 veter.
3481 1045 3705 1107 Patru'm
3731 1062 3827 1123 pu-‘

562 1119 797 1177 blicavit.

562 1212 948 1271 Ancumnn'ruu.
983 1244 1053 1285 τ
1090 1212 1170 1270 De
1222 1215 1392 1272 causis
1443 1215 1505 1269 ob
1551 1230 1678 1285 quas
1725 1212 1832 1269 SS.
1889 1223 2141 1285 martyres

630 1286 944 1353 Alexander,
995 1283 1302 1358 Martyrius,
1346 1293 1505 1358 atque
1552 1283 1818 1341 Sisinnius
1864 1284 2003 1358 ρηιηὶ
2029 1283 2138 1338 ’ἀε-

629 1357 792 1429 beant
803 1355 1155 1429 _veneratione
1176 1356 1294 1429 coli,
1343 1355 1504 1429 deque
1549 1371 1725 1411 eorum
1750 1355 1993 1427 passione
2016 1370 2141 1410 sun-

629 1436 740 1481 ctus
764 1426 1029 1481 Marcianus
1056 1427 1317 1498 proponit.

626 1587 763 1644 Cum
813 1604 1002 1645 omnes
1048 1589 1238 1663 beatos
1282 1597 1548 1662 martyres
1587 1604 1725 1661 quos
1775 1590 1931 1663 nobis
1976 1590 2141 1647 tradit

559 1681 849 1750 antiquitas
887 1679 1298 1749 honoriﬁcentia
1339 1681 1502 1753 digna
1540 1682 1822 1752 miremur,
1871 1683 2140 1755 praecipue

560 1777 739 1826 tamen
767 1779 983 1833 sanctos
1003 1772 1716 1846 Alexandrnm,Martyrium
1747 1782 1804 1831 et
1824 1772 2137 1838 Sisinnium,

559 1862 651 1931 qui
682 1864 1014 1933 temporibus
1054 1864 1253 1932 nostris
1270 1864 1416 1939 passi
1445 1872 1590 1931 sunt,
1618 1865 1877 1921 debemus
1905 1873 2018 1920 tota
2048 1880 2141 1922 ve-

559 1954 838 2011 neratione
864 1956 1159 2027 suscipere.
1181 1955 1374 2013 Nescio
1393 1972 1502 2027 quo
1532 1956 1677 2012 enim
1699 1968 1858 2028 pacto
1878 1957 2141 2027 majorem

461 2061 471 2071 ·
559 2045 704 2101 circa
731 2060 839 2110 eos,
864 2047 1126 2115 habemus
1154 2046 1425 2113 affectum,
1455 2049 1954 2120 quosconscientia
1990 2050 2143 2105 novit

559 2138 797 2207 propria,
840 2154 1001 2208 quam
1026 2155 1163 2211 quos
1191 2140 1351 2196 docet
1374 2140 1621 2196 historia.
1651 2139 1778 2196 Illos
1803 2141 1947 2197 enim
1974 2143 2140 2199 exsti-

558 2227 685 2285 tisse
730 2237 994 2303 martyres
1034 2231 1287 2296 lectione,
1332 2232 1465 2287 istos
1494 2232 1775 2288 oculorum
1803 2233 2139 2304 contempla-

557 2323 703 2379 tione
725 2325 1117 2393 cognoscimus.
1142 2323 1361 2380 Illorum
1391 2325 1671 2397 passiones
1698 2326 1838 2381 fama
1860 2325 2139 2381 nuntiante

557 2414 936 2482 condiscimus,
962 2415 1187 2471 istorum
1206 2416 1466 2488 supplicia
1491 2417 1671 2472 vultus
1686 2418 1998 2473 testimonio
2009 2433 2141 2473 con-

558 2505 807 2562 tinemus.
839 2505 1097 2575 Majorem
1126 2521 1255 2577 ergo
1286 2507 1537 2564 aﬂ'ectum
1566 2508 1637 2564 ibi
1666 2509 1858 2579 debeo,
1892 2509 1983 2564 ubi
2016 2524 2139 2565 cre-

555 2598 834 2654 dulitatem
864 2616 1039 2655 meam
1069 2602 1317 2657 hortatur
1345 2602 1550 2673 opinio.
1582 2601 1860 2671 Majorem,
1898 2603 2134 2672 inquam,

556 2688 805 2745 affectum
834 2690 943 2746 illic
979 2691 1174 2760 debeo,
1205 2691 1295 2748 ubi
1324 2706 1422 2764 per
1453 2707 1515 2747 ea
1541 2708 1662 2763 qua:
1689 2692 1818 2756 vidi,
1843 2693 2141 2764 compellor

555 2780 802 2835 devotius
840 2781 1065 2837 credere
1094 2783 1259 2838 etiam
1287 2784 1376 2839 illa
1405 2799 1526 2855 qua:
1550 2800 1662 2842 non
1702 2784 1826 2840 vidi.
1859 2784 1992 2840 Nam
2016 2801 2138 2842 cum

555 2868 738 2924 audita
777 2871 1048 2941 aliquanta
1076 2873 1207 2928 mihi
1247 2874 1595 2945 impossibilia
1636 2875 1967 2940 viderentur,
1999 2878 2138 2949 coepi

555 2974 620 3014 ea
649 2960 871 3016 credere
899 2962 1140 3032 potuisse
1168 2962 1305 3033 ﬁeri,
1328 2965 1453 3020 dum
1482 2966 1676 3022 similia
1704 2967 1843 3023 facta
1857 2983 1985 3024 esse
2007 2984 2137 3024 con-

554 3051 725 3122 spexi.
741 3051 829 3124 ,Ει
855 3053 975 3109 ideo
1007 3056 1458 3126 temporis'nostri
1485 3059 1664 3128 passio
1692 3059 1797 3114 hoc
1816 3059 1973 3115 nobis
1998 3075 2136 3129 prae-

554 3140 708 3210 stitit,
742 3153 800 3199 ut
826 3154 1149 3214 prmsentem
1187 3146 1435 3204 conferre
1455 3150 1682 3218 gratiam
1722 3157 1778 3205 et
1806 3150 1964 3206 iidem
1990 3167 2131 3222 pra:-

554 3235 765 3290 teritam
795 3235 1155 3294 confirmaret.
1189 3237 1537 3310 Supradictos
1564 3241 1726 3310 igitur
1772 3242 1960 3307 beatos
1988 3243 2134 3298 viros

550 3332 667 3383 tota
712 3325 971 3400 debemus
1018 3330 1366 3386 veneratione
1404 3333 1698 3402 suscipere,
1747 3333 1978 3403 primum
2008 3334 2132 3404 quia

550 3416 667 3473 dies
698 3418 817 3474 vitae
846 3427 1042 3475 nostrae
1070 3421 1308 3490 pretioso
1338 3422 1599 3492 sanguine
1626 3437 1726 3478 suo
1755 3422 2026 3478 illustrare
2053 3423 2133 3478 di-

549 3511 696 3578 gnati
741 3521 895 3578 sunt;
948 3513 1162 3582 deinde,
1202 3515 1347 3584 quod
1372 3515 1785 3585 prmrogativam
1811 3515 1965 3571 nobis
1992 3514 2134 3585 apud

468 3674 483 3691 1
548 3598 717 3657 Deum
746 3618 855 3659 non
882 3604 1161 3660 minimam
1198 3605 1565 3673 contulerunt,
1594 3604 1940 3663 ostendentes
1961 3605 2135 3676 qualis

546 3703 696 3755 esset
741 3703 899 3752 aetate
942 3705 1127 3753 nostra
1174 3698 1228 3753 in
1268 3697 1586 3754 Christianis
1625 3696 1775 3763 fides,
1808 3696 1876 3753 de
1905 3712 2131 3767 quorum

550 3787 826 3842 consortio
847 3788 1080 3844 existere
1100 3797 1368 3861 martyres
1380 3798 1737 3848 mererentur.
1761 3789 1967 3857 Tertio,
1988 3788 2133 3859 quod

550 3875 710 3933 iidem
740 3884 847 3933 tam
873 3888 1071 3936 sancta:
1098 3882 1522 3939 conversationis
1547 3883 1764 3948 fuerint,
1792 3890 1851 3938 ut
1876 3897 2132 3938 coronam

549 3968 790 4038 martyrii
822 3976 1065 4041 tempore
1093 3972 1244 4044 pacis
1269 3972 1591 4030 invenerint.
1622 3972 1756 4030 Cum
1786 3974 1932 4030 enim
1956 3974 2134 4031 nullus

550 4070 649 4112 rex
682 4069 997 4127 persecutor
1032 4072 1264 4131 urgeret,
1314 4065 1491 4120 nullus
1533 4065 1826 4136 sacrilegus
1873 4073 2133 4138 tyrannus

513 4178 528 4193 -
549 4147 840 4216 insisteret,
863 4152 992 4207 fecit
1018 4167 1114 4214 eos
1138 4153 1478 4210 confessores
1504 4171 1610 4211 non
1633 4152 1845 4225 publica
1873 4173 2131 4228 persecu-

2250 1211 2345 1279 tio,
2376 1208 2473 1267 sed
2495 1207 2800 1266 Christiana
2818 1208 3055 1267 devotio.
3076 1209 3211 1266 Nam
3229 1225 3353 1267 cum
3372 1207 3428 1266 in
3457 1208 3718 1266 Anannirc
3737 1227 3810 1266 re-

2245 1303 2408 1372 gione
2451 1301 2672 1374 proprio
2716 1309 2933 1373 sumptu
2968 1299 3265 1373 Ecclesiam
3303 1308 3677 1359 construentes
3713 1302 3811 1371 ejus

2245 1400 2434 1451 sancto
2461 1390 2653 1448 altario
2674 1392 3043 1463 pmiderent,
3066 1390 3329 1463 siquidem
3349 1405 3490 1448 unus
3516 1407 3588 1447 ex
3609 1391 3695 1447 bis
3713 1391 3811 1447 dia.

2245 1490 2492 1550 conatus,
2538 1483 2648 1539 duo
2687 1481 2971 1539 clericatus
3005 1481 3182 1539 ofﬁcio
3219 1481 3588 1550 fungerentur,
3618 1489 3679 1538 et
3712 1481 3814 1552 ejus

2243 1574 2479 1644 regionis
2525 1572 2803 1640 homines,
2853 1572 2993 1644 apud
3038 1587 3175 1643 quos
3221 1572 3581 1629 Christianum
3629 1585 3811 1630 nomen

2241 1668 2514 1739 cognitum
2531 1656 2696 1721 antea
2724 1664 3071 1734 nonfuisset,
3102 1672 3317 1721 assueto
3344 1664 3651 1734 sacrilegio,
3681 1664 3811 1734 quod

2240 1761 2467 1816 lustrum
2509 1758 2726 1824 dicunt,
2768 1759 2887 1814 loca
2924 1758 3124 1814 vellent
3165 1757 3413 1813 universa
3450 1757 3718 1828 polluere,
3757 1772 3811 1813 ac

2240 1852 2413 1909 sancti
2440 1851 2541 1906 viri
2565 1857 2856 1921 arguerent
2883 1864 3001 1918 eos,
3029 1841 3348 1919 erroresque
3375 1862 3562 1904 eorum
3590 1847 3810 1903 manife-

2240 1951 2447 1999 stanter
2493 1941 2802 1997 rationabili
2848 1940 3201 2009 castigatione
3246 1939 3652 2006 convincerent,
3700 1947 3811 1996 tunc

2242 2034 2319 2091 illi
2347 2034 2598 2091 inebriati
2641 2033 2762 2104 plus
2791 2032 2975 2088 furore
3016 2031 3334 2102 quam.vino
3361 2037 3665 2102 rapuerunt
3711 2044 3809 2097 eos,

2240 2137 2298 2184 et
2322 2126 2471 2184 unde
2497 2121 2864 2183 crudelissima
2890 2118 3217 2191 sauciamnt,
3266 2123 3340 2179 ita
3379 2130 3439 2178 ut
3464 2138 3602 2178 unus
3631 2138 3702 2178 ex
3741 2124 3813 2179 his

2238 2227 2364 2290 post
2408 2218 2575 2273 multa
2604 2217 2865 2288 supplicia
2893 2215 3180 2271 semivivus
3211 2221 3554 2286 exspectaret
3580 2228 3648 2271 ac
3673 2213 3813 2270 vidc-

2240 2317 2324 2364 ret
2342 2323 2451 2363 suae
2474 2308 2662 2363 mortis
2683 2307 2915 2371 exitum;
2940 2322 3064 2361 nam
3084 2305 3353 2361 destructa
3382 2301 3639 2361 Ecclesia:
3666 2305 3813 2361 fabri-

2240 2415 2303 2456 ca
2325 2414 2512 2471 pyram
2532 2397 2599 2453 de
2619 2397 2736 2468 ejus
2759 2396 2999 2451 trabibus
3019 2402 3412 2464 construentes,
3427 2395 3660 2450 ﬂammis
3670 2395 3813 2451 beata

2240 2504 2468 2560 corpora
2497 2486 2853 2543 tradiderunt.
2883 2485 3024 2541 Vere
3065 2486 3225 2541 beata
3264 2500 3514 2556 corpora,
3556 2500 3679 2556 qua:
3717 2499 3811 2542 non

2240 2584 2307 2638 ad
2336 2584 2552 2654 ptenam
2586 2573 2716 2636 idoli
2738 2579 2984 2634 funestus
3011 2578 3147 2649 ignis
3174 2579 3484 2650 assumpsit,
3516 2578 3614 2634 sed
3645 2578 3713 2633 ad
3737 2594 3812 2634 re-

2239 2677 2420 2746 quiem
2446 2673 2730 2729 dominica:
2757 2672 2950 2728 domus
2975 2672 3139 2743 609
3167 2680 3355 2730 sancta
3397 2671 3617 2726 ﬂamma
3638 2686 3811 2727 susce-

2239 2770 2337 2841 pit.
2377 2766 2571 2822 Sancta
2599 2766 2759 2836 plane
2801 2765 3032 2831 ﬂamma,
3064 2767 3184 2835 qua:
3209 2765 3333 2820 ideo
3354 2764 3592 2835 suscepit
3622 2770 3811 2837 marty-

2239 2878 2347 2929 res,
2380 2877 2487 2917 non
2516 2866 2575 2915 ut
2621 2874 2716 2915 eos
2746 2858 2908 2914 noxio
2938 2858 3131 2913 ardore
3157 2866 3519 2924 consumeret,
3549 2855 3646 2914 sed
3674 2867 3730 2913 ut
3750 2858 3811 2914 ab

2239 2955 2323 3011 his
2349 2969 2540 3009 manus
2561 2953 2847 3022 sacrilegas
2874 2951 3201 3024 prohiberet.
3230 2950 3346 3006 Tali
3373 2959 3553 3007 autem
3577 2952 3813 3009 incendio

2239 3045 2518 3101 beatorum
2567 3051 2879 3099 consecrata
2926 3051 3054 3098 sunt
3106 3043 3345 3112 viscera“,
3398 3059 3509 3099 non
3563 3052 3809 3099 cremata.

2240 3137 2506 3193 Convenit
2530 3137 2656 3193 huic
2678 3137 2935 3207 passioni,
2958 3137 3099 3206 quod
3123 3137 3197 3191 ait
3226 3136 3513 3207 Apostolus
3537 3156 3551 3191 :
3583 3136 3703 3209 Ipse
3728 3155 3812 3191 as-

2239 3240 2341 3286 tem
2361 3233 2533 3285 salvus
2558 3232 2676 3298 erit,
2704 3230 2779 3284 sic
2806 3238 2978 3284 tamen
3005 3231 3153 3300 quasi
3180 3246 3272 3301 per
3300 3231 3470 3301 ignem
3492 3227 3548 3300 (Ι
3568 3228 3684 3284 Cor.
3717 3230 3809 3297 ιιι).

2239 3322 2386 3378 Salvi
2408 3323 2551 3379 enim
2595 3323 2681 3378 isti
2711 3321 2835 3377 facti
2864 3331 3011 3390 sunt,
3041 3321 3167 3377 dum
3188 3320 3507 3376 venerabilis
3525 3320 3805 3377 confessio-
3831 3363 3842 3382 .

2240 3414 2323 3469 nis
2369 3421 2493 3468 sunt
2538 3411 2785 3469 incendio
2814 3412 3161 3468 concremati.
3195 3411 3357 3482 610
3383 3410 3510 3468 Hmc
3551 3426 3674 3482 ergo
3705 3421 3808 3469 tota

2239 3519 2398 3560 causa
2426 3504 2691 3575 passionis
2717 3512 2819 3568 est,
2850 3502 3068 3566 fratres,
3099 3512 3323 3574 propter
3346 3518 3509 3573 quam
3537 3504 3691 3559 morti
3722 3502 3810 3559 ad-

2237 3596 2365 3651 dicti
2390 3595 2561 3651 sancti
2592 3595 2690 3649 viri
2714 3595 2891 3650 cursui
2918 3594 3119 3648 similes
3146 3608 3263 3649 esse
3290 3601 3518 3649 caeteros
3544 3593 3810 3649 hortaren-

2239 3695 2329 3742 tur
2360 3705 2371 3739 :
2404 3701 2528 3741 nam
2557 3684 2863 3740 exhortatio
2892 3684 3103 3739 illorum
3141 3683 3196 3738 in
3226 3691 3433 3738 tantum
3482 3682 3725 3753 profecit,
3752 3689 3809 3735 ut

2240 3776 2344 3832 illis
2390 3791 2421 3832 e
2448 3776 2644 3831 saeculo
2683 3774 3057 3831 recedentibus
3099 3773 3234 3829 ﬂdes
3263 3788 3450 3830 eorum
3476 3772 3706 3842 regionis
3734 3772 3808 3842 ip-

2240 3868 2351 3923 sius
2396 3866 2513 3922 loca
2541 3866 2789 3921 universa
2817 3864 3133 3941 pervaserit.
3164 3864 3239 3918 Ita
3266 3862 3531 3929 Christus,
3569 3863 3655 3918 ubi
3681 3871 3808 3918 tunc

2234 3962 2288 4016 in
2314 3950 2484 4017 tribus
2516 3960 2840 4032 martyribus
2865 3958 3294 4030 persecutionem
3324 3970 3514 4028 passus
3541 3964 3638 4022 est,
3666 3970 3807 4011 nunc

2233 4053 2343 4110 illic
2367 4053 2608 4124 plurimis
2631 4051 3057 4107 Christianorum
3097 4050 3328 4106 exsultet
3355 4050 3408 4106 in
3436 4049 3662 4122 populis.

1866 4249 2133 4315 SEBMO
2172 4255 2497 4318 LXXXII.

1745 4352 1819 4408 De
1842 4355 2025 4410 iisdem
2054 4357 2162 4416 SS.
2193 4360 2503 4433 martyribus
2531 4359 2594 4415 II

548 4442 936 4524 Mcuusngpu.
976 4475 1051 4524 :—
1090 4444 1314 4524 Sanctos
1369 4445 1724 4524 Alexandrum
1750 4489 1789 4524 ,_
1812 4445 2126 4524 Martyrium
2148 4451 2201 4512 D
2229 4446 2362 4508 nam"
2398 4453 2539 4524 rapti
2565 4461 2708 4522 sunt,
2740 4452 2885 4524 quod
2932 4452 3335 4522 increparentur
3370 4449 3634 4518 sacrilegi,
3661 4448 3795 4517 quod

612 4523 775 4592 atque
783 4516 1077 4592 _Sisinn_ium
1096 4517 1217 4592 fecit
1237 4525 1487 4592 martyres
1500 4515 1740 4588 religiosa
1754 4515 1978 4592 deuotio,
1991 4519 2127 4592 quod

572 4652 579 4660 .
611 4602 715 4642 non
739 4586 1117 4660 dissimutarint
1145 4586 1561 4643 homines'lustro
1589 4586 1941 4660 superstitioso
1974 4586 2125 4643 dedi-

613 4664 711 4722 tos,
744 4657 834 4711 sed
846 4658 1060 4731 eosdem
1085 4666 1382 4731 constanter
1433 4657 1771 4731 increpariut.
1814 4658 2125 4731 Exemplum

578 4744 585 4749 '
614 4729 911 4782 sanctorum
958 4729 1183 4785 virorum
1220 4730 1496 4783 imitemur.
1530 4729 1672 4782 Nam
1717 4731 1764 4784 si
1782 4730 2010 4786 videntes
2030 4731 2124 4785 hoc

612 4806 856 4861 tacemus,
881 4815 995 4854 reos
1015 4814 1109 4854 nos
1149 4799 1577 4855 dissimulationis
1606 4815 1819 4855 assensu
1847 4801 2123 4857 conniven-

614 4868 784 4941 tiaque
806 4870 1097 4927 statuimus.

614 4998 754 5053 Ante
805 4996 920 5053 dies
961 5013 1084 5054 cum
1113 5007 1423 5055 sanctorum
1466 5001 1775 5069 Alexandri,
1805 5001 2043 5075 Martyrii
2069 5012 2127 5058 et

540 5088 761 5145 Sisinnii
799 5089 1035 5145 natalem
1058 5089 1399 5146 festivissime
1424 5107 1755 5159 curaremus,
1783 5092 1891 5149 hoc
1933 5094 2119 5164 princi-

539 5196 646 5253 pue
671 5180 727 5237 in
748 5196 934 5236 eorum
965 5182 1213 5252 passione
1232 5182 1583 5251 laudavimus,
1614 5183 1759 5254 quod
1797 5184 1923 5239 dum
1950 5186 2117 5240 sacri-

537 5273 672 5343 legis
691 5273 969 5342 resistunt,
990 5289 1111 5329 esse
1131 5282 1396 5347 martyres
1414 5284 1747 5341 meruerunt,
1778 5283 1832 5331 et
1853 5277 1981 5331 dum
2020 5292 2117 5332 eo-

535 5383 658 5423 rum
705 5367 1183 5437 supel'stitionibus
1207 5369 1604 5436 contradicunt,
1644 5370 1876 5440 palmam
1900 5369 2121 5440 justitiae

535 5468 660 5515 sunt
685 5458 888 5529 adepti.
914 5458 1029 5515 Non
1058 5461 1200 5515 enim
1229 5476 1295 5515 ea
1322 5476 1483 5516 causa
1512 5457 1687 5515 morti
1695 5460 1891 5516 addicti
1911 5469 2037 5518 sunt
2056 5462 2123 5516 ab

534 5551 621 5607 his
647 5553 737 5623 qui
765 5551 1051 5610 Christiani
1072 5562 1272 5618 essent,
1295 5553 1392 5611 sed
1413 5562 1700 5625 propterea
1720 5557 1896 5625 magis
1916 5556 1983 5613 ad
2003 5572 2123 5628 pm-

532 5688 535 5689 ⁷
567 5761 580 5767 _
607 5693 627 5723 ³
656 5691 765 5767 llic
788 5693 983 5767 desinit
1023 5708 1199 5767 sermo
1220 5691 1375 5762 juxta
1405 5698 1628 5767 textum_
1658 5690 1860 5767 codicis
1889 5691 2119 5767 Ambro-

537 5761 693 5822 siani.
720 5761 814 5843 sed
855 5760 1013 5817 tinem
1044 5764 1197 5819 nobis
1228 5760 1499 5827 praestant
1526 5762 1686 5821 ambo
1724 5761 1936 5821 codices
1966 5760 2105 5821 Lau-

2224 4534 2517 4602 Christiani
2546 4545 2833 4618 devotique
2860 4561 2965 4601 non
2988 4551 3186 4600 essent.
3217 4541 3370 4598 Pacis
3394 4556 3525 4613 ergo
3546 4549 3793 4611 tempore,

2226 4655 2334 4709 quo
2363 4640 2539 4695 nullus
2578 4656 2676 4694 rex
2700 4645 3015 4709 persecutor
3060 4643 3231 4704 urget,
3261 4642 3482 4689 sanctos
3503 4649 3632 4688 vero
3658 4647 3791 4686 Illar-

2225 4742 2372 4805 tyres
2395 4731 2519 4788 fecit
2538 4747 2647 4788 non
2668 4730 2878 4801 publica
2899 4720 3223 4805 persecutio,
3247 4724 3341 4780 sed
3369 4725 3618 4794 religiosa
3645 4723 3792 4778 devo-

2225 4824 2321 4878 tio.
2354 4822 2468 4878 Non
2498 4823 2647 4883 ,enim
2683 4822 2977 4877 timuerunt
3014 4819 3197 4874 salutis
3234 4817 3466 4888 proprize
3512 4816 3684 4870 subire
3708 4812 3791 4866 di-

2224 4916 2476 4977 scrimen,
2492 4913 2621 4969 dum
2640 4914 2796 4974 saluti
2807 4913 3028 4983 cupiunt
3043 4909 3325 4982 providere
3347 4904 3789 4963 muritorunuNam

2225 5022 2346 5062 cum
2395 5006 2761 5077 perspicerent
2814 5005 2868 5058 in
2914 5002 3135 5071 regione
3177 5014 3273 5054 sua
3303 4998 3532 5074 gentiles
3560 4996 3788 5052 homines

2225 5106 2440 5153 assueto
2470 5098 2771 5165 sacrilegio,
2794 5096 2938 5167 quod
2968 5097 3190 5154 lustrum
3232 5103 3427 5150 vocant
3451 5091 3670 5148 funestis
3687 5088 3787 5142 cir-

2225 5188 2548 5244 cuitionibus
2597 5189 2715 5245 loca
2761 5188 3009 5243 universa
3056 5186 3314 5258 polluere,
3381 5176 3437 5238 et
3488 5184 3787 5259 innoceales

2223 5294 2465 5350 quosque
2489 5279 2576 5335 vel
2624 5281 2891 5349 absentes,
2936 5279 2980 5334 si
3005 5294 3110 5334 non
3141 5276 3470 5334 conscientia
3500 5275 3584 5330 vel
3609 5269 3785 5328 conni-

2222 5372 2401 5428 ventia
2430 5373 2728 5441 maculare;
2762 5373 2992 5429 maculat
3019 5372 3161 5429 enim
3182 5369 3521 5428 conniventia
3545 5383 3660 5423 eum
3679 5362 3782 5434 qui,

2192 5481 2346 5523 'cum
2374 5466 2792 5523 contradicendo
2820 5467 3107 5538 prohibere
3132 5466 3306 5538 potuit
3332 5481 3400 5521 ne
3430 5463 3599 5529 fleret,
3622 5470 3675 5518 ut
3693 5458 3783 5511 lle-

2225 5564 2309 5616 ret
2326 5559 2479 5629 quasi
2500 5557 2880 5615 dissimulando
2898 5559 3159 5642 permisit.
3186 5557 3319 5614 Cum
3340 5556 3501 5627 igitur
3520 5555 3631 5612 hac
3651 5549 3781 5607 beati
3812 5540 3813 5543 “

2227 5695 2477 5767 rentiani,
2507 5691 2984 5766 Vaticanus'6451,
3014 5702 3070 5752 et
3102 5693 3441 5762 Casiuenses.
3538 5750 3545 5755 .
