4052 6330
267 312 364 370 ΰ97

1617 308 1846 366 SERMO
1883 308 2158 367 DXXXlll.

3424 315 3526 374 698

267 427 357 483 viri
385 430 689 490 cernerent,
715 425 1126 495 increpaverunt
1171 439 1266 480 eos
1295 431 1624 491 constanter,
1658 423 1832 481 fideli-
1859 432 1906 488 Α
1935 435 2022 482 tur
2041 425 2326 481 sanctitate
2351 425 2527 490 multi,
2551 426 2624 483 ita
2654 427 2813 485 unius
2839 428 3122 500 sacrilegio
3146 428 3360 499 plurimi
3406 431 3554 500 pol-°

265 531 343 575 Icr
371 517 742 588 obiurgamnt,
770 522 826 571 et
853 516 957 572 hoc
981 515 1346 586 praestiterunt
1370 523 1428 570 ut
1464 515 1538 570 ibi
1581 524 1844 588 martyres

265 608 471 671 fierent,
523 614 578 662 et
601 615 975 678 persecutores
1014 623 1142 664 suos
1179 603 1516 664 Christianos
1541 607 1837 666 efficerent.

263 696 419 768 Ergo,
475 696 690 766 fratres,
736 698 863 768 quia
913 699 1174 754 habemus
1220 699 1543 770 exemplum,
1575 699 1844 757 imitemur

262 796 476 845 sanctos
505 781 668 854 viros,
701 788 748 844 si
778 799 884 846 non
933 789 1198 860 passionis
1241 792 1520 862 martyrio,
1566 791 1652 846 vel
1697 799 1844 849 certe

263 879 676 937 Christianitatis
703 878 901 937 oflicio.
934 880 1004 936 Et
1029 882 1156 952 quia
1208 882 1508 939 audivimus
1553 883 1780 940 lustrum
1808 900 1842 941 a

263 972 529 1028 nonnullis
555 971 828 1045 sacrilegis
853 974 995 1029 mitti
1023 973 1200 1031 solere
1229 974 1481 1046 exemplo
1511 984 1840 1044 sanctorum,

262 1066 601 1136 obiurgemus
628 1067 840 1138 impios,
863 1059 1186 1137 castigemus
1204 1077 1477 1136 errantes;
1502 1069 1678 1140 portio
1699 1070 1842 1126 enim

261 1156 495 1228 martyrii
522 1165 606 1213 est
633 1156 825 1215 fecisse
852 1159 998 1230 quod
1024 1167 1308 1233 martyres.
1361 1160 1647 1228 Caeterum,
1689 1162 1734 1218 si
1761 1161 1844 1217 vi-

258 1249 436 1306 denteu
464 1249 570 1306 hoc
599 1257 856 1318 tacemus,
916 1253 1136 1309 silentes
1182 1261 1239 1310 et
1279 1254 1532 1324 patimur.
1579 1269 1705 1311 reos
1742 1270 1842 1312 nos

258 1342 556 1406 statuimus,
586 1343 633 1398 si
671 1359 780 1399 non
835 1344 1154 1415 operatione
1180 1346 1435 1411 sceleris,
1467 1353 1703 1403 attamen
1733 1347 1843 1403 dis-

258 1434 612 1490 simulationis
636 1450 881 1491 assensu.
913 1435 1066 1502 Nam,
1109 1437 1246 1493 sicut
1291 1438 1510 1494 obviare
1547 1438 1842 1510 sacrilegiis

257 1525 716 1583 contradicentem
733 1526 1014 1597 iustificat,
1044 1528 1118 1584 ita
1143 1528 1478 1586 dissimulare
1506 1545 1624 1600 quae
1645 1529 1842 1586 videris

255 1616 484 1673 maculat
514 1617 854 1673 reticentem.
899 1618 1088 1674 Solent
1113 1620 1256 1674 enim
1279 1620 1523 1691 plerique
1551 1621 1734 1676 miseri
1757 1620 1840 1676 di-

254 1724 408 1765 cere:
441 1709 661 1777 Nescio,
693 1725 800 1766 non
825 1709 980 1780 iussi,
1006 1727 1168 1767 causa
1191 1727 1309 1766 mea
1335 1727 1443 1767 non
1471 1721 1572 1776 est,
1604 1728 1710 1768 non
1751 1727 1841 1767 me

1945 517 2184 573 luuutur.
2216 515 2284 571 Et
2304 516 2426 572 ideo
2449 518 2669 586 malum,
2700 519 2846 590 quod
2879 520 3004 576 licet
3025 520 3093 576 ab
3118 521 3310 586 altero,
3356 531 3408 578 te
3439 531 3523 577 ta-

1944 623 2070 664 men
2114 608 2320 664 sciente
2364 610 2737 679 committitur,
2768 612 2938 682 tangit
2965 619 3038 678 te,
3067 612 3194 668 dum
3243 621 3332 668 tua
3387 631 3524 671 con-

1943 703 2166 760 scientia
2185 710 2403 758 tenetur
2426 703 2709 759 inclusum.
2731 703 2922 761 Nescio
2943 713 3141 772 autem,
3167 706 3374 771 fratres,
3396 707 3523 776 quid

1945 794 2075 850 illud
2101 795 2189 860 sit,
2220 793 2366 865 quod
2386 794 2483 850 Dei
2509 803 2774 866 praecepta
2805 804 2914 852 tam
2938 797 3336 854 dissimulanter
3362 813 3522 853 exse-

1943 887 2175 957 quimur,
2199 888 2290 958 qui
2317 887 2464 958 quod
2507 888 2778 958 principes
2804 889 2982 945 saeculi
3028 889 3302 959 iusserint,
3335 904 3524 944 omnes

1942 979 2172 1035 sollicite
2190 979 2504 1044 obaudiunt,
2533 994 2724 1035 omnes
2750 994 2937 1035 eorum
2963 979 3250 1049 vigilanter
3265 978 3413 1048 iussa
3434 997 3526 1034 cu-

1941 1070 2198 1126 stodiunt.
2223 1070 2366 1126 Deus
2384 1070 2646 1142 praecipit,
2678 1077 2736 1124 et
2753 1070 2821 1125 ad
2857 1070 2972 1140 ejus
3015 1079 3282 1142 praecepta
3321 1070 3522 1126 donni-

1942 1177 2080 1216 mus.
2105 1160 2328 1228 Quoties
2370 1162 2646 1218 mandavit
2671 1161 2812 1217 idem
2840 1160 2982 1219 Deus
3007 1162 3272 1229 idolorum
3299 1162 3520 1221 sacrile-

1942 1251 2029 1321 gia
2049 1252 2394 1320 destruenda,
2425 1261 2481 1308 et
2508 1267 2780 1322 nunquam
2805 1252 2875 1308 ad
2903 1253 3046 1310 hanc
3070 1261 3280 1323 partem
3307 1251 3520 1308 solliciti

1941 1359 2064 1401 esse
2081 1346 2368 1402 volumus?
2387 1345 2614 1417 Semper
2641 1345 3112 1410 dissimulavimus,
3139 1360 3351 1416 semper
3377 1360 3522 1416 spre-

1943 1437 2135 1492 vimus.
2178 1435 2373 1494 Postea
2412 1454 2512 1494 nos
2539 1437 2822 1494 admonuit
2862 1436 3142 1508 imperiale
3169 1444 3518 1506 prmeeptum.

1942 1527 2134 1584 Videte
2156 1537 2358 1598 quanta
2403 1529 2712 1585 Divinitatis
2736 1529 2806 1584 sit
2824 1527 3106 1597 derogatio
3134 1527 3248 1581 hanc
3274 1527 3519 1582 humana

1940 1620 2226 1690 potestatis
2255 1620 2504 1690 adiectio.
2534 1621 2642 1676 Aut
2665 1621 2794 1691 quid
2815 1620 2883 1674 de
2928 1619 3084 1674 nobis
3105 1617 3398 1688 iudicatur,
3427 1617 3518 1686 qui

1941 1727 2102 1780 quam
2129 1712 2384 1783 religiose
2421 1713 2607 1768 vivere
2636 1729 2744 1768 non
2773 1711 3061 1767 devotione
3113 1709 3376 1778 cogimur,
3423 1707 3519 1764 sed

254 1800 433 1870 tangit.
488 1799 596 1856 Sed
625 1802 760 1865 inec,
787 1809 848 1856 ut
871 1801 1002 1866 dixi,
1047 1802 1282 1872 loquitur
1311 1803 1474 1857 miser
1501 1803 1725 1874 quisque
1752 1803 1839 1857 vel
1872 1817 1916 1877 Β
1942 1811 2167 1858 terrore.
2193 1801 2470 1873 Principes
2509 1803 2725 1874 quidem
2748 1809 2857 1856 tam
2881 1801 3010 1857 boni
3037 1799 3326 1856 Christiani
3372 1798 3518 1867 leges

252 1891 522 1963 trepidus;
553 1901 713 1961 negat
735 1893 954 1949 enimse
977 1893 1199 1963 iussisse
1224 1891 1360 1958 ﬁeri,
1410 1891 1502 1963 qui
1547 1893 1716 1948 noluit
1749 1892 1836 1962 iu-

251 1983 374 2038 bere
401 1999 469 2060 ne
505 1981 674 2040 ﬁeret.
708 1983 840 2038 Nam
871 1986 1054 2054 utique
1082 1986 1280 2040 malum
1334 1985 1477 2056 quod
1507 1984 1573 2040 de
1602 2000 1833 2040 consue-I

252 2073 428 2129 tudine
454 2075 629 2140 venit,
646 2090 768 2130 cum
798 2090 905 2131 non
933 2083 1268 2151 coerceatur,
1293 2075 1615 2130 admittitur.
1635 2075 1829 2140 Causa,

252 2163 433 2234 inquit,
469 2181 596 2220 mea
625 2181 734 2220 non
754 2175 854 2222 est.
881 2166 1102 2222 Falleris
1129 2173 1184 2222 et
1205 2167 1419 2235 ignoras
1445 2185 1457 2220 :
1500 2157 1676 2223 nescis
1703 2168 1830 2236 quia

251 2254 338 2309 Dei
369 2271 539 2311 causa
591 2266 911 2313 cunctorum
961 2265 1064 2325 est,
1093 2265 1147 2312 et
1174 2256 1320 2326 quod
1348 2257 1414 2312 ab
1446 2274 1552 2312 uno
1579 2266 1830 2328 peccatur

1942 1911 2041 1966 pro
2069 1895 2328 1964 religione
2356 1896 2716 1981 promulgant,
2764 1894 2856 1951 sed
2885 1910 2977 1950 eas
3014 1900 3356 1949 exsecutores
3408 1905 3518 1948 non

1941 1995 2166 2042 exerunt
2188 1995 2576 2062 competenter.
2600 1985 2668 2041 Et
2691 1985 2812 2042 ideo
2831 1993 2996 2041 exuto
3017 2000 3047 2038 a
3069 1984 3224 2053 culpa
3253 1981 3516 2053 principe,

1939 2085 2228 2132 exsecutor
2251 2084 2495 2132 remanet
2527 2078 2580 2132 in
2609 2087 2783 2145 reatu,
2812 2077 2926 2146 qui,
2954 2076 2998 2131 si
3019 2074 3362 2130 acrimoniam
3386 2071 3516 2140 legis

1891 2170 1896 2174 ’
1938 2177 2176 2237 exercet,
2230 2177 2286 2224 et
2329 2170 2443 2239 ipse
2495 2177 2717 2239 peccato
2765 2167 3079 2232 absolvitur,
3116 2171 3172 2220 et
3224 2180 3322 2234 pro
3343 2162 3514 2219 saluta

1937 2262 2227 2317 multorum
2256 2269 2455 2317 aeterna
2477 2259 2726 2317 mercede
2749 2259 3046 2316 donabitur.

249 2345 297 2402 in
323 2348 570 2418 pluribus
594 2349 910 2405 vindicatur.
963 2349 1117 2414 Nam,
1147 2349 1288 2405 sicut
1308 2349 1466 2413 unius
1493 2349 1831 2405 sanctifican-

1547 2443 1814 2507 SERMO
1856 2447 2216 2510 LXXXIII.

937 2545 1005 2602 In
1031 2549 1195 2603 natali
1224 2548 1332 2606 SS.
1361 2547 1782 2606 Machabaeorum
1808 2561 1858 2606 et
1888 2553 1947 2609 S.
1983 2552 2194 2608 Eusebii
2227 2551 2563 2606 lerceatensis
2584 2550 2812 2620 episcopi

1659 2642 2051 2699 ADMONITIO.

505 2729 646 2786 Nihil
673 2739 952 2817 est-causae
969 2748 1065 2789 cur
1084 2734 1224 2790 hunc
1243 2743 1771 2817 sermonenidsancto
1803 2735 2038 2817 Maximo
2059 2751 2165 2817 non
2187 2749 2321 2817 esse;
2329 2743 2608 2817 acceptum
2629 2733 2968 2817 referendum
2991 2729 3196 2817 putem;
3212 2727 3353 2817 iam
3372 2728 3512 2817 enim

242 2798 580 2883 moratione
591 2819 655 2883 ac
675 2803 813 2883 stylo
834 2811 1151 2883 caeterorum
1171 2806 1344 2883 sancti
1367 2806 1620 2883 antistitis
1635 2821 1941 2860 sermonum
1962 2806 2166 2883 similis,
2193 2814 2251 2883 ut
2365 2798 2660 2883 desiderari
2680 2798 3372 2883 simi.lius_po'ss_e_vi.deatur.
3394 2798 3512 2883 Quo

244 2872 404 2946 magis
429 2874 494 2946 in
523 2866 786 2946 sententia
816 2873 1125 2946 confirmor,
1158 2875 1302 2946 quod
1331 2875 1472 2931 hunc
1498 2876 1624 2931 item
1654 2892 1774 2931 cum
1803 2877 2140 2932 sermonibus
2154 2866 2281 2930 aliis
2300 2875 2536 2946 Maximi,
2557 2876 2610 2930 in
2639 2873 2813 2946 veteri
2827 2866 3012 2946 codice
3039 2869 3378 2946 bibliotheca:
3405 2866 3512 2924 Me-

422 2943 806 3021 Laurentiana:
825 2961 972 3021 num.
1001 2961 1016 2999 ι
1048 2939 1192 3021 Plut.-
1212 2962 1296 3000 xiv
1322 2960 1443 3015 pag.
1467 2946 1501 3021 _l
1513 2946 1581 2999 44
1611 2949 1873 3021 integrum
1897 2947 2140 3001 exhiberi
2160 2961 2374 3021 cernam
2405 2943 3009 3021 prmfercntemMaximi
3030 2939 3269 3021 eiusdem
3293 2954 3512 3021 nomen.

245 3010 393 3092 liunc
419 3013 602 3084 ipsum
625 3030 929 3092 sermonem
959 3010 1668 3092 interpolator-nescioquis
1689 3010 1930 3092 veterum
1962 3010 2434 3092 monumentorum
2463 3031 2624 3092 aus_u_s
2645 3024 2726 3092 est
2756 3015 2822 3092 .in
2873 3021 3050 3092 partes
3063 3010 3512 3092 discerperenin-

240 3079 409 3154 deque
438 3078 724 3140 sermones
761 3085 1041 3157 desancto
1072 3078 1304 3141 Eusebio
1333 3103 1430 3142 suo
1461 3078 1723 3142 arbitratu
1754 3087 1992 3143 conflare
2032 3088 2188 3153 duos,
2219 3103 2357 3157 quos
2386 3087 2526 3142 inter
2553 3078 2905 3141 Maximianos
2955 3081 3124 3138 edidit
3169 3078 3512 3143 muratorius,

240 3165 488 3224 quosque
509 3168 610 3223 ego
632 3156 816 3211 censui
839 3155 892 3210 in
922 3157 1272 3226 appendicem
1303 3166 1543 3213 nostram
1572 3157 1723 3228 rejici
1755 3166 2032 3228 oportere.

239 3270 625 3343 Aacnnsnrun.
649 3304 719 3343 έ-
741 3269 868 3334 Qua:
908 3271 1212 3343 _speciafiter
1260 3269 1600 3343 Macitabwis,
1634 3281 1682 3343 et
1709 3288 1824 3343 qua:
1853 3275 1900 3337 (ζ
1932 3279 2101 3325 tutem
2129 3285 2228 3326 nec
2262 3271 2420 3326 mina:
2447 3271 2631 3326 mundi
2659 3286 2690 3324 a
2719 3271 2831 3327 Deo
2859 3286 2957 3330 suo
2985 3277 3262 3337 revocant,
3293 3284 3394 3326 nec
3422 3283 3508 3324 re-

308 3343 456 3397 beato
509 3341 729 3424 βαδίξρἱ
759 3341 964 3424 jueritn
993 3358 1150 3424 caiisa
1189 3341 1436 3424 certandi.
1484 3341 1822 3424 Singulatim

305 3412 632 3482 martyrium,
656 3409 887 3483 beatique
918 3409 1125 3483 Eusebii
1154 3412 1329 3483 passio
1357 3409 1680 3483 describitur.
1698 3409 1822 3464 Non

304 3481 479 3556 impar
505 3481 875 3562 esthEus'ebias,
907 3482 1012 3552 qui,
1045 3481 1266 3561 perﬁdia
1293 3482 1564 3562 confutata
1591 3481 1816 3534 Ariano-

307 3551 440 3619 rum,
472 3553 541 3606 ad
571 3551 736 3607 Deum
760 3562 875 3621 post
904 3551 1156 3606 tormenta
1186 3551 1440 3622 migravit.

307 3644 387 3698 Ad
413 3643 785 3700 celebritatem
831 3641 1112 3713 prmsentis
1154 3641 1280 3707 diei,
1315 3640 1508 3696 fratres
1536 3642 1818 3710 carissimi,

235 3736 381 3791 omni
403 3751 503 3790 nos
527 3751 651 3790 cum
681 3735 960 3790 alacritate
985 3750 1309 3790 concurrere
1331 3734 1549 3790 devotio
1596 3737 1822 3804 gemina:

234 3841 333 3883 nos
352 3827 658 3882 festivitatis
687 3827 896 3889 invitat,
921 3841 1083 3894 quam
1114 3842 1212 3881 nos
1234 3827 1436 3881 habere
1480 3827 1819 3903 manifestum

231 3925 314 3973 est
336 3917 406 3972 de
429 3916 855 3974 Machabzeorum
880 3915 1152 3985 triumpho
1176 3924 1232 3971 et
1258 3917 1482 3972 victoria
1537 3917 1818 3976 confesso-

229 4005 303 4062 ris
333 4005 425 4076 (ΙΙ
454 4005 630 4060 ΜαεΙι.
657 4007 774 4077 vn).
806 4006 902 4061 Est
927 4019 1161 4076 namque
1188 4007 1344 4062 nobis
1392 4023 1555 4078 super
1604 4009 1820 4066 Macha-

229 4095 378 4151 bazos
406 4096 656 4164 gaudium
682 4096 932 4165 generale
953 4111 1072 4150 cum
1123 4097 1353 4165 caeteris,
1385 4107 1440 4153 et
1478 4113 1576 4170 per
1600 4100 1817 4156 beatum

226 4186 521 4243 Eusebium
538 4189 846 4245 domesticae
864 4189 1238 4259 gratulationis
1254 4190 1490 4261 propria,
1513 4192 1821 4262 peculiarisn

225 4296 333 4351 que
382 4280 565 4335 laetitia
595 4288 713 4347 est;
741 4290 796 4337 et
824 4283 949 4337 licet
969 4281 1196 4337 diversis
1226 4284 1576 4354 temporibus,
1597 4285 1813 4343 diverso

225 4373 415 4442 utique
436 4387 608 4442 agone
633 4372 992 4443 conflixerint,
1023 4390 1161 4430 unus
1183 4383 1361 4430 tamen
1389 4375 1443 4431 in
1470 4377 1575 4431 illis
1597 4378 1814 4448 spiritus

225 4462 519 4517 dimicavit.
564 4463 694 4530 Quis
743 4465 883 4519 enim
926 4463 1136 4520 dubitet
1163 4481 1328 4520 unum
1358 4465 1411 4520 in
1441 4466 1544 4522 illis
1571 4483 1810 4538 sensum,

225 4569 389 4609 unam
443 4564 698 4620 mentem,
729 4571 892 4610 unum
919 4554 1082 4610 fuisse
1111 4556 1382 4626 spiritum,
1432 4573 1553 4612 cum
1596 4557 1672 4612 illi
1711 4574 1812 4628 pro

1925 3365 2012 3432 gia
2069 3363 2435 3419 blandimenta
2473 3363 2756 3419 seducunt.
2812 3362 3000 3432 Itaque
3045 3363 3252 3432 primus
3285 3376 3353 3416 ex
3408 3361 3510 3416 illis

1926 3451 2120 3508 divina:
2165 3453 2517 3524 dispositione
2571 3453 2792 3523 iustitia:
2842 3453 3144 3524 palaestram
3199 3452 3509 3509 certaminis

1925 3547 2158 3602 cmlestis
2197 3546 2509 3616 ingreditur,
2550 3555 2610 3602 ut
2653 3548 2746 3616 qui
2784 3555 2942 3603 :etate
2985 3548 3216 3618 praeiret,
3257 3547 3507 3616 passione

1922 3637 2270 3707 prmcederet,
2286 3637 2610 3694 etnascendi
2627 3638 2760 3693 ordo
2783 3633 2991 3694 teneret
3011 3639 3063 3693 in
3085 3638 3340 3693 fratribus
3359 3638 3507 3693 ordi-

1924 3741 2048 3780 nem
2093 3727 2472 3797 lriumphandi.
2506 3727 2604 3783 llic
2645 3729 2806 3798 igitur
2831 3731 2994 3802 612
3022 3731 3308 3802 primaevus
3335 3745 3367 3786 e
3397 3731 3506 3786 fra-

1924 3819 2092 3874 tribus
2111 3821 2382 3889 sartagine
2402 3836 2661 3877 succensa
2689 3820 2808 3891 frigi
2833 3823 3054 3892 iubetur
3068 3839 3098 3878 a
3128 3837 3277 3893 rege,
3298 3822 3393 3879 sed
3419 3839 3505 3880 re-

1921 3907 2207 3980 frigeratur
2233 3927 2264 3967 a
2287 3911 2432 3978 Deo;
2455 3913 2702 3969 manibus
2728 3914 3058 3986 pedibusque
3088 3923 3386 3984 truncatur,
3407 3914 3504 3972 sed

1920 4002 2149 4056 multum
2177 4003 2245 4057 de
2264 4004 2346 4058 sui
2372 4004 2735 4074 integratione
2762 4021 3004 4075 securus,
3049 4006 3193 4078 quod
3220 4021 3320 4076 pro
3363 4006 3505 4065 illius

1919 4095 2034 4150 hmo
2081 4110 2140 4150 se
2187 4103 2412 4151 noverat
2463 4097 2585 4166 lege
2633 4098 2762 4167 pati,
2797 4113 2964 4168 penes
3002 4113 3163 4169 quem
3189 4097 3363 4153 solum
3383 4112 3504 4154 esse

1917 4185 2172 4242 credebat
2224 4187 2489 4244 formandi
2543 4190 2940 4260 reparandique
2985 4190 3228 4262 corporis
3263 4199 3503 4261 potesta-

1916 4283 2026 4332 tem
2051 4295 2063 4330 :
2097 4277 2166 4333 ob
2194 4277 2298 4334 hoc
2326 4279 2577 4335 nimirum
2627 4279 2950 4337 fortissimus
2970 4280 3186 4350 iuvenis
3213 4289 3331 4336 toto
3377 4296 3500 4335 cor-

1914 4379 2049 4438 pore
2070 4367 2434 4438 membrisque
2461 4370 2784 4435 conciditur,
2817 4379 2877 4426 ut
2923 4369 3167 4426 advertat
3214 4378 3500 4440 praestante

1915 4461 2028 4518 Deo
2055 4469 2139 4517 tot
2162 4478 2220 4518 se
2265 4464 2523 4534 martyria
2571 4465 2772 4519 habere
2800 4472 2935 4534 quot
2971 4464 3231 4518 membra.
3256 4461 3500 4516 Privatur

1915 4554 2051 4607 alius
2079 4553 2280 4620 lingua,
2309 4553 2446 4609 alius
2466 4554 2658 4623 capitis
2675 4562 2802 4609 cute
2840 4554 3089 4619 nudatur,
3122 4559 3179 4607 ut
3219 4566 3498 4622 pinnarum

227 4647 439 4702 Domini
467 4646 583 4715 lege
603 4648 712 4702 sint
739 4648 904 4718 passi,
933 4647 1020 4702 hic
1047 4662 1145 4716 pro
1174 4647 1292 4717 ipso
1338 4647 1565 4703 Domino
1620 4657 1810 4717 protu-
1838 4653 1889 4714 υ
1913 4644 2197 4701 diversitas
2243 4645 2557 4700 varietatem
2600 4645 2845 4714 gigneret
2885 4645 3248 4716 prazmiorum.
3296 4643 3499 4699 Freniit

227 4737 348 4794 lerit
372 4739 709 4808 passionem?
732 4738 1048 4808 Diligentius
1075 4753 1219 4793 nunc
1247 4738 1610 4805 intendamus,
1640 4738 1810 4793 caris-

225 4829 364 4896 simi,
393 4845 510 4900 qua:
538 4829 844 4900 specialiter
872 4827 1207 4894 Machabaeis,
1232 4845 1350 4899 quae
1369 4827 1547 4883 beatO'
1576 4828 1809 4886 Eusebio

225 4921 386 4978 fuerit
412 4938 571 4979 causa
601 4921 860 4979 certandi.
883 4921 1048 4992 Igitur
1068 4938 1191 4979 cum
1218 4923 1358 4994 apud
1386 4931 1595 4980 vetusta
1617 4925 1810 4981 szecula

229 5013 280 5069 in
302 5030 490 5071 servos
514 5015 610 5071 Dei
631 5015 914 5091 diabolica:
938 5014 1152 5070 invidiae
1181 5013 1386 5072 facibus
1404 5016 1674 5084 gentilitas
1720 5033 1817 5091 ac:

229 5122 387 5162 censa
436 5105 684 5174 ferveret,
735 5115 790 5162 et
844 5107 1094 5163 Antiochi
1132 5108 1402 5178 praecipue
1421 5107 1808 5165 ferocissimum

227 5210 414 5271 pectus
441 5202 605 5272 impia
648 5202 924 5272 suppleret
951 5201 1180 5266 insania,
1232 5200 1567 5256 Machabreos
1594 5201 1810 5269 fratres,

230 5303 523 5361 eorumque
568 5291 1022 5361 religiosissimam
1065 5299 1294 5347 matrem
1335 5300 1518 5362 raptos
1546 5292 1614 5346 ad
1644 5292 1810 5349 ferale

229 5381 377 5450 iubet
423 5386 656 5440 tribunal
709 5385 918 5448 adduci,
977 5393 1240 5454 quatenus
1286 5399 1381 5440 eos
1420 5392 1566 5440 metu
1597 5385 1806 5452 mortis,

1911 4751 2039 4805 ergo
2099 4737 2154 4790 in
2211 4751 2426 4792 omnem
2475 4737 2759 4810 ‘smvitiam
2824 4744 3133 4792 sanctorum
3213 4735 3498 4791 virtutibus

1911 4829 2231 4884 exacerbata
2286 4828 2597 4884 crudelitas.
2645 4829 2971 4886 Lassescunt
3019 4829 3228 4884 lanista:
3273 4844 3514 4896 manus,

1911 4923 2120 4977 cruenti
2150 4923 2432 4979 tabescunt
2463 4923 2626 4988 oculi,
2657 4931 2819 4993 atque
2848 4923 2963 4993 ipsa
2988 4922 3098 4992 iam
3127 4922 3227 4977 sibi
3251 4921 3496 4993 impietas

1909 5015 2200 5083 erubescit,
2225 5031 2594 5087 conversoque
2623 5015 2810 5072 ordine
2860 5016 3169 5086 quaestionis
3189 5014 3354 5085 gemit
3381 5021 3495 5069 tor-

1912 5117 2016 5175 tor,
2048 5117 2102 5165 et
2133 5111 2323 5166 tortori
2350 5127 2449 5166 suo
2478 5119 2650 5166 tortus
2677 5110 2918 5166 insultat.
2953 5109 3117 5166 Caesis
3155 5110 3340 5179 itaque
3396 5122 3494 5178 per

1911 5202 2025 5256 haec
2053 5203 2440 5274 prostratisque
2469 5212 2499 5242 ι
2527 5217 2622 5258 sex
2654 5201 2924 5264 fratribus,
2973 5201 3250 5272 septimus,
3294 5197 3385 5268 qui
3437 5203 3493 5251 et

1905 5290 2088 5360 iunior
2106 5293 2494 5349 examinandus
2517 5293 2777 5362 ingeritur
2799 5311 2811 5346 :
2844 5308 3006 5363 quem
3026 5308 3120 5347 rex
3143 5291 3230 5346 ille
3252 5287 3492 5360 tyranni-

1909 5399 2004 5442 cus
2030 5392 2112 5440 tot
2140 5401 2203 5440 ac
2251 5386 2444 5443 talibus
2484 5387 2733 5458 expensis
2761 5385 2956 5442 frustra
2985 5384 3257 5456 suppliciis
3284 5381 3488 5452 mollis-

235 5480 437 5529 terrore
486 5491 786 5546 pmnarum,
834 5475 1195 5532 oblationibus
1223 5491 1524 5541 munerum,
1570 5476 1623 5530 in
1651 5491 1807 5531 suum
1908 5479 2041 5534 sima
2068 5480 2256 5536 nititur
2274 5481 2603 5537 allocutione
2650 5481 2903 5537 mulcere.
2937 5477 3205 5533 Promittit
3227 5488 3374 5543 opes,
3407 5471 3488 5527 of-

233 5566 453 5622 transire
480 5569 730 5624 suaderet
772 5584 1033 5624 errorem.
1079 5569 1150 5624 At
1188 5569 1588 5626 devotissimam
1610 5568 1805 5639 iuven—
1906 5571 2012 5627 fert
2039 5573 2296 5644 honores,
2324 5591 2554 5648 suasque
2582 5576 2804 5650 insuper
2820 5573 3082 5630 amicitias
3109 5569 3410 5655 pollicetuy.
3439 5568 3487 5625 Si

302 5750 327 5782 ⁸
354 5741 498 5800 Edit.
520 5744 801 5816 Murator.,
831 5763 939 5806 rex.
