4052 6330
534 287 636 345 699

1737 267 1802 336 is.
1845 261 2090 322 MAXIM!
2126 259 2571 332 TAURLNENSIS

3647 251 3736 308 700

521 408 707 480 possit
751 419 782 459 a
821 414 987 474 puero
1012 400 1300 469 impetrare
1321 364 1623 465 perﬁdiam.
1654 387 1761 445 Sed
1785 382 2108 442 constantis-
2132 381 2186 443 A
2209 385 2492 457 diendique
2519 385 2757 480 satietas,
2785 395 2887 436 nec
2910 374 3340 480 beatissimorum
3365 378 3538 480 tamen
3548 375 3737 480 hac“.

539 479 701 556 simus
715 497 1026 552 adolescens
1045 504 1249 560 regem,
1274 497 1331 544 et
1347 487 1490 556 regis
1507 483 1648 541 dona
1675 479 1996 552 despiciens,
2010 491 2107 546 pa-

541 591 772 646 radisum
818 582 1146 653 cogitatione
1187 577 1555 639 deambulans,
1610 581 1665 628 et
1707 571 1900 628 omium
1929 573 2110 623 mente

543 691 878 750 percurrens,
902 672 1164 743 supplicia
1182 669 1285 725 sibi
1302 669 1510 724 censuit
1535 661 1902 722 commodiora
1949 672 2112 728 quam

545 782 788 835 munera,
817 766 1084 835 elegitque
1109 761 1246 816 mori
1274 775 1371 831 pro
1397 760 1509 814 Deo
1555 771 1718 827 quam
1770 754 1955 809 vivere
1980 759 2114 806 ’cum

547 866 808 931 tyranno;
837 871 938 911 nec
961 869 1090 911 sane
1112 857 1362 922 poterant
1383 865 1505 905 eum
1541 847 1690 915 regia
1712 845 1969 902 inclinare
1989 857 2116 912 pro-

549 951 728 1016 missa,
759 961 918 1017 quem
957 943 1193 1000 fraterna
1220 943 1489 998 tormenta
1536 955 1646 995 non
1670 938 1952 994 ﬂexerant.
1982 933 2117 997 imo,

552 1050 610 1096 ut
632 1041 806 1096 exitus
831 1037 1032 1103 docuit,
1065 1034 1402 1090 ﬁdelissimus
1429 1038 1563 1103 puer
1601 1031 1656 1085 in
1680 1045 1746 1086 ea
1770 1028 1940 1096 magis
1967 1033 2121 1096 parte

552 1133 833 1187 videbatur
859 1129 1122 1197 tnequeri,
1171 1125 1317 1196 quod
1345 1123 1550 1178 tardius
1578 1121 1946 1190 torquebatur.
1979 1117 2123 1171 inter

554 1225 654 1280 ista
700 1231 877 1278 mater
920 1220 1136 1291 egregia
1163 1220 1236 1273 de
1260 1217 1583 1273 cruciatibus
1622 1214 1852 1268 ﬁliorum
1871 1211 2124 1267 divinitus

556 1317 809 1387 inspirata
838 1313 1120 1382 gaudebat,
1149 1318 1298 1366 certa
1327 1315 1410 1366 tot
1427 1324 1486 1363 se
1512 1306 1869 1362 decorandum
1913 1301 2126 1358 coronis

557 1414 688 1476 quot
740 1405 927 1460 funera
975 1402 1288 1473 pertulisset
1328 1401 1382 1454 in
1432 1399 1572 1453 ﬁliis.
1615 1396 1747 1463 Quis
1770 1396 1884 1450 haec
1905 1394 2128 1448 audiens

558 1513 669 1554 non
693 1498 954 1552 miretur?
977 1495 1056 1550 Ob
1085 1496 1345 1550 honorem
1376 1492 1475 1547 Dei.
1518 1499 1763 1546 materno
1816 1489 1868 1542 in
1908 1494 2129 1557 pectore

560 1590 820 1659 genuinus
841 1588 1068 1658 tepescit
1087 1586 1326 1653 affectus,
1358 1584 1461 1640 ﬁde
1480 1592 1673 1664 natura
1719 1589 2022 1652 superatur,
2077 1589 2132 1634 et

562 1697 658 1737 suo
684 1682 875 1736 mulier
896 1680 1086 1737 fortior
1105 1695 1239 1735 sexu
1259 1679 1422 1734 docet
1451 1679 1588 1732 ﬁlios
1615 1677 1775 1747 313
1796 1689 1976 1730 amare
2005 1688 2154 1742 sup-.

2206 483 2443 538 imorum
2470 479 2682 536 silentio
2702 483 2786 532 est
2802 475 3171 547 prtetereunda
3193 474 3450 540 victoria;
3477 476 3592 544 quia
3618 484 3741 553 etip-

2208 591 2296 630 sos
2323 574 2410 630 hic
2436 571 2576 629 idem
2602 572 2718 629 dies
2742 577 2960 642 ereptos
3004 571 3196 627 saeculo
3223 581 3420 640 magno
3447 587 3560 629 cum
3585 577 3742 635 trium-

2209 668 2317 738 pho
2345 657 2638 721 transmisit
2667 665 2735 720 ad
2761 663 2974 720 cretum.
2998 662 3064 718 Et
3083 664 3326 732 quamvis
3351 665 3540 722 chorus
3565 668 3643 724 ille
3661 669 3743 728 for-

2212 760 2448 815 tissimus
2496 756 2571 812 ad
2609 755 2778 822 Deum
2825 767 2980 811 suum
3010 755 3151 810 inter
3194 760 3463 812 tormenta
3491 760 3740 832 transierit,

2216 865 2322 906 non
2351 859 2531 905 taurea
2556 849 2728 919 impar
2745 853 2828 904 est
2851 845 3131 912 Eusebius,
3161 847 3259 930 qui.
3274 847 3538 905 confutata
3561 852 3742 926 perﬁdia

2217 943 2285 998 ad
2312 941 2557 999 eumdem
2596 942 2764 996 Deum
2805 940 2948 996 victa
2989 947 3106 1010 post
3138 948 3404 996 tormenta
3429 939 3670 1012 migravit.
3691 943 3746 1003 Et

2220 1045 2278 1092 ut
2303 1034 2636 1090 manifestius
2663 1034 3002 1090 advertamus
3027 1032 3241 1089 Eusebii
3269 1033 3432 1113 σιξ
3481 1031 3745 1094 interiorem

2221 1143 2328 1185 non
2373 1129 2535 1185 fuisse
2579 1127 2878 1194 victoriam,
2931 1127 3006 1182 illi
3033 1127 3204 1182 veteri
3229 1139 3329 1196 pro
3354 1124 3470 1197 iege
3497 1136 3746 1195 certarunt,

2221 1223 2311 1277 hic
2338 1235 2479 1276 novo
2505 1234 2603 1291 pro
2630 1217 2922 1286 Evangelia
2964 1202 3229 1272 militavit.
3259 1216 3342 1272 iiii
3370 1233 3465 1288 pro
3513 1221 3750 1290 prmecptis

2225 1315 2439 1385 quidem
2459 1311 2554 1368 Dei
2573 1299 2886 1382 suhjacuere
2907 1309 3210 1382 suppliciis;
3231 1309 3487 1368 Eusebius
3507 1319 3663 1368 autem
3674 1330 3751 1385 pro

2228 1406 2450 1462 Deitatis
2479 1406 2643 1475 ipsius
2670 1403 2895 1458 veritate
2920 1401 3177 1458 conﬁixit.
3211 1401 3536 1459 Restiterunt
3579 1402 3644 1457 iiii
3668 1401 3754 1459 An—

2230 1499 2408 1554 tiocho
2429 1497 2560 1566 regi,
2586 1511 2654 1551 ne
2678 1495 2877 1550 illicitis
2904 1500 3030 1550 tunc
3050 1493 3302 1551 carnibus
3322 1503 3666 1562 vescerentur;
3685 1497 3755 1552 ob-

2231 1590 2365 1645 stitit
2393 1591 2493 1644 iste
2519 1588 2753 1653 diabolo,
2785 1601 2852 1642 ne
2879 1587 3114 1642 haeretici
3139 1588 3404 1642 sermonis
3431 1586 3665 1642 fermento
3682 1577 3756 1659 pa-

2235 1697 2356 1738 nem
2380 1681 2535 1737 nobis
2562 1679 2885 1736 dominicum
2907 1679 3218 1734 macularet.
3244 1677 3576 1736 Exsultemus
3594 1679 3756 1751 itaque,

565 1775 743 1844 plicia.
793 1772 1088 1828 Prmmissis
1134 1772 1298 1839 igitur
1342 1770 1409 1825 ad
1447 1769 1617 1824 Deum
1663 1766 1992 1837 pignoribus,
2021 1767 2135 1835 ipsa
2163 1752 2211 1822 Β
2240 1773 2449 1838 fratres,
2479 1773 2590 1828 Deo
2635 1778 2823 1828 nostro
2867 1779 3087 1840 agentes
3134 1772 3381 1840 gratiam,
3413 1773 3529 1842 quia
3574 1775 3658 1828 sub
3683 1774 3759 1828 hac

567 1865 727 1918 etiam
773 1872 956 1934 spreto
985 1865 1184 1918 mundo
1210 1863 1591 1932 gloriosissima
1620 1868 1797 1922 morte
1820 1858 2134 1914 succumbit.

568 1949 632 2008 Et
668 1953 884 2022 dignum
931 1969 1118 2008 revera
1168 1962 1289 2008 erat
1332 1961 1391 2008 ut
1427 1960 1601 2023 mater
1645 1958 1939 2021 martyrum
1973 1949 2140 2002 vitam

569 2045 824 2115 martyrio
853 2044 1182 2098 terminaret.
1217 2045 1234 2076 ι

640 2137 767 2192 Post
805 2138 924 2206 ista,
968 2137 1318 2200 dilectissimi,
1369 2149 1750 2192 recenseamus
1796 2151 1935 2190 nunc
1984 2141 2144 2204 prout

571 2243 870 2300 possumus,
893 2246 1038 2300 qua:
1077 2231 1415 2285 beatissimus
1457 2237 1611 2299 pater
1655 2239 1841 2284 noster
1884 2227 2146 2283 Eusebius

572 2339 671 2393 pro
700 2323 824 2378 ﬁdei
851 2323 1164 2378 defensione
1185 2323 1484 2393 pertulerit,
1520 2328 1577 2378 ut
1603 2321 1948 2376 advertamus
1975 2337 2146 2391 quan—

574 2423 660 2471 tus
678 2431 800 2470 eum
823 2417 993 2482 labor,
1019 2431 1204 2486 quasve
1227 2415 1415 2469 merita
1445 2414 1513 2469 ad
1537 2423 1736 2469 tantam
1758 2415 1896 2470 hanc
1939 2412 2152 2468 confess

573 2509 740 2565 sionis
767 2508 990 2576 gloriam
1021 2515 1401 2578 provexer‘unt.
1434 2507 1534 2564 Hic
1560 2509 1736 2577 igitur,
1763 2514 1823 2562 ut
1850 2507 2041 2562 relatio
2063 2521 2151 2576 pa-

575 2608 727 2655 terna
751 2616 848 2656 nos
869 2601 1100 2665 instruit,
1128 2602 1229 2654 hac
1256 2610 1437 2655 nostra
1460 2587 1648 2670 raptus
1677 2616 1743 2655 ex
1766 2601 1897 2654 urbe
1924 2598 2152 2670 Scytho-

576 2691 739 2762 polim
779 2690 1007 2754 ducitur,
1067 2691 1245 2760 ibique
1293 2691 1636 2748 trucidandus
1667 2690 1893 2754 traditur
1919 2691 2149 2746 Arianis.

578 2782 695 2837 Non
735 2791 818 2839 est
873 2783 1219 2850 incognitum,
1264 2783 1473 2848 fratres,
1515 2794 1768 2856 quantam
1797 2786 1965 2855 possit
1995 2801 2152 2840 excr-

580 2887 704 2927 cere
752 2871 1044 2942 nequitiam
1094 2873 1308 2931 inimico
1349 2875 1600 2931 smviendi
1627 2877 1884 2946 permissa
1912 2877 2150 2932 libertas.

582 2964 602 2993 ²
632 2961 765 3018 Nam
787 2971 846 3017 ut
884 2964 1192 3032 passionum
1221 2964 1337 3032 ejus
1364 2969 1642 3036 sequentia
1684 2968 2048 3034 decurramus,
2073 2968 2156 3022 di-

583 3054 720 3110 citur
741 3062 869 3123 post
888 3053 1034 3108 illum
1055 3055 1202 3109 velut
1223 3056 1593 3125 propheticum
1613 3057 1876 3112 scalarum
1907 3067 2154 3126 tractum,

584 3146 691 3200 tale
745 3146 820 3200 illi
864 3147 932 3201 ab
961 3147 1173 3201 Ariauis
1200 3149 1517 3218 supplicium
1551 3152 1899 3219 constitutum
1927 3167 2068 3218 esse,
2101 3158 2159 3206 ut
2185 3134 2230 3198 C

585 3237 636 3292 in
659 3238 1024 3308 superioribus
1043 3238 1232 3295 domus
1252 3240 1606 3297 arctissimum
1633 3243 1683 3298 ei
1709 3243 2009 3300 cubiculum
2031 3259 2162 3313 pne-

586 3339 858 3398 pararent,
889 3337 1000 3385 tam
1025 3330 1208 3399 breve,
1231 3339 1339 3387 tam
1361 3333 1562 3388 humile
1582 3341 1798 3405 tamque
1825 3335 2157 3405 depressum,

586 3426 643 3475 ut
688 3437 798 3476 non
852 3429 965 3476 tam
1019 3433 1240 3493 caperet
1283 3425 1552 3482 hominem
1592 3441 1752 3496 quam
1784 3434 2076 3496 torqueret,
2109 3435 2164 3483 et

587 3511 874 3583 hospitium
893 3513 1148 3571 Arianum
1171 3524 1315 3572 esset
1342 3519 1512 3588 magis
1539 3534 1695 3589 paena
1720 3534 1882 3588 quam
1928 3522 2156 3592 requies.

589 3605 788 3662 Ferunt
838 3607 984 3662 enim
1030 3608 1166 3663 adeo
1211 3616 1492 3678 angustum
1547 3610 1678 3665 illud
1723 3611 1904 3680 fuisse,
1936 3613 2068 3666 utin
2099 3628 2164 3668 eo

592 3705 796 3768 martyr
833 3697 1020 3767 jacens
1051 3715 1158 3755 non
1207 3711 1390 3772 posset
1418 3703 1605 3773 pedem
1633 3706 1986 3775 pnntendere,
2019 3716 2165 3763 stans

592 3805 700 3846 non
720 3789 924 3850 valeret
948 3801 1109 3863 caput
1135 3795 1362 3863 erigere,
1411 3797 1505 3852 sed
1532 3806 1675 3854 esset
1704 3814 1917 3870 semper
1953 3809 2168 3855 contra-

531 3927 533 3929 -
593 3891 730 3949 ctus,
770 3883 997 3940 inclinus
1043 3893 1099 3940 et
1125 3887 1358 3953 humilis,
1399 3897 1455 3942 et
1479 3890 1612 3944 nihil
1640 3891 1782 3945 aliud
1823 3899 2019 3960 praeter
2048 3889 2170 3946 ﬁdei

593 3978 838 4046 spiritum
867 3979 1090 4034 liberum
1124 3994 1334 4047 gerens.
1370 3980 1678 4052 Torpebant
1723 3982 1936 4051 quidem
1967 3998 2073 4037 uno
2116 3985 2169 4036 in

597 4067 717 4122 loco
737 4067 852 4136 ejus
878 4069 1038 4123 deﬁxi
1062 4071 1244 4140 pedes,
1275 4072 1371 4126 sed
1397 4065 1703 4141 paradisum
1751 4070 1873 4126 ﬁdei
1902 4073 2172 4139 gressibus

597 4157 928 4224 ambulabat,
953 4158 1168 4228 jacebat
1192 4161 1250 4214 in
1269 4176 1334 4214 eo
1362 4161 1673 4230 depressum
1700 4169 1879 4231 caput,
1908 4162 2000 4216 sed
2027 4162 2174 4216 Chri-

597 4257 710 4306 stus
735 4250 788 4304 in
810 4263 878 4306 eo
907 4259 1068 4320 caput
1095 4252 1350 4320 erigebat.
1385 4252 1508 4307 Haec
1537 4253 1696 4320 igitur
1737 4253 1926 4308 beatus
1973 4262 2175 4325 martyr

600 4340 654 4394 in
707 4341 1079 4398 haereticorum
1134 4342 1439 4412 patiebatur
1483 4343 1733 4413 hospitio,
1769 4358 1873 4397 non
1902 4345 2042 4412 quod
2074 4345 2174 4400 ista

599 4431 924 4490 deberentur
950 4435 1190 4506 martyri,
1222 4434 1314 4489 sed
1367 4435 1510 4504 quod
1555 4435 1678 4490 talis
1723 4436 1792 4489 sit
1839 4437 2173 4506 hospitalitas

601 4525 817 4596 Ariana,
848 4537 907 4590 ut
934 4527 1049 4598 ejus
1077 4504 1437 4583 habitaculum
1467 4544 1626 4599 parua
1671 4531 1738 4584 sit
1767 4504 2012 4594 carceris,
2065 4546 2172 4585 non
2202 4504 2253 4564 Β

2241 1863 2516 1934 praesentis
2543 1862 2649 1918 diei
2677 1861 2964 1917 devotione
2991 1862 3201 1931 gemina
3230 1860 3516 1918 festivitate
3543 1863 3756 1927 laetamur,

2241 1953 2456 2011 Eusebii
2482 1952 2678 2023 quippe
2700 1951 3051 2022 suscipientes
3073 1952 3417 2023 triumphum,
3447 1961 3499 2008 et
3519 1953 3761 2009 victricium

2244 2047 2667 2102 Machabaeorum
2695 2051 2962 2100 tormenta
2988 2044 3262 2098 mirantes.
3297 2044 3377 2097 An
3416 2061 3516 2099 non
3543 2043 3762 2100 mirabiles

2246 2138 2557 2207 Machabzei;
2587 2151 2723 2207 quos
2753 2137 3048 2191 nativitatis
3073 2147 3181 2191 sua:
3201 2137 3563 2206 passionisque
3589 2153 3763 2191 consor-

2249 2233 2341 2295 tio,
2374 2240 2429 2288 et
2456 2229 2597 2301 apud
2624 2229 2873 2284 saeculum
2902 2228 3064 2283 fuisse
3093 2226 3305 2294 fratres,
3337 2237 3392 2282 et
3420 2227 3469 2281 in
3490 2227 3612 2283 caelo
3654 2226 3764 2280 vidc-

2248 2341 2368 2381 mus
2395 2339 2514 2380 esse
2540 2336 2846 2393 germanos,
2895 2321 2987 2392 qui
3007 2319 3359 2392 pinguissimo
3389 2320 3598 2389 egregim
3623 2319 3765 2373 matris

2250 2417 2317 2473 ab
2341 2417 2505 2472 ubere
2533 2426 2587 2472 et
2625 2415 2978 2480 substantiam
3008 2413 3237 2477 vivendi,
3285 2422 3340 2468 et
3363 2413 3592 2468 vincendi
3617 2425 3766 2466 suxere

2251 2511 2523 2565 virtutem.
2550 2507 2608 2562 in
2639 2516 2841 2564 tantam
2872 2508 3014 2561 enim
3041 2505 3428 2576 perfectionem
3457 2508 3584 2560 lacte
3601 2514 3647 2559 et
3683 2520 3766 2558 ser-

2252 2617 2413 2658 mone
2441 2601 2723 2656 adolevere
2753 2607 3014 2662 materno,
3047 2605 3105 2653 ut
3134 2599 3497 2668 inseparabilis
3523 2605 3645 2653 esset
3665 2606 3708 2652 et
3729 2596 3767 2652 in

2253 2694 2414 2751 corde
2435 2707 2618 2749 eorum
2648 2692 2930 2762 sapientia,
2962 2698 3016 2746 et
3044 2691 3096 2745 in
3116 2705 3350 2760 corpore
3377 2689 3627 2746 fortitudo.
3649 2688 3767 2741 Deni-

2254 2800 2358 2856 que
2412 2785 2706 2840 Antiochus
2748 2781 3066 2838 lectissimos
3107 2780 3338 2854 juvenes
3386 2781 3481 2850 ﬁde
3507 2781 3705 2851 propria,
3730 2785 3770 2834 ct

2257 2886 2495 2934 materna
2526 2876 2903 2932 adhortatione
2926 2883 3253 2942 constantes,
3285 2883 3394 2934 uta
3418 2875 3685 2930 reverentia
3698 2888 3770 2942 pa-

2259 2980 2424 3026 terna:
2452 2969 2585 3037 legis
2613 2971 2900 3035 averteret,
2928 2982 3038 3021 non
3065 2966 3346 3022 acerrimis
3374 2975 3562 3021 terrere
3609 2964 3770 3034 suppli-

2260 3063 2376 3128 ciis,
2432 3076 2538 3117 non
2583 3059 2789 3129 magnis
2832 3059 3008 3130 potuit
3054 3074 3284 3114 avocare
3313 3059 3588 3130 promissis.
3617 3056 3777 3118 Tantus

2261 3155 2404 3211 enim
2427 3155 2480 3209 in
2509 3154 2760 3208 membris
2781 3169 2967 3207 eorum
2996 3153 3166 3221 vigor,
3198 3161 3382 3207 tantus
3412 3152 3461 3206 in
3490 3159 3679 3221 pectore
3697 3147 3772 3217 spi-

2262 3248 2413 3309 ritus,
2448 3252 2594 3299 tanta
2622 3255 2738 3299 erat
2766 3244 2817 3298 in
2849 3243 3199 3313 responsione
3224 3242 3486 3308 doctrina,
3514 3249 3568 3296 ut
3593 3249 3639 3296 et
3660 3254 3772 3310 sper-

2263 3339 2439 3397 nendo
2463 3353 2667 3410 poenas,
2692 3345 2746 3392 et
2765 3333 3091 3406 confutaudo
3119 3333 3403 3405 perﬁdiam
3445 3334 3580 3404 impii
3603 3331 3714 3400 regis
3734 3337 3773 3383 et

2264 3444 2522 3492 terrorem
2574 3433 2850 3487 vincerent
2895 3437 2951 3485 et
2994 3429 3251 3495 furorem.
3303 3427 3616 3484 Venerabilis
3639 3433 3774 3479 autem

2264 3534 2435 3580 mater
2460 3521 2795 3579 confessione
2822 3521 2976 3592 parili
3001 3528 3056 3576 et
3082 3520 3351 3576 consimili
3369 3526 3536 3574 morte
3560 3515 3773 3578 defuncta,

2265 3618 2439 3672 laetior
2461 3615 2526 3670 ad
2548 3616 2770 3684 pignora
2799 3628 2893 3669 sua
2919 3613 2985 3668 de
3012 3613 3118 3668 hoc
3139 3613 3338 3668 saeculo
3359 3609 3584 3683 profecta
3623 3609 3776 3676 migra-

2265 3711 2359 3766 vit.
2392 3709 2502 3765 Nec
2530 3709 2721 3762 mirum
2749 3707 2794 3763 si
2821 3706 3078 3762 saevitiam
3100 3705 3242 3774 regis
3262 3704 3320 3759 in
3357 3704 3668 3773 semetipsum
3691 3712 3776 3752 ma-

2267 3803 2588 3872 gnanimiter
2633 3797 2873 3870 pertulit,
2901 3813 3019 3869 qua:
3046 3806 3156 3852 tam
3185 3798 3399 3870 fortiter
3443 3801 3554 3870 eam'
3579 3793 3719 3866 potuit
3741 3798 3778 3847 et

2271 3896 2322 3949 in
2357 3893 2476 3950 filiis
2503 3893 2787 3948 sustinere.
2817 3889 2956 3948 Vere
2993 3891 3150 3947 beata
3181 3889 3391 3959 mulier,
3423 3899 3573 3961 atque
3595 3886 3779 3952 omnium

2272 3985 2645 4058 prosequenda
2669 3983 2967 4055 praeconiis,
2996 3995 3155 4052 quam
3183 3999 3283 4054 pro
3317 3984 3419 4039 ﬁde
3447 3983 3535 4038 Dei
3555 3979 3645 4047 sui,
3670 3987 3713 4032 et
3743 3975 3779 4029 in

2274 4079 2552 4136 occasibus
2608 4076 2838 4133 ﬁliorum
2891 4075 3033 4131 nulla
3079 4077 3254 4131 carnis
3296 4074 3450 4144 fregit
3473 4073 3674 4135 affectio,
3699 4075 3780 4124 eta

2275 4172 2554 4228 tormentis
2583 4170 2785 4242 proprii
2808 4171 3050 4240 corporis
3079 4185 3177 4224 nec
3195 4185 3357 4226 sexus
3379 4180 3616 4224 revocare
3633 4162 3778 4235 potuit.

2277 4280 2376 4319 nec
2396 4271 2630 4318 senecta.
2654 4261 2780 4318 Haec
2801 4276 2928 4331 ergo
2947 4272 3089 4327 sunt,
3113 4261 3400 4330 carissimi,
3421 4260 3523 4317 diei
3544 4256 3679 4325 hujus
3695 4263 3781 4322 gauv

2274 4358 2358 4414 dia
2411 4358 2586 4413 votiva
2638 4356 2889 4412 ﬁdelium.
2924 4355 3048 4412 Haec
3093 4369 3308 4426 semper
3355 4356 3507 4411 beato
3533 4347 3724 4406 Eusebio
3745 4352 3782 4399 ct

2280 4448 2673 4518 gloriosissimis
2699 4447 3015 4503 Machabzcis
3044 4447 3391 4503 exhibeamus
3412 4443 3661 4513 obsequia,
3685 4451 3782 4510 quos

2282 4540 2336 4594 in
2380 4522 2635 4594 aitemum
2685 4552 2905 4610 regnum
2938 4545 3146 4609 tempus
3191 4534 3402 4607 quidem
3431 4537 3686 4598 diversum,
3716 4522 3782 4581 sed

601 4619 946 4676 humanitatis
989 4621 1300 4691 hospitium.
1324 4620 1392 4676 Et
1435 4635 1739 4692 quanquam
1767 4609 1850 4677 de'
1867 4609 2129 4678 suavitate
2151 4624 2174 4655 ⁸

601 4719 869 4777 gestorum
922 4711 1038 4781 ejus
1082 4713 1227 4767 nulla
1274 4710 1364 4768 sit
1395 4711 1809 4783 invicemnobis
1836 4713 2047 4768 dicendi
2077 4730 2171 4769 au-

1900 4803 2167 4866 SERMO
2209 4805 2558 4868 LXXXIV.

1450 4900 1527 4956 De
1555 4901 1661 4958 SS.
1684 4901 1993 4974 martyribus
2022 4904 2230 4973 Cantia,
2257 4903 2515 4959 Cantiano
2550 4911 2599 4957 et
2639 4899 2973 4976 Cantianilla.

2050 4997 2435 5053 ADMONlTiO.
3813 4977 3821 5048 ξ

635 5154 646 5165 _
674 5083 838 5155 615
865 5081 1542 5165 Ριπεξξοεξεεὶιἑίιιπιξοινίιιιηἱ
1570 5095 1626 5165 et
1649 5087 2025 5165 Benedictian
2054 5092 2346 5165 monachos
2367 5105 2554 5165 coiigr.
2583 5090 2641 5146 S.
2665 5090 2834 5165 Mauri
2853 5091 2916 5165 _in
2941 5089 3146 5165 judicio
3186 5107 3339 5165 nujus
3366 5088 3613 5165 sermonis
3644 5080 3785 5165 clari-if

605 5149 778 5232 εἰωῙῆ
793 5149 1109 5232 ἐθνῶηλμε
1153 5154 1429 5232 Baronius,
1455 5149 1629 5232 quiin
1676 5160 1818 5232 notis
1861 5160 1928 5214 ad
1967 5157 2401 5232 Martyrologimn
2425 5149 2747 5228 Romanum,
2777 5163 2866 5217 ubi
2895 5149 3085 5217 v'non.
3120 5149 3286 5232 April.
3309 5152 3613 5232 memoriam
3633 5155 3720 5224 agit
3740 5149 3786 5232 dt?

605 5224 808 5296 sanctis
835 5224 1158 5296 martyribus
1177 5223 1692 5307 Ravennatéusibus,
1719 5229 1878 5286 docet
1897 5223 2144 5288 sanctum
2168 5223 2455 5287 Maiimum
2485 5233 2599 5302 ejus
2629 5223 2904 5290 auctorem
2931 5249 3051 5290 esse
3073 5223 3484 5302 agnoscendum.
3509 5230 3631 5286 Cum
3652 5231 3786 5280 ante!“

680 5357 700 5390 ί
727 5354 902 5432 Editio
929 5356 1143 5427 Venet.,
1173 5371 1294 5432 pag.
1318 5359 1442 5431 1.56,
1464 5362 1616 5432 juxta
1638 5365 1763 5420 edit.
1794 5364 1978 5422 Patav.
2005 5368 2180 5425 Anec-

607 5426 748 5512 detr,
775 5427 1042 5512 .Muratpr,
1065 5426 1196 5488 tom:
1225 5426 1314 5512 iV,
1535 5433 1623 5500 85,
1682 5435 1753 5492 ita
1796 5442 2175 5512 prosequitur:

607 5497 738 5556 Post
774 5499 896 5567 ista,
937 5502 1155 5576 fratres,
1177 5497 1312 5576 gubd
1356 5497 1405 5576 ξι
1435 5497 1573 5576 {item
1609 5497 1924 5576 concupiscit
1952 5497 2174 5576 (inimus,

609 5578 758 5648 etum
783 5569 1114 5648 qusze_omnia
1161 5569 1352 5648 desunt
1377 5571 1429 5624 in
1460 5571 1550 5648 cit.
1579 5571 1728 5648 cod._
1731 5569 1980 5648 Laurent.
2014 5569 2180 5648 usque

609 5639 794 5770 illa
820 5641 983 5697 verba
1008 5659 1021 5695 ς
1054 5658 1086 5695 a
1113 5639 1292 5711 quibus
1314 5643 1648 5696 senarabatur
1680 5643 1962 5713 Eusebius;
2011 5639 2178 5706 inciu-

2282 4631 2411 4688 ﬁdes
2435 4633 2621 4687 eadem
2650 4641 2703 4686 et
2731 4631 2846 4688 dies
2871 4646 2977 4688 una
3001 4631 3264 4712 provexit.

2360 5373 2380 5403 ³
2413 5369 2590 5447 Usque
2618 5373 2825 5447 adhzec
2849 5374 3012 5447 verba
3038 5393 3054 5447 :7
3081 5376 3322 5432 strviendi
3347 5376 3584 5447 permiua
3607 5371 3786 5432 liberm.

2287 5445 2579 5516 concordat
2603 5444 2774 5499 codex
2793 5460 2913 5514 cum
2935 5446 3275 5516 editionibus,
3307 5444 3396 5502 sed
3417 5461 3529 5516 quae
3554 5447 3786 5514 sequuntur

2286 5514 2464 5570 omnia
2491 5514 2666 5572 aliena
2690 5523 2831 5572 sunt.

2357 5581 2378 5613 ³
2406 5581 2475 5635 Et
2495 5602 2784 5657 quanquam
2806 5586 2867 5641 de
2895 5589 3163 5653 suavitate,
3196 5598 3298 5646 etc.
3327 5588 3450 5644 Haec
3485 5595 3537 5643 et
3569 5581 3786 5657 superiora

2286 5663 2574 5726 occurrunt
2605 5655 2657 5708 in
2681 5658 3016 5716 sermonibus
3037 5659 3071 5713 ’5
3100 5669 3153 5715 et
3179 5659 3213 5720 4
3241 5660 3310 5719 de
3337 5658 3390 5718 S.
3419 5657 3630 5726 Eusebio
3651 5655 3698 5718 in
3717 5665 3786 5726 3P'

2287 5723 2566 5800 pendicem
2595 5727 2780 5783 relatis
