4052 6330
357 307 364 311 ”
422 321 518 378 7(‘5
1658 307 1716 364 S.
1757 302 2001 361 MAXIM!
2040 300 2484 357 TAURINENSIS

1240 465 1246 470 .
1310 474 1320 480 .
1414 456 1449 478 ι.
1726 411 1994 476 SERMO
2035 411 2388 473 LXXXVI.

1670 515 1748 569 De
1766 513 1930 568 natali
1956 511 2061 567 SS.
2094 522 2380 583 martyrum
2404 511 2453 566 Ι.

1866 603 2254 660 ADMONITIO.

503 712 616 768 Etsi
643 709 870 766 Maurini
897 691 1041 762 hunc
1061 705 1364 778 sermonem
1393 702 1448 778 in
1476 698 1841 778 Ambrosianis
1869 711 2015 778 num.
2051 691 2286 778 6|_e_dit.
2333 709 2458 778 opp.
2493 694 2548 748 S.
2581 694 2851 778 Ambrosii
2894 695 3064 752 Paris.
3088 696 3228 778 1690
3254 704 3704 778 numerent,__vcri

434 764 616 838 tamen
643 764 783 837 esse,
803 778 1028 835 similius
1053 777 1381 831 arbitrantur
1405 771 1464 827 S.
1514 770 1805 825 Maximum
1853 765 2092 838 ejusdem
2122 764 2284 818 fuisse
2313 764 2766 838 auctorem._.lam
2788 782 2918 838 vero
2947 769 3252 836 generalem
3278 787 3399 828 esse
3426 764 3707 830 bomiliam

437 833 1042 930 iinnvtiidevfnnartyribus,
1075 861 1194 930 qua;
1221 860 1250 899 a
1272 841 1551 930 Gennadig
1579 838 1833 930 laudatur
1855 833 2404 930 {legiturqunenncun‘n
2435 833 2504 916 lg
2533 833 3277 930 in.Sangallensi'codice.tln
3300 845 3532 930 vetustis
3558 845 3708 900 codi-

439 903 589 980 Eiﬁiié
615 903 673 977 ἐξ
697 903 882 976 Crucis
910 918 963 972 in
986 903 1284 972 Jérﬁsalem
1313 911 1381 967 90
1401 920 1457 967 et
1475 910 1543 964 99
1563 925 1672 981 prae
1698 924 1755 964 se
1779 903 1881 962 fert
1910 903 2332 981 idernsermoS.
2357 903 2572 981 plurumi
2595 903 2907 981 inscriptum
2933 923 3150 964 nomen.
3177 908 3548 981 Quamobrem
3578 915 3709 969 nihil

442 972 1425 1065 {saansaan-ieramremotum
1452 972 1827 1065 ωηείηυρηεθεν
1860 972 2316 1065 εεξρξιέςςῪῆιίξ-
2347 973 2487 1065 :26?
2513 990 2636 1065 ms,-
2667 972 2774 1065 r:
2794 985 2848 1031 ει
3175 972 3242 1063 3:7
3273 981 3413 1065 ιξιιιι-
3585 1000 3707 1054 ρας.

445 1043 1056 1127 Ῑξξὶξῖίιῆιᾱὲἰηνεεηεῑο
1094 1043 1750 1127 Ambrosio‘ascribentes:
1784 1046 1828 1101 A
1853 1045 2156 1127 Muratorio
2179 1043 2411 1127 tomalv
2443 1043 2885 1127 Anecdot.r,‘_pa_g.
2918 1047 3008 1127 $6,
3038 1065 3159 1127 cum
3191 1051 3349 1108 ιίωιο
3382 1071 3395 1106 ε
3428 1053 3508 1108 οε
3548 1043 3711 1110 niuali

3586 292 3695 349 ’1οι

449 1112 1308 1209 ᾖὴὶῷξιὶὶὶινῆανῲῃιηξηθᾱίιυιη
1336 1122 1499 1209 fuisse
1532 1112 2224 1209 apimadvertimu‘slcujus
2261 1113 2584 1209 irtitiunguc‘st
2619 1112 3079 1209 ΙΙξ..,ςὲἕξιιῐιδξεὶηίιιε,
3113 1123 3326 1193 fratres,
3368 1134 3485 1180 eota
3515 1141 3711 1195 semper

452 1183 1180 1274 Domini;sequiturvfestiu_itas
1208 1192 1544 1274 servulorum.
1562 1190 1630 1272 ln_
1650 1187 1923 1245 codicibus
1953 1183 2208 1240 Urbevet.
2258 1192 2315 1239 et
2343 1201 2391 1272 tv
2439 1184 2568 1242 bibl.
2619 1186 2811 1243 Minor.
2863 1183 3148 1259 Conventl,
3177 1183 3323 1248 nunc
3345 1194 3398 1250 in
3443 1183 3706 1250 Laurent.

452 1271 642 1341 legitur
669 1260 812 1326 idem
841 1260 1019 1325 sermo
1041 1267 1158 1321 sine
1187 1265 1403 1320 nomine
1425 1260 1663 1317 auctoris

457 1385 844 1444 AnctJueuruu.
875 1414 944 1424 --
973 1379 1380 1436 Resurrectionis
1417 1376 1706 1446 dominicis
1722 1373 1948 1446 gloriam
1972 1369 2035 1426 S.
2069 1370 2116 1430 Α
2145 1376 2212 1431 ad
2244 1376 2404 1431 vitam
2433 1395 2446 1430 :
2475 1385 2630 1434 notas
2657 1378 2798 1433 enim
2825 1379 2958 1433 mihi
2998 1378 3123 1435 fecit
3149 1380 3264 1435 vias
3295 1381 3433 1446 vitm,
3467 1397 3592 1436 cum
3634 1397 3719 1436 mc

528 1442 788 1512 Maximus
815 1472 929 1509 cum
954 1453 1059 1508 SS.
1091 1448 1399 1520 martyribus
1419 1449 1637 1520 confert:
1671 1442 1894 1520 Plurimi
1923 1443 2034 1512 for-

528 1539 686 1590 tasse,
716 1524 952 1596 adjungit
971 1565 985 1589 ,
1016 1539 1082 1596 ea;
1112 1515 1569 1596 martyribuscum
1598 1515 1820 1570 Domino
1864 1528 2037 1567 resur-

557 1590 803 1654 ectionem
824 1590 1160 1662 corporaliter
1186 1590 1444 1646 consecuti
1471 1597 1608 1644 sunt.

534 1757 760 1823 Dignum
785 1761 841 1809 et
863 1764 1157 1820 congruum
1206 1756 1318 1815 est,
1347 1755 1372 1784 ι
1403 1745 1617 1812 fratres,
1649 1751 1707 1798 ut
1749 1749 1869 1813 post
1910 1739 2042 1794 laeti-

412 1837 417 1847 ’
466 1852 593 1908 tiam
618 1848 763 1905 be'ati
791 1833 1032 1912 Paschae,
1062 1857 1221 1912 quam
1250 1829 1567 1895 in'Ecclesia
1614 1833 2002 1892 celebravimus
2025 1873 2042 1900 ,

468 1944 659 2014 gaudia
709 1947 892 1996 nostra
943 1951 1065 1992 cum
1109 1933 1432 2004 martyribus
1475 1929 1842 1994 conferamus;
1873 1933 1927 1980 ct
1968 1925 2046 1981 eis

471 2033 848 2090 annuntiemus
889 2027 1170 2084 dominica:
1213 2021 1624 2081 resurrectionis
1669 2019 1912 2089 gloriam,
1955 2016 2049 2086 qui

474 2133 754 2184 consortes
774 2129 898 2178 sunt
925 2119 1210 2175 dominica:
1251 2115 1538 2187 passionis.
1581 2113 1684 2180 Qui
1733 2112 1875 2168 enim
1915 2109 2050 2166 socii

475 2227 599 2274 sunt
625 2213 980 2279 contumeliae,
1012 2210 1207 2266 debent
1231 2215 1288 2264 et
1315 2207 1602 2278 participes
1629 2218 1749 2260 esse
1775 2201 1803 2242 ι’
1835 2202 2048 2268 lzelitiw;

477 2312 549 2366 ita
579 2308 720 2364 enim
763 2305 894 2362 dicit
917 2305 1108 2360 beatus
1148 2300 1438 2373 Apostolus
1470 2317 1482 2353 :
1530 2308 1554 2338 ο
1599 2297 1746 2352 Sicut
1774 2296 1900 2351 socii
1928 2306 2052 2364 pas--

479 2404 678 2458 sianum
701 2400 843 2464 estis,
877 2406 926 2452 et
954 2394 1346 2451 resurrectionis
1373 2392 1518 2446 eritis
1545 2388 1632 2462 (II
1661 2387 1780 2444 Cor.
1819 2405 1834 2442 ι
1857 2387 1910 2457 );
1942 2383 1966 2422 ἀ
1993 2385 2055 2441 Si

481 2489 810 2549 tolerabimus
835 2531 851 2557 ,
882 2487 1081 2557 inquitj,
1113 2493 1162 2540 et
1199 2481 1625 2555 cbnregnabimus
1657 2478 1756 2550 (II
1788 2477 1924 2532 Tim.
1955 2492 1990 2532 tt
2013 2475 2054 2546 ).

483 2583 584 2652 Qui
612 2598 741 2654 ergo
779 2581 1144 2636 toleraverunt
1191 2577 1332 2632 mala
1379 2583 1602 2646 propter
1639 2572 1932 2636 Christum,
1965 2569 2058 2624 dc-

485 2673 614 2728 bent
640 2681 695 2728 et
721 2671 946 2740 gloriam
974 2669 1174 2753 habere
1209 2668 1370 2738 619
1407 2681 1529 2722 cum
1570 2663 1803 2720 Christo.
1839 2663 2060 2716 Annuu-

2137 1468 2320 1525 docuit
2343 1469 2521 1534 fidem,
2553 1469 2996 1537 misericordiam,
3010 1470 3293 1540 justitiam,
3311 1469 3338 1510 ¹ι
3369 1473 3677 1528 castitatem
3703 1491 3717 1538 ;

2138 1561 2222 1616 his
2244 1561 2386 1617 enim
2417 1563 2730 1632 pervenitur
2772 1563 3056 1618 itineribus
3084 1563 3152 1618 ad
3196 1564 3444 1620 salutem.
3477 1563 3547 1619 Et
3589 1565 3723 1620 licet

2141 1669 2239 1708 nos
2275 1652 2286 1690 ¹
2323 1654 2406 1707 sui
2436 1653 2764 1708 resolutione
2785 1655 3027 1724 corporis
3055 1656 3243 1713 mortis
3281 1657 3469 1712 umbra
3499 1657 3724 1713 circum.
3761 1713 3770 1718 _

2143 1745 2265 1810 det,
2298 1753 2478 1800 tamen
2519 1759 2734 1820 gressus
2762 1761 2889 1801 suos
2913 1748 3019 1801 vita
3049 1763 3156 1802 non
3196 1747 3414 1814 deserit,
3447 1748 3542 1804 sed
3588 1750 3726 1805 inter

2145 1838 2286 1908 ipsas
2317 1838 2520 1894 medias
2546 1838 2740 1894 inferni
2766 1839 2912 1908 leges
2948 1839 3322 1897 incunctanter
3345 1841 3546 1896 Christi
3569 1843 3728 1896 virtu-

2146 1930 2288 1986 tibus
2332 1931 2687 1987 ambulamus.
2726 1929 2874 1986 Unde
2903 1932 2981 1986 ait
3017 1931 3074 1986 S.
3107 1933 3373 2002 propheta
3408 1951 3420 1986 :
3455 1931 3600 1987 Nam
3634 1934 3729 1988 etsi

2148 2021 2476 2077 ambularem
2498 2024 2552 2076 in
2579 2022 2745 2076 media
2774 2022 2969 2078 umbra:
2987 2025 3186 2090 mortis,
3220 2041 3323 2079 non
3353 2025 3541 2079 timebo
3567 2026 3730 2091 mala,

2148 2115 2391 2183 quoniam
2428 2122 2480 2167 tu
2511 2131 2704 2168 mecum
2727 2132 2781 2169 es
2805 2115 2822 2186 (
2844 2113 2992 2169 Psal.
3018 2116 3186 2185 χχιι).
3214 2115 3370 2182 Quod
3397 2117 3735 2172 manifestius

2153 2205 2411 2260 Dominus
2439 2205 2514 2260 ait
2541 2205 2608 2261 de
2638 2205 2800 2272 fideli,
2842 2206 3026 2262 dicens
3059 2226 3069 2260 :
3105 2205 3206 2271 Qui
3248 2201 3420 2262 autem
3463 2209 3627 2263 credit
3675 2211 3733 2263 in

2156 2312 2253 2361 me,
2275 2305 2313 2332 ω
2336 2298 2736 2366 nonmorietur;
2770 2305 2818 2352 et
2839 2298 2956 2352 licet
2981 2300 3230 2354 moriatur
3250 2301 3376 2354 vivet
3398 2299 3579 2368 (Joan.
3611 2318 3666 2356 XI
3687 2302 3728 2372 ).

2157 2387 2329 2458 Ergo,
2361 2387 2582 2454 fratres,
2609 2405 2731 2445 cum
2781 2388 2876 2445 SS.
2931 2391 3252 2462 martyribus
3306 2390 3523 2449 Pascha:
3557 2403 3585 2430 ιι
3631 2395 3736 2449 Do-

2158 2480 2288 2535 mini
2316 2480 2540 2550 gloriam
2575 2480 2931 2538 conferamus.
2980 2480 3349 2549 Conferamus,
3401 2484 3640 2554 inquam,
3684 2494 3742 2540 et

2160 2573 2287 2628 licet
2323 2572 2516 2628 melius
2544 2573 2794 2628 noverint
2821 2561 2999 2629 Omnia
3017 2615 3032 2640 ,
3061 2582 3239 2630 tamen
3268 2591 3368 2631 nos
3390 2576 3495 2632 illis
3546 2577 3743 2648 prmdi-

2164 2680 2347 2720 cemus
2391 2663 2842 2733 quemadmodum
2907 2665 2976 2721 de
3023 2667 3253 2738 sepulcri
3303 2669 3510 2738 gremio
3566 2685 3746 2725 resur~

488 2764 704 2827 tiemus,
737 2760 953 2828 inquam
976 2798 991 2824 ,
1021 2745 1222 2813 sanctis
1263 2755 1587 2828 martyribus
1618 2764 1641 2791 ο
1671 2752 1924 2808 dominici
1962 2749 2066 2804 Pa-
2093 2745 2142 2804 B
2168 2756 2369 2811 rexerit
2393 2755 2458 2810 ad
2488 2770 2732 2826 superos.
2761 2757 2842 2810 llli
2863 2757 3017 2812 nobis
3040 2759 3281 2814 revelent
3304 2774 3410 2828 quo
3431 2767 3593 2830 pacto
3624 2770 3649 2797 ο
3681 2761 3750 2817 de

489 2853 634 2908 schze
661 2850 888 2921 gratiam
921 2865 933 2902 :
966 2855 1025 2902 ut
1049 2847 1176 2902 dum
1219 2847 1507 2917 sepultura:
1552 2845 1690 2899 illius
1717 2843 2066 2914 przedicamus

492 2948 728 2998 reserata
752 2940 1005 3005 claustra,
1033 2944 1090 2993 et
1110 2938 1302 2993 horum
1330 2935 1572 3007 sepulcra
1596 2943 1920 2999 reserentur;
1942 2932 2068 2987 dum

494 3047 690 3104 corpus
717 3031 859 3088 illius
890 3037 1159 3086 mortuum
1187 3028 1413 3084 dicimus
1453 3026 1760 3097 tepentibus
1786 3026 1936 3081 venis
1975 3039 2068 3079 su-

499 3127 614 3185 bito
641 3125 890 3196 viguisse,
907 3124 1102 3179 horum
1123 3137 1338 3192 quoque
1366 3120 1604 3176 membra
1620 3119 1732 3188 jam
1759 3116 1948 3186 frigida
1973 3117 2072 3171 im-

497 3218 836 3276 mortalitatis
863 3217 1046 3272 calore
1073 3214 1383 3280 foveantur;
1412 3212 1599 3268 eadem
1642 3209 1660 3249 ῐ
1705 3209 1843 3264 ratio
1871 3215 2074 3280 marty-

499 3327 586 3368 res
607 3317 662 3366 et
680 3309 924 3376 suscitat,
953 3322 1070 3377 quae
1099 3314 1155 3362 et
1195 3304 1482 3360 Dominum
1508 3301 1800 3360 suscitavit.
1828 3300 1958 3355 Nam
1997 3299 2073 3356 si-

501 3414 591 3464 cut
615 3406 756 3461 viam
784 3403 1048 3476 passionis
1075 3401 1190 3472 ejus
1215 3401 1424 3472 experti
1445 3407 1598 3466 sunt,
1631 3399 1704 3453 ita
1734 3408 1759 3445 8
1785 3397 2102 3468 experiun«‘

408 3515 417 3518 ·
503 3507 592 3554 tur
631 3507 687 3554 et
726 3499 881 3564 vitaz;
912 3496 1172 3567 scriptum
1211 3502 1295 3551 est
1330 3495 1474 3550 enim
1521 3493 1575 3548 in
1623 3493 1830 3564 psalmo
1861 3509 1873 3545 :
1907 3489 2076 3544 Notas

505 3589 631 3645 mihi
664 3588 830 3661 fecisti
858 3589 965 3643 vias
994 3589 1112 3642 vita:
1139 3585 1320 3658 (Psal.
1370 3585 1498 3656 xv);
1538 3584 1642 3638 hoc
1678 3583 1864 3653 utique
1910 3583 1963 3636 in
1993 3596 2080 3636 re-

508 3680 840 3738 surrectione
858 3695 926 3734 ex
955 3693 1184 3749 persona
1211 3676 1405 3732 dicitur
1432 3674 1743 3740 Salvatoris,
1777 3671 1806 3709 ¹ι
1844 3673 1934 3742 qui
1957 3669 2082 3726 dum

511 3782 633 3846 post
651 3779 878 3828 mortem
915 3771 983 3826 ab
1009 3771 1194 3826 inferis
1227 3763 1368 3825 redit
1395 3767 1464 3823 ad
1486 3783 1730 3838 superos,
1779 3764 1965 3834 incipit
1986 3780 2085 3820 no-

513 3875 619 3921 tam
657 3865 858 3920 babere
884 3855 1020 3918 viam
1049 3864 1190 3929 vitre,
1240 3877 1359 3932 quae
1394 3869 1518 3915 ante
1555 3859 1851 3914 habebatur
1879 3858 2082 3928 ignota.

514 3948 701 4032 Ignota
729 3956 872 4012 enim
901 3962 1018 4010 erat
1036 3962 1161 4009 ante
1193 3952 1208 3990 ί
1243 3952 1512 4007 Christum
1539 3950 1626 4003 via
1657 3950 1799 4016 vitaz,
1826 3949 1951 4017 quia
1977 3948 2088 4002 nul-

516 4047 618 4102 lius
662 4046 836 4100 adhuc
874 4043 1201 4114 resurgentis
1229 4042 1402 4097 fuerat
1430 4047 1690 4096 temerata
1731 4039 1987 4108 vestigio;
2034 4046 2089 4092 at

2169 2846 2324 2901 inferi
2350 2846 2614 2916 profundo
2642 2849 2962 2904 remeaverit
2985 2849 3052 2904 ad
3077 2851 3242 2923 320
3268 2852 3594 2922 sepulcrum.
3635 2853 3752 2908 No-

2171 2947 2304 3005 tum,
2338 2939 2572 3008 inquam,
2603 2940 2760 2997 nobis
2789 2940 2990 2998 faciant
3031 2942 3486 3011 quemadmodum
3531 2945 3586 2999 in
3617 2961 3750 3000 exa-

2171 3031 2316 3086 nime
2338 3029 2449 3099 jam
2495 3047 2692 3102 corpus
2729 3041 2785 3087 et
2829 3031 3076 3102 frigidum
3120 3051 3240 3090 sese
3268 3031 3417 3091 calor
3453 3038 3754 3095 insinuave-

2173 3121 2261 3186 rit,
2294 3121 2510 3190 spiritus
2538 3121 2824 3192 ingesserit
2846 3162 2862 3189 ,
2901 3125 3120 3193 sanguis
3159 3125 3432 3194 infuderit,
3463 3136 3519 3183 et
3546 3129 3756 3199 gelatas

2176 3211 2398 3266 hmnore
2430 3227 2592 3266 venas
2621 3213 2833 3282 pristini
2862 3213 3062 3284 vigoris
3097 3215 3284 3286 pulsus
3313 3219 3614 3287 agitaverit.
3657 3218 3758 3276 No-

2177 3312 2310 3369 tum,
2339 3303 2576 3373 inquam,
2604 3305 2759 3360 nobis
2788 3305 2984 3361 faciant
3011 3307 3459 3375 quemadmodum
3495 3324 3760 3380 organum

2179 3395 2424 3466 corporis
2449 3396 2762 3467 dissipatum
2794 3398 2846 3451 in
2868 3398 3104 3468 priorem
3124 3408 3323 3455 statum
3345 3417 3632 3457 nervorum
3647 3419 3762 3457 rur-

2181 3507 2273 3546 sus
2309 3479 2648 3561 cdaptaverit
2692 3492 2929 3547 resoluta
2971 3508 3270 3564 compago,
3320 3503 3376 3549 et
3419 3494 3763 3550 harmoniam

2182 3582 2447 3638 viscerum
2463 3581 2574 3651 jam
2608 3582 2857 3638 silentem
2883 3584 2938 3637 in
2965 3593 3205 3640 veterem
3252 3594 3578 3642 concentum
3612 3589 3767 3659 spiri-

2183 3682 2271 3730 tus
2299 3674 2573 3729 vivillcans
2610 3674 3012 3732 animadvertit.
3055 3676 3376 3733 Sacerdotes
3411 3692 3542 3748 ergo
3570 3680 3768 3749 pandi-

2185 3774 2311 3821 ceut
2357 3780 2476 3836 qua:
2521 3765 2772 3822 Salvator
2816 3775 2943 3838 post
2987 3770 3437 3825 resurrectionem
3500 3771 3770 3826 mirabilia

2187 3857 2352 3926 gessit
2384 3857 2450 3912 ad
2480 3873 2726 3927 superos.
2757 3857 3020 3929 Martyres
3047 3860 3289 3916 revelent
3331 3868 3531 3930 quanta
3564 3863 3619 3916 in
3649 3863 3768 3933 ipsa

2189 3958 2364 4005 morte
2390 3947 2666 4016 refrigeria
2697 3956 2952 4019 operatus
2973 3950 3043 4004 sit
3071 3951 3121 4004 in
3147 3950 3408 4006 defunctis
3433 3962 3478 4006 ρ.

2261 4041 2401 4096 Vota
2428 4056 2643 4111 semper
2669 4041 2882 4097 Domini
2909 4042 3250 4112 subsequitur
3275 4041 3538 4100 festivitas
3585 4060 3774 4100 servu-

519 4136 610 4191 ubi
654 4135 910 4189 Dominus
957 4132 1268 4197 resurrexit,
1313 4139 1440 4186 nota
1480 4130 1618 4184 facta
1655 4129 1772 4184 solo
1801 4129 2091 4195 attritajest
2116 4119 2159 4180 C
2193 4133 2396 4198 lorum;
2428 4141 2483 4187 et
2501 4132 2756 4202 gaudium
2782 4132 3179 4203 patrisfamilias
3199 4133 3429 4189 fidelium
3457 4135 3559 4190 sibi
3591 4137 3774 4196 laetitia

521 4226 893 4299 plurimorum,
923 4225 989 4280 de
1015 4225 1208 4295 quibus
1226 4223 1285 4278 S.
1315 4222 1641 4292 evangelista
1666 4222 1740 4276 ait
1767 4240 1780 4274 :
1811 4209 2095 4276 Multorum

523 4335 741 4390 corpora
767 4324 1062 4370 sanctorum
1087 4316 1100 4364 Ι
1142 4321 1530 4368 resurrex-erunt
1559 4329 1672 4366 cum
1697 4329 1777 4378 eo,
1801 4321 1849 4367 et
1886 4314 2098 4369 introie-

523 4418 642 4466 runt
667 4411 984 4464 in'sanctam
1011 4399 1265 4461 civitatem
1306 4403 1537 4476 (Matth.
1571 4403 1761 4475 xxvn).
1799 4402 1948 4459 Unde
1975 4421 2097 4460 cum

525 4503 783 4560 Dominus
812 4501 866 4557 in
913 4498 1308 4557 resurrectione
1347 4511 1442 4551 sua
1482 4495 1676 4551 dixerit
1707 4513 1720 4549 :
1755 4495 1926 4551 Notas
1973 4499 2102 4551 mihi

526 4599 718 4671 fecistis
746 4597 856 4652 vias
883 4597 1017 4660 vitae,
1067 4606 1352 4664 possumus
1389 4597 1444 4645 et
1473 4604 1572 4644 nos
1608 4588 1718 4657 jam
1765 4589 1944 4645 dicere
1984 4591 2094 4645 Do-

528 4688 672 4742 mino
701 4705 713 4741 :
743 4695 899 4742 notas
922 4684 1096 4741 fecisti
1125 4681 1282 4738 nobis
1308 4681 1420 4735 vias
1441 4679 1582 4734 vitae.
1624 4677 1743 4749 Ipse
1765 4679 1909 4746 enim
1943 4679 2098 4737 nobis

530 4788 684 4836 notas
705 4777 831 4834 fecit
855 4777 967 4833 vias
995 4776 1136 4838 vitae,
1168 4773 1260 4844 qui
1289 4771 1445 4827 nobis
1472 4769 1717 4826 semitam
1737 4770 2098 4828 manifestavit

602 4924 628 4951 ι
668 4913 812 4994 ϐοάς.
840 4910 1096 4994 Urbevet.
1135 4908 1214 4994 sic
1251 4906 1380 4994 legit
1424 4903 1711 4994 alligat-clm
1745 4911 1794 4994 et
1823 4875 2105 4994 congruum

535 4994 627 5048 est,
659 4983 846 5054 gaudia
867 4991 1044 5036 nostra
1065 4993 1181 5032 cum
1207 4973 1400 5032 sanctis
1425 4973 1735 5045 martyribus
1755 4973 2103 5045 conferamus.

606 5056 631 5094 δ
671 5055 809 5108 Idem
831 5051 952 5107 cod.
986 5049 1262 5108 Urbevet.,
1293 5063 1402 5100 esse
1428 5046 1626 5108 gloriaz.

606 5065 631 5094 υ
671 5065 809 5114 Idem
831 5065 952 5107 eoo.
989 5065 1262 5111 urnevet.,
1293 5065 1402 5100 esse
1428 5065 1626 5116 ρίου-ιω.

599 5122 805 5206 .c.Co_d.
834 5121 954 5176 Vat.
987 5117 1148 5206 δέδι’,
1191 5117 1251 5173 Si
1297 5117 1422 5170 socii
1471 5116 1767 5188 passionum
1807 5117 1929 5170 estis
1976 5132 1992 5169 :
2033 5118 2109 5170 ita

539 5195 677 5248 eritis
709 5203 755 5247 et
776 5191 1184 5246 resurrectionis.

608 5263 633 5300 ά
672 5263 803 5318 Cod.
846 5261 1122 5327 Urbevet.,
1169 5260 1215 5314 si
1261 5258 1557 5323 toleramus,
1607 5255 1799 5326 inquit,
1841 5262 1891 5308 et
1930 5272 2110 5309 conre-

541 5351 804 5483 gmfmgldd.
830 5401 1142 5483 Υριὲϐιιρί,
1172 5400 1446 5483 dominica:
1487 5396 1874 5483 resurrectionis
1904 5396 2103 5483 gloria}.

614 5475 631 5514 ί
674 5475 804 5532 Cod.
831 5474 901 5530 99
940 5474 998 5530 S.
1039 5467 1224 5528 Crucis
1253 5473 1307 5526 in
1353 5467 1488 5536 Jer.,
1529 5467 1707 5520 eadem
1752 5467 1888 5518 enim
1940 5467 2118 5552 gratia,

543 5557 672 5603 mart
709 5565 806 5602 res.

613 5629 636 5667 ε
675 5565 810 5672 ἓοά.
841 5615 966 5670 Vat.
993 5613 1152 5678 6451,
1183 5611 1578 5683 caperienturet
1597 5615 1732 5660 uiue.

612 5689 639 5724 ιι
677 5687 818 5741 Idem
846 5685 969 5740 cod.
992 5685 1114 5738 Vat.
1142 5678 1300 5745 6451,
1325 5678 1461 5749 quod
1490 5678 1610 5749 dum
1632 5683 1758 5749 post
1771 5683 2004 5749 mortem.

622 5759 638 5793 ι
679 5755 848 5810 Codd.
877 5755 946 5810 99
990 5755 1048 5809 ε.
1081 5753 1266 5809 Crucis
1305 5744 1356 5807 in
1386 5747 1518 5814 Iern,
1548 5744 1665 5803 Vat.
1699 5745 1852 5810 1969,
1884 5754 1939 5801 et
1982 5744 2115 5800 6451

2198 4227 2517 4292 comitatur;
2548 4226 2769 4290 scilicet,
2800 4233 2860 4280 ut
2898 4241 3058 4296 quem
3083 4228 3352 4283 subsecuti
3381 4237 3510 4284 sunt
3535 4229 3776 4284 similitu-

2199 4320 2322 4375 dine
2350 4320 2632 4391 passionis,
2677 4335 2803 4376 eum
2851 4321 3178 4376 comitentur
3219 4331 3276 4379 et
3319 4322 3489 4392 gloria
3534 4339 3777 4379 resurre-

2201 4411 2416 4466 ctionis.
2451 4411 2788 4467 Comitantur
2815 4421 2996 4467 autem
3023 4422 3078 4469 et
3113 4414 3281 4484 gloria
3325 4417 3737 4471 resurrectionis
3757 4457 3773 4482 ,

2200 4502 2414 4558 dicente
2449 4503 2708 4574 Apostolo
2741 4522 2754 4557 ε
2790 4501 2940 4568 Quod
2975 4507 3021 4560 si
3039 4507 3164 4560 socii
3210 4508 3512 4576 passionum
3547 4508 3696 4573 estis,
3729 4516 3778 4562 et

2203 4595 2589 4649 resurrectionis
2619 4595 2765 4675 eritis
2796 4594 2899 4668 (II
2925 4593 3046 4652 Cor.
3078 4597 3140 4668 ι).
3182 4595 3276 4651 Est
3302 4611 3430 4667 ergo
3458 4597 3559 4654 SS.
3583 4607 3780 4670 marty-

2199 4685 2346 4740 ribus
2372 4699 2493 4740 cum
2514 4684 2729 4742 Christo
2759 4686 2812 4740 in
2841 4686 2958 4756 ejus
2977 4689 3371 4744 resurrectione
3398 4689 3666 4746 societas?
3689 4689 3781 4748 Est

2202 4764 2385 4848 plane,
2411 4777 2539 4847 quia
2587 4777 2690 4833 etsi
2735 4779 2974 4834 nondum
3015 4789 3362 4836 surrexerant
3389 4797 3640 4853 corpore,
3669 4799 3781 4838 sur-

2213 4920 2334 4964 ante
2353 4909 2546 4965 Christi
2574 4911 2844 4964 adventum
2869 4912 2950 4965 via
2978 4912 3112 4966 vita.

2289 4981 2303 5030 i
2352 4981 2497 5036 Idem
2518 4981 2638 5036 cod.
2671 4979 2790 5034 Vat.
2822 4980 2978 5045 ηει,
3009 4991 3362 5036 surrexerunt.

2288 5049 2313 5123 ξ
2352 5051 2497 5123 Idem
2527 5051 2645 5123 cod.
2676 5050 2798 5123 Vat.
2838 5050 2980 5123 945]
3026 5053 3303 5123 caritatem
3333 5069 3431 5123 pro
3477 5057 3778 5109 castitatem.

2292 5119 2311 5159 ι
2352 5120 2495 5176 Idem
2525 5120 2644 5177 cod.
2676 5119 2796 5174 Vat.
2826 5120 2982 5186 6451,
3017 5120 3087 5175 Et
3119 5123 3235 5176 licet
3271 5119 3366 5178 nos
3393 5125 3448 5178 in
3485 5128 3787 5180 resolutione

2215 5192 2466 5261 corporis,
2489 5200 2592 5246 etc.

2287 5271 2326 5298 ιη
2366 5261 2510 5316 Idem
2541 5261 2666 5317 cod.
2699 5262 2818 5316 Vat.
2851 5261 2984 5316 645i
3014 5303 3028 5329 ,
3053 5279 3156 5317 non
3175 5265 3423 5319 morietur
3441 5267 3494 5320 in
3528 5277 3783 5328 cateruam,

2141 5356 2190 5414 Β
2217 5339 2266 5384 et
2290 5332 2413 5414 licet
2433 5333 2869 5414 marinarum-uit.

2219 5487 2244 5523 Υ
2289 5410 2314 5437 ιι
2353 5401 2496 5458 Idem
2523 5401 2646 5458 cod.
2699 5401 2873 5471 6451,
2923 5406 3312 5460 resurrectionis
3357 5406 3579 5478 gloriam
3624 5407 3786 5478 confe-

2248 5488 2411 5523 anuis.
3255 5508 3267 5520 .

2248 5488 2411 5526 amus.

2529 5542 2651 5598 cod.
2687 5543 2846 5629 sisi,
2878 5545 3159 5629 deinErni
3188 5508 3464 5629 prsidium.

2295 5611 2456 5696 allio
2485 5615 2827 5696 prosequitur
2855 5614 2980 5696 cod.
3118 5611 3302 5696 Crucis
3329 5617 3524 5696 Minor.
3556 5619 3609 5675 in
3653 5617 3788 5673 Lau-

2227 5693 2390 5749 rent.,
2415 5685 2630 5740 omissis
2660 5685 2846 5755 primis
2871 5686 3050 5742 verbis
3083 5703 3095 5740 :
3129 5685 3275 5742 Sicut
3298 5690 3508 5743 scimus.
