4052 6330
315 330 418 388 705

1690 323 1921 383 SERMO
1958 320 2254 383 LXXXVII.

3475 289 3576 355 706

311 450 566 503 rexerunt
587 453 733 501 certe
757 443 868 524 jam
894 444 1118 510 merito;
1149 442 1195 500 si
1223 441 1396 498 adhuc
1415 456 1523 497 non
1546 450 1892 511 sumpserunt
1917 449 1969 506 Α
1993 451 2343 500 monumenta
2364 447 2692 507 constructa,
2718 433 3168 510 quemadmodum
3187 430 3404 504 prodire
3422 431 3580 488 exin-

311 537 578 605 membra,
607 551 885 608 sumpsere
909 537 1020 606 jam
1057 536 1285 605 gratiam
1315 539 1367 603 ¹;
1409 535 1456 591 si
1485 534 1724 590 nondum
1755 534 1892 590 libe-‘

312 629 420 685 rati
447 635 574 684 sunt
617 629 686 684 ab
731 626 917 683 inferis
939 668 953 693 ,
987 627 1198 683 liberati
1242 637 1366 684 sunt
1395 642 1425 681 a
1461 624 1702 697 peccatis
1733 643 1747 678 :
1779 625 1896 692 haec

313 727 398 775 est
419 718 562 774 enim
584 717 759 790 prima
789 718 1132 785 resurrectio,
1175 727 1518 788 peccatorum
1549 717 1786 772 evasisse
1823 724 1901 771 te-

313 812 542 877 nebras,
609 810 818 885 lucem,
871 809 1150 881 possidere
1203 809 1442 879 justitize.
1509 808 1895 864 Verumtamen

315 904 479 959 etiam
504 900 733 958 fortasse
760 903 974 974 plurimi
1015 918 1084 958 ex
1130 902 1319 958 iisdem
1349 902 1524 957 beatis
1573 900 1902 972 martyribus

315 1012 437 1052 cum
463 995 691 1051 Domino
710 995 1162 1050 resurrectionem
1200 993 1557 1064 corporaliter
1585 993 1670 1048 vel
1701 1007 1900 1048 conse-

317 1094 573 1154 quantur,
601 1085 684 1140 vel
725 1084 923 1142 fuerint
971 1085 1270 1142 consecuti.
1322 1083 1452 1138 Nam
1500 1085 1544 1139 si
1568 1084 1799 1154 legimus
1848 1083 1904 1138 in

319 1177 505 1246 prima:
543 1177 952 1231 resurrectionis
997 1176 1320 1242 festivitate,
1368 1177 1666 1231 suscitaute
1706 1190 1766 1230 se
1795 1174 1904 1228 Do-

320 1268 490 1335 mino,
515 1269 683 1323 multa
713 1276 1023 1324 sanctorum
1049 1283 1275 1339 corpora
1302 1269 1558 1323 suscitata
1602 1269 1863 1325 revixisse
1886 1308 1902 1334 ,

321 1367 379 1414 et
409 1359 681 1416 introiisse
712 1359 766 1414 in
787 1368 1029 1418 sanctam
1060 1360 1360 1425 civitatem,
1397 1376 1491 1416 cur
1532 1377 1640 1415 non
1669 1361 1904 1431 quoties-

323 1464 536 1519 cunque
563 1453 972 1510 resurrectionis
992 1451 1110 1522 ejus
1154 1450 1422 1508 festivitas
1463 1452 1791 1520 celebratur,
1823 1459 1908 1508 to-

326 1541 431 1596 ties
461 1556 745 1611 resurgere
771 1543 1051 1599 credamus
1093 1553 1147 1598 et
1172 1552 1391 1598 sanctos
1429 1545 1484 1598 ’?
1511 1541 1612 1598 Ubi
1640 1544 1782 1598 enim
1809 1558 1908 1599 vo-

325 1638 504 1686 torum
524 1634 665 1701 jugis
692 1641 776 1689 est
803 1634 1140 1700 solemnitas,
1172 1635 1344 1704 gratia
1369 1633 1513 1703 jugis
1554 1641 1716 1690 estet
1747 1634 1916 1690 dono-

327 1734 465 1778 rum.
498 1722 604 1780 Sed
628 1722 856 1783 fortasse
893 1727 1014 1798 quis
1045 1727 1234 1783 dicat:
1267 1727 1517 1798 sepulcra
1541 1727 1722 1782 clausa
1768 1735 1914 1792 sunt,

1991 538 2060 594 de
2100 535 2428 608 potuerunt?
2465 533 2536 589 Ut
2583 543 2856 590 taceamus
2900 533 3027 604 quia
3075 527 3255 586 omnia
3301 523 3579 598 possibilia

1992 639 2118 688 sunt
2144 631 2276 698 Deo,
2307 639 2363 685 et
2382 628 2576 685 clausis
2601 627 2790 683 tumuli
2827 624 3192 699 pen‘etralibus
3213 620 3386 694 possit
3411 617 3574 689 spiri-

1998 723 2108 778 tale
2133 724 2302 795 621-
2341 735 2538 790 corpus
2581 718 2837 785 educere;
2868 726 2929 773 ut
2973 717 3089 772 haec
3127 713 3305 770 omnia
3353 715 3579 782 praeter-

2003 816 2238 884 mittam,
2258 812 2481 869 Joannis
2512 820 2688 867 tamen
2716 810 2946 881 apostoli
2972 809 3232 865 habemus
3251 803 3578 874 exemplum,

2005 921 2165 976 quem
2194 903 2432 960 tumulus
2452 910 2760 971 susceptum
2807 899 3055 956 claudere
3083 897 3278 970 potuit,
3311 893 3586 950 custodire

2007 1013 2116 1053 non
2145 997 2353 1068 potuit;
2378 1011 2503 1050 nam
2525 994 2832 1065 dopositum
2871 1007 3064 1063 corpus
3084 988 3335 1062 perdidit,
3349 984 3470 1043 'non
3495 1001 3585 1041 as-

2007 1090 2256 1160 sumpsit.
2287 1087 2387 1143 Bic
2407 1087 2571 1148 enim,
2612 1085 2809 1142 clausis
2836 1083 3026 1138 tumuli
3059 1081 3280 1143 foribus,
3305 1078 3478 1147 gratia
3499 1091 3560 1132 re

2008 1182 2362 1240 surreetionis
2388 1181 2551 1254 622
2601 1177 2811 1233 ablatus
2857 1182 2962 1243 est,
3004 1181 3063 1228 ut
3098 1178 3372 1229 constaret
3405 1167 3586 1239 sepul-

2007 1283 2146 1340 tura,
2191 1289 2291 1329 nee
2318 1271 2651 1328 inveniretur
2677 1267 2936 1338 sepultus.
2972 1263 3214 1332 Denique
3246 1276 3368 1318 cum
3408 1273 3588 1314 sacer-

2007 1366 2162 1422 dotes
2180 1362 2483 1419 honorandi
2529 1375 2692 1417 causa
2721 1372 2919 1429 corpus
2960 1354 3308 1424 inquirerent,
3351 1356 3592 1406 reserato

2009 1455 2179 1522 aditu,
2211 1455 2448 1510 tumulus
2494 1468 2604 1509 non
2646 1451 2821 1522 potuit
2859 1446 3085 1503 reddere
3128 1459 3288 1514 quem
3335 1441 3589 1512 suscepit.

2013 1546 2232 1602 Hostias
2256 1557 2596 1616 ergovseeum
2623 1557 2749 1599 suas
2788 1538 3038 1596 Salvator
3077 1535 3318 1593 suscitat.
3359 1547 3481 1589 cum
3506 1545 3593 1586 re-

2013 1638 2204 1709 surgit.

1610 1818 1879 1882 SERMO
1925 1817 2313 1881 LXXXVII.
2371 1827 2374 1839 '

1418 2005 1428 2014 ,
1468 1945 1599 2000 Item
1631 1944 1694 1999 de
1728 1945 1894 1998 natali
1924 1943 2030 2000 SS.
2069 1952 2355 2015 martyrum
2383 1939 2469 1996 11.

1778 2055 2169 2112 ADMONITIO.

403 2172 568 2258 Iidem
594 2173 886 2258 doctissimi
929 2175 1154 2258 Ma‘urini
1181 2175 1387 2258 praefat:
1434 2173 1500 2228 ad
1529 2173 1672 2258 hunc
1699 2187 2002 2254 sermonem
2023 2189 2178 2258 num.
2223 2172 2291 2228 60
2316 2171 2607 2258 _edit.nopp.
2755 2168 3002 2258 {Anthr-9s.
3030 2165 3160 2258 mihi
3187 2167 3584 2258 auctoresrsu‘nt

335 2260 404 2302 ne
432 2253 524 2301 aut
550 2247 898 2316 scriptoribus
924 2231 1197 2312 codicum:
1219 2255 1310 2299 aut
1340 2241 1840 2316 anauhDreviar.
1860 2244 2142 2316 assentiar,
2172 2243 2420 2316 eumdem
2451 2231 2820 2316 8.’Ᾱειιι)ξ·οείο
2847 2237 3220 2316 tribuentibus.
3241 2231 3606 2316 In_codicibUI

334 2302 716 2386 Sangallensis,
748 2325 804 2371 et
831 2316 887 2371 S.
934 2317 1120 2371 Crucis
1149 2302 1203 2370 in
1233 2315 1528 2371 Jerusalem
1563 2302 1644 2367 '90
1693 2323 1745 2368 et
1783 2315 1853 2370 99
1893 2314 1949 2370 S.
1993 2302 2225 2369 Maximo
2253 2314 2543 2383 ascriptum
2585 2309 2831 2379 legimus.
2867 2306 3014 2364 Unus
3041 2305 3209 2362 codex
3241 2302 3607 2358 Urbevetanus

338 2404 533 2446 nomen
561 2387 616 2443 S.
649 2387 894 2457 Gregorii
924 2386 1098 2456 Magni
1127 2387 1368 2442 exhibet.

338 2477 726 2533 Annuusaruu.
750 2508 821 2518 —
847 2475 953 2531 SS.
985 2485 1238 2548 martyres
1266 2479 1360 2531 etsi
1382 2494 1502 2532 voce
1530 2486 1719 2540 tacent,
1751 2479 1918 2548 facto-
1956 2479 1997 2540 Β
2023 2487 2079 2533 et
2107 2477 2476 2548 superstitiosa
2501 2475 2746 2545 jactatio.
2780 2473 2968 2528 Melius
3000 2485 3131 2541 ergo
3171 2470 3434 2525 docemur
3462 2467 3608 2522 facto

410 2565 522 2602 rum
553 2558 720 2602 tamen
740 2548 960 2631 .virtutc.
982 2564 1090 2629 nos.
1121 2547 1332 2601 edocent
1351 2591 1366 2616 ,
1416 2548 1653 2631 martyrii
1682 2547 1922 2631 paesione

410 2636 505 2673 nos
530 2617 856 2743 pessuadent.
898 2617 1124 2672 Victoria
1158 2627 1233 2672 est
1264 2621 1508 2692 martyris
1528 2617 1782 2691 judicium
1808 2634 1924 2689 per-

412 2705 595 2743 seauen
621 2705 687 2743 is.

412 2705 687 2762 sequentis.

415 2849 474 2904 Si
501 2854 760 2919 quantum
789 2861 876 2902 me
903 2861 1125 2902 necesse
1152 2855 1237 2901 est
1271 2845 1472 2911 dicere,
1503 2853 1559 2900 et
1590 2858 1684 2899 vos
1713 2849 1930 2914 oportet

344 2940 554 3008 audire,
579 2948 788 2995 tantum
816 2940 1067 3012 prosequi
1096 2939 1340 3010 corporis
1369 2939 1476 2994 mei
1504 2945 1685 3009 posset
1708 2936 1930 2992 inﬁrmi-

348 3042 450 3099 tas,
491 3031 732 3103 profecto
762 3047 951 3088 omnes
999 3031 1238 3087 excusati
1283 3047 1551 3096 essemus,
1599 3029 1804 3085 scilicet
1828 3040 1931 3097 ego

348 3125 667 3183 insinuando
695 3134 1042 3196 prasceptum,
1073 3141 1171 3180 vos
1208 3123 1554 3195 exsequendo
1591 3122 1922 3178 mandatum.

349 3216 453 3273 Sed
506 3216 760 3287 quoniam
829 3216 1196 3271 imbecillitate
1249 3217 1592 3286 percellimur
1647 3215 1934 3285 quominus

351 3317 612 3379 quantum
641 3316 856 3380 oportet
878 3307 1060 3363 dicere
1085 3307 1380 3375 valeamus,
1412 3315 1637 3362 excusat
1657 3321 1756 3360 nos
1776 3320 1933 3360 men-

264 3452 266 3455 .
354 3401 423 3456 tis
449 3401 686 3470 devotio,
714 3416 852 3470 quos
893 3415 1000 3455 non
1030 3409 1252 3455 excusat
1294 3399 1690 3471 prmdicationis
1719 3397 1895 3453 oratio
1921 3414 1935 3450 :

290 3518 300 3525 -
355 3490 460 3549 hoc
481 3501 586 3562 est,
615 3493 662 3548 si
690 3507 721 3547 a
742 3491 986 3548 laudibus
1004 3491 1219 3547 Domini
1245 3491 1422 3561 lingua
1450 3504 1742 3552 cessamus,
1773 3487 1940 3542 mira-

317 3643 322 3646 _
355 3582 481 3647 bilia
511 3593 690 3640 tamen
718 3583 846 3655 ejus‘
864 3583 986 3652 fidei
1015 3583 1270 3654 operibus
1315 3581 1694 3653 approbemus.
1745 3578 1805 3635 Si
1833 3594 1940 3634 non

357 3677 626 3750 loquimur
650 3678 829 3734 verbis
847 3679 964 3748 ejus
983 3678 1234 3747 gloriam,
1257 3675 1410 3732 factis
1435 3689 1791 3746 exsequamur
1817 3671 1940 3740 ejus

359 3771 607 3840 gratiam,
633 3771 887 3840 quoniam
911 3769 1068 3825 dictis
1095 3768 1238 3823 facta
1268 3768 1447 3838 priora
1475 3775 1617 3821 sunt.
1669 3764 1802 3819 Nam
1832 3764 1941 3818 Do-

2025 2588 2185 2642 quam
2213 2587 2363 2626 voce.
2400 2569 2641 2639 Denique
2667 2568 2764 2624 SS.
2794 2573 3083 2638 martyres,
3112 2563 3213 2618 etsi
3241 2576 3374 2618 voce
3402 2566 3612 2626 tacent,

2028 2665 2291 2722 factorum
2313 2664 2508 2718 virtute
2528 2677 2627 2717 nos
2647 2661 2908 2725 edocent;
2943 2657 3047 2713 etsi
3071 2656 3249 2724 lingua
3275 2653 3456 2722 silent,
3477 2666 3613 2705 mar-

2030 2759 2156 2830 tyrii
2203 2756 2455 2828 passione
2502 2752 2845 2826 persuadent,
2900 2748 3055 2805 Unde
3099 2745 3347 2817 quamvis
3390 2744 3617 2798 disertus

2031 2858 2218 2906 orator
2243 2847 2491 2904 facundia
2517 2862 2614 2902 sua
2643 2859 2729 2901 me
2756 2844 2972 2911 doceat,
3019 2839 3072 2895 id
3113 2845 3290 2894 tamen
3319 2835 3462 2907 quod
3489 2833 3618 2889 utile

2032 2951 2115 2998 est
2140 2941 2270 2996 mihi
2291 2939 2482 2996 melius
2511 2937 2664 2994 disco
2692 2935 2939 3006 exemplo
2964 2939 3273 3015 sanctorum
3300 2943 3460 2998 quam
3483 2925 3509 2965 ά
3531 2941 3620 2980 as-
3714 2975 3718 2978 _

2034 3033 2275 3090 sertione
2321 3029 2630 3086 verborum.
2681 3027 2851 3082 Citius
2897 3023 3027 3079 mihi
3073 3019 3396 3092 persuadent
3439 3017 3581 3073 oculi
3603 3058 3620 3085 ,

2041 3124 2189 3196 quod
2236 3130 2496 3188 cernunt,
2541 3135 2704 3191 quam
2753 3117 2897 3173 auris
2936 3122 3117 3187 potest
3158 3113 3448 3176 insinuare,
3480 3110 3631 3181 quod-

2037 3215 2278 3288 praeterit
2303 3233 2316 3267 :
2347 3223 2370 3251 °
2395 3211 2601 3267 auditui
2628 3210 2772 3266 enim
2798 3209 2906 3263 cito
2933 3204 3161 3274 subripit
3187 3203 3405 3268 oblivio,
3437 3200 3624 3271 oculo-

2039 3323 2158 3364 rum
2209 3313 2389 3360 autem
2435 3302 2660 3359 historia
2706 3313 2918 3368 semper
2965 3295 3263 3366 inspicitur.
3313 3292 3443 3359 Quis
3482 3291 3622 3345 enim

2041 3417 2149 3456 non
2180 3398 2431 3456 omnibus
2455 3395 2604 3452 horis
2622 3392 3015 3460 momentisque
3040 3388 3338 3459 conspiciat
3364 3383 3622 3456 quemad-

2040 3491 2259 3548 modum
2288 3497 2417 3545 tune
2461 3487 2611 3543 beati
2647 3475 2910 3556 martyres
2956 3488 3177 3553 propter
3199 3491 3399 3533 nomen
3429 3473 3626 3534 Christi

2041 3581 2267 3638 diversis
2293 3578 2608 3648 subjacuere
2635 3574 2930 3646 suppliciis,
2960 3581 3015 3628 et
3041 3571 3109 3627 de
3135 3569 3264 3640 ipsis
3291 3567 3465 3638 poenis
3491 3580 3626 3636 quo-
3721 3575 3726 3580 '

2043 3669 2329 3729 dammodo
2339 3665 2775 3737 triumphabant?
2789 3663 3002 3730 Quanto
3013 3661 3154 3718 enim
3177 3659 3328 3730 plura
3350 3656 3628 3728 patieban-
3732 3683 3736 3688 ~

2045 3771 2150 3828 tur,
2183 3769 2331 3816 tanto
2356 3775 2417 3815 se
2445 3755 2862 3813 virtuosissimos
2899 3768 3019 3809 esse
3061 3750 3371 3807 credebant.
3397 3745 3629 3802 Victoria

361 3835 538 3919 minus
566 3835 620 3918 in
648 3835 938 3932 Iivangelio
960 3863 1033 3916 ita
1056 3859 1218 3930 dicit;
1245 3835 1396 3924 ἕρπε
1418 3861 1598 3931 fecerit
1626 3868 1674 3913 et
1695 3857 1943 3923 docuerit,
1975 3862 2022 3927 α
2051 3854 2197 3910 enim
2217 3861 2300 3909 est
2326 3849 2579 3922 martyris
2611 3846 2869 3918 judicium
2907 3841 3298 3915 persequentis,
3330 3839 3468 3894 sicut
3495 3835 3629 3892 scri-

362 3956 444 4010 hic
473 3972 688 4026 magnus
718 3953 980 4008 vocabitur
1004 3956 1061 4007 in
1103 3969 1260 4024 regno
1307 3951 1548 4007 caelorum
1591 3948 1813 4021 (Matth.
1857 3947 1944 4019 v).

373 4045 535 4102 Vides
568 4061 696 4115 ergo
734 4047 989 4117 quoniam
1015 4044 1265 4116 prmcedit
1293 4043 1524 4112 factum,
1551 4042 1794 4099 doctrina
1822 4039 1951 4096 sub-

367 4143 646 4215 sequitur:
679 4140 943 4211 siquidem
990 4139 1310 4195 benefacere
1336 4139 1510 4210 prima
1553 4135 1800 4192 doctrina
1845 4141 1949 4190 est.

367 4234 715 4291 Cessantibus
741 4225 884 4288 enim
911 4233 1110 4298 verbis,
1141 4232 1246 4286 hoc
1276 4231 1452 4301 ipsum
1482 4229 1647 4284 docet
1673 4226 1949 4282 hominem

369 4341 507 4397 opus
533 4325 790 4396 optimum
808 4322 848 4390 ,”
873 4323 1000 4379 dum
1025 4324 1257 4379 videtur.
1289 4321 1446 4389 Quod
1485 4321 1585 4376 etsi
1633 4334 1766 4375 voce
1793 4332 1954 4374 aures

370 4434 481 4474 nou
524 4417 757 4485 excitet,
786 4415 988 4472 virtute
1028 4424 1205 4470 tamen
1245 4416 1411 4470 corda
1453 4418 1795 4482 compungat.
1823 4409 1954 4478 Quis

370 4509 514 4564 enim
543 4507 742 4563 bonum
771 4505 970 4562 factum
997 4505 1204 4571 videns,
1227 4504 1258 4544 ιι
1294 4520 1403 4560 non
1431 4502 1668 4572 gaudens
1697 4501 1955 4568 imitetur,

373 4616 439 4655 ac
454 4599 620 4654 veluti
634 4599 798 4654 tacito
817 4599 1074 4669 magistro
1096 4605 1254 4654 utens
1268 4595 1384 4666 ejus
1403 4594 1652 4665 exemplo
1667 4591 1958 4649 doceatur?

375 4692 541 4747 Dictis
583 4691 742 4759 igitur
768 4689 907 4746 facta
935 4689 1272 4761 pmeedunt;
1324 4689 1433 4742 imo
1474 4686 1592 4741 sine
1634 4684 1786 4739 factis
1813 4681 1960 4738 dicta

378 4782 507 4836 nihil
535 4790 784 4852 prosunt.
820 4791 843 4820 ο
873 4780 1009 4835 Nam
1053 4780 1176 4834 ideo
1220 4786 1276 4832 et
1317 4776 1576 4832 Dominus
1623 4773 1737 4829 fieri
1764 4771 1954 4838 voluit,

374 4873 452 4928 sic
475 4871 678 4940 doceri,
694 4887 762 4927 ne
779 4871 894 4926 sine
908 4870 1052 4926 bono
1066 4883 1232 4940 opere
1245 4869 1531 4924 verborum
1558 4864 1761 4919 inutilis
1785 4870 1950 4930 esset,

2053 3953 2203 4017 ptum
2250 3951 2368 3999 est:
2399 3949 2456 3995 ut
2496 3941 2672 3995 uincas
2718 3953 2832 3992 cum
2872 3934 3128 4017 judicaris
3157 3930 3341 4002 (Psal.
3368 3931 3455 3999 1.).
3498 3926 3632 3982 Cum

2049 4014 2320 4108 judicatur
2364 4033 2505 4090 enim
2549 4037 2754 4101 martyr
2784 4035 2852 4097 et
2880 4014 3288 4092 condemnatur,
3317 4031 3446 4076 tunc
3472 4018 3633 4073 vineit
3661 4081 3672 4094 .

2052 4137 2216 4199 atque
2244 4125 2556 4199 prosternit.
2586 4123 2704 4179 Tali
2733 4123 2874 4178 enim
2895 4121 3099 4192 judicio
3139 4136 3244 4175 non
3273 4125 3356 4172 est
3401 4113 3646 4170 addictus
3722 4129 3726 4133 ·

2050 4219 2117 4274 ad
2166 4228 2417 4282 mortem,
2469 4216 2564 4273 sed
2615 4215 2893 4271 absolutus
2922 4213 2988 4268 ad
3030 4212 3293 4282 requiem.
3321 4208 3396 4262 Ac
3416 4221 3513 4276 per
3542 4204 3647 4258 hoc

2052 4312 2491 4369 manifestissima
2518 4311 2734 4365 ratione
2762 4308 2956 4363 vicisse
2985 4313 3087 4371 est,
3117 4319 3223 4357 non
3245 4299 3489 4371 periisse.
3515 4294 3652 4349 Con-

2053 4415 2159 4461 stat
2184 4397 2344 4474 igitur
2395 4403 2492 4458 SS.
2545 4409 2810 4471 martyres
2836 4399 2958 4469 plus
2983 4395 3235 4466 passione
3263 4391 3461 4446 docere
3488 4399 3650 4474 quam

2057 4512 2210 4558 voce,
2260 4507 2570 4564 quanquam
2622 4497 2678 4545 et
2721 4489 2835 4559 ipsa
2873 4486 3053 4558 passio
3091 4484 3210 4538 sine
3242 4492 3379 4534 voce
3424 4490 3532 4530 non
3559 4471 3652 4527 sit.

2061 4585 2315 4655 Legimus
2343 4581 2486 4637 enim
2507 4578 2715 4634 animas
2738 4589 2926 4632 eorum
2946 4572 3014 4628 de
3035 4571 3134 4628 sub
3153 4585 3248 4625 ara
3271 4567 3367 4624 Dei
3387 4569 3640 4632 clamare,

2066 4677 2153 4732 vel
2191 4675 2370 4731 dicere
2396 4690 2409 4726 :
2440 4668 2711 4741 Quousque
2746 4673 2955 4721 sanctus
2999 4671 3049 4718 et
3083 4677 3229 4717 verus
3273 4676 3376 4715 non
3415 4657 3642 4714 vindicas

2067 4767 2371 4837 sanguinem
2416 4767 2650 4817 nostrum
2698 4754 2882 4828 (Apoc.
2918 4751 3067 4824 xvr)?
3112 4750 3245 4806 Nam
3293 4755 3348 4807 et
3389 4747 3645 4804 Dominus

2065 4857 2198 4915 dicit
2220 4855 2287 4913 de
2314 4853 2576 4924 sanguine
2596 4847 2729 4904 Abel
2752 4846 2819 4902 ad
2839 4843 2971 4902 Cain
2994 4862 3006 4898 :
3041 4842 3155 4898 Vox
3173 4841 3443 4914 sanguinis
3465 4840 3646 4912 fratris

449 5041 474 5068 ιι
502 5030 636 5085 Cod.
669 5027 736 5084 99
764 5027 821 5082 S.
852 5025 1038 5109 crucis
1066 5025 1121 5079 in
1148 5021 1257 5078 Jer.
1275 5063 1291 5089 ,
1325 5017 1426 5084 Qui
1447 5020 1636 5145 fuerit
1660 5027 1709 5073 et
1735 5017 1964 5098 docuerit
1995 5024 2042 5084 ι)
2067 5014 2183 5085 ﬁeri
2211 5011 2389 5076 voluit,
2419 5016 2468 5062 et
2493 5006 2568 5061 sic
2585 5005 2777 5072 dicere,
2801 5016 2866 5055 ne
2891 4999 3003 5053 sine
3029 4994 3160 5051 bono
3179 5008 3332 5064 opere
3358 4991 3644 5056 verborum,

449 5123 466 5145 ι
503 5116 718 5145 intumus
747 5099 1027 5145 uocabatur.
1064 5103 1168 5145 etc.
1199 5091 1350 5145 Idem
1378 5106 1445 5145 co
1487 5131 1502 5144 .
1532 5089 1624 5145 99.
1656 5087 1756 5145 Qui
1787 5089 1964 5145 fecerit
2071 5091 2197 5145 etc”
3029 5137 3058 5145 η
3157 5136 3182 5145 ν,
3398 5132 3410 5145 ,

374 5105 470 5172 cic,
503 5116 718 5172 magnus
747 5098 1027 5172 vocabitur,
1064 5103 1168 5150 etc.
1199 5087 1350 5149 Idem
1378 5087 1502 5146 cod.
1532 5089 1624 5157 99,
1656 5087 1756 5153 Qui
1785 5087 1964 5159 fecerit

377 5169 470 5234 sic,
503 5181 550 5224 et
580 5168 808 5224 docuerit
835 5168 929 5232 sic,
962 5174 1068 5222 etc.

455 5226 477 5279 ί’
512 5239 746 5307 Uterque
775 5226 984 5292 code.
1015 5235 1214 5307 Crucis
1232 5235 1284 5289 in
1314 5233 1423 5288 Jer.
1456 5239 1511 5286 et
1538 5229 1662 5307 c_od_.
1683 5226 1963 5292 Urbevet.,

380 5320 436 5366 ut
465 5328 566 5366 non
594 5301 838 5381 gaudeat,
856 5308 1100 5381 miretur,
1125 5305 1466 5381 imitetur,_ec
1487 5301 1794 5381 ueintinetc.

461 5394 482 5422 ε
514 5370 661 5436 ωεῖη
701 5370 1134 5440 οοὰξυτιηνθῐη
1186 5373 1330 5428 Nam
1374 5373 1488 5426 ideo
1530 5370 1783 5425 Dominus
1807 5375 1963 5422 antea

460 5517 476 5549 ι
521 5515 665 5570 Dixit
683 5512 741 5568 S.
766 5510 1069 5582 episcopus,
1093 5516 1375 5582 martyres,
1396 5504 1492 5582 qui
1515 5501 1750 5582 nondum
1780 5513 1963 5582 resur-

387 5594 644 5642 rexerunt
662 5586 718 5639 in
744 5571 926 5638 inferis
944 5571 1158 5650 quidem
1190 5571 1434 5650 retineri,
1463 5576 1672 5650 hoc_est
1698 5571 1761 5650 in,
1783 5578 1965 5649 tumu-

389 5640 608 5723 lis—,vsed
637 5663 814 5709 tamen
837 5668 868 5706 a
893 5640 1126 5722 peccatis
1147 5649 1346 5723 liberos
1378 5646 1511 5700 fore.
1543 5643 1656 5698 lloc
1679 5649 1859 5723 autem
1892 5640 1974 5692 in-

391 5711 734 5794 ﬁlligendum
763 5732 846 5779 est
864 5711 931 5777 de
959 5720 1292 5794 corporibus,
1324 5724 1636 5794 nouantem
1666 5711 1731 5765 (le
1765 5711 1973 5764 anima-

392 5797 496 5859 bus
509 5787 802 5852 immortali
827 5794 945 5850 luce
966 5793 1034 5847 ab
1057 5787 1208 5846 bbitu
1240 5787 1549 5843 fruenlibus.

2071 5091 2345 5208 el(dubiem
2372 5149 2493 5222 cod.
2526 5146 2804 5222 Urbevet.,
2831 5136 3282 5222 45m‘i09‘,’
3307 5132 3628 5222 υεῖίῖοἷῗῗῖζι

2145 5235 2169 5262 ο
2199 5201 2345 5278 Iden—1
2377 5201 2508 5276 $7.6.
2542 5201 2818 5279 Urbevet.,
2845 5201 3104 5279 'Auditunt
3126 5206 3278 5279 enim
3297 5201 3425 5279 _citg
3455 5201 3650 5279 obrepit

2071 5269 2863 5352 οὺιίῡῖῖῆσᾶῖο-ίαῆίῆἱὶὶόήᾶ,
2893 5289 3000 5337 etc.
3031 5276 3162 5334 Cod.
3193 5273 3261 5328 90
3295 5273 3352 5328 S.
3384 5271 3571 5326 Crucis
3599 5269 3650 5324 in

2073 5363 2182 5420 Jer.
2215 5365 2291 5418 ita
2315 5362 2470 5432 legit.

3005 5136 3282 5191 disertione
3307 5132 3590 5202 uerborum.

2137 5501 2158 5531 ³
2198 5497 2322 5554 Fuit
2348 5511 2479 5552 sane
2503 5490 2793 5565 peculiaris
2809 5485 3057 5565 quasdam
3098 5468 3643 5565 Maximi‘cpiniﬁinn

2070 5549 2560 5625 annuawdominica:
2599 5549 3027 5617 Resurre'etionis
3072 5549 3414 5606 solemnitate
3457 5555 3646 5625 corpo-

2071 5624 2241 5694 ralem
2281 5634 2638 5707 quorumdam
2691 5635 3005 5685 sanctorum
3062 5627 3354 5686 martyrum
3413 5624 3646 5667 resurre-

2076 5704 2317 5766 ctioneui
2349 5704 2619 5762 renovari.
