4052 6330
632 347 735 410 711
836 346 842 356 ’

1820 349 1874 402 S.
1916 341 2164 400 MAXIM!
2202 342 2339 400 TAU
2347 343 2653 402 RlNENSlS
3735 365 3813 424 7|!

645 467 1022 523 inclusarum.
1050 495 1132 546 +-
1161 462 1220 546 S_i
1241 464 1456 546 justi
1476 461 1698 546 Domino
1725 465 1996 546 ltel‘anlur,
2026 464 2212 546 injusti
2238 464 2292 525 Α
2316 462 2514 520 Christi
2561 464 2718 530 facit,
2771 465 3066 522 admonens
3113 466 3397 538 Apostolus
3442 481 3498 528 ut
3535 477 3813 546 przet‘emm

704 553 806 591 non
834 543 1085 591 noverunt
1113 534 1281 589 latori
1309 536 1411 588 nisi
1441 536 1493 589 in
1520 537 1727 589 sarculo.
1788 535 1997 589 Caritas
2021 534 2213 588 Christi

703 607 893 662 mundo
927 604 1246 678 praeferenda
1268 615 1382 678 est;
1408 605 1743 678 eligendaque
1769 615 2056 678 martyrum
2085 620 2213 658 cau-

703 695 781 740 sa,
814 679 859 732 si
886 676 1096 731 velimus
1125 677 1386 734 pervenire
1414 676 1492 730 ad
1510 676 1795 748 martyrum
1821 676 2071 746 palmam.

661 839 663 841 ’
706 832 839 888 Cum
869 833 984 887 dies
1009 831 1106 887 SS.
1138 839 1437 905 martyrum
1468 840 1584 901 est,
1638 831 1778 887 mide
1804 825 1984 900 potius
2018 827 2215 898 aliquid

633 926 884 988 delectet,
915 925 1016 980 nisi
1043 925 1111 980 de
1139 925 1308 994 gloria
1337 925 1616 996 ipsorum?
1647 924 1875 994 Adjuvet
1909 938 2006 977 nos
2036 921 2218 976 Domi-

636 1035 736 1072 nus
763 1026 1086 1089 martyrum,
1133 1019 1261 1087 quia
1299 1018 1412 1088 ipse
1445 1027 1528 1073 est
1558 1018 1817 1073 Dominus
1856 1024 2060 1071 noster.
2111 1013 2220 1069 Vo-

635 1123 754 1163 cem
797 1117 1091 1180 martyrum
1140 1108 1487 1164 audiebamus
1525 1109 1686 1179 paulo
1725 1117 1850 1163 ante
1886 1108 2048 1162 beato
2087 1121 2220 1177 apo-

635 1200 776 1254 stolo
807 1199 1157 1270 pnedicante,
1192 1215 1255 1254 ac
1281 1199 1532 1256 dicente:
1585 1200 1713 1265 Quis
1760 1218 1856 1256 nos
1896 1199 2158 1271 separabit
2186 1216 2219 1253 a

545 1271 549 1276 ’
635 1292 850 1345 caritate
878 1291 1104 1345 Christi?
1139 1291 1242 1346 Ista
1273 1300 1355 1346 est
1391 1307 1495 1346 vox
1524 1301 1838 1364 martyrum.
1899 1291 2221 1345 Tribulatio?

636 1383 916 1456 angustia?
941 1385 1261 1454 persecutio?
1288 1403 1354 1437 an
1378 1386 1578 1456 fames?
1609 1401 1674 1438 an
1707 1383 1954 1439 ttuditas?
1979 1401 2047 1437 an
2075 1386 2218 1455 peri-

637 1475 845 1528 culum?
875 1491 944 1528 an
973 1474 1212 1546 gladius?
1246 1474 1390 1528 Sicut
1419 1475 1665 1544 scriptum
1689 1484 1764 1528 est
1794 1491 1811 1528 :
1844 1473 1978 1538 Quia
2013 1481 2222 1544 propter

637 1573 687 1619 te
714 1566 1087 1635 mortiﬁcamur
1106 1573 1213 1619 tota
1236 1565 1337 1630 die,
1369 1564 1598 1628 deputati
1629 1582 1803 1619 sumus
1830 1565 1960 1619 velut
1989 1581 2105 1619 oves
2130 1581 2220 1618 oc-

638 1657 869 1711 cisionis.
921 1655 1028 1711 Sed
1044 1659 1099 1710 in
1136 1657 1214 1709 his
1251 1657 1485 1710 omnibus
1531 1674 1832 1728 superamus
1860 1675 1954 1730 per
1986 1675 2102 1711 eum
2136 1659 2222 1730 qui

640 1749 818 1802 dilexit
843 1765 935 1802 nos
965 1747 1140 1818 (Rom.
1167 1747 1299 1819 vm).
1327 1747 1451 1804 Hinc
1479 1759 1562 1803 est
1579 1765 1685 1803 vox
1705 1758 2020 1820 martyrum,
2044 1749 2224 1803 omnia

2318 559 2598 614 caritatem
2641 559 2836 614 Christi
2876 558 3094 614 mundo.
3121 557 3363 626 Quantas
3377 568 3624 633 angustias
3647 575 3813 640 patiun-

2317 658 2408 706 tur
2431 651 2524 720 qui
2557 652 2740 707 volunt
2766 668 2960 723 rapere
2987 669 3075 712 res
3097 653 3314 709 alienas.
3338 655 3414 712 An
3434 663 3716 731 persecutio,
3735 668 3816 724 ait?

2319 749 2374 796 et
2397 743 2506 811 ipsa
2535 759 2639 798 non
2657 741 2882 813 frangit,
2905 744 3126 799 avaritia
3151 753 3393 801 terretur.
3418 747 3605 807 Avarus
3620 756 3753 826 rapit,
3771 775 3819 815 ac

2320 836 2472 892 timet
2492 853 2726 908 prenam,
2753 854 2817 893 ac
2838 846 3026 894 aestuat
3048 837 3100 894 in
3121 841 3306 910 rapina
3331 860 3344 895 :
3368 844 3511 899 multi
3530 847 3652 903 enim
3670 850 3819 909 famem

2318 927 2616 998 patiuntur,
2663 929 2791 984 dum
2838 930 3122 999 acquirunt
3161 939 3217 986 et
3261 931 3457 989 faciunt
3481 936 3638 1006 lucra;
3674 944 3821 1012 quibus

2317 1019 2661 1089 praecipimus
2676 1019 2942 1090 jejunare,
2969 1030 3026 1077 et
3044 1032 3303 1078 excusant
3322 1023 3387 1080 de
3407 1031 3676 1086 stomacho.
3695 1032 3823 1091 Vacet

2319 1108 2424 1165 illis
2455 1119 2567 1165 tota
2597 1109 2684 1165 die
2709 1111 2910 1167 solidos
2938 1127 3277 1182 enumerare,
3320 1123 3374 1169 et
3409 1114 3568 1186 jejuni
3592 1120 3819 1180 dormiant.

2321 1197 2403 1255 An
2433 1201 2682 1256 nuditas?
2735 1202 2967 1272 utquid
3012 1203 3186 1259 dicam
3233 1205 3302 1259 de
3350 1206 3605 1264 nuditate?
3635 1211 3826 1279 Quotidie

2322 1294 2689 1362 negotiatores
2716 1294 2783 1349 de
2825 1295 3102 1364 naufragio
3150 1295 3280 1351 nudi
3327 1299 3564 1369 evadunt,
3593 1311 3642 1358 et
3676 1305 3824 1363 iterum

2321 1387 2574 1455 navigant
2602 1385 2667 1440 ad
2696 1389 3015 1457 periculum.
3071 1387 3226 1445 Unde
3265 1391 3501 1459 quotidie
3526 1395 3828 1464 periclitantur

2321 1479 2601 1534 homines?
2629 1478 2729 1534 nisi
2751 1489 2972 1552 propter
2998 1480 3212 1536 divitias
3233 1484 3606 1551 acquirendas?
3629 1486 3720 1544 Nec
3741 1491 3826 1558 gla-

2324 1569 2446 1626 dius
2475 1570 2746 1642 prohibet.
2778 1571 3019 1642 Capitale
3045 1573 3249 1627 crimen
3288 1583 3370 1629 est
3396 1575 3603 1643 falsitas;
3630 1586 3676 1633 et
3698 1586 3830 1635 tamen

2323 1663 2487 1733 629
2513 1663 2895 1718 comminuitur
2923 1664 3227 1720 haereditas.
3271 1661 3328 1720 Si
3356 1669 3614 1735 ergo-hoc
3650 1679 3830 1727 meretur

2329 1755 2640 1824 temporalis
2682 1755 2977 1841 cupiditas,
3029 1773 3198 1826 quare
3241 1773 3352 1813 non
3396 1769 3647 1815 mereatur
3685 1761 3831 1818 Christi

639 1851 928 1908 superare,
981 1848 1035 1893 et
1071 1837 1139 1894 de
1168 1853 1228 1894 se
1256 1839 1388 1893 nihil
1429 1855 1774 1910 przesumere.
1815 1839 1966 1894 illum
1995 1839 2219 1909 diligere
2252 1837 2300 1915 Β
2327 1846 2646 1902 hzereditas?
2673 1837 2880 1902 Avarus
2908 1848 3113 1903 diceret
3160 1849 3212 1902 in
3262 1846 3426 1905 corde
3467 1867 3576 1916 suo,
3617 1853 3694 1921 qui
3731 1852 3831 1908 forte

639 1928 733 1998 qui
762 1928 1024 1995 gloriatur
1061 1929 1115 1983 in
1158 1929 1292 1993 suis,
1340 1938 1400 1983 ut
1425 1931 1516 1998 qui
1547 1930 1838 1999 gloriatur,
1897 1931 1951 1985 in
1991 1929 2222 1986 Domino

638 2019 914 2088 glorietur.
981 2018 1251 2074 Noverunt
1297 2027 1352 2074 et
1392 2020 1497 2086 illi,
1555 2019 1702 2090 quod
1748 2037 1847 2078 nos
1881 2018 2256 2076 'cantavimus'

641 2111 804 2181 paulo
829 2120 953 2166 ante
981 2129 993 2164 :
1037 2109 1310 2166 Ltetamini
1336 2115 1391 2166 in
1413 2111 1657 2176 Domino,
1705 2122 1754 2166 et
1778 2115 2052 2180 exsultate,
2090 2115 2226 2184 justi

641 2201 1080 2275 (Psal.xxx1).ln
1105 2204 1331 2260 Domino
1353 2205 1606 2260 hetamini
1633 2215 1688 2261 et
1714 2207 2000 2262 exsultate.
2019 2206 2074 2262 Si
2094 2207 2225 2275 justi

643 2296 698 2351 in
726 2296 953 2352 Domino
982 2298 1248 2366 laetantur,
1265 2298 1467 2369 .injusti
1487 2316 1618 2356 vero
1639 2317 1748 2356 non
1771 2294 2036 2357 noverunt
2054 2301 2226 2356 laetari

642 2387 745 2442 nisi
769 2389 820 2442 in
843 2388 1058 2444 steculo.
1081 2388 1186 2444 Sed
1209 2390 1336 2460 ipsae.
1357 2400 1481 2446 sunt
1501 2391 1686 2461 primm
1706 2393 1850 2449 acies
1864 2391 2220 2448 debellandae:

638 2479 813 2550 primo
846 2481 1122 2536 vincenda:
1151 2490 1276 2536 sunt
1298 2481 1715 2549 delectationes,
1772 2493 1828 2539 et
1854 2496 2044 2555 postea
2072 2484 2227 2539 dolo-

640 2586 747 2627 res.
781 2571 1068 2638 Quomodo
1098 2581 1278 2644 potest
1305 2589 1562 2644 superare
1601 2574 1857 2629 mundum
1890 2575 2222 2640 saevientem,

637 2663 730 2732 qui
757 2678 865 2716 non
893 2671 1082 2732 potest
1127 2663 1312 2732 fugare
1355 2667 1758 2722 blandientem?
1815 2667 2094 2722 Blanditur
2138 2669 2225 2722 hic

639 2755 869 2810 mundus
916 2757 1221 2825 pollicendo
1275 2760 1546 2828 honores,
1599 2760 1853 2828 divitias,
1897 2761 2221 2832 voluptates.

640 2845 875 2902 Minatur
903 2848 992 2902 hic
1031 2849 1261 2905 mundus
1308 2852 1632 2907 intendendo
1660 2852 1902 2920 dolores,
1935 2862 2222 2922 egestates,

639 2935 987 2996 humilitates.
1012 2941 1115 3008 Qui
1141 2958 1247 2998 non
1269 2945 1566 2998 contemnit
1592 2945 1735 3015 quod
1760 2946 2066 3016 pollicetur,
2090 2963 2226 3017 quo-

639 3029 803 3085 modo
823 3047 1080 3101 superare
1100 3041 1279 3102 potest
1298 3034 1443 3104 quod
1463 3036 1733 3091 minatur?
1763 3036 1970 3092 Habent
1989 3039 2224 3094 delecta-

639 3121 844 3176 tionem
889 3138 1040 3178 suam
1087 3123 1305 3194 divitiae,
1354 3124 1496 3196 quis"
1521 3129 1724 3183 nescit?
1751 3129 1858 3184 Sed
1903 3131 2023 3201 plus
2061 3131 2224 3187 habet

2322 1957 2431 2013 npn
2453 1939 2661 1995 diceret
2683 1941 2735 1995 in
2763 1941 2944 2010 lingua
2966 1957 3059 1996 sua
3087 1960 3099 1994 :
3127 1941 3258 2008 Quis
3287 1959 3386 1998 nos
3407 1945 3654 2014 separabit
3674 1961 3700 2000 a
3721 1947 3832 2016 cupi-

2325 2032 2495 2088 ditate
2527 2034 2652 2087 tua?
2682 2031 3012 2100 Tribulatio,
3045 2051 3114 2089 an
3162 2037 3439 2104 angustia,
3469 2053 3534 2091 an
3559 2039 3834 2108 persecutio?

2325 2122 2560 2179 Possunt
2589 2132 2644 2179 et
2671 2125 2822 2179 avari
2848 2125 3029 2179 dicere
3073 2141 3227 2193 auro,
3258 2126 3485 2198 Propter
3509 2137 3561 2184 te
3601 2129 3834 2186 occidimur

2327 2224 2438 2271 tota
2492 2216 2597 2271 die.
2651 2214 2864 2286 Optime
2918 2233 3049 2287 ergo
3105 2219 3278 2274 sancti
3324 2229 3576 2293 martyres
3616 2222 3766 2276 dicunt
3797 2221 3833 2276 in

2324 2311 2532 2382 psalmo
2561 2328 2576 2363 :
2604 2308 2791 2365 Iudico
2819 2310 2918 2378 me,
2946 2309 3115 2378 Deus,
3149 2321 3198 2366 et
3225 2313 3461 2369 discerne
3495 2331 3682 2368 causam
3712 2317 3835 2368 mm

2325 2405 2390 2457 de
2417 2415 2562 2475 gente
2608 2420 2711 2458 non
2758 2411 2961 2472 sancta,
3010 2407 3073 2456 ab
3120 2405 3329 2460 homine
3359 2407 3528 2479 iniquo
3552 2405 3834 2478 (PsaldLn).

2325 2495 2600 2560 Discerne,
2628 2497 2821 2566 inquit,
2846 2497 3247 2553 tribulationem
3263 2483 3482 2567 lineam;
3511 2500 3786 2556 tribulantur
3800 2507 3837 2553 et

2325 2589 2490 2644 avari.
2529 2589 2776 2644 Discerne
2804 2589 3077 2660 angustias
3118 2606 3298 2658 meas;
3331 2592 3597 2663 patiuntur
3632 2590 3838 2660 angustias

2327 2690 2382 2737 et
2409 2683 2577 2737 avari.
2612 2683 2868 2739 Discerne
2911 2686 3320 2754 persecutiones
3349 2701 3515 2752 meas,
3541 2684 3774 2756 patiunttr
3801 2688 3840 2736 et

2326 2775 2492 2829 avari.
2527 2775 2780 2832 Discerne
2809 2775 3004 2831 famem
3031 2792 3238 2845 meam;
3286 2795 3388 2850 pro
3416 2793 3546 2844 auro
3585 2773 3841 2846 acquirendo

2327 2867 2568 2921 esuriunt
2595 2875 2650 2921 et
2676 2868 2843 2922 avari.
2875 2867 3130 2924 Discerne
3166 2879 3406 2926 mortem
3432 2885 3626 2936 meatu;
3645 2883 3728 2940 pro
3747 2882 3842 2922 θυι-ο

2326 2959 2632 3013 moriuntur
2653 2967 2707 3014 et
2738 2961 2904 3014 avari.
2932 2960 3069 3027 Quid
3091 2969 3174 3016 est
3193 2961 3448 3019 discerne
3467 2977 3665 3019 causam
3681 2959 3842 3016 meam?

2327 3047 2554 3120 Propter
2584 3059 2636 3106 te
2673 3051 3116 3109 mortificabimur
3145 3061 3256 3109 tota
3300 3055 3419 3123 die;
3453 3055 3526 3110 illi
3548 3070 3646 3110 non
3678 3059 3843 3124 propter

2327 3148 2399 3196 te.
2426 3141 2625 3196 Similis
2651 3157 2830 3211 pinna,
2870 3143 3032 3215 630
3059 3146 3156 3200 sed
3177 3145 3417 3201 discreta
3444 3160 3616 3201 causa.
3646 3143 3730 3198 Ubi
3751 3155 3844 3211 ergo

639 3211 913 3270 delectare
936 3215 1162 3285 justitia.
1194 3217 1301 3273 Sed
1326 3218 1597 3275 delectent
1625 3221 1822 3276 divitizc
1850 3238 1972 3279 cum
1995 3223 2221 3292 justitia,
2251 3211 2298 3273 Ο
2328 3231 2558 3287 discreta
2587 3249 2748 3289 causa
2767 3275 2785 3302 ,
2812 3211 2965 3289 certe
2984 3211 3066 3291 est
3087 3237 3338 3292 victoria.
3365 3235 3424 3293 Si
3452 3251 3604 3308 ergo,
3623 3232 3844 3299 carissimi.

638 3305 729 3360 ubi
751 3307 872 3388 talis
893 3308 1148 3364 articulus
1169 3311 1481 3367 tentationis
1502 3312 1778 3382 acciderit,
1801 3322 1860 3368 ut
1878 3313 1984 3370 duo
2005 3316 2224 3372 veniant

556 3456 564 3465 ,
637 3397 694 3452 in
724 3399 1020 3455 tentatione
1039 3401 1257 3469 divitiae,
1283 3411 1338 3457 et
1353 3403 1591 3472 justitiae,
1616 3414 1675 3460 ut
1694 3423 1802 3462 non
1825 3410 1998 3478 possis
2018 3417 2224 3464 utrum-

636 3502 742 3564 que
769 3489 970 3546 habere
1004 3493 1227 3562 :equale.
1262 3493 1367 3548 Sed
1397 3495 1443 3550 si
1471 3495 1683 3552 miseris
1724 3513 1941 3553 manum
1971 3499 2038 3554 ad
2060 3499 2224 3569 justi.

637 3577 763 3647 tias,
795 3589 1018 3650 pereant
1045 3581 1265 3636 divitim.
1299 3583 1406 3640 Sed
1436 3585 1481 3640 si
1509 3586 1719 3642 miseris
1747 3604 1965 3644 manum
1989 3590 2058 3645 ad
2085 3591 2223 3646 divi-

637 3668 760 3736 tias,
786 3685 1007 3726 necesse
1047 3681 1132 3727 cst
1176 3683 1236 3728 ut
1281 3676 1496 3732 amittas
1529 3675 1811 3746 justitiam.
1859 3679 2018 3736 Modo
2063 3682 2221 3752 elige,

638 3758 801 3814 modo
849 3774 1043 3830 pugna.
1094 3763 1253 3820 Modo
1299 3766 1611 3835 videamus,
1660 3771 1704 3824 si
1752 3787 1861 3825 non
1902 3772 2020 3828 sine
2063 3789 2223 3830 causa

638 3851 912 3906 cantasti:
951 3851 1230 3910 Ltetamini
1269 3858 1325 3910 in
1373 3857 1616 3924 Domino,
1666 3871 1715 3916 et
1763 3863 2044 3930 exsultate,
2069 3867 2220 3938 justi.

638 3939 796 3998 Modo
824 3944 1116 4011 videamus,
1145 3949 1188 4002 si
1219 3965 1325 4004 non
1356 3951 1472 4006 sine
1493 3969 1655 4008 causa
1678 3957 1905 4012 cantasti
1933 3977 1945 4010 :
1974 3956 2102 4022 Quis
2130 3976 2225 4016 nos

639 4034 898 4098 separabit
943 4053 973 4088 a
1022 4039 1237 4092 caritate
1269 4039 1459 4096 Christi
1491 4043 1665 4114 (Rom.
1693 4047 1853 4118 vin)?
1900 4047 1964 4102 Et
2009 4051 2224 4120 quidem

639 4124 981 4191 praetermisit
1011 4128 1188 4182 omnia
1217 4131 1411 4199 quibus
1439 4134 1711 4191 blanditur
1737 4139 1985 4195 mundus.
2011 4141 2224 4208 Quare?

639 4210 774 4279 Quia
801 4216 1093 4271 certamina
1141 4229 1434 4292 martyrum
1477 4228 1874 4293 pronuntiabat.
1925 4230 2017 4285 Illa
2046 4243 2223 4289 certa—

639 4304 802 4372 mina,
835 4307 925 4361 ubi
949 4309 1192 4365 vicerunt
1218 4315 1638 4384 persecutiones,
1665 4319 1881 4388 famem,
1906 4324 2068 4392 sitim,
2101 4340 2225 4395 ege-

639 4405 854 4469 statem,
887 4399 1230 4469 ignominiam
1249 4443 1264 4468 ,
1296 4405 1364 4459 ad
1393 4415 1690 4464 extremum
1721 4411 1965 4469 timorem
2010 4419 2219 4486 mortis,

637 4496 849 4555 hostem
879 4499 1246 4557 novissimum.
1296 4501 1405 4558 Sed
1434 4502 1642 4573 videte,
1675 4506 1879 4565 fratres.
1934 4519 2104 4568 totum
2134 4532 2222 4573 ars

2325 3326 2721 3382 solemnitatem
2748 3337 3041 3401 martyrum
3063 3347 3334 3403 amamus,
3359 3347 3594 3388 amemus
3621 3332 3667 3386 in
3691 3329 3754 3385 eis
3769 3343 3844 3382 non

2326 3417 2634 3487 passiones,
2664 3419 2758 3474 sed
2786 3435 2976 3476 causas
3003 3423 3342 3494 passionum.
3380 3424 3512 3480 Nam
3540 3425 3584 3480 si
3610 3434 3846 3478 amaremus

2325 3509 2622 3577 passiones,
2653 3510 2852 3566 multos
2872 3511 3138 3568 inventuri
3161 3530 3356 3570 sumus
3377 3518 3469 3588 qui
3491 3516 3661 3588 pejora
3682 3513 3844 3585 patiun—

2325 3606 2414 3654 tur
2439 3599 2492 3654 in
2522 3602 2697 3656 causis
2725 3603 2899 3659 malis.
2931 3603 3039 3660 Sed
3067 3621 3258 3664 causas
3293 3609 3645 3665 attendamus.
3674 3607 3846 3663 Cntcem

2324 3689 2524 3747 Christi
2565 3693 2866 3750 attendite:
2899 3696 2970 3750 ibi
2999 3706 3116 3752 erat
3155 3695 3445 3766 Christus,
3479 3701 3561 3765 ibi,
3577 3709 3627 3755 et
3651 3699 3848 3754 latrones.

2325 3783 2527 3842 Similis
2554 3803 2735 3858 paena,
2765 3788 2860 3843 sed
2887 3789 3160 3845 dissimilis
3186 3807 3380 3850 causa.
3407 3791 3552 3848 Unus
3579 3793 3699 3847 latro
3717 3786 3846 3846 credi-

2325 3878 2422 3945 dit,
2449 3879 2583 3934 alius
2623 3881 3030 3951 blasphemavit.
3077 3883 3344 3941 Dominus
3373 3895 3620 3958 tanquam
3642 3885 3700 3940 de
3726 3883 3846 3937 tribu-

2326 3970 2436 4024 nali
2479 3971 2619 4025 inter
2646 3971 2836 4027 ambos
2875 3972 3171 4042 judicavit:
3206 3976 3360 4032 illum
3409 3979 3502 4047 qui
3530 3970 3847 4036 blasphemavit

2326 4059 2380 4113 in
2406 4067 2684 4127 tartarum,
2736 4062 2898 4117 alium
2944 4064 2996 4118 in
3039 4064 3348 4135 paradisum
3398 4084 3580 4124 secum
3608 4073 3847 4124 constituit.

2326 4147 2503 4215 Quare
2547 4151 2686 4206 hoc?
2712 4150 2854 4218 Quia
2877 4155 2978 4208 etsi
3022 4171 3174 4226 aequa
3229 4173 3413 4227 paena,
3464 4159 3557 4214 sed
3603 4159 3750 4229 impar
3769 4159 3848 4208 erat

2327 4256 2508 4296 causa.
2541 4240 2733 4310 Eligite
2761 4258 2889 4312 ergo
2919 4255 3214 4318 martyrum
3243 4265 3504 4319 causam,
3535 4252 3578 4306 si
3603 4249 3744 4305 vultis
3764 4259 3851 4315 per-

2324 4335 2510 4388 venire
2538 4335 2605 4389 ad
2633 4343 2925 4407 martyrum
2948 4339 3337 4407 palmam.-Per
3358 4343 3641 4399 Dominum
3667 4346 3851 4395 nostrum

2325 4427 2506 4483 Jesum
2535 4426 2824 4498 Christum,
2849 4431 2938 4486 cui
2958 4443 3042 4488 est
3067 4433 3237 4500 gloria
3267 4436 3326 4491 in
3359 4438 3557 4494 saecula
3579 4435 3852 4493 saeculorum.

2327 4519 2519 4574 Amen.

2049 4610 2317 4677 SERMO
2362 4615 2496 4677 XC.

1582 4679 1736 4765 'Item
1755 4711 1820 4768 de
1841 4714 2005 4770 natali
2047 4717 2154 4774 SS.
2188 4723 2530 4790 plurimorum
2557 4679 2846 4791 martyrum
2884 4720 2948 4776 γ.

2095 4812 2485 4869 ADMONITIO.

707 4875 1703 4987 illfsgfgfggzkatet‘anlfol._'_c‘xcrv
1729 4915 1759 4953 a
1787 4908 1939 4970 tergo
1960 4903 2048 4960 hic
2075 4905 2203 4961 item
2232 4916 2409 4965 exstat
2437 4923 2614 4987 sermo
2635 4904 2694 4963 S.
2721 4907 2934 4963 Maximi
2963 4909 3258 4981 inscriptus
3280 4927 3548 4981 nomine;
3577 4927 3693 4968 cum
3710 4910 3854 4964 tituto:

641 4945 716 5000 De
746 4953 909 5004 natali
940 4954 1276 5023 plurimorum
1305 4945 1608 5034 mut-turum:

641 5037 1025 5098 Ancuuenrvu.
1051 5077 1120 5088 —-
1157 5049 1286 5104 Vere
1326 5052 1507 5108 hostire
1546 5057 1728 5112 dicend

705 5113 1095 5208 _
1140 5117 1250 5208 Deo
1299 5125 1612 5208 sacriﬁcium
1627 5113 1834 5208 laudis
1843 5113 1872 5197 ’,τ
1884 5113 1895 5116 ﬁ

705 5197 843 5236 mors
872 5194 1096 5255 pretiosa
1124 5200 1200 5244 est
1228 5194 1283 5244 in
1312 5194 1586 5267 conspectu
1618 5197 1850 5256 Domini.

703 5314 951 5374 Gaudere
978 5328 1034 5375 et
1061 5323 1330 5381 exsultare
1359 5326 1637 5394 debemus,
1671 5330 1888 5402 fratres,
1917 5336 2042 5405 quia
2071 5337 2221 5396 festi-

635 5408 795 5468 vitati.
812 5420 1010 5467 nostrze
1036 5417 1264 5473 accessit
1283 5433 1476 5487 magna
1501 5421 1780 5489 festivitas,
1805 5434 1859 5480 et
1879 5436 2006 5481 vota
2035 5438 2216 5484 nostra

635 5503 772 5556 votis
795 5512 919 5557 sunt
953 5507 1242 5564 cumulata.
1271 5508 1538 5564 Gaudium
1586 5515 1784 5568 etenim
1833 5531 2083 5585 magnum
2131 5529 2215 5574 est

632 5594 752 5648 cu'nt
781 5599 1194 5666 superveniente
1235 5601 1392 5656 nobis
1422 5601 1587 5657 natali
1632 5613 1928 5678 martyrum
1958 5624 2212 5678 superve-

631 5685 774 5739 nerit
802 5696 853 5739 (ι
895 5691 1164 5749 sacerdos.
1215 5693 1370 5758 Quod
1417 5695 1630 5765 quidem
1661 5697 1840 5754 divina
1872 5701 2208 5771 providentia

632 5771 833 5830 factum
850 5787 1007 5846 puto,
1029 5791 1088 5840 ut
1106 5785 1230 5852 quia
1259 5790 1609 5855 procuranda:
1629 5800 1784 5846 erant
1806 5792 1997 5849 hostia:
2017 5793 2210 5850 Salva-

1731 5062 1900 5146 isunt
1937 5076 2218 5146 martyres,
2251 5071 2301 5132 D
2329 5071 2492 5138 toris,
2523 5073 2758 5128 occurrit
2802 5071 3046 5143 pontifex
3086 5072 3411 5143 Salvatoris,
3445 5079 3649 5135 scilicet
3688 5073 3857 5146 gloriam

2327 5161 2722 5232 praedicationis
2750 5177 2958 5230 eorum,
2989 5165 3116 5235 quia
3147 5166 3432 5238 explicare
3474 5185 3616 5226 unus
3637 5182 3734 5224 non
3755 5158 3860 5218 sufﬁ-

2324 5261 2492 5319 ceret,
2516 5254 2601 5308 vel
2628 5254 2766 5310 alter
2788 5254 3062 5325 impleret;
3093 5264 3368 5328 quatenus
3394 5269 3455 5316 et
3482 5268 3732 5331 martyres
3751 5264 3859 5309 01³1³³·

2324 5351 2408 5396 ret
2429 5343 2717 5412 obsequio;
2750 5344 2846 5399 sed
2874 5354 2931 5400 et
2952 5356 3186 5404 vestram
3225 5352 3588 5407 sanctitatem
3611 5343 3863 5406 tractatibus

2326 5435 2615 5489 instrueret
2641 5443 2698 5489 et
2722 5435 3183 5494 benedictionibus
3211 5443 3608 5509 permulceret.
3637 5433 3863 5494 Gratulan-

2321 5524 2448 5579 dum
2475 5539 2606 5593 ergo
2632 5533 2712 5581 est
2739 5535 2794 5581 et
2823 5526 3133 5595 lzetandum,
3165 5530 3310 5599 quod
3369 5531 3587 5589 hostias
3621 5543 3733 5587 suas
3751 5520 3864 5579 Chri-

2319 5622 2432 5669 stus
2449 5615 2677 5669 voluerit
2697 5617 2910 5684 gemino
2925 5618 3260 5674 sacerdotum
3285 5636 3393 5676 ore
3409 5623 3617 5677 laudari
3635 5639 3647 5687 ;
3669 5628 3721 5673 ut
3739 5626 3864 5685 quan'

2319 5715 2431 5761 tum
2454 5722 2639 5764 eorum
2671 5719 2919 5779 ageretur
2945 5712 3000 5766 in
3027 5712 3194 5767 Deum
3220 5713 3426 5782 gloria,
3451 5723 3657 5770 tantum
3680 5711 3866 5782 ipsum!n

2315 5799 2567 5855 meritum
2587 5802 2896 5862 laudaretur
2913 5804 2970 5862 in
2997 5805 3186 5879 plebe;
3213 5813 3276 5861 ut
3306 5808 3445 5880 quia
3473 5805 3775 5882 pmpeusius
3793 5799 3868 5854 Ιιυ·
