4052 6330
264 329 356 386 715

1693 311 1920 370 SERMO
1958 311 2088 366 XCI.

2362 259 2380 285 ἶ
2418 277 2422 282 .

3421 313 3530 369 714

258 443 508 498 norantur
537 433 588 488 in
618 434 792 502 cmlis,
819 433 1092 504 copiosius
1117 434 1587 502 Inagnillcareutur
1617 430 1670 483 in
1721 437 1832 482 ter-
1862 431 1910 488 Λ
1936 425 2071 495 quit,
2104 427 2158 478 in
2187 433 2461 496 conspectu
2497 424 2710 480 Domini
2735 442 2873 481 mors
2895 435 3194 482 sanctorum
3216 426 3328 498 ejus
3355 427 3529 499 (Psal.

258 535 348 588 ris.
381 529 520 583 Vere
562 526 751 583 hostia:
799 526 1011 583 dicendi
1039 537 1302 600 martyres
1325 569 1338 592 ,
1370 525 1462 596 qui
1489 524 1658 580 Deum
1688 522 1844 578 nobis

261 640 351 678 sua
382 620 634 692 passione
680 619 1064 690 placaverunt,
1096 627 1152 674 et
1180 628 1434 689 tanquam
1460 623 1682 686 accepta
1712 615 1844 669 liba-

259 714 397 770 mina
426 718 598 765 morte
622 725 719 764 sua
745 709 1186 780 propitiationem
1215 709 1370 765 nobis
1398 707 1611 762 Domini
1653 713 1846 761 contu-

259 806 449 862 lerunt.
483 800 578 856 Est
607 802 765 872 plane
785 801 846 866 in
877 801 1204 873 martyribus
1231 801 1405 857 hostia
1429 843 1444 867 ,
1468 815 1574 855 non
1605 798 1694 853 illa
1738 813 1846 868 qua

261 904 461 952 mutum
489 893 711 962 animal,
739 892 833 948 sed
855 893 944 948 illa
984 909 1091 963 qua
1121 893 1292 949 ﬁdelis
1309 892 1625 963 simplicitas
1651 906 1845 947 conse-

259 996 454 1044 cratur.
496 985 616 1040 Non
649 985 762 1052 illa,
791 985 1006 1055 inquam
1025 1027 1040 1052 ,
1067 995 1150 1040 est
1186 985 1363 1040 hostia
1400 999 1520 1054 qum
1548 991 1739 1038 mmsto
1769 981 1848 1036 af-

259 1079 397 1134 fectu
428 1077 481 1131 in
503 1084 646 1131 terra
670 1077 950 1146 mergitur,
975 1075 1070 1132 sed
1099 1091 1218 1145 qua:
1239 1075 1401 1130 alacri
1423 1090 1583 1130 sensu
1604 1075 1849 1129 elevatur

260 1169 310 1224 in
339 1167 558 1223 etelum.
583 1165 680 1221 Est
700 1167 859 1237 plane
886 1166 1083 1232 hostia,
1107 1165 1201 1222 sed
1223 1182 1334 1221 non
1364 1165 1416 1220 in
1439 1165 1531 1221 illo
1558 1165 1650 1235 qui
1675 1165 1848 1220 altare

260 1257 640 1328 profanaturus
661 1256 848 1322 offert;
880 1257 976 1312 sed
1005 1257 1059 1312 in
1083 1272 1150 1312 eo
1189 1257 1283 1326 qui
1308 1257 1489 1313 sciens
1516 1272 1576 1312 se
1603 1257 1849 1312 immolat

254 1349 600 1418 probaturus.
633 1345 786 1402 Unde
811 1347 888 1402 ait
914 1347 1181 1418 propheta
1211 1365 1223 1400 :
1256 1345 1480 1403 Immola
1509 1347 1620 1404 Deo
1639 1350 1847 1418 sacri/i-

253 1443 383 1494 cium
412 1440 588 1494 laudis
615 1439 788 1509 (Psat.
833 1439 1004 1509 χιιι).
1035 1439 1371 1496 Sacriﬁcium
1400 1441 1572 1497 laudis
1611 1450 1694 1498 est
1720 1457 1848 1498 vere

253 1531 588 1601 martyrium.
623 1529 691 1584 Et
717 1530 866 1600 quod
894 1529 1116 1586 laudant
1155 1531 1363 1600 angeli,
1391 1531 1611 1586 laudant
1639 1533 1843 1602 populi,

251 1621 432 1676 laudat
466 1622 636 1677 etiam
663 1622 779 1692 ipse
829 1622 920 1693 qui
951 1623 1172 1693 patitur.
1223 1621 1480 1693 Intelligit
1533 1624 1677 1678 enim
1731 1623 1848 1693 ejus

248 1713 514 1779 gloriam;
545 1729 670 1768 nam
701 1714 802 1770 nisi
846 1714 1152 1783 intelligens
1180 1714 1298 1784 ejus
1326 1715 1568 1779 laudem,
1618 1716 1845 1784 gloriam

1947 514 2093 585 cxv).
2122 515 2364 571 Pretiosa
2387 524 2695 571 sanctorum
2727 532 2908 583 mors;
2940 517 3050 573 vita
3071 527 3218 574 certe
3247 520 3533 589 pretiosior

1947 616 2031 663 est
2058 623 2265 663 eorum.
2296 607 2354 662 Si
2384 608 2641 679 pretiosa,
2672 609 2862 678 inquit,
2895 626 3041 666 mors
3064 620 3395 678 sanctorum,
3424 615 3537 670 vita

1947 699 2068 755 vilis
2095 707 2181 755 est
2207 708 2578 770 peccatorum;
2610 709 2665 756 et
2692 719 2920 772 quorum
2962 704 3074 758 vita
3104 704 3225 760 vilis
3252 714 3357 770 est,
3387 723 3536 762 mors

1947 792 2066 847 sine
2107 792 2444 848 dubitatione
2492 794 2655 847 etiam
2685 795 2856 865 turpis
2881 804 2984 852 est.
3030 795 3183 852 Unde
3209 807 3266 853 et
3294 799 3369 852 illi
3397 799 3538 854 inter

1947 891 2262 953 peccatores
2309 883 2594 940 Dominum
2645 886 2998 956 deputantes,
3041 889 3332 946 dicebant:
3367 891 3538 946 Morte

1949 973 2248 1044 turpissima
2269 976 2663 1031 condemnemus
2683 994 2798 1032 eum
2811 979 2966 1051 (Sap.
2985 981 3085 1050 Ill).
3101 981 3272 1052 Ignari
3291 981 3535 1051 iustitiae,

1949 1072 2005 1120 et
2032 1065 2237 1122 inimici
2259 1067 2522 1135 veritatis,
2553 1067 2726 1122 lucem
2755 1085 2876 1124 cum
2915 1073 3152 1127 tenebris
3178 1075 3542 1129 condemnare

1950 1157 2131 1211 conati
2152 1165 2296 1212 sunt.
2323 1157 2495 1214 Morte
2517 1159 2824 1228 turpissima
2852 1161 2974 1215 οωιί
3001 1171 3262 1233 terraeque
3288 1165 3539 1220 condito-

1948 1268 2064 1308 rem
2122 1254 2406 1310 Dominum
2436 1264 2800 1326 peremerunt,
2832 1256 2957 1326 quia
3005 1273 3134 1314 cum
3178 1259 3457 1314 sceleratis
3487 1261 3541 1314 in

1949 1345 2250 1415 patibulum
2273 1361 2399 1401 eum
2424 1346 2838 1417 suspenderunt,
2855 1363 2921 1403 eo
2941 1347 3084 1416 quod
3106 1357 3160 1404 et
3177 1352 3347 1420 turpis
3370 1367 3539 1414 mors,

1951 1444 2008 1490 et
2032 1436 2435 1492 formidolosior
2454 1453 2612 1508 paena
2638 1438 2850 1494 caeteris
2871 1437 3142 1493 videretur
3161 1441 3353 1510 paenis.
3381 1441 3546 1510 Cujus

1951 1530 2332 1584 documentum
2370 1529 2515 1584 beati
2544 1538 2808 1602 martyres
2837 1530 3030 1584 imitati
3058 1538 3201 1594 sunt,
3226 1541 3390 1601 atque
3431 1532 3548 1601 ejus

1952 1620 2179 1690 vestigia
2210 1621 2352 1675 ultro
2382 1621 2573 1676 secuti.
2602 1622 2764 1693 632
2785 1621 2948 1678 Facta
2976 1630 3059 1676 est
3086 1629 3268 1677 autem
3294 1624 3550 1678 morsllo-

1953 1713 2082 1767 mini
2105 1712 2360 1783 gloriosa,
2385 1721 2441 1768 et
2461 1713 2516 1767 in
2537 1721 2831 1783 conspectu
2852 1713 2968 1784 ejus
2990 1725 3305 1770 cunctorum
3333 1725 3550 1771 sancto-

249 1813 410 1874 atque
458 1805 743 1873 virtutem,
787 1820 1059 1874 nunquam
1107 1799 1166 1860 se
1217 1804 1389 1860 libans
1436 1805 1846 1862 formidantibus
1878 1811 1925 1870 Β
1951 1821 2071 1861 rum
2118 1807 2384 1876 pretiosa;
2416 1815 2473 1861 et
2517 1822 2748 1877 quorum
2794 1807 2954 1863 hodie
2985 1825 3087 1864 una
3117 1825 3240 1864 cum
3295 1811 3554 1880 pontiﬁce

248 1897 366 1952 aliis
415 1895 751 1951 immolaret.
784 1894 854 1950 Et
881 1895 1004 1951 ideo
1033 1896 1180 1951 velut
1210 1896 1314 1966 ipsi
1356 1897 1580 1968 martyri
1609 1897 1806 1952 dicitur
1833 1917 1844 1951 :

251 1988 485 2044 Immola
508 1987 620 2043 Deo
634 1989 952 2059 sacriﬁcium
980 1988 1185 2054 laudis;
1215 1989 1317 2045 hoc
1338 1997 1421 2044 est
1437 1989 1582 2044 velut
1601 1990 1647 2044 si
1671 1989 1846 2045 dicat:

249 2079 305 2137 In
335 2089 388 2136 te
408 2080 637 2136 immola
667 2081 802 2150 ipse,
835 2080 951 2150 ipse
983 2078 1254 2148 sacriﬁca;
1286 2090 1404 2137 esto
1431 2081 1526 2136 tibi
1549 2082 1663 2152 ipse
1692 2092 1852 2137 etsa-

249 2170 443 2228 cerdos
477 2178 537 2226 et
584 2171 782 2234 hostia,
815 2179 870 2226 et
915 2171 1206 2227 devotione
1258 2173 1455 2228 mentis
1502 2175 1748 2244 corporis
1777 2175 1854 2229 tui

250 2262 492 2318 animam
541 2260 675 2316 offer
722 2262 999 2317 functione
1047 2262 1347 2333 pontiﬁcis;
1390 2263 1621 2320 adducat
1663 2265 1730 2319 ad
1758 2265 1855 2320 Dei

249 2370 397 2409 aram
448 2353 592 2410 fides
615 2353 926 2408 Christiani.
959 2353 1094 2408 Nam
1121 2354 1414 2410 Christiani
1464 2357 1587 2412 licet
1615 2357 1855 2413 membra

250 2453 572 2503 sternantur
620 2445 675 2498 in
704 2453 870 2507 terra,
895 2444 1114 2515 spiritus
1138 2454 1320 2500 tamen
1369 2447 1482 2517 ipsa
1525 2457 1700 2503 morte
1729 2464 1860 2504 con-

249 2545 504 2593 secratur
531 2535 583 2590 in
612 2535 785 2602 cmlo,
817 2534 1010 2591 ct‘vita
1039 2545 1341 2606 praestatur,
1372 2538 1460 2592 ubi
1493 2539 1740 2594 interitus
1763 2540 1860 2593 ad-

250 2629 498 2684 hibetur.
541 2626 694 2681 Unde
743 2626 824 2680 ait
873 2635 1091 2682 sauctds
1133 2628 1397 2698 prepheta
1454 2648 1464 2681 :
1516 2629 1759 2685 Pretiosa
1804 2631 1858 2684 in

249 2728 536 2791 conspectu
580 2717 794 2772 Domini
835 2734 972 2772 mors
1011 2728 1311 2773 sanctorum
1358 2719 1467 2790 ejus
1510 2719 1683 2791 (Psal.
1711 2719 1854 2790 cxv).

251 2812 508 2870 Pretiosa
537 2811 697 2882 plane
725 2827 892 2877 mors,
923 2826 1044 2881 qua:
1072 2813 1232 2884 631
1265 2813 1412 2867 lucro
1440 2813 1861 2869 immortalitatis

251 2904 499 2974 quodam
529 2902 860 2968 honoratur;
893 2901 960 2957 de
989 2919 1094 2974 qua
1142 2903 1305 2958 etiam
1337 2903 1474 2959 dicit
1505 2905 1693 2960 beatus
1723 2905 1863 2959 Pau-

253 2996 336 3049 lus
367 3013 379 3048 :
415 2992 560 3047 Mihi
611 2993 773 3047 vivere
815 2991 1052 3047 Christus
1095 3004 1189 3060 est,
1216 3003 1266 3049 et
1295 2997 1427 3050 mori
1457 2996 1656 3051 lucrum
1705 2996 1864 3066 (Phi-

252 3093 346 3161 lip.
373 3091 438 3159 ι).
472 3087 707 3144 Lucrum
731 3095 1051 3158 computans
1078 3087 1223 3157 quod
1247 3104 1344 3159 per
1371 3090 1611 3162 martyrii
1634 3099 1864 3147 mortem
1905 3137 1913 3146 .

1955 1895 2278 1952 adveniente
2315 1897 2512 1952 devota
2564 1912 2739 1953 annua
2786 1898 2918 1954 festa
2970 1900 3324 1956 celebramus.
3353 1898 3398 1953 Ο
3427 1901 3554 1956 felix

1956 1989 2222 2044 hodierna
2278 1989 2588 2057 celebritas,
2619 2005 2740 2059 qua:
2768 1991 3078 2061 pontiﬁcale
3107 1993 3305 2047 meruit
3352 1994 3557 2047 habere

1957 2082 2292 2151 obsequium.
2311 2080 2482 2138 Hodie
2507 2081 2663 2136 nobis
2685 2083 2955 2152 geminum
2983 2085 3341 2138 solemnitatis
3365 2085 3557 2139 claruit

1957 2174 2242 2244 gaudium;
2273 2181 2328 2228 et
2356 2173 2423 2229 de
2451 2183 2764 2230 sanctorum
2795 2175 3128 2243 patrociniis,
3159 2191 3370 2230 necnon
3400 2185 3456 2231 ct
3485 2175 3558 2231 de

1961 2267 2195 2322 adventu
2248 2266 2407 2336 hujus
2435 2264 2725 2336 pontiﬁcis.
2759 2265 2952 2334 Igitur,
2985 2267 3198 2334 fratres,
3231 2267 3473 2322 laetemur
3503 2268 3556 2322 in

1961 2357 2212 2420 Domino,
2247 2357 2338 2427 qui
2391 2355 2546 2412 nobis
2576 2356 2836 2411 immensa
2865 2371 2976 2411 suae
3004 2357 3220 2426 pietatis
3268 2357 3558 2417 clementia

1962 2457 2112 2503 tanta
2134 2447 2449 2518 impendere
2470 2447 2717 2515 dignatus
2737 2455 2820 2502 est
2840 2446 3121 2510 beneﬁcia,
3148 2456 3205 2501 ut
3231 2463 3352 2517 qua:
3375 2445 3560 2520 [Forte

1963 2558 2083 2613 qum
2104 2539 2408 2611 redundat],
2430 2556 2883 2610 corum,quorum
2910 2541 3148 2595 ltetamur
3171 2540 3557 2610 triumphis,ir-

1965 2633 2236 2688 radiemur
2250 2631 2532 2702 exemplis,
2548 2641 2604 2687 ut
2628 2647 2858 2702 quorum
2875 2632 3169 2701 gaudemus
3183 2632 3407 2695 meritis,
3433 2631 3561 2686 sub-

1964 2725 2208 2781 leventur
2237 2724 2518 2796 praesidiis.
2545 2725 2761 2780 Annuat
2803 2725 2958 2781 nobis
2988 2726 3249 2781 immensa
3277 2725 3565 2789 Divinitas,

1967 2825 2027 2872 ut
2053 2816 2255 2872 mundo
2285 2817 2452 2872 corde
2479 2826 2739 2889 castoque
2762 2832 2994 2888 corpore
3021 2828 3077 2872 et
3113 2819 3312 2872 almam
3355 2817 3563 2873 festivi-

1967 2918 2133 2966 tatem
2155 2909 2315 2981 hujus
2334 2910 2442 2966 diei
2468 2911 2743 2966 valeamus
2763 2911 3028 2977 recolere,
3050 2921 3105 2966 et
3127 2928 3280 2967 sacra
3308 2913 3564 2983 mysteria

1965 3004 2033 3060 de
2053 3019 2216 3060 manu
2256 3005 2598 3061 sacerdotum
2625 3005 2873 3061 culminis
2903 3005 3108 3060 illibato
3137 3021 3232 3060 ore
3261 3007 3561 3076 percipere,

1969 3105 2258 3167 praestante
2275 3097 2506 3153 Domino
2526 3105 2714 3152 nostro
2729 3094 2857 3150 Jesu
2880 3095 3116 3162 Christo,
3133 3096 3226 3165 qui
3258 3112 3380 3152 cum
3403 3093 3564 3151 Patre

254 3181 544 3254 fragilitati
571 3181 625 3236 in
655 3195 722 3236 eo
751 3180 1009 3236 succedat
1035 3182 1306 3237 aeternitas
1331 3223 1345 3247 ,
1379 3171 1733 3240 internecioni
1754 3186 1864 3239 vita
1891 3199 1938 3260 ο
1971 3198 2027 3245 et
2055 3189 2261 3260 Spiritu
2286 3195 2478 3245 saneto
2505 3189 2658 3257 vivit,
2702 3197 2757 3243 et
2806 3197 2995 3258 regnat
3021 3188 3074 3243 in
3105 3188 3297 3244 saecula
3336 3188 3552 3244 sazculo-

254 3273 574 3348 proveniat,
606 3271 932 3328 tentationes
956 3270 1164 3340 justitia
1193 3271 1468 3328 ﬁniantur.
1493 3273 1754 3340 Pretiosa,
1786 3277 1868 3330 in-

1979 3297 2120 3336 rum.
2154 3281 2345 3336 Anien.

1678 3368 1951 3446 SERMO
1994 3373 2159 3436 XCI.

1235 3464 1367 3520 Item
1396 3466 1460 3519 de
1492 3469 1656 3521 natali
1679 3468 1788 3525 SS.
1812 3472 2153 3541 plurimorum
2178 3467 2466 3549 martyrum
2497 3478 2594 3532 VI.

1732 3563 2128 3625 ADMONITIO.

334 3651 572 3734 Praestat
601 3649 688 3704 hic
701 3648 980 3734 .sertnoLS.
1015 3647 1236 3734 Masimi
1264 3651 1548 3734 no‘men_in
1590 3668 1713 3734 cvm
1743 3656 1931 3712 codice
1958 3659 2298 3734 bibliothecae
2328 3665 2384 3720 S.
2411 3663 2576 3720 Marci
2601 3664 2969 3730 Venetiarum,
3002 3680 3110 3734 quo
3136 3682 3202 3718 ex
3234 3665 3422 3722 codice
3445 3683 3569 3723 eum

253 3722 499 3779 describi
521 3719 856 3804 curavimus.
883 3719 1059 3804 Atque
1081 3728 1140 3773 ut
1160 3729 1442 3802 acceptum
1466 3721 1612 3804 hunc
1640 3724 1769 3778 item
1795 3742 1916 3804 esse
1941 3740 2131 3786 sancto
2161 3732 2334 3788 eidem
2356 3719 2584 3789 antistiti
2607 3719 3079 3797 arbitratnur,'nos
3092 3719 3262 3804 plane
3283 3719 3571 3792 conﬁrmat

254 3808 370 3877 not}
405 3791 576 3846 modo
603 3790 844 3877 {199mm
858 3790 1766 3877 Βζξιεξςῖφξιήρρηνςηιὶξιυδμνοῑετμηι
1794 3797 2047 3877 codicum
2071 3804 2605 3877 auctoritas,rverum
2653 3805 2815 3860 etiam
2845 3790 2968 3877 styli
2993 3790 3573 3877 quo'perscriptusest

253 3863 430 3925 ratio,
458 3877 579 3931 qua:
610 3869 720 3914 tam
750 3859 942 3914 similis
968 3859 1306 3915 Maximiante
1324 3870 1426 3929 est,
1460 3870 1535 3927 ut,
1569 3873 1758 3920 nostro
1785 3868 2002 3937 quidem
2027 3872 2250 3942 judicio,
2279 3859 2408 3930 nihil
2436 3859 2866 3946 sitniliusiexpcti
2897 3859 3058 3946 posse
3079 3859 3346 3932 videatur:

254 3972 1024 4046 Ancuusarnu.—Rohusttt
1066 3973 1171 4042 ﬁde
1218 3975 1288 4027 ad
1341 3983 1560 4046 agonem
1609 3978 1868 4045 passionis

327 4055 597 4116 martyres
621 4044 903 4118 congressi,
929 4043 984 4096 in
1011 4045 1123 4118 ipsa
1157 4054 1321 4118 morte
1345 4043 1726 4118 consequuntur
1751 4066 1869 4118 per-

327 4113 553 4189 petuam
613 4113 986 4189 Itwreditatem.
1033 4113 1355 4189 Martyrium
1396 4113 1868 4189 Aest'indulge'ntia

327 4184 639 4248 criminum,
662 4184 1107 4257 uirtutumicaput,
1140 4184 1344 4241 occasio
1377 4186 1617 4257 justitiw,
1645 4184 1868 4244 domini-

329 4272 416 4312 ca:
443 4255 708 4326 passionis
737 4255 978 4310 imitatio.

296 4363 326 4390 ι
341 4347 574 4404 Corona
591 4348 962 4403 universorum
983 4358 1281 4420 martyrum
1305 4350 1487 4422 fulget,
1505 4363 1666 4422 atque
1679 4368 1865 4408 eorum

245 4455 506 4516 quorum
551 4437 744 4493 natalis
787 4439 1021 4494 victricis
1049 4440 1234 4509 gloria:
1283 4441 1607 4511 celebratur,
1651 4445 1742 4514 qui
1771 4462 1866 4501 ro--

247 4541 430 4596 busta
464 4531 566 4588 ﬁde
587 4533 654 4587 ad
684 4547 912 4602 agonem
941 4533 1210 4603 passionis
1231 4536 1507 4604 congressi
1529 4545 1682 4602 sunt;
1713 4548 1866 4592 certo

1977 3985 2176 4040 lucrum
2201 3986 2423 4060 (Philip.
2452 3989 2523 4057 1);
2544 3988 2940 4059 triumphantes
2962 3989 3014 4043 in
3039 3987 3255 4044 Christo
3275 4004 3369 4044 sua
3393 3987 3416 4024 δ
3443 4004 3572 4059 pec—

1976 4088 2095 4133 cata
2124 4079 2416 4136 luerantes.
2445 4078 2766 4150 Quanquam
2787 4081 2878 4150 qui
2903 4080 2955 4134 in
2987 4080 3078 4135 illo
3100 4081 3318 4150 patitur,
3347 4081 3570 4136 omnino

1977 4185 2086 4224 non
2131 4171 2393 4238 moritur;
2430 4183 2454 4209 ε
2483 4171 2754 4227 confessio
2800 4172 2943 4226 cnim
2992 4187 3139 4227 mors
3181 4189 3288 4227 non
3320 4181 3439 4236 est,
3473 4172 3570 4230 sed

1975 4261 2259 4317 haereditas
2287 4263 2430 4318 vitae.
2462 4261 2779 4334 Martyrium
2805 4271 2888 4317 est
2917 4263 3076 4331 igitur
3103 4261 3431 4330 indulgentia
3458 4263 3568 4317 cri-

1970 4355 2196 4422 minum,
2226 4354 2486 4408 virtutum
2534 4364 2724 4424 caput,
2756 4354 2969 4408 occasio
3013 4353 3257 4422 justitite,
3285 4353 3569 4408 dominica:

1969 4447 2236 4518 passionis
2277 4446 2526 4500 imitatio.
2559 4443 2604 4498 Ο
2632 4444 2925 4499 felicissimi
2955 4453 3221 4515 martyres
3250 4445 3567 4500 renuntian-

1973 4547 2052 4595 tes
2071 4537 2303 4593 saeculo!
2329 4535 2634 4591 Maluerunt
2657 4535 2947 4591 novissimo
2969 4535 3221 4590 meliores
3241 4552 3380 4599 esse,
3402 4552 3566 4606 quam

246 4631 532 4691 scientes,
563 4625 705 4696 quod
723 4598 801 4678 vin
832 4598 1082 4679 onmibus
1109 4598 1364 4680 Christus
1384 4636 1606 4696 patitur,
1637 4598 1692 4681 et
1720 4627 1864 4697 quod
1893 4598 1944 4656 θ
1971 4633 2180 4703 primo;
2212 4645 2442 4700 quorum
2471 4627 2702 4697 denique
2721 4627 3112 4682 consummatio
3122 4625 3324 4695 justum
3354 4598 3566 4684 initium

251 4723 328 4778 ad
360 4733 539 4788 regna
566 4717 826 4772 etnlorum
872 4718 1054 4771 statim
1084 4734 1203 4772 cum
1233 4719 1596 4773 exsultatione
1622 4721 1867 4789 corporis

251 4808 703 4873 transferantur;
733 4814 788 4861 et
817 4822 939 4862 cum
967 4816 1154 4877 gentes
1183 4809 1442 4864 horreant
1471 4810 1522 4863 in
1551 4810 1870 4878 (egritudine

253 4911 530 4964 inortem,
564 4899 600 4952 ii
647 4899 699 4952 in
746 4898 862 4968 ipsa
902 4906 1078 4952 morte
1125 4909 1526 4968 consequantur
1553 4910 1869 4971 perpetuam

252 4990 646 5052 lucreditatem
677 5029 691 5053 ,
744 5004 841 5059 per
894 4989 1172 5059 passiones
1219 5005 1346 5045 vero
1394 4988 1422 5028 δ
1468 4992 1870 5048 translationem

255 5084 454 5152 magis
483 5097 602 5135 esse
629 5079 854 5134 credunt
900 5096 1059 5150 quam
1091 5079 1272 5134 linem.
1306 5080 1429 5136 Illuc
1458 5091 1540 5136 est
1563 5097 1759 5137 arcana
1788 5100 1872 5138 sa-

257 5173 508 5248 pientia,
533 5186 650 5241 qua:
678 5171 730 5224 in
753 5170 939 5232 electis
967 5171 1091 5235 tuis,
1113 5169 1360 5237 Domine,
1391 5189 1496 5227 non
1524 5173 1873 5244 persuasione

257 5267 577 5336 colligitur,
609 5265 702 5320 scd
732 5282 762 5319 a
795 5267 898 5320 tuis
927 5268 1249 5338 martyribus
1277 5268 1344 5323 de
1367 5269 1515 5326 fonte
1555 5271 1737 5326 divino
1765 5272 1874 5326 vir-

261 5363 410 5418 tutis
433 5358 712 5423 hauritur;
749 5369 769 5394 ε
799 5357 924 5426 quia
955 5356 1079 5412 bene
1104 5361 1264 5414 vivere
1286 5359 1521 5416 Christus
1541 5371 1636 5427 est,
1667 5372 1716 5416 et
1745 5365 1876 5418 mori

346 5524 376 5552 ι
406 5508 876 5566 Homiliar.-basil.
920 5508 1194 5576 Lateran.,
1225 5510 1484 5567 Coronam
1525 5515 1878 5570 universorum

263 5594 583 5662 martyrum
615 5581 812 5662 fulgere
836 5580 1237 5662 videmus._Vox
1267 5582 1382 5638 haec
1410 5585 1639 5662 videmus
1665 5594 1748 5662 est
1789 5602 1880 5642 su-

265 5651 569 5730 perposita
598 5651 794 5705 minori
822 5652 1040 5720 quidem
1071 5652 1405 5720 charactere,
1431 5655 1546 5724 sed,
1569 5665 1630 5712 ut
1647 5655 1878 5724 videtur,

269 5727 487 5785 eadem
513 5737 696 5777 manu.

357 5798 387 5835 δ
424 5792 560 5849 Cod.
613 5791 824 5862 Later.,
872 5795 1239 5863 translationes
1279 5797 1497 5854 credunt
1542 5814 1683 5868 esse,
1735 5816 1888 5869 quam

592 5887 861 5947 ιἈτιιοι..
910 5888 1101 5950 LVII.

1973 4723 2120 4778 facit.
2151 4722 2344 4776 Divino
2374 4729 2467 4775 tuo
2515 4727 2668 4784 nutu,
2701 4719 3044 4791 ornuipotens
3073 4719 3213 4775 Deus
3237 4760 3251 4785 ,
3285 4721 3568 4791 gloriosis-

1975 4815 2095 4870 simi
2142 4822 2407 4885 martyres
2434 4812 2633 4869 Christi
2665 4820 2832 4868 testes
2873 4827 2992 4867 esse
3021 4825 3362 4882 meruerunt;
3396 4817 3568 4871 victo-

1975 4907 2113 4961 riam
2136 4920 2353 4975 quoque
2383 4903 2648 4969 meditati,
2680 4902 2912 4958 confessi
2933 4901 3204 4958 Christum
3235 4905 3287 4958 in
3320 4905 3564 4974 llagcllis,

1979 5000 2032 5053 in
2077 4997 2409 5062 carceribus,
2432 4996 2485 5050 in
2516 4995 2820 5065 ergastulis,
2863 4995 2918 5049 in
2946 4995 3268 5061 solitudine;
3295 4998 3568 5066 justorutn

1980 5089 2124 5144 enim
2153 5103 2336 5144 comes
2385 5102 2598 5157 semper
2625 5085 2786 5140 debet
2819 5100 2941 5141 esse
2970 5085 3258 5142 confessio.
3285 5087 3330 5139 0
3359 5089 3569 5160 inclyta:

1980 5181 2172 5235 anima:
2196 5180 2476 5234 beatorum
2507 5188 2800 5249 martyrum
2823 5187 2878 5232 et
2897 5177 3128 5246 gloriosa
3150 5180 3406 5246 victoria;
3431 5182 3574 5238 inter

1981 5262 2119 5341 quos
2149 5280 2206 5327 et
2231 5270 2588 5326 devotissimus
2608 5268 2818 5324 femina:
2846 5270 3002 5324 simul
3026 5269 3278 5326 sacculum
3300 5281 3355 5324 ct
3383 5287 3571 5326 sexum

1986 5363 2252 5430 vicerunt,
2282 5362 2585 5434 praeliantes
2605 5377 2727 5417 cum
2754 5361 2990 5430 diabolo,
3022 5360 3272 5418 fortiores
3305 5360 3432 5417 viris
3462 5369 3574 5419 ιον-

1985 5517 2264 5644 β”ῗηίὶιθω
2315 5587 2436 5644 cod.
2490 5587 2670 5642 Later.
2700 5627 2714 5653 ,
2755 5585 2937 5657 dum“
2981 5587 3141 5639 me"!
3195 5583 3434 5641 Christus
3478 5594 3575 5655 es"

1991 5667 2261 5783 “’detiiém
2291 5728 2414 5784 cod.
2449 5728 2724 5795 Lateran.,
2753 5745 2847 5782 sua
2877 5734 3040 5781 morte
3061 5725 3320 5780 lucrantes
3349 5705 3577 5796 peccata.

2079 5809 2101 5836 θ
2125 5798 2268 5854 Idem
2295 5800 2412 5853 cod.
2443 5798 2720 5866 Lateran.,
2753 5797 3092 5866 confessionis
3122 5799 3258 5851 enim
3293 5815 3448 5864 mors,
3473 5809 3581 5854 cte.

3230 5893 3308 5953 23
