4052 6330
634 306 735 367 ut:
1495 389 1503 396 _
1828 315 1883 371 s.
1926 315 2173 383 MAXiMl
2214 317 2662 377 TAURINENSIS
3117 322 3126 328 '
3232 282 3241 293 ’
3734 344 3810 404 m

633 422 915 528 quentibus
943 427 1281 528 existitermtt,
1497 427 1758 528 carnﬁci-
1770 433 1970 528 grati‘as
1999 445 2029 470 ⁴ι
2053 448 2214 503 agen-
2239 443 2294 503 ,Α
2316 434 2502 499 elisus,
2534 448 2659 528 curn
2696 434 2809 528 jam
2836 440 3049 528 amotos
3073 441 3377 495 constanter
3390 441 3552 517 και
3570 445 3680 507 olidi
3700 453 3810 528 (sic),

603 529 714 608 tes
761 518 1041 614 smvientii
1088 519 1170 581 Ab
1224 521 1473 614 omnibus
1534 522 1681 579 enim
1726 521 1889 580 ﬁdem
1941 533 2217 595 exspectat
2285 528 2551 584 Noluisti
2574 517 2718 584 enim
2746 527 3020 585 hominem
3043 544 3152 585 non
3172 517 3806 614 tantumdediaholjm

632 610 971 708 omnipotens
1191 611 1363 708 magis
1390 628 1553 683 quam
1599 621 1848 671 mortem.
1880 614 1989 671 Sed
2031 616 2217 679 diabo-
2319 627 2429 675 tate
2456 633 2648 675 eruere
2703 633 2800 691 per
2844 617 3024 686 fidem,
3054 619 3154 677 sed
3203 620 3575 699 incidentem.
3606 608 3815 708 (εἱέγεξιιε

631 702 739 767 lus,
779 702 870 772 qui
914 702 1234 761 contuentes
1263 704 1401 790 odit,
1452 720 1684 762 coronas
1724 715 1944 778 pmstat
1995 709 2213 769 invitus.
2278 708 2624 769 interﬁcere
2649 724 2747 782 per
2793 710 3067 771 virtutem.
3116 709 3188 767 Ut
3213 713 3304 783 qui
3352 702 3624 789 gaudemus
3665 702 3816 786 Chi-ini

630 789 784 888 Facit
811 800 1074 863 martyres
1090 790 1131 888 lt
1162 793 1255 862 qui
1281 789 1382 849 hes
1425 795 1642 888 occidit,
1674 803 1731 855 et
1758 795 1886 888 dum
1905 796 2004 853 Dei
2031 813 2216 888 servos
2313 803 2577 873 sanguine
2625 804 2824 858 mortui
2853 802 3059 863 facilius
3082 803 3313 873 liberati,
3345 806 3569 871 dimittes
3589 822 3815 888 martyris,

631 884 849 939 vincere
877 882 1174 951 contendit,
1205 885 1568 951 contemnitur
1607 886 1743 956 ipse,
1770 886 1900 945 dum
1926 888 2096 944 saevit.
2128 886 2215 945 Li-
2308 893 2372 951 in
2399 892 2613 950 Christo
2641 901 2829 965 postea
2860 895 3253 968 tritinipbcmus
3279 902 3534 961 cornuti.
3560 901 3652 961 Per
3673 882 3815 965 Ciuis

631 974 886 1030 lnczalitas
914 987 1042 1042 ergo
1069 982 1158 1031 tua
1191 974 1330 1049 (sic),
1364 976 1588 1035 Domine
1627 977 1790 1047 Deus,
1831 978 2090 1039 hactenus
2113 995 2215 1039 ηο-
2274 1040 2277 1043 ,
2318 991 2432 1039 tum
2463 983 2749 1041 Dominum
2772 993 3040 1052 nostrum,
3068 987 3161 1061 qui
3187 986 3318 1046 vivit
3335 996 3390 1047 et
3403 970 3589 1063 Incusat
3609 994 3656 1049 in
3672 1000 3816 1053 sum:

630 1063 710 1121 bis
739 1064 989 1135 martyria
1018 1067 1319 1137 proposuit,
1342 1074 1401 1122 ut
1422 1069 1759 1127 adversarius
1782 1080 1805 1110 ο
1835 1071 2068 1139 quodam
2092 1072 2214 1144 (sic)
2317 1075 2657 1137 uinculorum.
2686 1075 2879 1141 Amen.

2008 1267 2283 1331 SERMO.
2316 1269 2513 1334 XCII.

1551 1362 1685 1423 Item
1707 1366 1771 1421 de
1800 1368 1970 1423 natali
1990 1367 2100 1424 SS.
2132 1369 2472 1440 plurumum
2498 1380 2784 1444 marth
2815 1372 2948 1430 VII.
2995 1436 2998 1440 λ

939 1512 949 1523 .
2067 1477 2459 1536 ADMONITIO.

702 1598 885 1653 Exstat
915 1598 1000 1675 hic
1026 1608 1240 1675 quoque
1262 1606 1440 1649 sermo
1467 1592 1528 1647 S.
1558 1590 1774 1675 Maximi
1821 1594 2111 1675 inscriptus
2136 1595 2355 1675 nomine
2384 1595 2436 1650 in
2466 1595 2674 1675 Yeneto
2710 1596 2897 1675 codice
2925 1597 2981 1654 S.
3010 1597 3386 1675 Marci,_euyus
3422 1604 3619 1658 memini
3641 1605 3819 1663 admoni-

630 1668 777 1743 tione
814 1667 1106 1737 superiore.
1140 1666 1325 1743 Neque
1352 1678 1481 1743 vero
1522 1666 1653 1743 quin
1695 1666 1747 1716 ei
1772 1673 1972 1743 assueto
2000 1666 2228 1743 antistiti
2262 1666 2575 1743 tribuendus
2620 1667 2708 1734 sit,
2758 1667 3003 1743 dubitare
3029 1671 3156 1727 sinit
3182 1666 3393 1740 ﬂuens,
3428 1675 3615 1742 gravis,
3648 1684 3817 1743 ornata,

631 1734 944 1807 deiectuque
972 1734 1358 1795 sententiarum
1384 1735 1662 1799 instructa,
1686 1749 1794 1790 uno
1816 1734 2003 1803 ver-ba,
2035 1735 2268 1793 Maximo
2296 1737 2456 1807 plane
2482 1737 2645 1806 digna
2663 1740 2862 1795 oratio.

629 1946 1016 2000 Ancnueuwn.
1047 1973 1117 1985 --
1142 1944 1389 2000 Salvator
1414 1952 1588 1999 noster
1614 1958 1720 1998 nos
1750 1941 1923 1997 docuit
1953 1952 2199 2007 terrores,
2234 1947 2285 2009 B
2308 1952 2592 2000 serventur
2612 1945 2668 1999 in
2696 1943 2854 2000 celo.
2875 1941 3197 1999 Accendere
3226 1939 3819 2012 igimr,0hﬁstiauc,rmn

694 2025 747 2107 et
774 2016 1180 2098 persecutiones,
1210 2024 1261 2070 et
1296 2015 1653 2107 tribulatione:
1692 2014 2201 2107 ‘foMte'rLspcrncre‘.

2304 2034 2511 2091 sanctis
2538 2035 2865 2107 martyribus
2882 2032 3043 2090 simili
3068 2033 3376 2097 dilectionis
3402 2033 3608 2101 ardore;
3632 2034 3730 2089 etsi
3745 2034 3819 2089 hoc

694 2083 868 2141 Mores
914 2102 1115 2157 semper
1158 2087 1213 2157 iu
1260 2086 1442 2141 melius
1486 2083 1799 2143 commutare
1843 2083 2109 2157 debemus;
2133 2095 2203 2150 et,

697 2157 826 2209 sicut
868 2154 1141 2227 participes
1167 2154 1610 2227 Christigrominis
1638 2168 1833 2227 sumus,
1863 2155 1938 2208 sic
1978 2155 2206 2227 imitato-

700 2242 779 2280 res
826 2224 986 2281 simus
1031 2224 1080 2280 et
1119 2228 1307 2296 open's.
1351 2224 1612 2297 Martyres
1662 2224 1868 2297 fortiter
1910 2226 2208 2297 restiterunt

691 2313 912 2368 pagano;
924 2293 1172 2362 uenienti,
1206 2305 1257 2349 tu
1294 2293 1567 2368 oigitanier
1602 2293 1782 2350 resiste
1818 2293 2026 2349 diabolo
2055 2300 2204 2349 sedu-

696 2364 849 2434 cena,
873 2364 1065 2423 Christi
1092 2368 1255 2439 fretus
1275 2364 1491 2423 cubilia.

698 2498 927 2555 Domino
951 2497 1062 2553 Deo
1090 2503 1277 2553 nostro
1299 2496 1486 2552 laudes
1514 2496 1622 2552 laeti
1649 2497 1911 2559 canimus,
1930 2496 2054 2575 dum
2085 2512 2208 2552 san-

517 2591 529 2603 '
623 2602 835 2649 ctorum
880 2599 1179 2664 martyrum
1222 2591 1360 2648 festa
1398 2590 1740 2647 celebramus
1767 2631 1780 2655 ,
1836 2603 1975 2658 quos
2030 2587 2209 2644 divina

625 2687 917 2743 auxiliante
940 2686 1111 2753 gratia
1134 2683 1420 2739 roboratus
1447 2681 1767 2747 audivimus,
1801 2688 1857 2733 et
1884 2679 1937 2733 in
1969 2686 2209 2733 tormen-

622 2777 694 2831 tis
724 2776 970 2831 invictos.
1011 2773 1169 2828 Dedit
1204 2774 1349 2827 enim
1389 2773 1495 2828 iiiis
1514 2773 1768 2828 virtutem
1798 2778 1853 2826 et
1885 2770 2210 2827 consolatio-

624 2880 769 2932 nem,
798 2864 892 2934 qui
929 2864 1079 2934 prior
1105 2870 1163 2917 et
1196 2877 1299 2933 pro
1336 2863 1440 2917 illis
1459 2902 1474 2929 ,
1503 2871 1559 2918 et
1598 2878 1701 2933 pro
1724 2863 1885 2917 nobis
1921 2862 2101 2917 subire
2126 2861 2211 2915 di-

602 2963 820 3026 gnatus
843 2963 927 3012 est
953 2955 1280 3026 passionem,
1304 2961 1361 3009 et
1386 2954 1535 3009 dedit
1560 2954 1638 3010 eis
1677 2954 2087 3009 exsultationem
2116 2969 2211 3009 co-

622 3050 865 3119 piosam,
916 3046 1024 3102 illis
1060 3046 1118 3101 in
1152 3045 1309 3102 omits
1352 3045 1717 3131 promittendo
1762 3044 2110 3111 mercedem;
2154 3053 2209 3100 at

621 3155 765 3195 nunc
800 3152 921 3194 cum
949 3138 1110 3193 lectio
1138 3135 1414 3205 Evangelii
1430 3137 1730 3205 legeretur,
1754 3137 1981 3192 audistis
2016 3151 2209 3193 conso-

618 3231 895 3296 lationem,
921 3230 1001 3285 eis
1019 3228 1301 3284 Dominum
1329 3228 1596 3284 dicentem
1624 3246 1636 3281 :
1662 3226 1793 3282 Cum
1826 3237 1998 3283 autem
2036 3228 2209 3284 audie-

2310 2134 2555 2197 tempore
2584 2141 2693 2182 non
2722 2126 2826 2182 erit
2864 2132 3013 2181 tanta
3032 2133 3222 2181 contra
3251 2125 3494 2181 carnales
3514 2132 3820 2199 persecutores

2308 2217 2558 2273 certandi
2580 2217 2892 2284 necessitas,
2909 2217 2978 2273 sit
2991 2217 3153 2273 etiam
3174 2225 3363 2273 contra
3378 2216 3658 2288 spirituales
3668 2216 3817 2281 hostes,

2316 2318 2371 2365 et
2387 2319 2575 2365 contra
2603 2311 2782 2367 carnis
2803 2309 3044 2367 certandi
3070 2310 3391 2366 constantia.
3417 2307 3547 2364 Nam
3562 2309 3652 2363 etsi
3673 2324 3780 2364 nunc
3798 2324 3818 2362 τι

2306 2418 2524 2475 pagano
2540 2418 2650 2460 non
2671 2404 2974 2461 infamatur
2991 2412 3259 2461 tormenta
3282 2419 3403 2474 qure
3413 2403 3637 2469 suﬂ'eras,
3651 2401 3821 2457 oderun-

2311 2504 2402 2549 tur
2434 2502 2617 2551 tamen
2642 2510 2676 2549 a
2703 2495 2921 2551 diabolo
2968 2503 3460 2583 tentameuta‘quze
3487 2507 3680 2550 necesse
3701 2499 3765 2546 est
3784 2500 3824 2544 ut

2310 2602 2553 2658 superes.
2583 2587 2717 2643 Nam
2765 2596 2821 2644 et
2862 2600 3104 2668 paganus
3130 2602 3301 2643 manu
3344 2594 3558 2643 cruenta
3599 2584 3824 2641 destructis

2308 2680 2511 2735 Christi
2540 2688 2807 2753 martyres
2828 2680 3162 2747 trucidabat;
3190 2680 3440 2737 diabolus
3459 2687 3623 2736 autem
3644 2677 3826 2734 subdolis

2316 2771 2705 2827 tentationihus
2732 2770 2951 2841 fallens,
2981 2770 3181 2828 Christi
3220 2772 3413 2828 fideles
3436 2786 3503 2828 eo
3522 2770 3822 2844 periculosius.

2312 2878 2423 2932 quo
2451 2862 2731 2928 occultius,
2761 2864 2983 2919 cruciat.
3017 2863 3168 2919 Tunc
3212 2876 3460 2934 paganus
3505 2862 3658 2919 leonis
3677 2859 3824 2916 feroci-

2312 2960 2428 3008 tate
2454 2951 2766 3020 deszeviens,
2797 2953 2864 3008 ad
2885 2953 3243 3009 idololatriam
3274 2952 3556 3025 compulit,
3600 2966 3720 3007 nunc
3743 2950 3825 3004 dia-

2310 3044 2468 3101 bolus
2492 3046 2802 3117 serpentino
2830 3046 2990 3102 dente
3014 3046 3247 3102 suadens
3270 3090 3285 3115 ,
3312 3045 3546 3118 perﬁdte
3567 3046 3694 3100 virus
3717 3041 3824 3098 inlu-

2310 3136 2671 3207 dit.Paganns
2685 3136 2977 3194 occidendo
3000 3145 3275 3209 martyres
3294 3138 3537 3193 mittebat
3553 3136 3613 3191 ad
3622 3147 3824 3204 regnum;

2310 3230 2475 3304 635
2523 3230 2768 3286 diabolus
2816 3230 3141 3299 seducendo,
3171 3244 3367 3287 secum
3414 3228 3562 3285 ducit
3601 3227 3658 3282 ad
3696 3226 3826 3295 ignem

618 3323 733 3376 ritis
762 3321 913 3387 bella,
942 3329 993 3374 et
1020 3321 1315 3391 opinionem
1341 3318 1609 3385 bellorum,
1643 3336 1708 3374 ne
1729 3322 2030 3386 tim-itis;
2052 3337 2205 3393 opor-
2233 3331 2279 3394 (ζ
2304 3336 2593 3378 aeternum.
2614 3320 2696 3377 illi
2724 3333 2851 3390 ergo
2879 3321 3122 3377 vicerunt
3141 3321 3431 3378 tolerando
3449 3318 3685 3391 supplicia
3707 3327 3825 3386 page

620 3422 689 3469 tet
708 3415 845 3469 enim
859 3413 969 3468 haec
979 3414 1118 3483 ﬁeri,
1142 3412 1233 3467 sed
1254 3412 1481 3467 nondum
1493 3412 1615 3482 ﬁnis
1639 3410 1930 3485 (Lamus).
1964 3411 2203 3469 Prasmm

619 3506 735 3560 nuit
756 3518 884 3574 ergo
906 3505 1166 3561 Dominus
1184 3511 1240 3560 et
1261 3502 1511 3560 Salvator
1532 3512 1724 3560 noster
1747 3504 2036 3575 discipulos
2046 3521 2199 3574 suos,

618 3606 673 3652 et
701 3613 797 3669 per
820 3613 915 3653 eos
961 3613 1059 3653 nos
1092 3597 1276 3653 docuit
1314 3597 1572 3663 secundo,
1604 3607 1841 3652 terrores
1869 3605 1926 3652 et
1942 3613 2203 3668 pm-

617 3689 813 3754 tiones,
842 3689 1318 3760 diversitatequ
1348 3688 1753 3746 tribulationum
1774 3703 1807 3745 a
1828 3693 2203 3761 persequenti-

616 3778 715 3833 bus
744 3779 1004 3848 irrogatas
1044 3778 1256 3835 fortiter
1285 3793 1563 3849 spernere,
1590 3787 1652 3835 et
1674 3780 1798 3837 vita:
1836 3790 2050 3839 αξιοι-ηερ
2071 3799 2203 3842 con-

554 3882 563 3887 ‘
617 3870 883 3928 solatioue
930 3870 1182 3929 refoveri.
1226 3869 1297 3926 Et
1336 3872 1465 3942 quia
1512 3871 1670 3931 nobis
1709 3874 1922 3945 saepius,
1966 3877 2203 3947 peccatis

617 3966 813 4021 nostris
837 3965 1192 4034 exigentibus,
1234 3965 1574 4037 contingunt,
1624 3966 1746 4023 ideo
1784 3982 1963 4025 mores
1990 3976 2046 4023 et
2072 3983 2201 4023 con-

618 4056 975 4109 versationem
1022 4062 1262 4113 nostram
1310 4070 1526 4127 semper
1553 4057 1609 4111 in
1636 4058 1828 4115 melius
1867 4066 2202 4115 commutare

617 4145 891 4211 debemus,
943 4145 1195 4201 deserere
1240 4146 1403 4214 vitia,
1436 4156 1492 4203 et
1518 4162 1765 4204 crescere
1812 4150 1865 4207 in
1916 4144 2202 4207 virtutibus

617 4236 813 4292 sanctis
838 4234 905 4291 de
932 4234 1020 4291 die
1048 4236 1103 4290 in
1140 4235 1302 4301 diem,
1330 4238 1684 4299 contumelias
1712 4247 1769 4293 et
1792 4240 2067 4298 cruciatus
2094 4239 2199 4296 hu-

616 4327 702 4399 ius
727 4327 906 4384 smculi
929 4328 1315 4399 patientissime
1341 4328 1609 4396 tolerare;
1632 4338 1693 4385 ut
1717 4328 1932 4388 dicatur
1960 4330 2027 4386 de
2048 4332 2202 4388 nobis

552 4473 559 4480 .
617 4420 746 4476 illud
773 4420 917 4491 quod
955 4422 1009 4476 in
1038 4420 1246 4492 psalmo
1266 4421 1478 4479 canitur
1503 4438 1516 4474 :
1542 4419 1703 4477 Ibunt
1739 4423 1907 4476 sancti
1936 4421 1999 4476 de
2019 4424 2201 4477 virtute

562 4512 565 4515 ’
616 4516 669 4568 in
698 4515 931 4569 virtutem
954 4512 1126 4586 (Psat.
1149 4512 1395 4585 unm).
1421 4511 1537 4569 Hoc
1561 4524 1693 4569 vero
1721 4515 2024 4589 exemplum
2048 4516 2200 4572 nobis

563 4610 566 4614 ’
616 4607 859 4661 Christus
878 4606 1113 4675 reliquit,
1143 4606 1235 4675 qui
1262 4620 1364 4678 pro
1403 4604 1559 4661 nobis
1586 4621 1741 4663 suum
1769 4608 2083 4676 sanguinem
2113 4607 2198 4662 fu-

2308 3414 2365 3468 ni
2396 3413 2648 3480 tortoris;
2686 3423 2747 3468 tu
2781 3413 2935 3469 vince
2967 3413 3375 3469 contemnendo
3410 3414 3670 3468 innumera
3694 3415 3825 3463 tenta-

2307 3513 2492 3561 menta
2514 3505 2717 3561 diaboli
2743 3505 3064 3561 seductoris.
3094 3505 3176 3559 llli
3203 3504 3425 3561 fortiter
3459 3504 3738 3561 restiterunt
3757 3514 3827 3570 pa-

2302 3610 2447 3665 gano
2475 3596 2711 3652 smvienti
2729 3615 2743 3663 ;
2766 3605 2824 3652 tu
2846 3597 3128 3665 vigilanter
3145 3597 3348 3653 resiste
3365 3597 3574 3653 diabolo
3592 3590 3826 3651 seduccnti,

2300 3688 2503 3745 Christi
2526 3687 2698 3745 fretus
2718 3689 2943 3744 auxilio.
2996 3689 3102 3744 Pro
3142 3689 3433 3746 catholicis
3482 3689 3602 3745 ﬁdei
3642 3686 3830 3743 veritate

2307 3800 2477 3857 usque
2506 3783 2573 3841 ad
2619 3781 2781 3839 linem
2814 3782 3025 3841 fortiter
3050 3790 3221 3852 certa,
3254 3791 3315 3840 et
3342 3782 3636 3843 mercedem
3665 3769 3829 3837 securus

2305 3885 2577 3947 exspecta.
2611 3874 2832 3932 Trinum
2870 3874 3184 3943 Dominum,
3222 3875 3283 3933 id
3329 3883 3418 3932 est
3445 3874 3664 3939 Patrem,
3690 3880 3736 3927 et
3766 3867 3829 3924 Fi-

2307 3971 2456 4037 lium,
2481 3978 2536 4026 et
2556 3969 2815 4047 Spiritum
2833 3975 3075 4025 sanctum
3103 3969 3263 4027 unius
3285 3967 3597 4027 substantia:
3611 3960 3828 4025 conﬁtere.

2307 4056 2351 4118 si
2378 4063 2459 4117 vis
2485 4076 2709 4131 regnum
2734 4060 2994 4118 emlorum
3018 4075 3142 4116 eum
3184 4061 3396 4121 sanctis
3432 4059 3667 4119 omnibus
3698 4052 3829 4126 possi-

2300 4155 2457 4211 dere.
2490 4154 2569 4207 Ab
2598 4154 2699 4207 hae
2727 4151 2926 4207 salubri
2950 4149 3297 4206 conlessione
3328 4166 3449 4206 non
3470 4147 3724 4205 cedamus
3744 4143 3828 4198 ille-

2306 4254 2426 4300 ctus
2462 4242 2850 4315 temporalibus
2894 4242 3158 4312 prauniis;
3186 4255 3254 4297 ne
3283 4257 3317 4296 a
3350 4239 3566 4296 Christo
3610 4235 3831 4295 infeliciter

2306 4336 2594 4407 separeris,
2624 4342 2680 4389 et
2724 4334 2983 4404 gehennm
3022 4331 3284 4388 incendiis
3331 4332 3606 4389 cruciaris.
3638 4322 3830 4403 6365i

2307 4431 2448 4484 enim
2477 4428 2778 4486 mundanas
2828 4428 3217 4499 prosperitates
3244 4435 3414 4501 atque
3442 4425 3763 4485 adversitates
3797 4418 3833 4472 in

2307 4528 2620 4591 contemptu
2669 4519 2872 4574 habere
2898 4517 3168 4586 didiceris,
3217 4519 3435 4579 etiamsi
3482 4522 3727 4573 tormenta
3765 4507 3831 4562 tibi

2306 4626 2405 4681 pro
2427 4609 2626 4666 Christi
2650 4609 2868 4665 nomine
2890 4607 3207 4673 inferantur,
3228 4608 3544 4664 nullatenus
3564 4598 3832 4662 formidabis.

616 4698 710 4752 dit.
738 4696 924 4753 Omnis
952 4712 1079 4768 ergo
1098 4696 1432 4752 Christianus
1462 4697 1769 4760 consideret
1815 4712 1921 4768 quo
1951 4707 2200 4754 censetur
2226 4710 2280 4773 Ι)
2300 4696 2535 4754 Tantum
2584 4701 2637 4755 in
2661 4708 2754 4753 tua
2787 4698 2982 4754 virtute
3027 4713 3304 4767 nunquam
3338 4696 3604 4764 confidas,
3631 4694 3670 4749 si
3708 4691 3833 4744 victor

617 4788 897 4850 vocabulo,
920 4797 979 4841 ut
1005 4786 1275 4842 Christum
1302 4788 1358 4842 in
1381 4788 1649 4854 omnibus,
1672 4798 1931 4858 quantum
1954 4789 2069 4859 ejus
2099 4792 2203 4845 lar—
2308 4809 2428 4849 esse
2455 4791 2749 4846 desideras.
2785 4789 2865 4844 Sit
2908 4789 3001 4844 tibi
3030 4788 3273 4844 Christus
3316 4803 3449 4860 spes
3476 4775 3616 4843 certa
3633 4825 3647 4851 ,
3675 4780 3751 4852 qui
3779 4782 3835 4831 05‘

560 4881 565 4886 '
616 4879 795 4947 giente
820 4878 991 4947 gratia
1036 4878 1201 4945 valet,
1231 4878 1498 4946 imitetur;
1531 4888 1589 4934 ut
1642 4880 1779 4936 sicut
1807 4889 1888 4936 est
1930 4881 2198 4952 particeps

618 4972 784 5040 ipsius
815 4970 1065 5036 nominis,
1090 4971 1169 5027 sic
1188 4970 1428 5027 imitator
1453 4971 1525 5026 sit
1552 4980 1606 5027 et
1634 4974 1832 5043 operis.
1857 4970 2103 5028 Honores
2131 4984 2194 5028 ac

617 5061 903 5130 dignitates
954 5059 1153 5127 saeculi,
1196 5072 1381 5116 amore
1408 5063 1561 5131 regni
1606 5062 1870 5130 ctelestis,
1900 5076 1998 5131 pto
2028 5062 2193 5117 nihilo

616 5153 804 5218 ducat;
837 5159 892 5205 et
920 5151 966 5207 si
990 5150 1276 5209 facultates
1301 5160 1529 5209 terrente
1556 5153 1826 5223 deliciunt,
1858 5167 2192 5222 nequaquam

552 5234 556 5239 “
616 5259 713 5315 per
763 5246 1005 5315 rapinam
1051 5251 1106 5299 et
1132 5244 1370 5301 fraudem
1400 5246 1749 5316 acquirantur
1788 5246 1840 5300 in
1871 5244 2193 5320 mundo..Si

615 5344 795 5392 autem
823 5336 1105 5406 habentur,
1130 5353 1239 5399 non
1264 5352 1363 5411 per
1401 5338 1680 5393 avaritiam
1708 5337 1994 5407 diligantur
2016 5335 2070 5391 in
2096 5352 2196 5391 ste-

556 5432 559 5435 '
614 5428 755 5495 culo,
778 5427 873 5486 sed
896 5444 996 5501 per
1016 5429 1478 5503 eleemosyn'arum
1506 5428 1807 5500 largitatem
1826 5440 2196 5500 permensum
2266 5490 2271 5495 ,

686 5645 713 5675 ι
738 5635 875 5692 Cod.
916 5634 1177 5690 ‘Lateran.
1204 5631 1501 5696 humilium,
1549 5630 1787 5701 carniﬁci
1834 5598 2032 5701 gratias
2073 5645 2197 5699 age-

614 5706 734 5761 bant
759 5707 1006 5761 swvienti.

684 5779 708 5814 δ
739 5777 885 5832 Idem
913 5777 1032 5831 eod.
1069 5775 1342 5843 Laterum,
1371 5772 1520 5827 Facit
1549 5781 1802 5842 martyres
1826 5785 1951 5841 quos
1977 5770 2185 5835 occidit,

2304 4884 2473 4938 virtus
2518 4882 2742 4945 invicta,
2776 4896 2844 4935 ne
2871 4897 2900 4935 a
2932 4895 3028 4951 spe
3057 4869 3438 4934 retributionis
3486 4879 3683 4933 animus
3722 4868 3835 4923 Chri.

2300 4974 2461 5029 stiani
2500 4972 2793 5040 frangatur.
2826 4969 3087 5038 Quoniam
3113 4969 3247 5025 sicut
3300 4969 3357 5024 in
3407 4968 3691 5025 certamine
3712 4962 3837 5017 virtus

2300 5065 2492 5120 devota
2521 5072 2575 5119 et
2595 5062 2802 5119 stabilis
2823 5070 3152 5127 muneratur,
3177 5062 3256 5117 sic
3286 5061 3343 5115 in
3375 5074 3519 5131 pace
3563 5055 3716 5111 ﬁdelis
3739 5065 3835 5104 con-

2301 5157 2523 5213 scientia
2567 5164 2877 5210 coronatur.
2920 5151 3025 5208 Per
3073 5151 3369 5207 Dominum
3419 5158 3657 5206 nostrum
3702 5140 3836 5196 Jesum

2300 5246 2592 5311 Christum,
2617 5247 2711 5317 qui
2738 5246 2867 5301 vivit
2888 5252 2943 5300 et
2970 5252 3158 5313 regnat
3186 5244 3247 5298 in‘
3269 5245 3488 5298 unitate
3517 5240 3728 5312 Spiritus
3750 5247 3836 5287 san-

2301 5340 2373 5395 cti
2396 5339 2538 5395 Deus
2564 5351 2660 5409 per
2680 5336 2860 5395 omnia
2890 5335 3083 5393 szecuia
3113 5334 3465 5389 smculorum.
3490 5333 3672 5387 Amen.

2298 5635 2563 5750 6“tinem
2582 5693 2708 5748 cod.
2737 5702 2940 5754 uatem,
2971 5700 3028 5743 ut
3048 5688 3385 5742 αάυενσιιήκε
3415 5703 3518 5746 auo
3545 5684 3696 5738 Adam
3720 5677 3837 5732 elin

2296 5783 2406 5819 cum
2442 5768 2550 5834 jam
2577 5772 2775 5817 amotus
2808 5768 3098 5815 constanter
3136 5758 3302 5812 elidit.
