4052 6330
528 349 635 409 ’119

1726 343 1782 399 8.
1826 342 2069 399 MAXIM!
2112 343 2581 401 TAURINENSIS.

3699 333 3814 398 720

527 474 653 531 tur,
692 461 788 519 sed
833 458 942 515 vita
1007 458 1237 529 simplici
1303 462 1688 529 provocantur.
1733 454 1929 511 Beatos
1983 471 2112 525 ergo
2142 458 2340 521 Adam
2391 456 2667 527 religionis
2713 456 3013 512 adducitur.
3056 456 3305 510 Debitnm
3350 456 3493 511 cnim
3536 462 3621 509 est
3646 454 3812 511 Citrio

526 555 716 618 'istos,
742 547 1115 627 etylaudabiles
1143 547 1541 614 annuntiamus,
1569 546 1659 615 qui
1681 545 1837 600 amici
1865 544 2025 614 cjusb
2054 555 2111 603 et

525 646 805 703 unanimes
851 658 971 699 esse
1012 650 1345 698 meruerunt.
1394 640 1661 695 Debemus
1689 639 1850 707 igitur
1888 646 1944 694 et
1984 654 2103 706 nos,

515 720 736 801 lratres,
761 736 833 792 ad
855 734 1151 792 Salvatoris
1174 733 1440 788 amicitias
1467 731 1742 795 festinare,
1776 730 2106 800 et.exemplo

524 839 832 886 sanctorum
883 842 982 899 per
1026 825 1205 882 omnia
1242 824 1421 880 facere
1460 823 1578 892 ejus
1605 823 1959 878 voluntatem.
1999 820 2107 878 Sed

524 920 652 992 quid
679 919 905 975 dicimus
933 918 1001 973 de
1028 917 1114 980 iis,
1145 931 1254 987 quo
1280 930 1374 970 eos
1402 914 1542 985 apud
1566 924 1590 953 ο
1639 913 1808 969 Deum
1843 913 2106 969 vocabulo

524 1009 973 1082 nuncupabimus,
989 1006 1017 1045 ἀ
1039 1008 1132 1078 qui
1155 1007 1243 1061 die
1270 1005 1540 1062 dominico
1562 1013 1786 1075 propter
1805 1003 2109 1059 convivium

524 1104 802 1170 sreculare,
829 1100 1112 1172 prandium
1138 1099 1356 1155 caeleste
1384 1104 1753 1161 contemnunt,
1787 1102 1842 1151 et
1869 1096 2108 1151 mensam

525 1193 724 1249 Christi
752 1192 1030 1259 deserunt,
1060 1191 1189 1246 dum
1236 1204 1421 1244 mensa
1463 1187 1697 1255 hominis
1733 1186 2109 1242 delectantur?

526 1283 657 1341 Nam
700 1285 789 1339 hic
826 1284 998 1353 prima
1042 1280 1399 1336 amicitiarum
1436 1277 1636 1334 Christi
1676 1276 1879 1333 oll'ensa
1917 1286 2019 1343 est,
2051 1282 2111 1331 ut

527 1391 649 1432 cum
674 1373 766 1430 ille
793 1373 880 1429 die
900 1358 1172 1428 dominico
1202 1385 1391 1427 omnes
1413 1368 1479 1424 ad
1507 1367 1859 1423 refectionem
1886 1382 2111 1423 vocave-

527 1466 615 1531 rit,
645 1463 1013 1533 unusquisque
1040 1462 1270 1532 propriae
1296 1475 1355 1516 se
1382 1459 1659 1530 voluptate
1687 1458 1997 1515 lascivitatis
2023 1473 2111 1514 re-

527 1558 675 1614 ticiat
701 1574 716 1626 ;
758 1565 815 1613 et
841 1571 951 1612 nou
978 1570 1045 1611 eo
1072 1554 1253 1626 potius
1281 1552 1585 1618 conveniat,
1625 1566 1734 1620 quo
1762 1550 1944 1607 debito
1972 1566 2109 1623 quo-

2216 551 2393 606 stiano
2420 550 2506 606 die
2535 549 2804 606 dominico
2835 549 2902 605 ad
2932 548 3224 605 Ecclesium
3268 549 3581 605 convenire.
3608 557 3633 584 ι’
3674 546 3807 604 Nam

2213 643 2305 698 illa
2326 642 2413 698 die
2441 643 2587 711 leges
2603 641 2782 709 silent,
2803 640 3007 712 judicia
3037 649 3237 709 tacent,
3263 650 3320 695 ut
3348 640 3496 695 salus
3525 638 3806 693 hominum

2210 735 2389 790 locum
2410 732 2712 790 devotionis
2745 731 2764 771 τ
2797 731 3066 803 acciperet
3097 741 3161 784 τε
3192 746 3298 786 non
3328 738 3440 785 tam
3465 728 3753 784 l'eriaretur
3774 744 3808 783 ει

2211 827 2439 898 publicis
2484 826 2711 894 actibus,
2744 840 2907 897 quam
2952 824 3172 880 feriatus
3209 833 3355 879 esset
3401 837 3433 876 a
3477 820 3811 876 facinoribus

2210 926 2575 990 peccatorum.
2608 917 2715 973 Sed
2735 916 2882 987 quod
2901 915 3056 987 pejus
3084 923 3186 981 est,
3217 914 3272 970 id
3298 913 3445 984 quod
3474 912 3543 969 ad
3569 911 3807 967 salubri-

2209 1015 2379 1063 tatem
2411 1008 2598 1064 datum
2626 1016 2729 1074 est,
2772 1006 2996 1078 deputat
3036 1007 3142 1062 hoc
3183 1005 3349 1060 miser
3376 1003 3611 1074 quisque
3648 1002 3808 1057 lasci~

2210 1099 2351 1165 vite;
2394 1104 2451 1154 et
2494 1114 2603 1154 non
2640 1098 2817 1156 solum
2864 1096 2933 1152 ad
2976 1095 3275 1152 Ecclesiam
3315 1102 3544 1165 propter
3581 1099 3809 1164 peccata

2215 1206 2324 1246 non
2352 1189 2622 1258 convenit,
2669 1188 2767 1245 sed
2810 1187 3138 1246 vanitatibus
3180 1184 3404 1241 studens
3451 1183 3759 1239 accumulat
3779 1180 3809 1220 1·

2216 1281 2319 1337 sibi
2362 1281 2613 1350 graviora
2648 1289 2887 1353 peccata.
2942 1279 3096 1336 Unde
3140 1293 3241 1335 vos
3277 1276 3629 1348 omnipotens
3666 1274 3811 1330 Deus

2215 1372 2534 1428 emendatos
2561 1372 2791 1440 liberet;
2819 1370 3068 1443 qui'vivit
3091 1377 3151 1427 et
3175 1377 3367 1440 regnat
3399 1368 3456 1424 in
3484 1368 3687 1424 saecula
3711 1361 3809 1422 sic-

2217 1462 2483 1519 culorum.
2509 1466 2701 1520 Amen.

600 1698 625 1725 ι
653 1687 785 1743 Cod.
818 1685 1093 1751 Laterum,
1117 1685 1241 1739 istos
1266 1692 1475 1738 sanctos
1495 1685 1816 1755 confessores
1849 1690 1899 1737 ct
1926 1682 2112 1738 lauda-
2141 1687 2189 1748 B
2215 1686 2358 1739 omni
2385 1683 2682 1741 Christiano
2710 1685 2972 1741 dominica
2999 1686 3070 1740 ad
3095 1685 3364 1741 ecclesiam
3384 1686 3683 1740 convenire.

528 1757 1063 1829 bilcsiannuntiamas.

594 1828 623 1867 δ
652 1828 800 1882 Idem
827 1823 949 1882 eo'd.
980 1823 1185 1887 Later..
1209 1832 1263 1878 ut
1290 1839 1389 1894 pro
1409 1832 1479 1894 et.

598 1909 621 1936 ο
646 1898 792 1952 idem
812 1895 933 1951 cod.
959 1894 1231 1957 Laterum,
1264 1892 1404 1965 apud
1431 1892 1732 1949 Dominum.

596 1966 624 2006 ά
644 1966 780 2023 Cod.
812 1966 1009 2030 Vatic.,
1057 1966 1144 2036 qui
1173 1964 1260 2036 ad
1289 1964 1603 2036 dominicam
1648 1981 1846 2036 caenam
1882 1965 2105 2029 invitati,

525 2047 733 2112 propter
779 2034 1079 2091 convivium
1102 2034 1352 2112 smcalare
1378 2035 1655 2105 prandium
1698 2035 1899 2112 sceleste
1936 2043 2110 2112 conte-

528 2104 730 2175 mnunt,
758 2117 807 2161 et
834 2121 1063 2161 mensam
1093 2104 1285 2159 Christi
1305 2104 1579 2170 deserunt;
1602 2113 1651 2158 et
1678 2105 1803 2159 dum
1819 2122 1996 2175 mensa
2017 2105 2111 2159 ho-

527 2179 681 2237 minis
704 2174 1040 2240 delectantur,
1064 2186 1113 2229 et
1140 2192 1254 2230 cum
1273 2192 1389 2231 voce
1410 2174 1669 2230 dominica
1690 2192 1866 2230 omnes
1886 2174 1955 2229 ad
1981 2178 2112 2246 refc-

518 2252 746 2305 etionem
766 2249 883 2302 vitte
904 2247 1069 2302 vocati
1096 2248 1219 2308 sint,
1258 2246 1622 2317 unusquisque,
1666 2248 1891 2317 propria:
1931 2262 1986 2301 se
2024 2262 2112 2300 vo-

530 2320 738 2391 luptatis
768 2317 978 2391 lascivia
1002 2316 1224 2391 reﬁciat,
1254 2325 1303 2370 et
1329 2316 1643 2391 nonpotius
1668 2316 1973 2391 conveniat,
2013 2332 2113 2386 quo

531 2385 697 2444 debito
725 2387 948 2460 quodam
968 2385 1232 2458 religionis
1270 2385 1564 2445 adducitur.
1597 2385 1840 2441 Debitum
1881 2385 2117 2441 enim’est

1482 2613 2109 2721 CLASSIS

2287 1765 2312 1794 °
2341 1755 2419 1810 ita
2448 1756 2625 1811 locum
2654 1757 2800 1825 hunc
2822 1757 3154 1811 restituimus
3182 1771 3252 1811 ex
3280 1755 3407 1820 cod.
3436 1754 3589 1819 Vat.,
3624 1770 3807 1810 emen-

2211 1824 2403 1881 dantes
2440 1825 2562 1882 cod.
2584 1826 2746 1890 Ven.,
2776 1824 2867 1894 qui
2908 1826 3091 1894 habet,
3114 1844 3236 1881 nam
3265 1826 3358 1880 illa
3386 1825 3472 1880 die
3502 1826 3620 1879 ideo
3646 1826 3808 1894 legis-

2097 1918 2100 1923 ν
2211 1905 2341 1967 sent.
2368 1895 2537 1967 codd.
2567 1894 2853 1960 Vallicell.,
2880 1905 2937 1952 et
2968 1894 3218 1952 Urbevet.
3245 1898 3429 1967 etiam,
3462 1897 3603 1967 leges
3625 1895 3803 1967 silent.

2212 1964 2541 2038 Yallicellan.
2574 1983 2725 2031 vero,
2750 1967 2953 2037 judices
2982 1984 3080 2037 pro
3101 1966 3323 2038 judicia.
3348 1964 3679 2021 Lateranen.
3713 1964 3805 2018 ad-

2214 2034 2576 2107 ditideoipost
2597 2034 2783 2092 vocem
2806 2054 2944 2091 nam.

2290 2104 2309 2143 τ
2336 2104 2471 2177 Cod:
2502 2106 2645 2177 νειμ,
2672 2117 2879 2177 peteret,
2909 2124 3014 2163 non
3038 2108 3310 2177 acciperet.

2293 2125 2305 2143 ¹
2336 2125 2468 2161 μου.
2511 2125 2645 2172 Vah,
2706 2125 2879 2175 eterct,
2909 2125 3014 2163 non
3038 2125 3310 2177 ασειρενει.

2287 2186 2313 2223 κ
2338 2175 2483 2231 Idem
2509 2176 2628 2231 cod.
2662 2125 2807 2243 gat,
2830 2194 2934 2232 non
2968 2187 3073 2248 tam
3095 2177 3266 2248 feriati
3286 2195 3318 2248 α
3347 2176 3579 2248 publicis
3610 2175 3805 2248 actibus

2247 2262 2367 2300 nam
2395 2264 2426 2300 a
2459 2257 2779 2317 peccatorum
2820 2244 3154 2319 facinoribus.
3180 2246 3327 2319 Sed,
3348 2244 3474 2302 'etc.
3501 2244 3647 2319 Cod.
3679 2263 3807 2301 vero

2260 2316 2490 2388 atteram,
2514 2319 2774 2388 acciperet
2799 2316 2944 2372 {non
2960 2327 3070 2388 tam
3091 2316 3345 2388 ferialiter
3364 2334 3398 2371 α
3419 2316 3666 2387 publicis,
3696 2325 3805 2372 etc.

2287 2384 2314 2423 ι·
2346 2384 2482 2442 Cod.
2513 2384 2643 2442 Vati
2671 2388 2873 2443 omittit
2901 2387 3019 2442 sibi.

3520 2524 3805 2549 ‘w‘——

2195 2612 2835 2721 TERTIA.
2948 2612 2955 2613 θ

1349 2795 1987 2868 SERMONES
2089 2795 2229 2865 DE
2320 2792 2979 2868 DIVEBSIS.

1891 3031 2162 3095 SERMO
2203 3034 2428 3098 XCIV.

1940 3129 2022 3187 De
2050 3132 2391 3188 mirabilibus.

1944 3221 2339 3279 ADMONlTlO.

792 3314 1040 3390 Monachi
1062 3313 1293 3390 Ma_urin_i_
1318 3312 1456 3390 edit._
1475 3328 1601 3385 opp.
1626 3312 1683 3368 8.
1716 3313 1984 3390 ambrosii
2014 3313 2183 3390 Paris.
2215 3315 2373 3390 1690,
2405 3332 2524 3388 pag.
2549 3316 2671 3390 439,
2705 3318 3018 3390 praeclarum
3067 3321 3209 3377 hunc
3233 3336 3543 3379 sermonem
3570 3322 3799 3377 Maximo

525 3382 884 3465 ροξῖιῖᾷἷιιιωη
907 3382 1566 3465 Ambrgsip.tribtienduni:
1582 3399 1701 3440 esse
1724 3382 1845 3465 jure
1869 3400 1932 3440 ac
1958 3387 2152 3465 merito
2182 3382 2527 3465 arbitrantur.
2551 3382 2720 3465 “Nam
2742 3391 2794 3444 in
2818 3392 3022 3465 multis,
3045 3392 3215 3465 iisque
3239 3394 3513 3465 veteribus
3538 3394 3798 3465 imprimis

523 3452 796 3539 codicibus
823 3457 1040 3539 nomine
1067 3454 1126 3509 S.
1156 3452 1650 3539 Maximi'eumdem‘
1677 3452 1926 3539 ornatum
1954 3455 2235 3539 videmus;
2265 3456 2325 3539 In
2369 3456 2703 3539 Sangallensi
2743 3452 3018 3539 ψωμῷ.
3041 3464 3111 3529 in,
3129 3452 3710 3539 'A_mhrosiano,_in'90
3737 3464 3796 3518 8.

522 3532 711 3603 Crucls
740 3526 1295 3603 in_Jerusalem_put_n.
1329 3524 1502 3603 l'5,_et
1529 3524 1884 3603 inABobiensi,
1906 3527 2216 3603 cummtitulo
2244 3525 2361 3581 :De
2385 3524 2823 3603 mirabilibusrin
2853 3532 2971 3588 aliis
2996 3524 3405 3603 posterioribus,
3434 3524 3582 3590 99's.
3613 3535 3797 3590 Crucis

521 3602 577 3658 in
604 3599 901 3681 Jerusalem
933 3612 1080 3681 num.
1101 3595 1191 3659 47,
1225 3593 1528 3681 Yercellep.
1552 3594 1642 3677 Gti,
1681 3593 1936 3681 haunrent.
1969 3614 1987 3651 ι
2015 3595 2153 3681 Plut.
2188 3613 2295 3681 xiv,
2327 3606 2383 3652 et
2411 3597 2480 3681 5b
2506 3598 2664 3681 lflutx
2684 3593 2809 3681 m3,
2851 3611 2906 3681 et
2944 3593 3124 3657 in'l72
3148 3604 3277 3681 bibl.
3307 3593 3435 3660 olim
3456 3606 3599 3660 aedil.
3630 3605 3792 3681 ἱρείη

521 3668 1045 3768 ιὲιθιτίξρ.¹ξῗζ2.ι·θιιῑ.,
1073 3681 1205 3747 cum.
1226 3665 1382 3768 titqu
1407 3683 1420 3717 :
1452 3663 1532 3718 De
1554 3663 1901 3768 mirabilibus,
1926 3684 2015 3768 se:
2038 3666 2101 3722 de
2119 3668 2619 3768 duagusnav'iculis;
2651 3671 2705 3725 in
2728 3663 2834 3727 alio
2864 3671 3130 3768 Lau'rem.
3154 3673 3335 3768 infigit
3354 3691 3463 3741 xiv,
3494 3691 3615 3745 pag.
3646 3674 3752 3729 256

521 3740 602 3819 Qe
619 3735 959 3819 mirabilibus.
990 3753 1076 3819 seu
1098 3735 1384 3819 miraculis,
1415 3751 1528 3819 qu'a:
1568 3737 1688 3806 fecit
1708 3735 1858 3790 Jesus
1978 3737 2072 3819 hoc
2093 3738 2285 3819 mundo
2312 3756 2328 3803 ;
2354 3738 2408 3793 in
2432 3738 2684 3819 Laurent.
2714 3759 2921 3819 xxxvrg
2961 3743 3039 3798 De
3060 3744 3379 3819 mirabilibus
3411 3735 3594 3819 sermo
3625 3747 3792 3819 sancti

519 3810 748 3896 Illaxim‘i
776 3807 1076 3896 enisgopi‘t'tt
1105 3804 1445 3896 vangfli‘um
1462 3804 1767 3896 Lu‘cazncap.l
1784 3823 1816 3861 v
1839 3824 1856 3890 ί
1878 3805 2008 3896 Capt
2031 3807 2194 3896 ταςρέε
2221 3808 2554 3896 irruerent‘in
2582 3828 2697 3896 eum
2717 3822 2771 3894 ut
2798 3814 3054 3896 audirent
3080 3814 3286 3896 verbum
3323 3813 3455 3882 Dei;
3486 3824 3543 3896 et
3565 3817 3623 3896 in
3653 3815 3791 3896 codi‘

519 3882 672 3938 cibus
699 3875 859 3935 Basil.
892 3875 958 3933 8.
984 3875 1127 3958 Petri
1147 3875 1309 3998 siﬁ'l
1341 3876 1405 3941 A,
1436 3891 1502 3930 ac
1529 3875 1858 3933 Vallicellani
1877 3878 2070 3947 tribus,
2098 3876 2186 3943 25,
2221 3878 2251 3931 7
2278 3878 2341 3944 A,
2374 3889 2430 3934 et
2457 3880 2500 3933 A
2521 3880 2572 3934 9.
2608 3880 2771 3954 Typis
2799 3891 2977 3939 autem
3005 3877 3144 3938 idem
3171 3884 3369 3954 legitur
3392 3875 3533 3956 apud
3559 3886 3790 3942 Combe-

519 3952 697 3998 iisinm
726 3959 856 3998 tom.
888 3947 975 3998 Vll
999 3946 1134 3998 Bibl.
1162 3944 1202 3997 P
1251 3986 1289 3998 ..
1311 3959 1436 3998 ηπ.
1467 3944 1556 3998 45.
1586 3955 1641 3998 et
1676 3946 2025 3998 Muralorium
2067 3957 2197 3998 tom.
2233 3948 2297 3998 IV
2324 3949 2585 3998 Anemlnt-
2616 3954 3011 3998 nnnnnllnsmm
3040 3955 3175 3998 alin:
3197 3956 3529 3998 nmtprinm
3555 3958 3790 3998 αισι-ἰηιη..

518 3952 698 4005 iisium
726 3959 856 4005 tom.
888 3947 975 4002 Vll
999 3946 1134 4002 Bibl.
1162 3944 1202 3997 P

1273 3959 1436 4027 ,_pag.
1467 3944 1556 4011 45,
1586 3955 1641 4002 et
1676 3946 2025 4027 Maratorium
2056 3944 2297 4027 'tom._l}'
2324 3949 2585 4027 Anec_do_t.
2616 3944 3011 4027 nonnullasque
3039 3955 3175 4010 alios
3197 3944 3529 4025 posteriores
3555 3958 3790 4027 scripto-

454 4018 461 4023 ⁷
518 4033 628 4078 res.
658 4019 841 4089 itaque
871 4027 1070 4074 temere
1099 4017 1156 4072 S.
1189 4016 1473 4072 Ambrosio
1501 4032 1533 4071 a
1559 4017 1832 4074 nonnullis
1859 4019 2175 4085 attributum
2200 4018 2362 4075 luisse
2391 4021 2805 4078 existimandum
2835 4016 2937 4080 est:

530 4179 913 4238 Anauumku.
943 4203 1016 4215 —-
1040 4176 1185 4230 Petri
1224 4179 1392 4243 navis,
1418 4194 1572 4249 quam
1599 4176 1833 4231 Christus
1865 4194 2102 4233 conscen-
2127 4146 2137 4195 ⁴

2208 4155 2300 4210 bas
2328 4169 2360 4209 a
2388 4155 2616 4211 Domino
2636 4155 2763 4212 Jesu
2783 4172 2891 4213 non
2921 4157 3193 4214 desertum
3215 4168 3514 4230 separaret,
3547 4176 3655 4216 non
3684 4159 3784 4234 Sy-

591 4259 686 4323 dit,
721 4266 796 4312 est
833 4254 1107 4321 Ecclesia;
1139 4256 1243 4309 alia
1284 4257 1449 4322 navis,
1491 4273 1645 4327 quam
1671 4256 1895 4327 reliquit,
1927 4257 2101 4328 Syno-

590 4354 744 4410 goga.
775 4334 1023 4392 Ecclesiae
1050 4335 1193 4391 navis
1212 4336 1268 4388 in
1293 4333 1455 4388 altum
1481 4335 1658 4389 siccati
1687 4343 1855 4399 natat,
1889 4335 2102 4408 ejusque

588 4418 761 4488 ﬁgura
783 4430 905 4469 arca
930 4413 1048 4470 Noe
1074 4415 1194 4488 fuit:
1216 4412 1610 4483 Tranquillitas,
1639 4411 1725 4467 ubi
1746 4414 1885 4468 solas
1910 4412 2100 4468 Petrus

591 4496 836 4567 navigat;
871 4504 1160 4566 tempestas,
1187 4491 1274 4553 ubi
1304 4502 1354 4544 et
1383 4490 1568 4545 ludas.
1611 4490 1708 4546 Ubi
1737 4492 1869 4563 ﬁdes
1898 4495 2103 4565 integra

587 4583 685 4642 est,
707 4572 779 4627 ibi
807 4571 1051 4628 Salvator
1071 4571 1287 4644 vigilat;
1317 4568 1403 4624 ubi
1421 4570 1545 4641 fidei
1569 4578 1645 4624 est
1677 4571 1913 4625 admixta
1940 4572 2100 4643 perﬁ-

589 4653 701 4722 dia,
730 4653 801 4707 ibi
829 4652 1041 4707 dormit.
1500 4676 1505 4677 ί

588 4789 919 4855 Quantorum
944 4786 1267 4841 mirabilium
1295 4795 1321 4823 ἰ
1351 4793 1606 4856 operator
1629 4785 1701 4841 sit
1727 4786 1987 4842 Dominus
2004 4786 2098 4844 Je-

519 4897 609 4937 sus
636 4880 880 4936 Christus
907 4879 1205 4947 intelligere
1236 4894 1520 4948 possumus
1565 4894 1634 4934 ex
1661 4879 1762 4935 hac
1792 4881 2097 4949 evangelica

518 4973 748 5028 lectione
776 4987 895 5042 quae
922 4970 1175 5027 describit
1210 4979 1357 5026 tanta
1397 4986 1496 5041 per
1540 4987 1663 5029 cum
1690 4972 1951 5029 beneﬁcia
1976 4973 2003 5013 δ
2041 4975 2096 5030 in

516 5063 776 5134 populum
822 5061 986 5117 fuisse
1031 5062 1229 5118 collata
1252 5103 1267 5127 ,
1303 5073 1327 5101 ο
1377 5071 1436 5118 ιιι
1474 5071 1781 5134 provocata:
1821 5066 2096 5123 hominum

516 5138 686 5207 turbae
731 5151 801 5207 ad
838 5151 1165 5207 audiendum
1202 5153 1350 5207 illum
1392 5154 1561 5224 magis
1603 5156 1869 5214 irruerent
1933 5174 2095 5229 quam

515 5251 806 5312 rogarent;
858 5250 912 5298 et
956 5241 1274 5298 medicinam
1315 5244 1502 5300 salutis
1530 5262 1640 5302 non
1683 5257 1964 5319 sperarent
1998 5266 2096 5321 per

454 5338 459 5347 ‘
513 5333 828 5389 humilitatis
854 5332 1100 5402 gratiam,
1126 5332 1222 5388 sed
1248 5348 1347 5404 per
1369 5335 1789 5405 importunitatis
1808 5337 2089 5407 iniuriam;

514 5427 588 5480 ita
616 5432 676 5479 ut
710 5425 995 5491 irruentes,
1027 5425 1169 5481 sicut
1194 5424 1273 5480 ait
1296 5423 1647 5496 Evangelium
1677 5426 1826 5499 (Luc.
1855 5428 1934 5500 v),
1980 5438 2091 5487 tur-

580 5566 609 5631 f
639 5555 808 5631 Codd.
839 5554 898 5631 _S.
925 5556 1076 5631 ljetri‘
1096 5563 1152 5631 e_t
1179 5555 1479 5631 V_allieell._,_
1499 5568 1822 5631 cooperator.

580 5624 610 5664 ιι
638 5624 808 5701 Codd.
836 5624 1107 5701 S_.‘Cruci_s
1130 5626 1183 5680 in
1210 5625 1322 5681 Jer.
1353 5635 1409 5682 et
1433 5624 1604 5694 Non;
1617 5630 1672 5701 in
1702 5631 1908 5701 populo.

516 5772 565 5816 ω
588 5692 805 5817 ἓοόιι.
856 5694 924 5746 '56
970 5702 1024 5749 et
1071 5695 1349 5765 Laurent.,
1395 5707 1453 5751 ut
1492 5692 1790 5768 merome
1826 5702 2087 5760 hominum

570 5781 596 5816 Τ
681 5801 693 5816 ο

570 5781 693 5816 νοω.

2203 4262 2407 4317 nagoga
2434 4249 2738 4320 repelleret,
2763 4266 2872 4305 non
2892 4252 3194 4307 reverentia
3222 4253 3530 4309 Divinitatis
3547 4263 3774 4309 arceret.

2201 4339 2330 4396 Huic
2375 4349 2457 4397 est
2484 4343 2629 4397 enim
2674 4345 3005 4400 consuetudo
3033 4341 3063 4383 ει
3105 4344 3515 4414 inﬁrmantium,
3558 4357 3618 4401 ut
3661 4347 3781 4402 dum

2200 4442 2421 4505 sperant
2443 4436 2555 4491 suis
2580 4436 2984 4507 mgritudinibus
3011 4440 3355 4509 medicinam,
3383 4443 3454 4497 ab
3479 4443 3781 4512 importuna

2199 4526 2463 4597 petitione
2509 4544 2618 4584 non
2688 4530 2809 4585 loco
2872 4532 3278 4602 prohibeantur,
3336 4550 3446 4590 nou
3501 4544 3775 4607 tempore,

2178 4634 2321 4689 non.
2365 4620 2610 4690 pudore;
2659 4622 2754 4678 sed
2804 4632 3009 4694 quanto
3061 4626 3182 4695 plus
3235 4626 3486 4682 medetur
3538 4628 3629 4683 ille
3689 4628 3778 4697 qui

2198 4718 2390 4777 sanat,
2448 4718 2600 4769 tanto
2654 4714 2884 4786 amplius
2907 4724 2932 4754 ε
2975 4716 3313 4787 importunus
3353 4725 3438 4773 est
3491 4719 3584 4788 qui
3631 4719 3778 4775 labo-

2169 4809 2303 4856 ‘rat.
2341 4801 2484 4875 Ergo
2512 4819 2636 4859 cum
2675 4805 2935 4864 Dominus
2959 4807 3116 4864 Jesus
3156 4810 3224 4864 ab
3265 4809 3597 4867 irruentibus
3624 4810 3779 4884 διο

2198 4893 2368 4948 turbis
2404 4903 2666 4965 semotus,
2713 4896 2766 4952 in
2797 4905 2941 4954 terra
2979 4915 3099 4956 esse
3123 4916 3233 4955 non
3272 4903 3493 4971 posset,
3522 4904 3780 4975 aspiciens

2198 4982 2253 5037 in
2280 4986 2417 5040 mari
2443 4986 2580 5042 duas
2601 4989 2896 5057 naviculas,
2925 5006 3087 5047 unam
3117 5007 3313 5047 navem
3337 4992 3486 5049 Petri
3520 4996 3668 5050 omni
3710 4995 3780 5051 le-

2196 5075 2485 5148 stinatione
2510 5080 2841 5149 conscendit,
2872 5090 2933 5138 ut
2952 5084 3376 5155 importunitatis
3403 5086 3656 5157 injuriam
3701 5088 3778 5144 vel

2196 5183 2455 5238 aquarum
2483 5181 2674 5227 natura
2693 5173 2993 5245 depelleret
3020 5193 3035 5229 :
3065 5175 3191 5246 quia
3218 5192 3339 5233 eam
3366 5176 3611 5237 doctoris
3634 5196 3778 5236 reve-

2192 5259 2368 5313 rentia
2395 5260 2615 5317 minime
2641 5265 2956 5333 coercebat;
2989 5277 3152 5337 atque
3184 5252 3380 5324 exinde
3406 5271 3577 5341 erepit
3602 5271 3670 5327 de
3696 5285 3777 5326 na~

2192 5349 2367 5407 vicula
2394 5351 2539 5409 Petri
2565 5354 2632 5409 ad
2661 5355 2905 5413 homines
2930 5357 3192 5414 doctrinm
3219 5368 3328 5414 sua:
3356 5354 3527 5415 verba
3556 5361 3775 5432 profun-

2193 5439 2340 5498 dere.
2387 5441 2577 5500 Videte
2624 5445 3048 5503 misericordiam
3105 5447 3448 5517 Salvatoris;
3500 5458 3772 5522 separatur

2114 5572 2170 5635 D
2263 5571 2290 5612 δ
2321 5574 2636 5653 (ξοᾲεῡρβ.
2668 5578 2855 5653 C_rucis
2882 5581 2936 5635 in
2963 5580 3097 5648 Jer.,
3126 5584 3475 5653 inﬁrmorum.

2268 5653 2291 5683 ε
2321 5645 2490 5703 Codd.
2521 5648 2589 5704 36
2617 5659 2671 5706 et
2700 5648 2976 5719 Laurent.,
3006 5645 3149 5709 tanto
3182 5645 3413 5723 amplius

2193 5658 2490 5771 Μῖαὲλὲῧὼ
2521 5658 2589 5704 56
2617 5659 2671 5706 et
2701 5658 2976 5719 Laurent.,
3006 5662 3149 5709 tanto
3189 5658 3413 5723 amplius
3460 5658 3552 5713 ille
3581 5659 3767 5731 impor-
