4052 6330
258 320 354 384 721

1664 317 1888 374 SERMO
1924 315 2099 374 CXIV.

3411 253 3526 375 122'

258 441 475 511 quidem
525 441 591 495 ab
629 439 937 495 hominibus
977 452 1224 508 corpore,
1265 434 1521 490 doctrina!
1571 441 1745 486 tamen
1781 433 1842 487 iis
1869 434 1919 493 Α
1946 434 2099 487 modo
2128 434 2338 503 potestis
2378 432 2509 487 bona
2554 434 2690 505 loqui
2737 450 2852 489 cum
2896 433 3009 489 sitis
3055 446 3274 506 nequam
3301 429 3514 503 (Matth.

258 534 490 589 utilitate
521 533 881 602 conjungitur.
916 530 1122 600 Ubique
1151 531 1454 592 miseretur,
1487 528 1680 596 ubique
1708 543 1837 597 pro-

256 625 395 679 dest.
428 625 484 679 In
516 634 657 680 terra
685 625 892 695 positus
913 639 1007 694 per
1027 631 1224 678 tactum
1251 622 1534 688 languores
1554 634 1839 689 corporum

256 726 451 782 sanat;
483 717 536 771 in
578 717 713 771 mari
756 716 1098 782 constitutus,
1147 730 1244 784 per
1282 713 1580 768 doctrinam
1618 711 1840 764 vulnera

257 815 410 862 curat
431 807 750 862 animarum.
785 805 891 861 Sed
919 806 1194 861 videamus
1225 818 1344 873 qum
1372 803 1443 858 sit
1471 803 1569 857 ista
1601 800 1840 855 navicula

257 897 494 954 Simonis
521 897 667 954 Petri
691 913 852 968 quam
877 897 954 952 'ad
982 896 1277 953 docendum
1319 895 1386 950 de
1425 895 1632 949 duabus
1675 893 1843 962 magis

257 995 620 1058 opportunam
651 987 908 1042 Dominus
922 985 1198 1054 judicavit,
1231 999 1350 1053 qua:
1379 992 1433 1038 et
1463 991 1636 1038 tutum
1665 981 1845 1036 Salva-

260 1088 435 1133 torem
478 1084 698 1147 prmstet
737 1077 806 1131 ab
843 1076 1032 1145 injuria
1080 1084 1134 1129 et
1169 1073 1502 1129 credulitatis
1541 1071 1845 1127 hominibus

260 1170 515 1239 largiatur
541 1169 789 1239 eloquia;
822 1169 1120 1223 invenimus
1139 1168 1283 1224 enim
1305 1166 1414 1236 jam
1437 1166 1719 1222 Dominum
1749 1179 1845 1219 na-

258 1263 472 1330 vigasse
501 1261 556 1316 in
583 1261 686 1315 alia
716 1261 862 1328 navi,
899 1269 954 1315 et
997 1259 1247 1328 gravibus
1280 1259 1487 1328 injuriis
1517 1258 1842 1313 lacessitum.

260 1353 538 1422 Navigavit
555 1355 699 1408 enim
720 1368 840 1409 cum
857 1353 1039 1424 Moyse
1057 1353 1108 1406 in
1131 1353 1264 1406 mari
1288 1351 1491 1417 Rubro,
1515 1350 1729 1420 quando
1751 1366 1847 1420 po-

261 1443 446 1508 pulum
492 1441 660 1498 Israel
706 1457 804 1512 per
844 1441 1107 1496 undarum
1155 1440 1352 1494 ﬂuenta
1381 1440 1711 1504 transvexit;
1753 1437 1847 1493 sed

262 1534 514 1603 gravibus
529 1541 611 1588 est
627 1531 848 1588 affectus
867 1533 1091 1601 injuriis,
1108 1532 1247 1587 sicut
1263 1533 1374 1602 ipse
1395 1533 1469 1586 ait
1486 1532 1538 1586 in
1559 1529 1848 1600 Evangelio

263 1625 332 1681 ad
359 1625 574 1681 Judmos
605 1643 618 1679 :
654 1625 716 1680 Si
764 1625 1038 1679 crederetis
1068 1624 1266 1695 Moysi,
1316 1633 1365 1678 et
1408 1624 1534 1677 mihi
1571 1623 1850 1676 crederetis

265 1717 447 1788 (Joan.
479 1717 556 1789 v).
588 1717 785 1787 lnjuria
827 1725 1006 1771 autem
1038 1715 1326 1771 Salvatoris
1375 1723 1458 1769 est
1509 1712 1851 1768 incredulitas

1944 527 2079 594 xu)?
2102 525 2249 581 Hanc
2278 526 2440 593 igitur
2461 527 2629 581 solam
2652 525 2904 583 Ecclesiae
2933 542 3127 582 navem
3151 524 3396 582 ascendit
3423 525 3521 580 Do-

1943 618 2138 685 minus,
2187 619 2238 671 in
2286 632 2391 687 qua
2439 615 2628 672 Petrus
2674 619 2932 688 magister
2954 625 3038 673 est
3064 618 3405 684 constitutus,
3435 616 3519 670 di-

1943 717 2099 763 cente
2126 708 2353 763 Domino
2385 726 2397 761 :
2432 708 2598 779 Super
2623 709 2755 763 hanc
2792 719 2992 780 petram
3033 708 3303 780 aediﬁcabo
3334 707 3518 762 Eccle-

1943 802 2075 856 siam
2121 803 2304 855 meam.
2340 802 2355 833 ⁸
2387 796 2516 867 Quae
2562 801 2715 856 navis
2754 802 2807 856 in
2837 803 3002 857 altum
3047 802 3228 857 sicculi
3263 801 3420 871 hujus
3450 801 3522 856 ita

1945 897 2114 954 natat,
2146 899 2204 945 ut
2231 900 2490 961 pereunte
2514 891 2735 960 mundo,
2755 907 2942 948 omnes
2963 908 3100 962 quos
3128 893 3371 962 suscipit,
3410 907 3526 946 ser-

1946 992 2034 1039 vet
2057 983 2268 1038 illarsos.
2293 982 2456 1052 Cujus
2481 981 2704 1054 figuram
2726 982 2839 1053 jam
2866 983 2921 1039 in
2944 983 3127 1039 Veteri
3154 983 3396 1038 videmus
3418 982 3523 1036 Te-

1945 1083 2247 1140 stamento;
2277 1076 2414 1130 sicut
2442 1075 2584 1129 enim
2605 1074 2720 1129 Noe
2747 1089 2892 1138 arca,
2920 1073 3272 1142 naufragaute
3300 1073 3523 1141 mundo,

1946 1175 2171 1222 cunctos
2213 1180 2350 1233 quos
2372 1173 2707 1236 susceperat
2731 1164 3028 1219 incolumes
3077 1164 3412 1229 reservavit;
3452 1163 3523 1217 ita

1947 1266 2003 1314 et
2029 1257 2175 1313 Petri
2205 1257 2464 1322 Ecclesia,
2505 1257 2873 1327 conflagrante
2914 1257 3129 1322 saeculo,
3161 1273 3349 1313 omnes
3390 1271 3526 1326 quos

1949 1351 2290 1422 amplectitur
2310 1351 2713 1422 repmsentabit
2736 1350 2948 1413 illzcsos,
2973 1357 3028 1405 et
3050 1350 3187 1405 sicut
3205 1359 3330 1405 tunc
3357 1358 3528 1404 trans~

1949 1450 2072 1499 acto
2111 1441 2312 1497 diluvio
2351 1442 2420 1497 ad
2461 1457 2642 1497 arcam
2684 1441 2798 1496 Noe
2836 1441 3082 1496 columba
3125 1441 3331 1510 signum
3379 1441 3528 1510 pacis

1947 1534 2156 1598 detulit,
2199 1535 2271 1588 ita
2314 1542 2371 1588 et
2411 1541 2684 1590 transacto
2720 1533 2921 1602 judicio
2968 1531 3032 1586 ad
3063 1530 3354 1585 Ecclesiam
3383 1529 3527 1585 Petri

1948 1625 2190 1681 Christus
2231 1625 2381 1696 pacis
2408 1626 2661 1695 gaudium
2689 1611 2863 1680 defert
2901 1644 2913 1678 :
2960 1624 3085 1693 quia
3127 1623 3239 1693 ipse
3283 1623 3531 1678 columba

1950 1718 2035 1772 vel
2064 1735 2168 1789 pax
2196 1728 2297 1784 est,
2330 1720 2467 1774 sicut
2495 1718 2740 1788 promisit
2767 1717 2951 1773 dicens
2977 1736 2987 1770 :
3023 1717 3219 1770 lteram
3245 1714 3406 1787 642
3433 1733 3532 1768 au-

264 1807 580 1880 Synagogzn.
612 1807 752 1877 Ergo
781 1807 926 1862 Petri
952 1822 1141 1862 navem
1183 1807 1371 1875 elegit,
1404 1805 1574 1876 Moysi
1611 1803 1848 1866 deserit;
1881 1807 1928 1867 B
1956 1817 2055 1864 tem
2085 1809 2261 1864 videbo
2302 1828 2407 1876 ros,
2440 1821 2490 1865 et
2517 1810 2758 1882 gaudebit
2803 1827 2891 1864 cor
2918 1819 3140 1864 vestrum
3187 1807 3363 1877 (Joan.
3398 1808 3529 1876 xw).

265 1897 370 1952 hoc
387 1905 486 1962 est,
501 1898 708 1968 spernit
723 1906 745 1934 ⁰
760 1896 1093 1968 Synagogam
1110 1895 1388 1967 perﬁdam,
1407 1895 1614 1950 fidelem
1631 1894 1853 1949 assumit

267 1983 582 2046 Ecclesiam.
613 1987 771 2059 641
789 1987 912 2042 Duas
930 1988 1070 2043 enim
1100 1987 1252 2056 quasi
1283 1986 1539 2042 naviculae
1566 2001 1597 2039 a
1620 1984 1730 2039 Deo
1760 1976 1854 2039 de-

268 2080 479 2134 stinata:
517 2088 660 2144 sunt,
707 2096 826 2148 qum
856 2081 908 2134 in
945 2080 1070 2144 hoc,
1089 2089 1358 2152 tauquam
1389 2080 1442 2132 in
1468 2078 1625 2140 mari,
1653 2077 1853 2132 mundo

268 2170 502 2226 salutem
551 2172 856 2226 hominibus
899 2173 1254 2242 piscarentur,
1300 2171 1438 2226 sicut
1487 2171 1561 2224 ait
1597 2169 1856 2223 Dominus

271 2261 534 2331 apostolis
585 2280 596 2314 :
657 2261 851 2326 Venite,
894 2264 1085 2333 faciam
1134 2279 1218 2316 vos
1262 2263 1545 2330 piscatores
1591 2261 1854 2314 hominum

272 2353 488 2424 (Matth.
533 2355 628 2422 IV).
661 2353 741 2409 Ex
771 2355 852 2409 his
877 2370 1006 2422 ergo
1035 2354 1241 2409 duabus
1271 2353 1528 2424 naviculis
1557 2368 1661 2406 una
1688 2352 1854 2405 relin-

268 2445 452 2515 quitur
489 2446 555 2499 ad
603 2454 798 2499 terram
828 2446 1000 2500 inanis
1027 2453 1083 2499 ct
1109 2460 1299 2510 vacua,
1331 2443 1497 2497 altera
1544 2442 1857 2513 producitur

269 2536 325 2590 in
356 2537 521 2590 altum
552 2547 743 2592 onusta
773 2537 854 2592 vel
879 2537 1066 2607 plena;
1093 2552 1258 2590 vacua
1288 2536 1429 2589 enim
1455 2535 1735 2606 Syuagoga
1765 2549 1853 2589 re-

271 2627 528 2696 linquitur
555 2627 609 2684 in
639 2628 840 2693 littore,
869 2629 993 2698 quia
1019 2628 1288 2684 Christum
1309 2645 1429 2684 cum
1464 2627 1849 2697 prophetarum

270 2719 451 2773 amisit
479 2719 711 2774 oraculis
747 2737 758 2771 :
793 2728 986 2774 onusta
1017 2727 1197 2773 autem
1222 2718 1457 2774 Ecclesia
1488 2719 1540 2772 in
1581 2719 1744 2771 altum
1771 2734 1857 2771 as-

269 2811 520 2875 sumitur,
550 2813 674 2881 quia
703 2811 985 2866 Dominum
1027 2827 1148 2867 cum
1195 2811 1564 2881 apostolorum
1613 2809 1855 2865 doctrina

272 2901 530 2970 suscepit.
556 2899 859 2972 Synagoga,
885 2903 1120 2972 inquam,
1143 2910 1386 2957 remanet
1413 2902 1479 2955 ad
1509 2910 1679 2956 terras
1703 2903 1856 2973 quasi

273 2993 502 3046 terrenis
531 2993 796 3047 inhrerens
827 2992 852 3030 δ
883 2995 1248 3063 operantibus,
1287 2991 1526 3048 Ecclesia
1572 3002 1751 3047 autem
1801 2994 1855 3048 in

272 3083 613 3140 altitudinem
647 3096 668 3124 ο
701 3095 956 3141 evocatur
981 3084 1006 3123 ἀ
1035 3094 1284 3156 tanquam
1312 3087 1572 3140 caelorum
1594 3085 1854 3156 profunda

1955 1898 2062 1954 Sed
2090 1901 2343 1970 quoniam
2370 1902 2509 1956 hanc
2539 1899 2782 1955 eamdem
2812 1899 3110 1955 naviculam
3140 1899 3302 1962 Petri,
3332 1898 3398 1953 de
3428 1913 3534 1968 qua

1955 2005 2098 2046 nunc
2124 1991 2380 2046 Dominus
2408 1990 2643 2046 cmlestis
2669 1989 2927 2045 doctrinae
2948 2005 3056 2044 sua:
3081 1998 3415 2043 sacramenta
3443 1987 3534 2042 de-

1955 2081 2175 2150 promit,
2198 2081 2423 2147 legimus
2448 2081 2500 2134 in
2529 2079 2781 2133 Matthteo
2812 2079 2962 2150 (Cap.
2993 2077 3129 2148 vm),
3159 2077 3457 2132 dormiente
3483 2073 3547 2134 in'

1957 2172 2142 2226 eadem
2169 2172 2395 2227 Domino
2422 2172 2597 2226 ventis
2626 2171 3022 2240 insurgentibus
3049 2169 3437 2240 perturbatam,
3464 2169 3534 2223 ita

1958 2272 2014 2317 ut
2039 2264 2216 2318 cuncti
2245 2264 2472 2334 apostoli
2501 2263 2690 2318 mortis
2712 2263 3007 2334 periculum
3037 2260 3387 2316 formidarent
3413 2279 3425 2313 :
3460 2261 3534 2314 vi.

1957 2355 2178 2411 deamus
2201 2371 2319 2426 qua:
2342 2372 2504 2412 causa
2553 2365 2636 2411 est
2681 2355 2825 2425 quod
2851 2370 2955 2410 una
2978 2353 3270 2423 eademque
3294 2354 3535 2410 navicula

1957 2450 2045 2504 hic
2074 2451 2125 2504 iu
2156 2449 2544 2519 tranquillitate
2571 2449 2873 2505 doctrinam
2901 2447 3114 2519 populis
3143 2446 3348 2509 tribuit,
3383 2445 3450 2499 ibi
3485 2446 3536 2499 in

1958 2549 2279 2611 tempestate
2307 2541 2580 2610 discipulis
2608 2549 2810 2596 metum
2838 2541 3028 2595 mortis
3051 2537 3264 2602 indicit;
3313 2553 3536 2608 praeser-

1959 2633 2053 2686 tim
2082 2649 2202 2687 cum
2242 2632 2314 2687 ibi
2355 2633 2518 2687 etiam
2552 2647 2674 2686 cum
2702 2631 2909 2685 caeteris
2939 2629 3197 2700 apostolis
3227 2627 3410 2681 Simon
3441 2624 3538 2679 Pe-

1959 2732 2074 2777 trus
2102 2729 2262 2777 esset.
2297 2720 2425 2777 Hzec
2453 2731 2535 2776 est
2564 2730 2744 2776 autem
2785 2735 2945 2776 causa
2987 2719 3212 2791 periculi
3246 2737 3258 2772 :
3303 2725 3419 2772 erat
3466 2717 3538 2770 ibi

1958 2815 2144 2870 Simon
2191 2814 2402 2880 Petrus,
2434 2813 2528 2869 sed
2573 2821 2690 2869 erat
2727 2813 2930 2884 pariter
2967 2820 3022 2867 et
3067 2811 3310 2882 proditor
3355 2808 3538 2865 Judas.

1959 2908 2213 2974 Quamvis
2239 2909 2381 2964 enim
2411 2908 2552 2962 illius
2580 2907 2714 2962 ﬁdes
2742 2906 2994 2962 fundaret
3034 2905 3350 2967 naviculam,
3383 2903 3541 2971 hujus

1962 3007 2138 3054 tamen
2177 3015 2292 3054 eam
2337 2998 2557 3070 perfidia
2601 2998 2988 3062 conturbahat._
3027 2995 3405 3066 Tranquillitas
3459 3004 3541 3050 est

1960 3090 2051 3143 ubi
2080 3091 2227 3146 solus
2255 3089 2447 3144 Petrus
2476 3089 2709 3157 navigat,
2731 3095 3024 3159 tempestas
3049 3087 3135 3141 ubi
3162 3085 3326 3140 Judas
3353 3085 3540 3155 adjun-

272 3184 607 3230 sacramenta
637 3175 960 3243 discutiens;
994 3177 1047 3231 in
1074 3177 1217 3230 illam
1261 3177 1466 3232 scilicet
1519 3175 1854 3230 altitudinem
1881 3181 1930 3243 C
1959 3181 2117 3246 gitur.
2153 3180 2303 3234 Licet
2332 3188 2473 3234 esset
2502 3178 2692 3233 Petrus
2722 3177 2906 3234 firmus
2934 3177 3044 3232 suis
3068 3178 3293 3239 meritis,
3327 3185 3538 3245 pertur-

275 3265 345 3320 t'e
363 3280 467 3334 qua
498 3266 786 3335 Apostolus
809 3267 884 3320 ait
917 3286 928 3318 :
965 3264 1009 3318 0
1027 3267 1244 3320 altitudo
1269 3266 1564 3320 divitiarum
1593 3265 1859 3335 sapientiae

273 3364 323 3409 et
354 3357 582 3410 scientiae
611 3355 706 3410 Dei
750 3357 926 3428 (Rom.
959 3358 1068 3426 x1)!
1108 3355 1397 3426 Propterea
1426 3357 1620 3411 dicitur
1647 3355 1807 3411 Petro
1841 3375 1853 3408 :

278 3447 394 3500 Duc
421 3449 474 3502 in
520 3450 682 3503 altum
714 3449 863 3519 (Luc.
895 3450 970 3519 v),
998 3450 1102 3504 hoc
1131 3458 1214 3504 est
1243 3449 1294 3502 in
1323 3449 1645 3518 profundum
1670 3448 1856 3519 dispu-

277 3537 542 3593 tationum
572 3529 932 3606 generationis
971 3539 1184 3594 divina).
1226 3537 1363 3606 Quid
1392 3540 1534 3593 enim
1576 3546 1684 3593 tam
1726 3555 1857 3608 pro-

278 3626 498 3680 fundum
529 3643 686 3697 quam
716 3629 860 3698 quod
889 3631 966 3683 ait
996 3627 1184 3683 Petrus
1221 3629 1286 3684 ad
1329 3628 1610 3683 Dominum
1644 3648 1656 3681 :
1692 3628 1767 3682 Tu
1803 3647 1858 3684 es

279 3717 509 3771 Christus
538 3718 707 3774 Filius
736 3719 833 3774 Dei
855 3722 951 3774 tiri
974 3719 1186 3787 (Matth.
1210 3719 1361 3788 xvr)?
1389 3718 1528 3784 Quid
1557 3727 1663 3772 tam
1692 3729 1859 3774 terre-

281 3824 409 3863 num
447 3825 606 3878 quam
627 3809 770 3878 quod
799 3811 866 3864 de
896 3810 1122 3863 Domino
1149 3810 1397 3863 dixerunt
1425 3808 1590 3862 Judzei
1625 3827 1637 3862 :
1669 3807 1860 3864 Nonne

280 3899 365 3952 hic
393 3909 470 3952 est
496 3900 636 3969 ﬁlius
660 3899 853 3970 Ioseph
893 3898 1028 3969 fabri
1057 3897 1206 3969 (an.
1231 3898 1304 3967 tv)
1329 3899 1351 3952 ?
1379 3897 1472 3952 Ille
1496 3898 1638 3952 enim
1666 3899 1858 3952 altiore

279 3991 506 4043 consilio
552 3991 884 4045 nativitatem
925 3988 1122 4044 Christi
1161 3989 1413 4044 divinitus
1441 3988 1770 4059 approbavit,
1803 3990 1859 4044 bi

283 4088 466 4134 mente
522 4081 735 4148 viperea
783 4079 1185 4149 generationem
1235 4079 1513 4134 caelestem
1572 4079 1858 4133 carnaliter

280 4171 638 4226 a'stimabant.
672 4169 818 4225 Unde
847 4171 922 4224 ait
949 4170 1194 4226 Salvator
1227 4170 1422 4226 Petro:
1450 4167 1583 4234 Quia
1607 4187 1709 4224 non
1728 4152 1858 4225 ἀπο

278 4274 332 4316 et
361 4264 571 4333 sanguis
600 4263 689 4318 tibi
739 4266 833 4318 hoc
875 4265 1130 4328 reuelauit,
1162 4265 1251 4320 sed
1295 4265 1458 4319 Pater
1491 4280 1652 4330 meus,
1693 4266 1779 4335 qui
1807 4267 1860 4318 in

277 4355 420 4408 rwtis
448 4364 523 4408 est
553 4354 763 4424 (Matth.
798 4357 927 4427 xw).
975 4355 1257 4413 Pharismis
1286 4366 1465 4412 autem
1505 4356 1636 4411 dicit
1665 4376 1676 4410 :
1713 4355 1856 4421 Quo-

356 4507 547 4592 fldem
575 4508 696 4592 cod.
719 4507 999 4592 μοι-εαξη
1023 4511 1217 4592 spernit
1248 4508 1546 4592 Synagoga:
1565 4511 1860 4592 per/idiom.
1896 4513 1943 4572 Ι)

353 4578 381 4616 ιι
409 4577 548 4632 Idem
577 4578 698 4633 cod.
732 4578 980 4633 Laurent.
1024 4577 1079 4632 et
1108 4579 1228 4634 cod.
1261 4577 1419 4646 Nov.,
1460 4577 1675 4634 terrenis
1703 4580 1867 4632 inhae—

282 4666 404 4703 rens
422 4648 832 4718 operationibus.
876 4717 884 4718 ί
965 4717 984 4718 7
1023 4666 1028 4670 ‘

359 4729 381 4755 ο
419 4716 651 4787 Uterque
679 4719 838 4773 codd.
867 4717 924 4772 S.
949 4717 1135 4773 Crucis
1157 4720 1209 4773 in
1228 4717 1362 4785 Jer.,
1395 4728 1450 4774 et
1476 4719 1634 4784 Nov.,
1657 4735 1866 4772 revoca-

281 4801 388 4842 ων.

359 4855 384 4894 δ
409 4855 550 4912 Idem
579 4858 697 4912 cod.
729 4857 890 4925 Nov.,
929 4860 1050 4928 quia
1077 4874 1175 4929 pro
1205 4868 1470 4930 tanquam.

360 4970 374 4999 ¹
402 4967 734 5036 Frequenter
753 4967 862 5021 suis
884 4967 937 5020 in
963 4967 1196 5022 homiliis
1218 4966 1504 5036 primatum
1527 4963 1673 5020 Petri
1695 4968 1747 5021 in
1770 4967 1872 5022 Ec-

282 5039 449 5092 clesia
489 5036 776 5091 Maximum
809 5037 1076 5105 docuisse,
1125 5036 1372 5091 omnibus
1400 5045 1736 5106 compertum
1767 5047 1870 5092 est.

286 5108 818 5177 Nihilominusacum
847 5109 950 5162 hoc
975 5116 1028 5161 et
1067 5107 1314 5177 sequenti
1353 5121 1602 5161 sermone
1632 5107 1871 5177 ejusdem

287 5177 435 5231 Petri
466 5187 627 5246 atque
657 5176 908 5232 Ecclesiae
936 5176 1314 5247 praerogativas
1342 5177 1638 5247 speciosius
1667 5176 1867 5247 prose-

287 5257 448 5303 cutus
472 5245 560 5313 sit,
585 5263 678 5302 eas
704 5247 789 5302 hic
815 5245 1134 5317 compendio
1163 5245 1536 5316 perstringam.
1562 5245 1628 5300 Et
1653 5245 1867 5317 quidem

287 5319 522 5400 primum
545 5318 954 5400 .observandum
984 5326 1090 5400 est,
1109 5359 1112 5362 ι
1135 5318 1416 5400 Synagoga
1447 5325 1668 5400 propter
1694 5319 1871 5399 .perli-

287 5386 432 5441 diam
480 5389 704 5456 rejecta,
758 5401 917 5441 unam
969 5386 1291 5442 credendam
1337 5403 1457 5442 esse
1503 5386 1797 5441 Ecclesiam
1837 5403 1868 5440 a
1926 5389 1927 5392 “

290 5457 506 5512 Christo
547 5459 794 5524 electam,
833 5458 884 5511 in
913 5472 1039 5526 qua,
1070 5466 1323 5526 tanquam
1369 5459 1420 5510 in
1452 5457 1593 5520 navi,
1627 5457 1743 5512 vice
1785 5457 1868 5511 sui

291 5529 572 5582 constituit
610 5529 825 5582 Petrum
874 5536 1158 5590 rectorem,
1209 5542 1515 5596 supremum
1564 5528 1870 5596 moderato-

293 5613 406 5651 rem
436 5607 598 5666 atque
627 5599 956 5666 magistrum.
987 5597 1086 5662 Qui
1123 5595 1456 5651 hanc’extra
1499 5612 1687 5650 navem
1727 5595 1869 5650 Petri

291 5667 667 5736 gubernationi
697 5668 1034 5722 commissam
1063 5669 1314 5734 navigant
1340 5666 1618 5736 mundum,
1651 5666 1715 5720 ad
1745 5682 1872 5735 por-

293 5735 408 5793 tum
433 5737 622 5791 salutis
648 5745 862 5792 aeterna:
888 5738 1168 5808 pervenire
1197 5754 1302 5792 non
1325 5745 1568 5806 possunt.
1603 5735 1746 5791 Petri
1776 5750 1871 5790 au-

1961 3273 2187 3326 babatur
2231 3280 2409 3324 tamen
2457 3269 2767 3325 criminibus
2814 3268 3122 3339 proditoris.
3181 3267 3540 3322 Metuentibus

1961 3362 2120 3430 igitur
2147 3360 2440 3430 discipulis,
2473 3369 2498 3397 °
2541 3361 2791 3414 anxiante
2819 3357 3002 3425 Petro,
3033 3357 3334 3412 dormiebat
3361 3355 3542 3412 Domi-

1961 3469 2080 3508 nus.
2114 3451 2304 3506 Mirum
2332 3451 2469 3506 forte
2490 3450 2736 3506 videatur
2758 3451 2906 3521 quod
2935 3451 3186 3505 anxiante
3228 3450 3388 3504 Petro
3411 3450 3539 3504 dor-

1961 3546 2163 3600 miebat
2191 3543 2448 3597 Dominus
2480 3561 2494 3596 :
2525 3543 2826 3598 dormiebat
2854 3541 3037 3604 Petro.
3083 3558 3149 3597 ne
3178 3543 3424 3612 vigilaret
3450 3542 3542 3596 .lu-

1964 3635 2044 3688 dzc
2069 3651 2082 3699 ;
2114 3633 2271 3687 unius
2307 3631 2466 3698 igitur
2492 3632 2688 3686 delicto
2727 3641 3041 3687 cunctorum
3068 3633 3258 3686 merita
3287 3631 3538 3701 quatiun-

1964 3732 2071 3778 tur.
2115 3722 2392 3777 Obdormit
2419 3721 2682 3791 Christus,
2713 3729 2996 3777 ventorum
3035 3723 3322 3793 spiramina
3360 3723 3542 3778 conci-

1964 3823 2182 3881 tantur;
2224 3815 2464 3885 quisquis
2501 3815 2644 3869 enim
2682 3822 2963 3885 peccatum
2992 3815 3242 3880 admittit,
3280 3817 3458 3869 statim
3488 3823 3543 3868 et

1965 3905 2325 3983 dormiresibi
2354 3905 2479 3960 facit
2507 3905 2812 3969 Dominum,
2842 3915 2897 3960 et
2937 3904 3230 3974 procellam
3256 3905 3357 3960 sibi
3385 3905 3545 3974 spiri-

1965 4005 2113 4049 tuum
2142 3995 2365 4049 suscitat
2415 3994 2432 4032 ί
2465 3993 2877 4057 mundanorum,
2909 4009 3128 4049 necesse
3158 4002 3240 4050 est
3282 4001 3459 4048 autem
3486 4002 3547 4048 ut

1967 4085 2229 4138 diabolica
2258 4085 2497 4153 insurgat
2538 4093 2852 4154 tempestas,
2885 4095 2910 4132 κ
2950 4100 3070 4139 cum
3102 4084 3310 4140 Domini
3340 4085 3544 4140 sereni-

1967 4183 2050 4230 tas
2083 4176 2430 4246 conquiescit.
2484 4174 2649 4245 lgitur
2675 4176 2718 4230 si
2750 4176 2904 4230 unius
2929 4175 3077 4230 Iuda:
3120 4185 3339 4246 peccato
3370 4177 3548 4232 cuncti

1965 4269 2338 4338 periclitantur
2367 4269 2618 4338 apostoli.
2658 4268 2759 4323 hoc
2796 4269 3043 4338 exemplo
3072 4283 3355 4324 caveamus
3383 4267 3548 4338 perli-

1966 4361 2111 4424 dum,
2142 4375 2429 4414 caveamus
2462 4359 2814 4428 proditorem,
2857 4375 2924 4413 ne
2955 4375 3053 4429 per
3082 4374 3247 4413 unum
3279 4358 3301 4395 ³*
3333 4359 3549 4428 plurimi

2046 4519 2068 4546 °
2098 4508 2232 4562 Cod.
2261 4507 2541 4573 Laurent.,
2573 4509 2830 4561 excitante
2856 4507 3030 4568 Petro,
3065 4508 3368 4561 dormiebat.

2049 4578 2068 4614 τ
2101 4577 2270 4632 Codd.
2317 4578 2374 4632 S.
2403 4575 2591 4631 Crucis
2641 4577 2694 4629 in
2719 4575 2852 4639 Jer.,
2884 4575 3133 4630 Laurent.
3163 4587 3217 4631 et
3247 4577 3404 4642 Nov.,
3447 4579 3548 4632 im-

1973 4648 2299 4702 mundorum.

2034 4728 2070 4798 ‘8
2103 4717 2176 4770 Id.
2209 4715 2330 4770 cod.
2377 4715 2562 4778 Laur.,
2587 4732 2701 4769 cum
2744 4716 3002 4769 dominica
3028 4717 3280 4771 serenitas
3308 4721 3549 4790 conquie-

1972 4795 2086 4893 mf;
2101 4855 2236 4910 Cod.
2269 4854 2338 4907 99
2356 4854 2414 4909 S.
2443 4854 2632 4911 Crucis
2652 4856 2705 4910 in
2735 4855 2870 4923 Jer.,
2899 4856 3068 4927 plures
3087 4857 3408 4926 ﬂuctuemur.

1975 4974 2082 5020 tem
2126 4963 2296 5028 navis,
2328 4964 2431 5018 hoc
2460 4971 2541 5016 est
2570 4961 2825 5035 Ecclesia,
2855 4963 3068 5020 Christo
3110 4965 3187 5020 sic
3216 4967 3550 5035 providente,

1975 5036 2112 5090 adeo
2150 5049 2337 5088 secura
2379 5042 2463 5105 est
2502 5049 2531 5086 a
2564 5032 2866 5105 naufragio,
2900 5043 2958 5088 ut
2985 5032 3334 5105 repraesentet
3361 5032 3553 5093 illaesos
3642 5083 3644 5086 τ

2013 5121 2110 5159 uos
2148 5106 2260 5173 ipsa
2290 5104 2683 5173 complectitur.
2716 5102 2858 5158 Petri
2888 5102 3191 5160 lidem'eam
3222 5116 3390 5161 tutam
3433 5109 3554 5162 red-

2013 5121 2110 5159 uos
2148 5121 2260 5173 ipsa
2290 5121 2683 5173 compiecutur.
2717 5121 2858 5158 rem
2888 5121 3044 5159 nuem
3073 5121 3191 5160 eam
3222 5121 3390 5161 tutam
3433 5121 3554 5162 reu-

1974 5121 2107 5228 aerc
2135 5175 2322 5245 asserit
2353 5172 2611 5245 Maximus
2633 5192 2652 5245 ;_
2680 5182 2734 5228 et
2761 5176 3065 5244 quicunque
3093 5176 3212 5231 lidei
3244 5177 3359 5245 ejus
3390 5177 3554 5230 tinui-

1979 5253 2062 5298 ter
2091 5244 2347 5305 adhaeret,
2372 5244 2514 5297 salus
2543 5244 2591 5297 ei
2621 5243 2814 5314 deesse
2842 5243 3042 5314 nequit.
3068 5243 3292 5300 Videtur
3313 5247 3555 5314 aliquan-

1977 5316 2048 5369 do
2092 5315 2194 5368 hac
2231 5313 2283 5367 in
2315 5315 2457 5380 navi,
2491 5314 2575 5367 vel
2619 5313 2878 5377 Ecclesia,
2913 5313 3218 5372 Odermire
3266 5313 3550 5379 Dominus,

1977 5401 2098 5464 cum
2122 5384 2396 5464 permittat
2425 5399 2455 5436 a
2485 5385 2734 5464 procellis
2772 5385 3113 5464 adversisque
3140 5385 3388 5440 fluctibus
3415 5401 3551 5438 con-

1978 5457 2118 5519 cuti;
2150 5455 2244 5508 sed
2274 5455 2376 5508 hoc
2416 5455 2546 5521 agit,
2579 5471 2646 5509 ne
2675 5456 2729 5509 in
2766 5455 3068 5525 apostolatu
3098 5469 3434 5525 successores
3463 5464 3556 5508 aut

1979 5525 2265 5587 dormiant,
2297 5531 2387 5577 aut
2414 5525 2494 5595 Ade
2533 5541 2591 5580 se
2631 5524 2985 5595 praesumant;
3015 5525 3156 5577 utilis
3183 5524 3430 5595 enimest
3454 5526 3556 5595 ali-

1979 5595 2097 5664 quis
2149 5596 2309 5647 timor
2362 5593 2430 5647 ad
2484 5592 2811 5662 vigilantiam
2867 5608 3159 5664 precesque
3222 5592 3554 5664 excitandas,

1979 5661 2172 5733 quibus
2219 5673 2493 5733 permotus
2539 5661 2824 5727 Dominus,
2870 5661 3073 5731 pacatis
3123 5661 3345 5733 imperio
3381 5665 3558 5718 ventis

1982 5731 2036 5789 et
2065 5731 2521 5802 mari,'pristinam
2552 5736 2722 5788 reddit
2752 5733 2998 5787 licclesia‘
3021 5731 3485 5800 tranquillitatem.
