  <div class='ocr_page' id='page_1' title='image "/cluster/home/n/w/nwhite01/storage/ocr_20150623/57/hvd.32044015471618/369.png"; bbox 0 0 4052 6330; ppageno 0'>
   <div class='ocr_carea' id='block_1_1' title="bbox 487 330 587 391">
    <p class='ocr_par' dir='ltr' id='par_1_1' title="bbox 487 330 587 391">
     <span class='ocr_line' id='line_1_1' title="bbox 487 330 587 391; baseline -0.01 0"><span class='ocrx_word' id='word_1_1' title='bbox 487 330 587 391; x_wconf 71' lang='lat'><strong>7‘27</strong></span> 
     </span>
    </p>
   </div>
   <div class='ocr_carea' id='block_1_2' title="bbox 1683 314 2509 403">
    <p class='ocr_par' dir='ltr' id='par_1_2' title="bbox 1683 314 2509 403">
     <span class='ocr_line' id='line_1_2' title="bbox 1683 314 2509 403; baseline -0.007 -25"><span class='ocrx_word' id='word_1_2' title='bbox 1683 322 1749 403; x_wconf 53' lang='lat' dir='ltr'><strong>s,</strong></span> <span class='ocrx_word' id='word_1_3' title='bbox 1779 317 2021 376; x_wconf 76' lang='lat' dir='ltr'><strong>MAXIM]</strong></span> <span class='ocrx_word' id='word_1_4' title='bbox 2061 314 2509 379; x_wconf 75' lang='lat' dir='ltr'><strong>TAURINENSIS</strong></span> 
     </span>
    </p>
   </div>
   <div class='ocr_carea' id='block_1_3' title="bbox 3649 312 3762 373">
    <p class='ocr_par' dir='ltr' id='par_1_3' title="bbox 3649 312 3762 373">
     <span class='ocr_line' id='line_1_3' title="bbox 3649 312 3762 373; baseline 0.035 -4"><span class='ocrx_word' id='word_1_5' title='bbox 3649 312 3762 373; x_wconf 69' lang='grc'>728</span> 
     </span>
    </p>
   </div>
   <div class='ocr_carea' id='block_1_4' title="bbox 484 422 3758 523">
    <p class='ocr_par' dir='ltr' id='par_1_4' title="bbox 484 422 3758 523">
     <span class='ocr_line' id='line_1_4' title="bbox 484 422 3758 523; baseline -0.006 -21"><span class='ocrx_word' id='word_1_6' title='bbox 484 446 678 523; x_wconf 62' lang='grc' dir='ltr'><strong>ἀειηιίι</strong></span> <span class='ocrx_word' id='word_1_7' title='bbox 704 458 822 514; x_wconf 69' lang='lat' dir='ltr'><strong>quae</strong></span> <span class='ocrx_word' id='word_1_8' title='bbox 853 443 965 497; x_wconf 89' lang='lat' dir='ltr'><strong>Deo</strong></span> <span class='ocrx_word' id='word_1_9' title='bbox 1018 447 1239 494; x_wconf 89' lang='lat' dir='ltr'><strong>auctore</strong></span> <span class='ocrx_word' id='word_1_10' title='bbox 1271 445 1294 474; x_wconf 82' lang='grc'><strong><em>⁸</em></strong></span> <span class='ocrx_word' id='word_1_11' title='bbox 1323 435 1578 506; x_wconf 80' lang='lat' dir='ltr'><strong>suscepit.</strong></span> <span class='ocrx_word' id='word_1_12' title='bbox 1612 432 1756 487; x_wconf 85' lang='lat' dir='ltr'><strong>Talis</strong></span> <span class='ocrx_word' id='word_1_13' title='bbox 1810 446 1942 501; x_wconf 88' lang='lat' dir='ltr'><strong>ergo</strong></span> <span class='ocrx_word' id='word_1_14' title='bbox 1981 439 2067 487; x_wconf 89' lang='lat' dir='ltr'><strong>est</strong></span> <span class='ocrx_word' id='word_1_15' title='bbox 2094 436 2144 495; x_wconf 65' lang='grc' dir='ltr'>Α</span> <span class='ocrx_word' id='word_1_16' title='bbox 2167 431 2289 488; x_wconf 98' lang='lat' dir='ltr'><strong>dico</strong></span> <span class='ocrx_word' id='word_1_17' title='bbox 2314 428 2460 500; x_wconf 88' lang='lat' dir='ltr'><strong>quod</strong></span> <span class='ocrx_word' id='word_1_18' title='bbox 2479 436 2536 483; x_wconf 84' lang='lat' dir='ltr'><strong>et</strong></span> <span class='ocrx_word' id='word_1_19' title='bbox 2563 427 2724 483; x_wconf 89' lang='lat' dir='ltr'><strong>modo</strong></span> <span class='ocrx_word' id='word_1_20' title='bbox 2751 425 2913 482; x_wconf 91' lang='lat' dir='ltr'><strong>etiam</strong></span> <span class='ocrx_word' id='word_1_21' title='bbox 2943 424 3012 481; x_wconf 86' lang='lat' dir='ltr'><strong>ad</strong></span> <span class='ocrx_word' id='word_1_22' title='bbox 3031 440 3132 481; x_wconf 86' lang='lat' dir='ltr'><strong>nos</strong></span> <span class='ocrx_word' id='word_1_23' title='bbox 3158 425 3213 480; x_wconf 94' lang='lat' dir='ltr'><strong>in</strong></span> <span class='ocrx_word' id='word_1_24' title='bbox 3237 422 3608 480; x_wconf 72' lang='lat' dir='ltr'><strong>sacerdotibus</strong></span> <span class='ocrx_word' id='word_1_25' title='bbox 3642 426 3758 481; x_wconf 73' lang='lat' dir='ltr'><strong>suis</strong></span> 
     </span>
    </p>
   </div>
   <div class='ocr_carea' id='block_1_5' title="bbox 488 517 3759 606">
    <p class='ocr_par' dir='ltr' id='par_1_5' title="bbox 488 517 3759 606">
     <span class='ocr_line' id='line_1_5' title="bbox 488 517 3759 606; baseline -0.006 -14"><span class='ocrx_word' id='word_1_26' title='bbox 488 536 516 576; x_wconf 71' lang='grc' dir='ltr'>δ</span> <span class='ocrx_word' id='word_1_27' title='bbox 540 535 875 606; x_wconf 73' lang='lat' dir='ltr'><strong>hospitalitas</strong></span> <span class='ocrx_word' id='word_1_28' title='bbox 895 533 1072 598; x_wconf 90' lang='lat' dir='ltr'><strong>beata,</strong></span> <span class='ocrx_word' id='word_1_29' title='bbox 1105 538 1165 585; x_wconf 88' lang='lat' dir='ltr'><strong>ut</strong></span> <span class='ocrx_word' id='word_1_30' title='bbox 1187 529 1425 585; x_wconf 69' lang='lat' dir='ltr'><strong>laetitiam</strong></span> <span class='ocrx_word' id='word_1_31' title='bbox 1450 540 1662 597; x_wconf 84' lang='lat' dir='ltr'><strong>semper</strong></span> <span class='ocrx_word' id='word_1_32' title='bbox 1697 525 1808 580; x_wconf 86' lang='lat' dir='ltr'><strong>suis</strong></span> <span class='ocrx_word' id='word_1_33' title='bbox 1835 523 2069 579; x_wconf 78' lang='lat' dir='ltr'><strong>dimittat</strong></span> <span class='ocrx_word' id='word_1_34' title='bbox 2171 524 2415 580; x_wconf 83' lang='lat' dir='ltr'><strong>Christus</strong></span> <span class='ocrx_word' id='word_1_35' title='bbox 2443 521 2709 578; x_wconf 84' lang='lat' dir='ltr'><strong>adveniat.</strong></span> <span class='ocrx_word' id='word_1_36' title='bbox 2739 518 3014 575; x_wconf 91' lang='lat' dir='ltr'><strong>Imitemur</strong></span> <span class='ocrx_word' id='word_1_37' title='bbox 3056 518 3238 588; x_wconf 90' lang='lat' dir='ltr'><strong>igitur,</strong></span> <span class='ocrx_word' id='word_1_38' title='bbox 3278 517 3495 584; x_wconf 80' lang='lat' dir='ltr'><strong>fratres,</strong></span> <span class='ocrx_word' id='word_1_39' title='bbox 3521 517 3549 553; x_wconf 71' lang='grc' dir='ltr'>ά</span> <span class='ocrx_word' id='word_1_40' title='bbox 3581 517 3759 572; x_wconf 82' lang='lat' dir='ltr'><strong>Abra-</strong></span> 
     </span>
    </p>
   </div>
   <div class='ocr_carea' id='block_1_6' title="bbox 487 614 2068 695">
    <p class='ocr_par' dir='ltr' id='par_1_6' title="bbox 487 614 2068 695">
     <span class='ocr_line' id='line_1_6' title="bbox 487 614 2068 695; baseline -0.008 -15"><span class='ocrx_word' id='word_1_41' title='bbox 487 625 806 695; x_wconf 88' lang='lat' dir='ltr'><strong>hospitibus.</strong></span> <span class='ocrx_word' id='word_1_42' title='bbox 857 622 989 678; x_wconf 89' lang='lat' dir='ltr'><strong>Sara</strong></span> <span class='ocrx_word' id='word_1_43' title='bbox 1027 620 1190 689; x_wconf 83' lang='lat' dir='ltr'><strong>ridet,</strong></span> <span class='ocrx_word' id='word_1_44' title='bbox 1219 619 1345 689; x_wconf 85' lang='lat' dir='ltr'><strong>quia</strong></span> <span class='ocrx_word' id='word_1_45' title='bbox 1384 616 1667 673; x_wconf 85' lang='lat' dir='ltr'><strong>sterilitate</strong></span> <span class='ocrx_word' id='word_1_46' title='bbox 1712 614 1917 679; x_wconf 90' lang='lat' dir='ltr'><strong>caruit;</strong></span> <span class='ocrx_word' id='word_1_47' title='bbox 1965 626 2068 682; x_wconf 90' lang='lat' dir='ltr'><strong>ego</strong></span> 
     </span>
    </p>
   </div>
   <div class='ocr_carea' id='block_1_7' title="bbox 484 706 2067 786">
    <p class='ocr_par' dir='ltr' id='par_1_7' title="bbox 484 706 2067 786">
     <span class='ocr_line' id='line_1_7' title="bbox 484 706 2067 786; baseline -0.008 -15"><span class='ocrx_word' id='word_1_48' title='bbox 484 717 636 771; x_wconf 88' lang='lat' dir='ltr'><strong>rideo</strong></span> <span class='ocrx_word' id='word_1_49' title='bbox 659 716 783 785; x_wconf 87' lang='lat' dir='ltr'><strong>quia</strong></span> <span class='ocrx_word' id='word_1_50' title='bbox 806 721 1029 785; x_wconf 88' lang='lat' dir='ltr'><strong>peccata</strong></span> <span class='ocrx_word' id='word_1_51' title='bbox 1047 712 1280 784; x_wconf 86' lang='lat' dir='ltr'><strong>depono.</strong></span> <span class='ocrx_word' id='word_1_52' title='bbox 1304 709 1399 786; x_wconf 83' lang='lat' dir='ltr'><strong>Illa</strong></span> <span class='ocrx_word' id='word_1_53' title='bbox 1416 709 1657 780; x_wconf 88' lang='lat' dir='ltr'><strong>corporis</strong></span> <span class='ocrx_word' id='word_1_54' title='bbox 1684 706 1816 761; x_wconf 89' lang='lat' dir='ltr'><strong>vitio</strong></span> <span class='ocrx_word' id='word_1_55' title='bbox 1838 706 2067 760; x_wconf 86' lang='lat' dir='ltr'><strong>liberata</strong></span> 
     </span>
    </p>
   </div>
   <div class='ocr_carea' id='block_1_8' title="bbox 485 796 2070 878">
    <p class='ocr_par' dir='ltr' id='par_1_8' title="bbox 485 796 2070 878">
     <span class='ocr_line' id='line_1_8' title="bbox 485 796 2070 878; baseline -0.009 -16"><span class='ocrx_word' id='word_1_56' title='bbox 485 816 588 876; x_wconf 80' lang='lat' dir='ltr'><strong>est,</strong></span> <span class='ocrx_word' id='word_1_57' title='bbox 631 821 732 878; x_wconf 90' lang='lat' dir='ltr'><strong>ego</strong></span> <span class='ocrx_word' id='word_1_58' title='bbox 763 818 786 846; x_wconf 79' lang='grc' dir='ltr'><strong><em>ο</em></strong></span> <span class='ocrx_word' id='word_1_59' title='bbox 811 807 955 861; x_wconf 88' lang='lat' dir='ltr'><strong>enim</strong></span> <span class='ocrx_word' id='word_1_60' title='bbox 981 804 1198 875; x_wconf 77' lang='lat' dir='ltr'><strong>ﬂagitiis</strong></span> <span class='ocrx_word' id='word_1_61' title='bbox 1225 802 1443 858; x_wconf 88' lang='lat' dir='ltr'><strong>ablutus</strong></span> <span class='ocrx_word' id='word_1_62' title='bbox 1469 815 1619 874; x_wconf 72' lang='lat' dir='ltr'><strong>sum.</strong></span> <span class='ocrx_word' id='word_1_63' title='bbox 1650 798 1743 853; x_wconf 86' lang='lat' dir='ltr'><strong>Illa</strong></span> <span class='ocrx_word' id='word_1_64' title='bbox 1771 796 2070 866; x_wconf 83' lang='lat' dir='ltr'><strong>gratulatur</strong></span> 
     </span>
    </p>
   </div>
   <div class='ocr_carea' id='block_1_9' title="bbox 485 887 2068 970">
    <p class='ocr_par' dir='ltr' id='par_1_9' title="bbox 485 887 2068 970">
     <span class='ocr_line' id='line_1_9' title="bbox 485 887 2068 970; baseline -0.007 -16"><span class='ocrx_word' id='word_1_65' title='bbox 485 915 545 955; x_wconf 87' lang='lat' dir='ltr'><strong>se</strong></span> <span class='ocrx_word' id='word_1_66' title='bbox 573 915 672 970; x_wconf 84' lang='lat' dir='ltr'><strong>per</strong></span> <span class='ocrx_word' id='word_1_67' title='bbox 697 898 1123 969; x_wconf 85' lang='lat' dir='ltr'><strong>hospitalitatem</strong></span> <span class='ocrx_word' id='word_1_68' title='bbox 1150 894 1300 951; x_wconf 86' lang='lat' dir='ltr'><strong>Isaac</strong></span> <span class='ocrx_word' id='word_1_69' title='bbox 1319 893 1484 949; x_wconf 91' lang='lat' dir='ltr'><strong>ﬁlium</strong></span> <span class='ocrx_word' id='word_1_70' title='bbox 1513 890 1831 963; x_wconf 83' lang='lat' dir='ltr'><strong>suscepisse,</strong></span> <span class='ocrx_word' id='word_1_71' title='bbox 1856 903 1956 959; x_wconf 86' lang='lat' dir='ltr'><strong>ego</strong></span> <span class='ocrx_word' id='word_1_72' title='bbox 1977 887 2068 943; x_wconf 69' lang='lat' dir='ltr'><strong>lte-</strong></span> 
     </span>
    </p>
   </div>
   <div class='ocr_carea' id='block_1_10' title="bbox 488 980 2068 1058">
    <p class='ocr_par' dir='ltr' id='par_1_10' title="bbox 488 980 2068 1058">
     <span class='ocr_line' id='line_1_10' title="bbox 488 980 2068 1058; baseline -0.007 -12"><span class='ocrx_word' id='word_1_73' title='bbox 488 1002 575 1046; x_wconf 91' lang='lat' dir='ltr'><strong>tor</strong></span> <span class='ocrx_word' id='word_1_74' title='bbox 602 991 983 1057; x_wconf 81' lang='lat' dir='ltr'><strong>indulgentiam</strong></span> <span class='ocrx_word' id='word_1_75' title='bbox 1021 1005 1109 1044; x_wconf 91' lang='lat' dir='ltr'><strong>me</strong></span> <span class='ocrx_word' id='word_1_76' title='bbox 1135 1004 1261 1045; x_wconf 91' lang='lat' dir='ltr'><strong>cum</strong></span> <span class='ocrx_word' id='word_1_77' title='bbox 1298 986 1505 1058; x_wconf 87' lang='lat' dir='ltr'><strong>justitia</strong></span> <span class='ocrx_word' id='word_1_78' title='bbox 1547 991 1916 1041; x_wconf 87' lang='lat' dir='ltr'><strong>consecutum.</strong></span> <span class='ocrx_word' id='word_1_79' title='bbox 1960 980 2068 1037; x_wconf 85' lang='lat' dir='ltr'><strong>Sed</strong></span> 
     </span>
    </p>
   </div>
   <div class='ocr_carea' id='block_1_11' title="bbox 488 1073 2070 1151">
    <p class='ocr_par' dir='ltr' id='par_1_11' title="bbox 488 1073 2070 1151">
     <span class='ocr_line' id='line_1_11' title="bbox 488 1073 2070 1151; baseline -0.004 -16"><span class='ocrx_word' id='word_1_80' title='bbox 488 1084 629 1137; x_wconf 85' lang='lat' dir='ltr'><strong>dicet</strong></span> <span class='ocrx_word' id='word_1_81' title='bbox 658 1082 853 1151; x_wconf 88' lang='lat' dir='ltr'><strong>aliquis</strong></span> <span class='ocrx_word' id='word_1_82' title='bbox 881 1080 1152 1136; x_wconf 80' lang='lat' dir='ltr'><strong>fortasse:</strong></span> <span class='ocrx_word' id='word_1_83' title='bbox 1202 1080 1261 1134; x_wconf 95' lang='lat' dir='ltr'><strong>In</strong></span> <span class='ocrx_word' id='word_1_84' title='bbox 1302 1080 1407 1135; x_wconf 90' lang='lat' dir='ltr'><strong>illis</strong></span> <span class='ocrx_word' id='word_1_85' title='bbox 1452 1076 1956 1150; x_wconf 83' lang='lat' dir='ltr'><strong>supervenientibus</strong></span> <span class='ocrx_word' id='word_1_86' title='bbox 2002 1073 2070 1128; x_wconf 92' lang='lat' dir='ltr'><strong>ad</strong></span> 
     </span>
    </p>
   </div>
   <div class='ocr_carea' id='block_1_12' title="bbox 488 1165 2074 1240">
    <p class='ocr_par' dir='ltr' id='par_1_12' title="bbox 488 1165 2074 1240">
     <span class='ocr_line' id='line_1_12' title="bbox 488 1165 2074 1240; baseline -0.004 -15"><span class='ocrx_word' id='word_1_87' title='bbox 488 1172 758 1226; x_wconf 85' lang='lat' dir='ltr'><strong>Abraham</strong></span> <span class='ocrx_word' id='word_1_88' title='bbox 804 1172 952 1240; x_wconf 90' lang='lat' dir='ltr'><strong>viris,</strong></span> <span class='ocrx_word' id='word_1_89' title='bbox 996 1172 1246 1227; x_wconf 82' lang='lat' dir='ltr'><strong>veniebat</strong></span> <span class='ocrx_word' id='word_1_90' title='bbox 1291 1171 1455 1226; x_wconf 89' lang='lat' dir='ltr'><strong>etiam</strong></span> <span class='ocrx_word' id='word_1_91' title='bbox 1481 1169 1760 1237; x_wconf 86' lang='lat' dir='ltr'><strong>Dominus,</strong></span> <span class='ocrx_word' id='word_1_92' title='bbox 1780 1165 1925 1236; x_wconf 91' lang='lat' dir='ltr'><strong>quod</strong></span> <span class='ocrx_word' id='word_1_93' title='bbox 1951 1167 2074 1235; x_wconf 88' lang='lat' dir='ltr'><strong>qui-</strong></span> 
     </span>
    </p>
   </div>
   <div class='ocr_carea' id='block_1_13' title="bbox 488 1257 2073 1330">
    <p class='ocr_par' dir='ltr' id='par_1_13' title="bbox 488 1257 2073 1330">
     <span class='ocr_line' id='line_1_13' title="bbox 488 1257 2073 1330; baseline -0.002 -16"><span class='ocrx_word' id='word_1_94' title='bbox 488 1261 609 1315; x_wconf 87' lang='lat' dir='ltr'><strong>dem</strong></span> <span class='ocrx_word' id='word_1_95' title='bbox 644 1277 829 1317; x_wconf 89' lang='lat' dir='ltr'><strong>verum</strong></span> <span class='ocrx_word' id='word_1_96' title='bbox 874 1271 994 1329; x_wconf 90' lang='lat' dir='ltr'><strong>est;</strong></span> <span class='ocrx_word' id='word_1_97' title='bbox 1025 1263 1104 1317; x_wconf 87' lang='lat' dir='ltr'><strong>sic</strong></span> <span class='ocrx_word' id='word_1_98' title='bbox 1130 1262 1272 1317; x_wconf 90' lang='lat' dir='ltr'><strong>enim</strong></span> <span class='ocrx_word' id='word_1_99' title='bbox 1311 1260 1587 1330; x_wconf 88' lang='lat' dir='ltr'><strong>Scriptura</strong></span> <span class='ocrx_word' id='word_1_100' title='bbox 1616 1259 1801 1314; x_wconf 89' lang='lat' dir='ltr'><strong>refert.</strong></span> <span class='ocrx_word' id='word_1_101' title='bbox 1833 1257 1941 1313; x_wconf 89' lang='lat' dir='ltr'><strong>Sed</strong></span> <span class='ocrx_word' id='word_1_102' title='bbox 1968 1271 2073 1327; x_wconf 87' lang='lat' dir='ltr'><strong>ego</strong></span> 
     </span>
    </p>
   </div>
   <div class='ocr_carea' id='block_1_14' title="bbox 2174 607 3760 683">
    <p class='ocr_par' dir='ltr' id='par_1_14' title="bbox 2174 607 3760 683">
     <span class='ocr_line' id='line_1_14' title="bbox 2174 607 3760 683; baseline -0.006 -11"><span class='ocrx_word' id='word_1_103' title='bbox 2174 617 2300 672; x_wconf 86' lang='lat' dir='ltr'><strong>ham</strong></span> <span class='ocrx_word' id='word_1_104' title='bbox 2334 633 2349 670; x_wconf 89' lang='lat'><strong>:</strong></span> <span class='ocrx_word' id='word_1_105' title='bbox 2379 614 2477 672; x_wconf 88' lang='lat' dir='ltr'><strong>sed</strong></span> <span class='ocrx_word' id='word_1_106' title='bbox 2501 612 2630 683; x_wconf 88' lang='lat' dir='ltr'><strong>quid</strong></span> <span class='ocrx_word' id='word_1_107' title='bbox 2657 611 2937 667; x_wconf 82' lang='lat' dir='ltr'><strong>Abraham</strong></span> <span class='ocrx_word' id='word_1_108' title='bbox 2966 609 3124 666; x_wconf 82' lang='lat' dir='ltr'><strong>dico?</strong></span> <span class='ocrx_word' id='word_1_109' title='bbox 3160 609 3440 665; x_wconf 88' lang='lat' dir='ltr'><strong>Imitemur</strong></span> <span class='ocrx_word' id='word_1_110' title='bbox 3467 607 3639 664; x_wconf 79' lang='lat' dir='ltr'><strong>Deum</strong></span> <span class='ocrx_word' id='word_1_111' title='bbox 3658 624 3760 680; x_wconf 79' lang='lat' dir='ltr'><strong>pa-</strong></span> 
     </span>
    </p>
   </div>
   <div class='ocr_carea' id='block_1_15' title="bbox 2174 701 3760 771">
    <p class='ocr_par' dir='ltr' id='par_1_15' title="bbox 2174 701 3760 771">
     <span class='ocr_line' id='line_1_15' title="bbox 2174 701 3760 771; baseline -0.004 -7"><span class='ocrx_word' id='word_1_112' title='bbox 2174 717 2313 764; x_wconf 89' lang='lat' dir='ltr'><strong>trem</strong></span> <span class='ocrx_word' id='word_1_113' title='bbox 2355 714 2597 762; x_wconf 89' lang='lat' dir='ltr'><strong>nostrum</strong></span> <span class='ocrx_word' id='word_1_114' title='bbox 2622 721 2636 771; x_wconf 91' lang='lat'><strong>;</strong></span> <span class='ocrx_word' id='word_1_115' title='bbox 2672 714 2697 743; x_wconf 82' lang='grc' dir='ltr'><strong><em>ο</em></strong></span> <span class='ocrx_word' id='word_1_116' title='bbox 2725 704 2809 759; x_wconf 91' lang='lat' dir='ltr'><strong>his</strong></span> <span class='ocrx_word' id='word_1_117' title='bbox 2834 703 2980 759; x_wconf 90' lang='lat' dir='ltr'><strong>enim</strong></span> <span class='ocrx_word' id='word_1_118' title='bbox 3022 702 3356 758; x_wconf 81' lang='lat' dir='ltr'><strong>diversarum</strong></span> <span class='ocrx_word' id='word_1_119' title='bbox 3382 703 3627 771; x_wconf 80' lang='lat' dir='ltr'><strong>gentium</strong></span> <span class='ocrx_word' id='word_1_120' title='bbox 3651 701 3725 759; x_wconf 90' lang='lat' dir='ltr'><strong>ho</strong></span> <span class='ocrx_word' id='word_1_121' title='bbox 3743 731 3760 744; x_wconf 86' lang='lat'><strong>-</strong></span> 
     </span>
    </p>
   </div>
   <div class='ocr_carea' id='block_1_16' title="bbox 2174 792 3765 864">
    <p class='ocr_par' dir='ltr' id='par_1_16' title="bbox 2174 792 3765 864">
     <span class='ocr_line' id='line_1_16' title="bbox 2174 792 3765 864; baseline -0.003 -11"><span class='ocrx_word' id='word_1_122' title='bbox 2174 800 2347 855; x_wconf 89' lang='lat' dir='ltr'><strong>mines</strong></span> <span class='ocrx_word' id='word_1_123' title='bbox 2394 797 2534 853; x_wconf 88' lang='lat' dir='ltr'><strong>Deus</strong></span> <span class='ocrx_word' id='word_1_124' title='bbox 2578 810 2685 851; x_wconf 92' lang='lat' dir='ltr'><strong>uno</strong></span> <span class='ocrx_word' id='word_1_125' title='bbox 2732 794 2851 851; x_wconf 76' lang='grc' dir='ltr'><strong>οωιί</strong></span> <span class='ocrx_word' id='word_1_126' title='bbox 2895 792 3130 864; x_wconf 85' lang='lat' dir='ltr'><strong>hospitio</strong></span> <span class='ocrx_word' id='word_1_127' title='bbox 3156 792 3403 848; x_wconf 89' lang='lat' dir='ltr'><strong>habitare</strong></span> <span class='ocrx_word' id='word_1_128' title='bbox 3439 792 3633 858; x_wconf 79' lang='lat' dir='ltr'><strong>voluit,</strong></span> <span class='ocrx_word' id='word_1_129' title='bbox 3662 808 3765 849; x_wconf 86' lang='lat' dir='ltr'><strong>cur</strong></span> 
     </span>
    </p>
   </div>
   <div class='ocr_carea' id='block_1_17' title="bbox 2173 884 3756 958">
    <p class='ocr_par' dir='ltr' id='par_1_17' title="bbox 2173 884 3756 958">
     <span class='ocr_line' id='line_1_17' title="bbox 2173 884 3756 958; baseline -0.004 -13"><span class='ocrx_word' id='word_1_130' title='bbox 2173 906 2283 945; x_wconf 91' lang='lat' dir='ltr'><strong>non</strong></span> <span class='ocrx_word' id='word_1_131' title='bbox 2312 905 2432 957; x_wconf 89' lang='lat' dir='ltr'><strong>nos,</strong></span> <span class='ocrx_word' id='word_1_132' title='bbox 2460 887 2551 958; x_wconf 88' lang='lat' dir='ltr'><strong>qui</strong></span> <span class='ocrx_word' id='word_1_133' title='bbox 2596 902 2782 942; x_wconf 88' lang='lat' dir='ltr'><strong>sumus</strong></span> <span class='ocrx_word' id='word_1_134' title='bbox 2808 885 3021 954; x_wconf 84' lang='lat' dir='ltr'><strong>fratres,</strong></span> <span class='ocrx_word' id='word_1_135' title='bbox 3050 884 3328 942; x_wconf 85' lang='lat' dir='ltr'><strong>nobiscum</strong></span> <span class='ocrx_word' id='word_1_136' title='bbox 3376 898 3485 939; x_wconf 91' lang='lat' dir='ltr'><strong>uno</strong></span> <span class='ocrx_word' id='word_1_137' title='bbox 3514 884 3756 953; x_wconf 78' lang='lat' dir='ltr'><strong>hospitio</strong></span> 
     </span>
    </p>
   </div>
   <div class='ocr_carea' id='block_1_18' title="bbox 2175 973 3764 1051">
    <p class='ocr_par' dir='ltr' id='par_1_18' title="bbox 2175 973 3764 1051">
     <span class='ocr_line' id='line_1_18' title="bbox 2175 973 3764 1051; baseline -0.004 -17"><span class='ocrx_word' id='word_1_138' title='bbox 2175 978 2608 1035; x_wconf 87' lang='lat' dir='ltr'><strong>commoremur?</strong></span> <span class='ocrx_word' id='word_1_139' title='bbox 2630 976 2743 1032; x_wconf 90' lang='lat' dir='ltr'><strong>Etsi</strong></span> <span class='ocrx_word' id='word_1_140' title='bbox 2774 984 3013 1051; x_wconf 79' lang='lat' dir='ltr'><strong>nostram</strong></span> <span class='ocrx_word' id='word_1_141' title='bbox 3040 974 3351 1031; x_wconf 85' lang='lat' dir='ltr'><strong>distantiam</strong></span> <span class='ocrx_word' id='word_1_142' title='bbox 3378 974 3471 1030; x_wconf 92' lang='lat' dir='ltr'><strong>ille</strong></span> <span class='ocrx_word' id='word_1_143' title='bbox 3488 973 3680 1029; x_wconf 87' lang='lat' dir='ltr'><strong>eadem</strong></span> <span class='ocrx_word' id='word_1_144' title='bbox 3705 973 3764 1027; x_wconf 91' lang='lat' dir='ltr'><strong>in</strong></span> 
     </span>
    </p>
   </div>
   <div class='ocr_carea' id='block_1_19' title="bbox 2177 1065 3765 1132">
    <p class='ocr_par' dir='ltr' id='par_1_19' title="bbox 2177 1065 3765 1132">
     <span class='ocr_line' id='line_1_19' title="bbox 2177 1065 3765 1132; baseline -0.005 -6"><span class='ocrx_word' id='word_1_145' title='bbox 2177 1071 2359 1127; x_wconf 90' lang='lat' dir='ltr'><strong>mundi</strong></span> <span class='ocrx_word' id='word_1_146' title='bbox 2403 1069 2565 1125; x_wconf 86' lang='lat' dir='ltr'><strong>domo</strong></span> <span class='ocrx_word' id='word_1_147' title='bbox 2595 1069 2877 1124; x_wconf 89' lang='lat' dir='ltr'><strong>continere</strong></span> <span class='ocrx_word' id='word_1_148' title='bbox 2919 1066 3128 1132; x_wconf 88' lang='lat' dir='ltr'><strong>maluit,</strong></span> <span class='ocrx_word' id='word_1_149' title='bbox 3157 1081 3253 1122; x_wconf 92' lang='lat' dir='ltr'><strong>cur</strong></span> <span class='ocrx_word' id='word_1_150' title='bbox 3280 1080 3387 1121; x_wconf 87' lang='lat' dir='ltr'><strong>non</strong></span> <span class='ocrx_word' id='word_1_151' title='bbox 3433 1065 3765 1126; x_wconf 80' lang='lat' dir='ltr'><strong>unanimitas</strong></span> 
     </span>
    </p>
   </div>
   <div class='ocr_carea' id='block_1_20' title="bbox 2179 1140 3766 1241">
    <p class='ocr_par' dir='ltr' id='par_1_20' title="bbox 2179 1140 3766 1241">
     <span class='ocr_line' id='line_1_20' title="bbox 2179 1140 3766 1241; baseline -0.006 -23"><span class='ocrx_word' id='word_1_152' title='bbox 2179 1169 2361 1218; x_wconf 89' lang='lat' dir='ltr'><strong>nostra</strong></span> <span class='ocrx_word' id='word_1_153' title='bbox 2390 1168 2576 1216; x_wconf 85' lang='lat' dir='ltr'><strong>sancta</strong></span> <span class='ocrx_word' id='word_1_154' title='bbox 2606 1157 3072 1215; x_wconf 86' lang='lat' dir='ltr'><strong>tabernaculorum</strong></span> <span class='ocrx_word' id='word_1_155' title='bbox 3097 1156 3116 1196; x_wconf 73' lang='grc' dir='ltr'>ί</span> <span class='ocrx_word' id='word_1_156' title='bbox 3139 1157 3253 1213; x_wconf 66' lang='lat' dir='ltr'><strong>sede</strong></span> <span class='ocrx_word' id='word_1_157' title='bbox 3276 1158 3565 1241; x_wconf 82' lang='lat' dir='ltr'><strong>teneatur?</strong></span> <span class='ocrx_word' id='word_1_158' title='bbox 3583 1140 3766 1226; x_wconf 32' lang='lat' dir='ltr'><strong>Expl/in</strong></span> 
     </span>
    </p>
   </div>
   <div class='ocr_carea' id='block_1_21' title="bbox 2181 1254 2271 1310">
    <p class='ocr_par' dir='ltr' id='par_1_21' title="bbox 2181 1254 2271 1310">
     <span class='ocr_line' id='line_1_21' title="bbox 2181 1254 2271 1310; baseline -0.033 0"><span class='ocrx_word' id='word_1_159' title='bbox 2181 1254 2271 1310; x_wconf 90' lang='lat' dir='ltr'><strong>cit.</strong></span> 
     </span>
    </p>
   </div>
   <div class='ocr_carea' id='block_1_22' title="bbox 1840 1360 2406 1425">
    <p class='ocr_par' dir='ltr' id='par_1_22' title="bbox 1840 1360 2406 1425">
     <span class='ocr_line' id='line_1_22' title="bbox 1840 1360 2406 1425; baseline -0.012 0"><span class='ocrx_word' id='word_1_160' title='bbox 1840 1363 2111 1425; x_wconf 80' lang='lat' dir='ltr'><strong>SERMO</strong></span> <span class='ocrx_word' id='word_1_161' title='bbox 2154 1360 2406 1425; x_wconf 85' lang='lat' dir='ltr'><strong>XCVII.</strong></span> 
     </span>
    </p>
   </div>
   <div class='ocr_carea' id='block_1_23' title="bbox 491 1458 3768 1542">
    <p class='ocr_par' dir='ltr' id='par_1_23' title="bbox 491 1458 3768 1542">
     <span class='ocr_line' id='line_1_23' title="bbox 491 1458 3768 1542; baseline -0.003 -18"><span class='ocrx_word' id='word_1_162' title='bbox 491 1469 684 1542; x_wconf 78' lang='lat' dir='ltr'><strong>Incipit</strong></span> <span class='ocrx_word' id='word_1_163' title='bbox 719 1471 781 1526; x_wconf 86' lang='lat' dir='ltr'><strong>de</strong></span> <span class='ocrx_word' id='word_1_164' title='bbox 807 1487 867 1526; x_wconf 86' lang='lat' dir='ltr'><strong>eo</strong></span> <span class='ocrx_word' id='word_1_165' title='bbox 894 1470 1029 1541; x_wconf 81' lang='lat' dir='ltr'><strong>quod</strong></span> <span class='ocrx_word' id='word_1_166' title='bbox 1055 1472 1300 1540; x_wconf 73' lang='lat' dir='ltr'><strong>scriptum</strong></span> <span class='ocrx_word' id='word_1_167' title='bbox 1328 1477 1400 1523; x_wconf 71' lang='lat' dir='ltr'><strong>est</strong></span> <span class='ocrx_word' id='word_1_168' title='bbox 1432 1484 1449 1521; x_wconf 90' lang='lat'><strong><em>:</em></strong></span> <span class='ocrx_word' id='word_1_169' title='bbox 1482 1468 1627 1522; x_wconf 81' lang='lat' dir='ltr'><strong>Sicut</strong></span> <span class='ocrx_word' id='word_1_170' title='bbox 1656 1465 1776 1520; x_wconf 86' lang='lat' dir='ltr'><strong>tuba</strong></span> <span class='ocrx_word' id='word_1_171' title='bbox 1804 1465 1981 1519; x_wconf 70' lang='lat' dir='ltr'><strong>exulta</strong></span> <span class='ocrx_word' id='word_1_172' title='bbox 2009 1479 2182 1519; x_wconf 76' lang='lat' dir='ltr'><strong>vocem</strong></span> <span class='ocrx_word' id='word_1_173' title='bbox 2207 1470 2369 1524; x_wconf 86' lang='lat' dir='ltr'><strong>tuam,</strong></span> <span class='ocrx_word' id='word_1_174' title='bbox 2399 1469 2449 1514; x_wconf 87' lang='lat' dir='ltr'><strong>et</strong></span> <span class='ocrx_word' id='word_1_175' title='bbox 2475 1461 2730 1515; x_wconf 69' lang='lat' dir='ltr'><strong>minantia</strong></span> <span class='ocrx_word' id='word_1_176' title='bbox 2768 1459 2958 1531; x_wconf 79' lang='lat' dir='ltr'><strong>populo</strong></span> <span class='ocrx_word' id='word_1_177' title='bbox 2986 1474 3101 1513; x_wconf 81' lang='lat' dir='ltr'><strong>meo</strong></span> <span class='ocrx_word' id='word_1_178' title='bbox 3125 1465 3336 1513; x_wconf 74' lang='lat' dir='ltr'><strong>occentu</strong></span> <span class='ocrx_word' id='word_1_179' title='bbox 3371 1474 3571 1513; x_wconf 74' lang='lat' dir='ltr'><strong>eorum.</strong></span> <span class='ocrx_word' id='word_1_180' title='bbox 3609 1458 3768 1515; x_wconf 68' lang='lat' dir='ltr'><strong>huic</strong></span> 
     </span>
    </p>
   </div>
   <div class='ocr_carea' id='block_1_24' title="bbox 1980 1548 2275 1604">
    <p class='ocr_par' dir='ltr' id='par_1_24' title="bbox 1980 1548 2275 1604">
     <span class='ocr_line' id='line_1_24' title="bbox 1980 1548 2275 1604; baseline 0 -16"><span class='ocrx_word' id='word_1_181' title='bbox 1980 1551 2095 1604; x_wconf 85' lang='lat' dir='ltr'><strong>cap.</strong></span> <span class='ocrx_word' id='word_1_182' title='bbox 2128 1548 2275 1588; x_wconf 83' lang='lat' dir='ltr'><strong>Lvm.</strong></span> 
     </span>
    </p>
   </div>
   <div class='ocr_carea' id='block_1_25' title="bbox 1930 1622 2325 1680">
    <p class='ocr_par' dir='ltr' id='par_1_25' title="bbox 1930 1622 2325 1680">
     <span class='ocr_line' id='line_1_25' title="bbox 1930 1622 2325 1680; baseline -0.003 0"><span class='ocrx_word' id='word_1_183' title='bbox 1930 1622 2325 1680; x_wconf 80' lang='lat' dir='ltr'><strong>ADMONITIO.</strong></span> 
     </span>
    </p>
   </div>
   <div class='ocr_carea' id='block_1_26' title="bbox 560 1690 3769 1803">
    <p class='ocr_par' dir='ltr' id='par_1_26' title="bbox 560 1690 3769 1803">
     <span class='ocr_line' id='line_1_26' title="bbox 560 1690 3769 1803; baseline -0.003 -22"><span class='ocrx_word' id='word_1_184' title='bbox 560 1726 728 1803; x_wconf 57' lang='lat' dir='ltr'><strong>Apud</strong></span> <span class='ocrx_word' id='word_1_185' title='bbox 742 1725 958 1803; x_wconf 73' lang='lat' dir='ltr'><strong>eosdem</strong></span> <span class='ocrx_word' id='word_1_186' title='bbox 980 1724 1299 1803; x_wconf 77' lang='lat' dir='ltr'><strong>Martenium</strong></span> <span class='ocrx_word' id='word_1_187' title='bbox 1316 1732 1384 1803; x_wconf 86' lang='lat' dir='ltr'><strong>_et</strong></span> <span class='ocrx_word' id='word_1_188' title='bbox 1412 1721 1740 1787; x_wconf 89' lang='lat' dir='ltr'><strong>Durandum,</strong></span> <span class='ocrx_word' id='word_1_189' title='bbox 1772 1721 1893 1776; x_wconf 93' lang='lat' dir='ltr'><strong>loco</strong></span> <span class='ocrx_word' id='word_1_190' title='bbox 1933 1719 1986 1774; x_wconf 93' lang='lat' dir='ltr'><strong>in</strong></span> <span class='ocrx_word' id='word_1_191' title='bbox 2013 1718 2289 1788; x_wconf 72' lang='lat' dir='ltr'><strong>superiore</strong></span> <span class='ocrx_word' id='word_1_192' title='bbox 2317 1715 2574 1783; x_wconf 79' lang='lat' dir='ltr'><strong>admonit.</strong></span> <span class='ocrx_word' id='word_1_193' title='bbox 2608 1714 2863 1781; x_wconf 90' lang='lat' dir='ltr'><strong>indicato,</strong></span> <span class='ocrx_word' id='word_1_194' title='bbox 2894 1714 2982 1770; x_wconf 89' lang='lat' dir='ltr'><strong>hic</strong></span> <span class='ocrx_word' id='word_1_195' title='bbox 3008 1728 3224 1785; x_wconf 86' lang='lat' dir='ltr'><strong>quoque</strong></span> <span class='ocrx_word' id='word_1_196' title='bbox 3251 1690 3435 1771; x_wconf 88' lang='lat' dir='ltr'><strong>sermo</strong></span> <span class='ocrx_word' id='word_1_197' title='bbox 3460 1724 3517 1803; x_wconf 81' lang='lat' dir='ltr'><strong>et</strong></span> <span class='ocrx_word' id='word_1_198' title='bbox 3543 1717 3638 1787; x_wconf 83' lang='lat' dir='ltr'><strong>qui</strong></span> <span class='ocrx_word' id='word_1_199' title='bbox 3677 1732 3769 1773; x_wconf 88' lang='lat' dir='ltr'><strong>se-</strong></span> 
     </span>
    </p>
   </div>
   <div class='ocr_carea' id='block_1_27' title="bbox 488 1793 1583 1865">
    <p class='ocr_par' dir='ltr' id='par_1_27' title="bbox 488 1793 1583 1865">
     <span class='ocr_line' id='line_1_27' title="bbox 488 1793 1583 1865; baseline -0.004 -14"><span class='ocrx_word' id='word_1_200' title='bbox 488 1793 672 1864; x_wconf 84' lang='lat' dir='ltr'><strong>quitur</strong></span> <span class='ocrx_word' id='word_1_201' title='bbox 695 1795 753 1850; x_wconf 98' lang='grc'><strong>8.</strong></span> <span class='ocrx_word' id='word_1_202' title='bbox 783 1794 1016 1851; x_wconf 82' lang='lat' dir='ltr'><strong>Maximo</strong></span> <span class='ocrx_word' id='word_1_203' title='bbox 1046 1795 1285 1864; x_wconf 89' lang='lat' dir='ltr'><strong>inscripti</strong></span> <span class='ocrx_word' id='word_1_204' title='bbox 1316 1793 1583 1865; x_wconf 86' lang='lat' dir='ltr'><strong>leguntur.</strong></span> 
     </span>
    </p>
   </div>
   <div class='ocr_carea' id='block_1_28' title="bbox 488 1870 2144 2033">
    <p class='ocr_par' dir='ltr' id='par_1_28' title="bbox 488 1870 2144 2033">
     <span class='ocr_line' id='line_1_28' title="bbox 488 1870 2144 2033; baseline -0.004 -71"><span class='ocrx_word' id='word_1_205' title='bbox 488 1905 651 2033; x_wconf 46' lang='grc' dir='ltr'><strong>θῇ</strong></span> <span class='ocrx_word' id='word_1_206' title='bbox 676 1908 1064 1963; x_wconf 71' lang='lat' dir='ltr'><strong>Ancuueuruu.</strong></span> <span class='ocrx_word' id='word_1_207' title='bbox 1095 1933 1168 1945; x_wconf 87' lang='lat'><strong>-—</strong></span> <span class='ocrx_word' id='word_1_208' title='bbox 1205 1902 1556 1960; x_wconf 73' lang='lat' dir='ltr'><strong>Sacerdotalis</strong></span> <span class='ocrx_word' id='word_1_209' title='bbox 1603 1902 1727 1955; x_wconf 85' lang='lat' dir='ltr'><strong>tuba</strong></span> <span class='ocrx_word' id='word_1_210' title='bbox 1773 1909 2067 1973; x_wconf 74' lang='lat' dir='ltr'><strong>peccatores</strong></span> 
     </span>
     <span class='ocr_line' id='line_1_29' title="bbox 626 1970 2068 2033; baseline -0.004 -1"><span class='ocrx_word' id='word_1_211' title='bbox 626 1979 797 2033; x_wconf 82' lang='lat' dir='ltr'><strong>miliat</strong></span> <span class='ocrx_word' id='word_1_212' title='bbox 815 1986 865 2031; x_wconf 82' lang='lat' dir='ltr'><strong>et</strong></span> <span class='ocrx_word' id='word_1_213' title='bbox 893 1978 1052 2033; x_wconf 77' lang='lat' dir='ltr'><strong>iustos</strong></span> <span class='ocrx_word' id='word_1_214' title='bbox 1079 1972 1396 2030; x_wconf 80' lang='lat' dir='ltr'><strong>corroborat.</strong></span> <span class='ocrx_word' id='word_1_215' title='bbox 1431 1972 1482 2026; x_wconf 83' lang='lat' dir='ltr'><strong><em>M</em></strong></span> <span class='ocrx_word' id='word_1_216' title='bbox 1491 1974 1572 2026; x_wconf 87' lang='lat' dir='ltr'><strong>uri</strong></span> <span class='ocrx_word' id='word_1_217' title='bbox 1585 1970 1792 2025; x_wconf 73' lang='lat' dir='ltr'><strong>Iericho</strong></span> <span class='ocrx_word' id='word_1_218' title='bbox 1822 1971 2068 2026; x_wconf 76' lang='lat' dir='ltr'><strong>sacerdo-</strong></span> 
     </span>
    </p>
   </div>
   <div class='ocr_carea' id='block_1_29' title="bbox 529 1970 2068 2049">
    <p class='ocr_par' dir='ltr' id='par_1_29' title="bbox 529 1970 2068 2049">
     <span class='ocr_line' id='line_1_30' title="bbox 529 1970 2068 2049; baseline -0.005 -16"><span class='ocrx_word' id='word_1_219' title='bbox 529 1970 797 2049; x_wconf 26' lang='lat' dir='ltr'><strong>rl&#39;m&#39;mitiat</strong></span> <span class='ocrx_word' id='word_1_220' title='bbox 815 1986 865 2049; x_wconf 71' lang='lat' dir='ltr'><strong>et</strong></span> <span class='ocrx_word' id='word_1_221' title='bbox 884 1978 1052 2048; x_wconf 75' lang='lat' dir='ltr'><strong>justas</strong></span> <span class='ocrx_word' id='word_1_222' title='bbox 1079 1972 1396 2030; x_wconf 80' lang='lat' dir='ltr'><strong>corroborat.</strong></span> <span class='ocrx_word' id='word_1_223' title='bbox 1431 1970 1792 2049; x_wconf 39' lang='lat' dir='ltr'><strong>Murj‘Jericho</strong></span> <span class='ocrx_word' id='word_1_224' title='bbox 1822 1971 2068 2049; x_wconf 65' lang='lat' dir='ltr'><strong>sacerdo-</strong></span> 
     </span>
    </p>
   </div>
   <div class='ocr_carea' id='block_1_30' title="bbox 562 2041 2070 2114">
    <p class='ocr_par' dir='ltr' id='par_1_30' title="bbox 562 2041 2070 2114">
     <span class='ocr_line' id='line_1_31' title="bbox 562 2041 2070 2114; baseline -0.005 -12"><span class='ocrx_word' id='word_1_225' title='bbox 562 2047 742 2102; x_wconf 84' lang='lat' dir='ltr'><strong>talium</strong></span> <span class='ocrx_word' id='word_1_226' title='bbox 769 2041 1005 2100; x_wconf 64' lang='lat' dir='ltr'><strong>tubarum</strong></span> <span class='ocrx_word' id='word_1_227' title='bbox 1034 2061 1161 2099; x_wconf 79' lang='lat' dir='ltr'><strong>sono</strong></span> <span class='ocrx_word' id='word_1_228' title='bbox 1183 2050 1504 2098; x_wconf 83' lang='lat' dir='ltr'><strong>corruerunt.</strong></span> <span class='ocrx_word' id='word_1_229' title='bbox 1537 2041 1638 2114; x_wconf 78' lang='lat' dir='ltr'><strong>Ha:</strong></span> <span class='ocrx_word' id='word_1_230' title='bbox 1660 2042 1842 2113; x_wconf 74' lang='lat' dir='ltr'><strong>ﬁgura:</strong></span> <span class='ocrx_word' id='word_1_231' title='bbox 1861 2042 2070 2114; x_wconf 80' lang='lat' dir='ltr'><strong>fuerunt</strong></span> 
     </span>
    </p>
   </div>
   <div class='ocr_carea' id='block_1_31' title="bbox 556 2112 1785 2187">
    <p class='ocr_par' dir='ltr' id='par_1_31' title="bbox 556 2112 1785 2187">
     <span class='ocr_line' id='line_1_32' title="bbox 556 2112 1785 2187; baseline -0.007 -14"><span class='ocrx_word' id='word_1_232' title='bbox 556 2118 981 2187; x_wconf 68' lang='lat' dir='ltr'><strong>pradicationum</strong></span> <span class='ocrx_word' id='word_1_233' title='bbox 1002 2116 1067 2169; x_wconf 85' lang='lat' dir='ltr'><strong>hu</strong></span> <span class='ocrx_word' id='word_1_234' title='bbox 1064 2117 1154 2187; x_wconf 75' lang='lat' dir='ltr'><strong>jus</strong></span> <span class='ocrx_word' id='word_1_235' title='bbox 1177 2115 1416 2186; x_wconf 77' lang='lat' dir='ltr'><strong>temporis</strong></span> <span class='ocrx_word' id='word_1_236' title='bbox 1441 2112 1785 2168; x_wconf 76' lang='lat' dir='ltr'><strong>sacerdotum.</strong></span> 
     </span>
    </p>
   </div>
   <div class='ocr_carea' id='block_1_32' title="bbox 560 2267 2074 2342">
    <p class='ocr_par' dir='ltr' id='par_1_32' title="bbox 560 2267 2074 2342">
     <span class='ocr_line' id='line_1_33' title="bbox 560 2267 2074 2342; baseline -0.001 -17"><span class='ocrx_word' id='word_1_237' title='bbox 560 2273 699 2327; x_wconf 80' lang='lat' dir='ltr'><strong>Ante</strong></span> <span class='ocrx_word' id='word_1_238' title='bbox 727 2270 868 2326; x_wconf 90' lang='lat' dir='ltr'><strong>diem</strong></span> <span class='ocrx_word' id='word_1_239' title='bbox 896 2270 1169 2342; x_wconf 88' lang='lat' dir='ltr'><strong>prosecuti</strong></span> <span class='ocrx_word' id='word_1_240' title='bbox 1189 2284 1376 2325; x_wconf 87' lang='lat' dir='ltr'><strong>sumus</strong></span> <span class='ocrx_word' id='word_1_241' title='bbox 1403 2268 1780 2325; x_wconf 89' lang='lat' dir='ltr'><strong>necessitatem</strong></span> <span class='ocrx_word' id='word_1_242' title='bbox 1806 2267 1962 2324; x_wconf 88' lang='lat' dir='ltr'><strong>nobis</strong></span> <span class='ocrx_word' id='word_1_243' title='bbox 1988 2268 2074 2323; x_wconf 85' lang='lat' dir='ltr'><strong>in-</strong></span> 
     </span>
    </p>
   </div>
   <div class='ocr_carea' id='block_1_33' title="bbox 489 2359 2076 2431">
    <p class='ocr_par' dir='ltr' id='par_1_33' title="bbox 489 2359 2076 2431">
     <span class='ocr_line' id='line_1_34' title="bbox 489 2359 2076 2431; baseline -0.003 -13"><span class='ocrx_word' id='word_1_244' title='bbox 489 2364 743 2419; x_wconf 88' lang='lat' dir='ltr'><strong>cumbere</strong></span> <span class='ocrx_word' id='word_1_245' title='bbox 764 2378 872 2418; x_wconf 86' lang='lat' dir='ltr'><strong>non</strong></span> <span class='ocrx_word' id='word_1_246' title='bbox 900 2361 1136 2429; x_wconf 88' lang='lat' dir='ltr'><strong>tacendi,</strong></span> <span class='ocrx_word' id='word_1_247' title='bbox 1176 2369 1233 2418; x_wconf 87' lang='lat' dir='ltr'><strong>et</strong></span> <span class='ocrx_word' id='word_1_248' title='bbox 1255 2376 1325 2417; x_wconf 90' lang='lat' dir='ltr'><strong>ne</strong></span> <span class='ocrx_word' id='word_1_249' title='bbox 1345 2360 1509 2416; x_wconf 90' lang='lat' dir='ltr'><strong>alieni</strong></span> <span class='ocrx_word' id='word_1_250' title='bbox 1537 2359 1910 2431; x_wconf 87' lang='lat' dir='ltr'><strong>periclitentur</strong></span> <span class='ocrx_word' id='word_1_251' title='bbox 1930 2359 2076 2431; x_wconf 85' lang='lat' dir='ltr'><strong>peri—</strong></span> 
     </span>
    </p>
   </div>
   <div class='ocr_carea' id='block_1_34' title="bbox 488 2448 2073 2523">
    <p class='ocr_par' dir='ltr' id='par_1_34' title="bbox 488 2448 2073 2523">
     <span class='ocr_line' id='line_1_35' title="bbox 488 2448 2073 2523; baseline -0.004 -13"><span class='ocrx_word' id='word_1_252' title='bbox 488 2455 630 2521; x_wconf 90' lang='lat' dir='ltr'><strong>culo,</strong></span> <span class='ocrx_word' id='word_1_253' title='bbox 648 2454 1051 2511; x_wconf 83' lang='lat' dir='ltr'><strong>observavimus</strong></span> <span class='ocrx_word' id='word_1_254' title='bbox 1068 2453 1267 2509; x_wconf 89' lang='lat' dir='ltr'><strong>debere</strong></span> <span class='ocrx_word' id='word_1_255' title='bbox 1285 2467 1386 2508; x_wconf 89' lang='lat' dir='ltr'><strong>nos</strong></span> <span class='ocrx_word' id='word_1_256' title='bbox 1406 2451 1476 2507; x_wconf 91' lang='lat' dir='ltr'><strong>ad</strong></span> <span class='ocrx_word' id='word_1_257' title='bbox 1488 2451 1816 2522; x_wconf 90' lang='lat' dir='ltr'><strong>peccandum</strong></span> <span class='ocrx_word' id='word_1_258' title='bbox 1827 2448 1919 2523; x_wconf 86' lang='lat' dir='ltr'><strong>[F.</strong></span> <span class='ocrx_word' id='word_1_259' title='bbox 1931 2464 2073 2521; x_wconf 76' lang='lat' dir='ltr'><strong>pra:-</strong></span> 
     </span>
    </p>
   </div>
   <div class='ocr_carea' id='block_1_35' title="bbox 488 2540 2076 2617">
    <p class='ocr_par' dir='ltr' id='par_1_35' title="bbox 488 2540 2076 2617">
     <span class='ocr_line' id='line_1_36' title="bbox 488 2540 2076 2617; baseline -0.002 -17"><span class='ocrx_word' id='word_1_260' title='bbox 488 2543 795 2617; x_wconf 88' lang='lat' dir='ltr'><strong>dicandum]</strong></span> <span class='ocrx_word' id='word_1_261' title='bbox 821 2545 1061 2601; x_wconf 89' lang='lat' dir='ltr'><strong>clamore</strong></span> <span class='ocrx_word' id='word_1_262' title='bbox 1080 2558 1426 2613; x_wconf 88' lang='lat' dir='ltr'><strong>consurgere.</strong></span> <span class='ocrx_word' id='word_1_263' title='bbox 1451 2540 1809 2598; x_wconf 87' lang='lat' dir='ltr'><strong>Clamandum</strong></span> <span class='ocrx_word' id='word_1_264' title='bbox 1828 2549 1913 2597; x_wconf 89' lang='lat' dir='ltr'><strong>est</strong></span> <span class='ocrx_word' id='word_1_265' title='bbox 1929 2542 2076 2598; x_wconf 92' lang='lat' dir='ltr'><strong>cnim</strong></span> 
     </span>
    </p>
   </div>
   <div class='ocr_carea' id='block_1_36' title="bbox 487 2633 2077 2706">
    <p class='ocr_par' dir='ltr' id='par_1_36' title="bbox 487 2633 2077 2706">
     <span class='ocr_line' id='line_1_37' title="bbox 487 2633 2077 2706; baseline -0.002 -14"><span class='ocrx_word' id='word_1_266' title='bbox 487 2638 645 2693; x_wconf 90' lang='lat' dir='ltr'><strong>nobis</strong></span> <span class='ocrx_word' id='word_1_267' title='bbox 666 2638 720 2692; x_wconf 91' lang='lat' dir='ltr'><strong>in</strong></span> <span class='ocrx_word' id='word_1_268' title='bbox 740 2636 1001 2702; x_wconf 86' lang='lat' dir='ltr'><strong>Ecclesia,</strong></span> <span class='ocrx_word' id='word_1_269' title='bbox 1016 2651 1086 2692; x_wconf 91' lang='lat' dir='ltr'><strong>ne</strong></span> <span class='ocrx_word' id='word_1_270' title='bbox 1109 2636 1465 2692; x_wconf 87' lang='lat' dir='ltr'><strong>clamemusin</strong></span> <span class='ocrx_word' id='word_1_271' title='bbox 1476 2649 1657 2706; x_wconf 67' lang='lat' dir='ltr'><strong>paena.</strong></span> <span class='ocrx_word' id='word_1_272' title='bbox 1670 2634 1761 2690; x_wconf 90' lang='lat' dir='ltr'><strong>Sic</strong></span> <span class='ocrx_word' id='word_1_273' title='bbox 1779 2636 1924 2691; x_wconf 90' lang='lat' dir='ltr'><strong>enim</strong></span> <span class='ocrx_word' id='word_1_274' title='bbox 1947 2633 2077 2690; x_wconf 89' lang='lat' dir='ltr'><strong>dicit</strong></span> 
     </span>
    </p>
   </div>
   <div class='ocr_carea' id='block_1_37' title="bbox 490 2724 2077 2797">
    <p class='ocr_par' dir='ltr' id='par_1_37' title="bbox 490 2724 2077 2797">
     <span class='ocr_line' id='line_1_38' title="bbox 490 2724 2077 2797; baseline -0.001 -16"><span class='ocrx_word' id='word_1_275' title='bbox 490 2727 851 2797; x_wconf 88' lang='lat' dir='ltr'><strong>Dominusper</strong></span> <span class='ocrx_word' id='word_1_276' title='bbox 877 2727 1196 2797; x_wconf 88' lang='lat' dir='ltr'><strong>prophetam</strong></span> <span class='ocrx_word' id='word_1_277' title='bbox 1225 2745 1238 2780; x_wconf 90' lang='lat'><strong>:</strong></span> <span class='ocrx_word' id='word_1_278' title='bbox 1282 2726 1352 2781; x_wconf 88' lang='lat' dir='ltr'><strong>Et</strong></span> <span class='ocrx_word' id='word_1_279' title='bbox 1379 2726 1616 2781; x_wconf 76' lang='lat' dir='ltr'><strong>exclama</strong></span> <span class='ocrx_word' id='word_1_280' title='bbox 1640 2724 1980 2790; x_wconf 75' lang='lat' dir='ltr'><strong>uehementer,</strong></span> <span class='ocrx_word' id='word_1_281' title='bbox 2013 2742 2077 2780; x_wconf 86' lang='lat' dir='ltr'><strong>ne</strong></span> 
     </span>
    </p>
   </div>
   <div class='ocr_carea' id='block_1_38' title="bbox 488 2818 2077 2889">
    <p class='ocr_par' dir='ltr' id='par_1_38' title="bbox 488 2818 2077 2889">
     <span class='ocr_line' id='line_1_39' title="bbox 488 2818 2077 2889; baseline 0 -18"><span class='ocrx_word' id='word_1_282' title='bbox 488 2835 699 2888; x_wconf 74' lang='lat' dir='ltr'><strong>parcas,</strong></span> <span class='ocrx_word' id='word_1_283' title='bbox 713 2819 847 2873; x_wconf 69' lang='lat' dir='ltr'><strong>sicut</strong></span> <span class='ocrx_word' id='word_1_284' title='bbox 866 2818 987 2872; x_wconf 86' lang='lat' dir='ltr'><strong>tuba</strong></span> <span class='ocrx_word' id='word_1_285' title='bbox 1007 2819 1183 2873; x_wconf 77' lang='lat' dir='ltr'><strong>exaltu</strong></span> <span class='ocrx_word' id='word_1_286' title='bbox 1198 2835 1369 2874; x_wconf 79' lang='lat' dir='ltr'><strong>uocem</strong></span> <span class='ocrx_word' id='word_1_287' title='bbox 1383 2828 1547 2886; x_wconf 80' lang='lat' dir='ltr'><strong>tuam,</strong></span> <span class='ocrx_word' id='word_1_288' title='bbox 1563 2828 1613 2873; x_wconf 88' lang='lat' dir='ltr'><strong>et</strong></span> <span class='ocrx_word' id='word_1_289' title='bbox 1627 2818 1879 2872; x_wconf 77' lang='lat' dir='ltr'><strong>annuntio</strong></span> <span class='ocrx_word' id='word_1_290' title='bbox 1888 2818 2077 2889; x_wconf 83' lang='lat' dir='ltr'><strong>populo</strong></span> 
     </span>
    </p>
   </div>
   <div class='ocr_carea' id='block_1_39' title="bbox 488 2905 2078 2978">
    <p class='ocr_par' dir='ltr' id='par_1_39' title="bbox 488 2905 2078 2978">
     <span class='ocr_line' id='line_1_40' title="bbox 488 2905 2078 2978; baseline -0.001 -16"><span class='ocrx_word' id='word_1_291' title='bbox 488 2922 602 2962; x_wconf 84' lang='lat' dir='ltr'><strong>meo</strong></span> <span class='ocrx_word' id='word_1_292' title='bbox 628 2915 839 2977; x_wconf 83' lang='lat' dir='ltr'><strong>peccata</strong></span> <span class='ocrx_word' id='word_1_293' title='bbox 865 2922 1040 2962; x_wconf 87' lang='lat' dir='ltr'><strong>eorum</strong></span> <span class='ocrx_word' id='word_1_294' title='bbox 1069 2906 1232 2978; x_wconf 68' lang='lat' dir='ltr'><strong>(Iani.</strong></span> <span class='ocrx_word' id='word_1_295' title='bbox 1262 2908 1433 2978; x_wconf 68' lang='lat' dir='ltr'><strong>Lvut).</strong></span> <span class='ocrx_word' id='word_1_296' title='bbox 1465 2906 1714 2964; x_wconf 89' lang='lat' dir='ltr'><strong>Clamare</strong></span> <span class='ocrx_word' id='word_1_297' title='bbox 1763 2919 1893 2975; x_wconf 89' lang='lat' dir='ltr'><strong>ergo</strong></span> <span class='ocrx_word' id='word_1_298' title='bbox 1916 2905 2078 2976; x_wconf 90' lang='lat' dir='ltr'><strong>jube-</strong></span> 
     </span>
    </p>
   </div>
   <div class='ocr_carea' id='block_1_40' title="bbox 490 2998 2081 3071">
    <p class='ocr_par' dir='ltr' id='par_1_40' title="bbox 490 2998 2081 3071">
     <span class='ocr_line' id='line_1_41' title="bbox 490 2998 2081 3071; baseline -0.001 -17"><span class='ocrx_word' id='word_1_299' title='bbox 490 3013 630 3065; x_wconf 91' lang='lat' dir='ltr'><strong>mur,</strong></span> <span class='ocrx_word' id='word_1_300' title='bbox 643 3006 698 3053; x_wconf 90' lang='lat' dir='ltr'><strong>et</strong></span> <span class='ocrx_word' id='word_1_301' title='bbox 715 2998 1062 3054; x_wconf 86' lang='lat' dir='ltr'><strong>vehementer</strong></span> <span class='ocrx_word' id='word_1_302' title='bbox 1080 2998 1331 3064; x_wconf 89' lang='lat' dir='ltr'><strong>clamare,</strong></span> <span class='ocrx_word' id='word_1_303' title='bbox 1351 3013 1452 3055; x_wconf 90' lang='lat' dir='ltr'><strong>nec</strong></span> <span class='ocrx_word' id='word_1_304' title='bbox 1463 2998 1587 3055; x_wconf 89' lang='lat' dir='ltr'><strong>voci</strong></span> <span class='ocrx_word' id='word_1_305' title='bbox 1605 3013 1846 3071; x_wconf 86' lang='lat' dir='ltr'><strong>parcere,</strong></span> <span class='ocrx_word' id='word_1_306' title='bbox 1870 3013 1940 3054; x_wconf 93' lang='lat' dir='ltr'><strong>ne</strong></span> <span class='ocrx_word' id='word_1_307' title='bbox 1957 3012 2081 3068; x_wconf 87' lang='lat' dir='ltr'><strong>per-</strong></span> 
     </span>
    </p>
   </div>
   <div class='ocr_carea' id='block_1_41' title="bbox 491 3089 2081 3163">
    <p class='ocr_par' dir='ltr' id='par_1_41' title="bbox 491 3089 2081 3163">
     <span class='ocr_line' id='line_1_42' title="bbox 491 3089 2081 3163; baseline -0.001 -17"><span class='ocrx_word' id='word_1_308' title='bbox 491 3105 681 3147; x_wconf 88' lang='lat' dir='ltr'><strong>eamus</strong></span> <span class='ocrx_word' id='word_1_309' title='bbox 699 3091 859 3147; x_wconf 88' lang='lat' dir='ltr'><strong>saluti</strong></span> <span class='ocrx_word' id='word_1_310' title='bbox 879 3110 892 3146; x_wconf 93' lang='lat'><strong>:</strong></span> <span class='ocrx_word' id='word_1_311' title='bbox 910 3090 989 3147; x_wconf 88' lang='lat' dir='ltr'><strong>Ne</strong></span> <span class='ocrx_word' id='word_1_312' title='bbox 1006 3107 1216 3163; x_wconf 89' lang='lat' dir='ltr'><strong>parcas,</strong></span> <span class='ocrx_word' id='word_1_313' title='bbox 1238 3092 1547 3160; x_wconf 82' lang='lat' dir='ltr'><strong>inquit,.hoc</strong></span> <span class='ocrx_word' id='word_1_314' title='bbox 1566 3099 1650 3148; x_wconf 90' lang='lat' dir='ltr'><strong>est</strong></span> <span class='ocrx_word' id='word_1_315' title='bbox 1660 3090 1963 3162; x_wconf 86' lang='lat' dir='ltr'><strong>peccatoris</strong></span> <span class='ocrx_word' id='word_1_316' title='bbox 1978 3089 2081 3144; x_wconf 92' lang='lat' dir='ltr'><strong>ini-</strong></span> 
     </span>
    </p>
   </div>
   <div class='ocr_carea' id='block_1_42' title="bbox 491 3180 2080 3253">
    <p class='ocr_par' dir='ltr' id='par_1_42' title="bbox 491 3180 2080 3253">
     <span class='ocr_line' id='line_1_43' title="bbox 491 3180 2080 3253; baseline -0.001 -16"><span class='ocrx_word' id='word_1_317' title='bbox 491 3182 748 3253; x_wconf 68' lang='lat' dir='ltr'><strong>quitatem</strong></span> <span class='ocrx_word' id='word_1_318' title='bbox 770 3197 870 3238; x_wconf 92' lang='lat' dir='ltr'><strong>nec</strong></span> <span class='ocrx_word' id='word_1_319' title='bbox 893 3182 1122 3238; x_wconf 89' lang='lat' dir='ltr'><strong>tacendo</strong></span> <span class='ocrx_word' id='word_1_320' title='bbox 1149 3190 1454 3253; x_wconf 86' lang='lat' dir='ltr'><strong>praetereas,</strong></span> <span class='ocrx_word' id='word_1_321' title='bbox 1484 3198 1553 3240; x_wconf 91' lang='lat' dir='ltr'><strong>ne</strong></span> <span class='ocrx_word' id='word_1_322' title='bbox 1583 3182 1712 3237; x_wconf 93' lang='lat' dir='ltr'><strong>dum</strong></span> <span class='ocrx_word' id='word_1_323' title='bbox 1739 3180 2080 3238; x_wconf 70' lang='lat' dir='ltr'><strong>verecundizc</strong></span> 
     </span>
    </p>
   </div>
   <div class='ocr_carea' id='block_1_43' title="bbox 490 3272 2081 3342">
    <p class='ocr_par' dir='ltr' id='par_1_43' title="bbox 490 3272 2081 3342">
     <span class='ocr_line' id='line_1_44' title="bbox 490 3272 2081 3342; baseline -0.001 -14"><span class='ocrx_word' id='word_1_324' title='bbox 490 3272 606 3342; x_wconf 88' lang='lat' dir='ltr'><strong>ejus</strong></span> <span class='ocrx_word' id='word_1_325' title='bbox 625 3272 881 3339; x_wconf 86' lang='lat' dir='ltr'><strong>consulis,</strong></span> <span class='ocrx_word' id='word_1_326' title='bbox 913 3289 1022 3329; x_wconf 90' lang='lat' dir='ltr'><strong>non</strong></span> <span class='ocrx_word' id='word_1_327' title='bbox 1051 3273 1300 3330; x_wconf 88' lang='lat' dir='ltr'><strong>consulas</strong></span> <span class='ocrx_word' id='word_1_328' title='bbox 1328 3273 1565 3328; x_wconf 87' lang='lat' dir='ltr'><strong>sanitati.</strong></span> <span class='ocrx_word' id='word_1_329' title='bbox 1601 3272 1832 3329; x_wconf 83' lang='lat' dir='ltr'><strong>Vulnera</strong></span> <span class='ocrx_word' id='word_1_330' title='bbox 1852 3272 1996 3329; x_wconf 92' lang='lat' dir='ltr'><strong>enim</strong></span> <span class='ocrx_word' id='word_1_331' title='bbox 2017 3273 2081 3327; x_wconf 89' lang='lat' dir='ltr'><strong>il-</strong></span> 
     </span>
    </p>
   </div>
   <div class='ocr_carea' id='block_1_44' title="bbox 490 3362 2078 3434">
    <p class='ocr_par' dir='ltr' id='par_1_44' title="bbox 490 3362 2078 3434">
     <span class='ocr_line' id='line_1_45' title="bbox 490 3362 2078 3434; baseline 0.001 -17"><span class='ocrx_word' id='word_1_332' title='bbox 490 3362 612 3429; x_wconf 91' lang='lat' dir='ltr'><strong>lius,</strong></span> <span class='ocrx_word' id='word_1_333' title='bbox 635 3378 756 3433; x_wconf 68' lang='lat' dir='ltr'><strong>quae</strong></span> <span class='ocrx_word' id='word_1_334' title='bbox 801 3362 1083 3418; x_wconf 87' lang='lat' dir='ltr'><strong>clamando</strong></span> <span class='ocrx_word' id='word_1_335' title='bbox 1130 3378 1378 3419; x_wconf 87' lang='lat' dir='ltr'><strong>resecare</strong></span> <span class='ocrx_word' id='word_1_336' title='bbox 1407 3362 1692 3429; x_wconf 88' lang='lat' dir='ltr'><strong>debueras,</strong></span> <span class='ocrx_word' id='word_1_337' title='bbox 1716 3363 1772 3418; x_wconf 92' lang='lat' dir='ltr'><strong>in</strong></span> <span class='ocrx_word' id='word_1_338' title='bbox 1796 3364 1968 3434; x_wconf 83' lang='lat' dir='ltr'><strong>pejus,</strong></span> <span class='ocrx_word' id='word_1_339' title='bbox 1994 3371 2078 3419; x_wconf 89' lang='lat' dir='ltr'><strong>ta-</strong></span> 
     </span>
    </p>
   </div>
   <div class='ocr_carea' id='block_1_45' title="bbox 488 3452 2079 3525">
    <p class='ocr_par' dir='ltr' id='par_1_45' title="bbox 488 3452 2079 3525">
     <span class='ocr_line' id='line_1_46' title="bbox 488 3452 2079 3525; baseline 0.001 -16"><span class='ocrx_word' id='word_1_340' title='bbox 488 3454 686 3521; x_wconf 90' lang='lat' dir='ltr'><strong>cendo,</strong></span> <span class='ocrx_word' id='word_1_341' title='bbox 720 3454 953 3510; x_wconf 88' lang='lat' dir='ltr'><strong>nutristi.</strong></span> <span class='ocrx_word' id='word_1_342' title='bbox 983 3452 1232 3510; x_wconf 89' lang='lat' dir='ltr'><strong>Clamare</strong></span> <span class='ocrx_word' id='word_1_343' title='bbox 1277 3468 1408 3524; x_wconf 88' lang='lat' dir='ltr'><strong>ergo</strong></span> <span class='ocrx_word' id='word_1_344' title='bbox 1454 3454 1733 3524; x_wconf 91' lang='lat' dir='ltr'><strong>jubemur,</strong></span> <span class='ocrx_word' id='word_1_345' title='bbox 1763 3463 1819 3511; x_wconf 91' lang='lat' dir='ltr'><strong>et</strong></span> <span class='ocrx_word' id='word_1_346' title='bbox 1845 3470 1914 3510; x_wconf 89' lang='lat' dir='ltr'><strong>ne</strong></span> <span class='ocrx_word' id='word_1_347' title='bbox 1956 3456 2079 3525; x_wconf 90' lang='lat' dir='ltr'><strong>quis</strong></span> 
     </span>
    </p>
   </div>
   <div class='ocr_carea' id='block_1_46' title="bbox 488 3547 2076 3623">
    <p class='ocr_par' dir='ltr' id='par_1_46' title="bbox 488 3547 2076 3623">
     <span class='ocr_line' id='line_1_47' title="bbox 488 3547 2076 3623; baseline 0.001 -21"><span class='ocrx_word' id='word_1_348' title='bbox 488 3561 549 3603; x_wconf 86' lang='lat' dir='ltr'><strong>se</strong></span> <span class='ocrx_word' id='word_1_349' title='bbox 578 3562 685 3603; x_wconf 92' lang='lat' dir='ltr'><strong>non</strong></span> <span class='ocrx_word' id='word_1_350' title='bbox 714 3547 926 3623; x_wconf 82' lang='lat' dir='ltr'><strong>audisse</strong></span> <span class='ocrx_word' id='word_1_351' title='bbox 945 3547 1108 3613; x_wconf 89' lang='lat' dir='ltr'><strong>dicat,</strong></span> <span class='ocrx_word' id='word_1_352' title='bbox 1141 3557 1235 3603; x_wconf 91' lang='lat' dir='ltr'><strong>aut</strong></span> <span class='ocrx_word' id='word_1_353' title='bbox 1259 3563 1583 3619; x_wconf 88' lang='lat' dir='ltr'><strong>quemquam</strong></span> <span class='ocrx_word' id='word_1_354' title='bbox 1621 3564 1728 3603; x_wconf 89' lang='lat' dir='ltr'><strong>vox</strong></span> <span class='ocrx_word' id='word_1_355' title='bbox 1748 3548 1946 3616; x_wconf 85' lang='lat' dir='ltr'><strong>lateat,</strong></span> <span class='ocrx_word' id='word_1_356' title='bbox 1984 3563 2076 3603; x_wconf 86' lang='lat' dir='ltr'><strong>sa-</strong></span> 
     </span>
    </p>
   </div>
   <div class='ocr_carea' id='block_1_47' title="bbox 487 3636 2078 3709">
    <p class='ocr_par' dir='ltr' id='par_1_47' title="bbox 487 3636 2078 3709">
     <span class='ocr_line' id='line_1_48' title="bbox 487 3636 2078 3709; baseline 0.003 -19"><span class='ocrx_word' id='word_1_357' title='bbox 487 3636 737 3692; x_wconf 86' lang='lat' dir='ltr'><strong>cerdotes</strong></span> <span class='ocrx_word' id='word_1_358' title='bbox 763 3637 1113 3693; x_wconf 89' lang='lat' dir='ltr'><strong>vehementer</strong></span> <span class='ocrx_word' id='word_1_359' title='bbox 1157 3637 1390 3707; x_wconf 82' lang='lat' dir='ltr'><strong>clamare</strong></span> <span class='ocrx_word' id='word_1_360' title='bbox 1438 3637 1850 3709; x_wconf 72' lang='lat' dir='ltr'><strong>prmcipiuntur;</strong></span> <span class='ocrx_word' id='word_1_361' title='bbox 1880 3655 1965 3703; x_wconf 90' lang='lat' dir='ltr'><strong>ac,</strong></span> <span class='ocrx_word' id='word_1_362' title='bbox 2006 3654 2078 3694; x_wconf 88' lang='lat' dir='ltr'><strong>ne</strong></span> 
     </span>
    </p>
   </div>
   <div class='ocr_carea' id='block_1_48' title="bbox 492 3727 2077 3796">
    <p class='ocr_par' dir='ltr' id='par_1_48' title="bbox 492 3727 2077 3796">
     <span class='ocr_line' id='line_1_49' title="bbox 492 3727 2077 3796; baseline 0.003 -15"><span class='ocrx_word' id='word_1_363' title='bbox 492 3727 598 3782; x_wconf 91' lang='lat' dir='ltr'><strong>hoc</strong></span> <span class='ocrx_word' id='word_1_364' title='bbox 627 3729 848 3783; x_wconf 91' lang='lat' dir='ltr'><strong>minime</strong></span> <span class='ocrx_word' id='word_1_365' title='bbox 875 3728 1104 3785; x_wconf 79' lang='lat' dir='ltr'><strong>fortasse</strong></span> <span class='ocrx_word' id='word_1_366' title='bbox 1130 3727 1419 3794; x_wconf 87' lang='lat' dir='ltr'><strong>sufﬁceret,</strong></span> <span class='ocrx_word' id='word_1_367' title='bbox 1447 3729 1874 3796; x_wconf 85' lang='lat' dir='ltr'><strong>addidit,diccns</strong></span> <span class='ocrx_word' id='word_1_368' title='bbox 1906 3750 1918 3785; x_wconf 95' lang='lat'>:</span> <span class='ocrx_word' id='word_1_369' title='bbox 1945 3734 2077 3786; x_wconf 71' lang='lat' dir='ltr'><strong>sicut</strong></span> 
     </span>
    </p>
   </div>
   <div class='ocr_carea' id='block_1_49' title="bbox 488 3814 2077 3894">
    <p class='ocr_par' dir='ltr' id='par_1_49' title="bbox 488 3814 2077 3894">
     <span class='ocr_line' id='line_1_50' title="bbox 488 3814 2077 3894; baseline 0.004 -22"><span class='ocrx_word' id='word_1_370' title='bbox 488 3816 609 3873; x_wconf 83' lang='lat' dir='ltr'><strong>tuba</strong></span> <span class='ocrx_word' id='word_1_371' title='bbox 635 3821 810 3875; x_wconf 75' lang='lat' dir='ltr'><strong>exaltu</strong></span> <span class='ocrx_word' id='word_1_372' title='bbox 834 3837 1005 3876; x_wconf 83' lang='lat' dir='ltr'><strong>vocem</strong></span> <span class='ocrx_word' id='word_1_373' title='bbox 1031 3830 1174 3875; x_wconf 88' lang='lat' dir='ltr'><strong>tuam</strong></span> <span class='ocrx_word' id='word_1_374' title='bbox 1195 3820 1349 3892; x_wconf 75' lang='lat' dir='ltr'><strong>(frui.</strong></span> <span class='ocrx_word' id='word_1_375' title='bbox 1381 3821 1549 3894; x_wconf 81' lang='lat' dir='ltr'><strong>Lvm).</strong></span> <span class='ocrx_word' id='word_1_376' title='bbox 1571 3814 1782 3878; x_wconf 59' lang='lat' dir='ltr'><strong>Scimus</strong></span> <span class='ocrx_word' id='word_1_377' title='bbox 1801 3824 1926 3893; x_wconf 89' lang='lat' dir='ltr'><strong>quia</strong></span> <span class='ocrx_word' id='word_1_378' title='bbox 1948 3824 2077 3878; x_wconf 83' lang='lat' dir='ltr'><strong>tuba</strong></span> 
     </span>
    </p>
   </div>
   <div class='ocr_carea' id='block_1_50' title="bbox 490 3913 2077 3985">
    <p class='ocr_par' dir='ltr' id='par_1_50' title="bbox 490 3913 2077 3985">
     <span class='ocr_line' id='line_1_51' title="bbox 490 3913 2077 3985; baseline 0.004 -19"><span class='ocrx_word' id='word_1_379' title='bbox 490 3928 602 3968; x_wconf 89' lang='lat' dir='ltr'><strong>non</strong></span> <span class='ocrx_word' id='word_1_380' title='bbox 633 3921 742 3967; x_wconf 87' lang='lat' dir='ltr'><strong>tam</strong></span> <span class='ocrx_word' id='word_1_381' title='bbox 764 3921 923 3969; x_wconf 91' lang='lat' dir='ltr'><strong>sonet</strong></span> <span class='ocrx_word' id='word_1_382' title='bbox 943 3913 1149 3970; x_wconf 88' lang='lat' dir='ltr'><strong>auditui</strong></span> <span class='ocrx_word' id='word_1_383' title='bbox 1173 3929 1334 3985; x_wconf 90' lang='lat' dir='ltr'><strong>quam</strong></span> <span class='ocrx_word' id='word_1_384' title='bbox 1365 3916 1593 3983; x_wconf 88' lang='lat' dir='ltr'><strong>terrori,</strong></span> <span class='ocrx_word' id='word_1_385' title='bbox 1620 3931 1723 3971; x_wconf 87' lang='lat' dir='ltr'><strong>nec</strong></span> <span class='ocrx_word' id='word_1_386' title='bbox 1758 3924 1865 3970; x_wconf 90' lang='lat' dir='ltr'><strong>tam</strong></span> <span class='ocrx_word' id='word_1_387' title='bbox 1895 3916 2077 3973; x_wconf 89' lang='lat' dir='ltr'><strong>delec-</strong></span> 
     </span>
    </p>
   </div>
   <div class='ocr_carea' id='block_1_51' title="bbox 489 4003 2075 4076">
    <p class='ocr_par' dir='ltr' id='par_1_51' title="bbox 489 4003 2075 4076">
     <span class='ocr_line' id='line_1_52' title="bbox 489 4003 2075 4076; baseline 0.004 -21"><span class='ocrx_word' id='word_1_388' title='bbox 489 4004 749 4059; x_wconf 89' lang='lat' dir='ltr'><strong>tationem</strong></span> <span class='ocrx_word' id='word_1_389' title='bbox 759 4003 971 4061; x_wconf 89' lang='lat' dir='ltr'><strong>deferre</strong></span> <span class='ocrx_word' id='word_1_390' title='bbox 982 4020 1144 4076; x_wconf 88' lang='lat' dir='ltr'><strong>quam</strong></span> <span class='ocrx_word' id='word_1_391' title='bbox 1165 4006 1363 4062; x_wconf 90' lang='lat' dir='ltr'><strong>inferre</strong></span> <span class='ocrx_word' id='word_1_392' title='bbox 1390 4006 1748 4062; x_wconf 90' lang='lat' dir='ltr'><strong>formidinem.</strong></span> <span class='ocrx_word' id='word_1_393' title='bbox 1764 4007 1912 4063; x_wconf 88' lang='lat' dir='ltr'><strong>Tuba</strong></span> <span class='ocrx_word' id='word_1_394' title='bbox 1933 4009 2075 4063; x_wconf 89' lang='lat' dir='ltr'><strong>enim</strong></span> 
     </span>
    </p>
   </div>
   <div class='ocr_carea' id='block_1_52' title="bbox 490 4093 2076 4167">
    <p class='ocr_par' dir='ltr' id='par_1_52' title="bbox 490 4093 2076 4167">
     <span class='ocr_line' id='line_1_53' title="bbox 490 4093 2076 4167; baseline 0.006 -23"><span class='ocrx_word' id='word_1_395' title='bbox 490 4093 865 4159; x_wconf 88' lang='lat' dir='ltr'><strong>peccatoribus</strong></span> <span class='ocrx_word' id='word_1_396' title='bbox 912 4095 1211 4150; x_wconf 87' lang='lat' dir='ltr'><strong>necessaria</strong></span> <span class='ocrx_word' id='word_1_397' title='bbox 1259 4105 1360 4159; x_wconf 89' lang='lat' dir='ltr'><strong>est,</strong></span> <span class='ocrx_word' id='word_1_398' title='bbox 1410 4112 1530 4167; x_wconf 72' lang='lat' dir='ltr'><strong>quze</strong></span> <span class='ocrx_word' id='word_1_399' title='bbox 1575 4113 1682 4152; x_wconf 93' lang='lat' dir='ltr'><strong>non</strong></span> <span class='ocrx_word' id='word_1_400' title='bbox 1710 4098 1883 4153; x_wconf 91' lang='lat' dir='ltr'><strong>solum</strong></span> <span class='ocrx_word' id='word_1_401' title='bbox 1919 4114 2076 4154; x_wconf 84' lang='lat' dir='ltr'><strong>aures</strong></span> 
     </span>
    </p>
   </div>
   <div class='ocr_carea' id='block_1_53' title="bbox 492 4185 2075 4258">
    <p class='ocr_par' dir='ltr' id='par_1_53' title="bbox 492 4185 2075 4258">
     <span class='ocr_line' id='line_1_54' title="bbox 492 4185 2075 4258; baseline 0.007 -25"><span class='ocrx_word' id='word_1_402' title='bbox 492 4196 681 4235; x_wconf 90' lang='lat' dir='ltr'><strong>eorum</strong></span> <span class='ocrx_word' id='word_1_403' title='bbox 735 4189 1002 4253; x_wconf 90' lang='lat' dir='ltr'><strong>penetret,</strong></span> <span class='ocrx_word' id='word_1_404' title='bbox 1034 4185 1128 4240; x_wconf 90' lang='lat' dir='ltr'><strong>sed</strong></span> <span class='ocrx_word' id='word_1_405' title='bbox 1155 4193 1211 4240; x_wconf 91' lang='lat' dir='ltr'><strong>et</strong></span> <span class='ocrx_word' id='word_1_406' title='bbox 1260 4187 1422 4242; x_wconf 87' lang='lat' dir='ltr'><strong>corda</strong></span> <span class='ocrx_word' id='word_1_407' title='bbox 1450 4189 1757 4253; x_wconf 88' lang='lat' dir='ltr'><strong>concutiat,</strong></span> <span class='ocrx_word' id='word_1_408' title='bbox 1799 4195 1916 4258; x_wconf 74' lang='lat' dir='ltr'><strong>qua:</strong></span> <span class='ocrx_word' id='word_1_409' title='bbox 1968 4205 2075 4244; x_wconf 88' lang='lat' dir='ltr'><strong>non</strong></span> 
     </span>
    </p>
   </div>
   <div class='ocr_carea' id='block_1_54' title="bbox 493 4273 2076 4358">
    <p class='ocr_par' dir='ltr' id='par_1_54' title="bbox 493 4273 2076 4358">
     <span class='ocr_line' id='line_1_55' title="bbox 493 4273 2076 4358; baseline 0.009 -32"><span class='ocrx_word' id='word_1_410' title='bbox 493 4273 731 4358; x_wconf 79' lang='lat' dir='ltr'><strong>delectet</strong></span> <span class='ocrx_word' id='word_1_411' title='bbox 753 4282 934 4343; x_wconf 91' lang='lat' dir='ltr'><strong>cantu,</strong></span> <span class='ocrx_word' id='word_1_412' title='bbox 966 4276 1064 4333; x_wconf 89' lang='lat' dir='ltr'><strong>sed</strong></span> <span class='ocrx_word' id='word_1_413' title='bbox 1090 4279 1315 4347; x_wconf 85' lang='lat' dir='ltr'><strong>castiget</strong></span> <span class='ocrx_word' id='word_1_414' title='bbox 1342 4280 1556 4346; x_wconf 86' lang='lat' dir='ltr'><strong>auditu;</strong></span> <span class='ocrx_word' id='word_1_415' title='bbox 1586 4290 1835 4338; x_wconf 90' lang='lat' dir='ltr'><strong>strenuos</strong></span> <span class='ocrx_word' id='word_1_416' title='bbox 1861 4299 2076 4355; x_wconf 89' lang='lat' dir='ltr'><strong>quoque</strong></span> 
     </span>
    </p>
   </div>
   <div class='ocr_carea' id='block_1_55' title="bbox 446 4362 2072 4437">
    <p class='ocr_par' dir='ltr' id='par_1_55' title="bbox 446 4362 2072 4437">
     <span class='ocr_line' id='line_1_56' title="bbox 446 4362 2072 4437; baseline 0.008 -21"><span class='ocrx_word' id='word_1_417' title='bbox 446 4364 460 4375; x_wconf 80' lang='lat'><em>’</em></span> <span class='ocrx_word' id='word_1_418' title='bbox 495 4362 741 4420; x_wconf 83' lang='lat' dir='ltr'><strong>hortetur</strong></span> <span class='ocrx_word' id='word_1_419' title='bbox 768 4364 837 4419; x_wconf 90' lang='lat' dir='ltr'><strong>ad</strong></span> <span class='ocrx_word' id='word_1_420' title='bbox 862 4365 1159 4436; x_wconf 88' lang='lat' dir='ltr'><strong>justitiam,</strong></span> <span class='ocrx_word' id='word_1_421' title='bbox 1188 4369 1410 4437; x_wconf 85' lang='lat' dir='ltr'><strong>ignavos</strong></span> <span class='ocrx_word' id='word_1_422' title='bbox 1447 4369 1718 4426; x_wconf 88' lang='lat' dir='ltr'><strong>deterreat</strong></span> <span class='ocrx_word' id='word_1_423' title='bbox 1764 4387 1795 4426; x_wconf 88' lang='lat' dir='ltr'><strong>a</strong></span> <span class='ocrx_word' id='word_1_424' title='bbox 1842 4373 2072 4430; x_wconf 90' lang='lat' dir='ltr'><strong>delictis.</strong></span> 
     </span>
    </p>
   </div>
   <div class='ocr_carea' id='block_1_56' title="bbox 489 4452 2075 4536">
    <p class='ocr_par' dir='ltr' id='par_1_56' title="bbox 489 4452 2075 4536">
     <span class='ocr_line' id='line_1_57' title="bbox 489 4452 2075 4536; baseline 0.008 -28"><span class='ocrx_word' id='word_1_425' title='bbox 489 4452 626 4509; x_wconf 85' lang='lat' dir='ltr'><strong>Nam</strong></span> <span class='ocrx_word' id='word_1_426' title='bbox 654 4456 794 4512; x_wconf 91' lang='lat' dir='ltr'><strong>sicut</strong></span> <span class='ocrx_word' id='word_1_427' title='bbox 816 4458 869 4512; x_wconf 90' lang='lat' dir='ltr'><strong>in</strong></span> <span class='ocrx_word' id='word_1_428' title='bbox 896 4458 1080 4529; x_wconf 73' lang='lat' dir='ltr'><strong>prmlio</strong></span> <span class='ocrx_word' id='word_1_429' title='bbox 1105 4460 1291 4515; x_wconf 87' lang='lat' dir='ltr'><strong>militis</strong></span> <span class='ocrx_word' id='word_1_430' title='bbox 1317 4469 1553 4517; x_wconf 87' lang='lat' dir='ltr'><strong>mentem</strong></span> <span class='ocrx_word' id='word_1_431' title='bbox 1583 4461 1915 4520; x_wconf 86' lang='lat' dir='ltr'><strong>formidolosi</strong></span> <span class='ocrx_word' id='word_1_432' title='bbox 1941 4466 2075 4536; x_wconf 84' lang='lat' dir='ltr'><strong>deji-</strong></span> 
     </span>
    </p>
   </div>
   <div class='ocr_carea' id='block_1_57' title="bbox 488 4540 2076 4613">
    <p class='ocr_par' dir='ltr' id='par_1_57' title="bbox 488 4540 2076 4613">
     <span class='ocr_line' id='line_1_58' title="bbox 488 4540 2076 4613; baseline 0.008 -14"><span class='ocrx_word' id='word_1_433' title='bbox 488 4546 583 4613; x_wconf 86' lang='lat' dir='ltr'><strong>cit,</strong></span> <span class='ocrx_word' id='word_1_434' title='bbox 615 4548 852 4603; x_wconf 90' lang='lat' dir='ltr'><strong>animum</strong></span> <span class='ocrx_word' id='word_1_435' title='bbox 876 4549 978 4604; x_wconf 91' lang='lat' dir='ltr'><strong>viri</strong></span> <span class='ocrx_word' id='word_1_436' title='bbox 1022 4550 1177 4606; x_wconf 90' lang='lat' dir='ltr'><strong>fortis</strong></span> <span class='ocrx_word' id='word_1_437' title='bbox 1214 4540 1496 4607; x_wconf 87' lang='lat' dir='ltr'><strong>accendit:</strong></span> <span class='ocrx_word' id='word_1_438' title='bbox 1530 4553 1602 4608; x_wconf 88' lang='lat' dir='ltr'><strong>ita</strong></span> <span class='ocrx_word' id='word_1_439' title='bbox 1630 4563 1687 4609; x_wconf 90' lang='lat' dir='ltr'><strong>et</strong></span> <span class='ocrx_word' id='word_1_440' title='bbox 1723 4556 2076 4611; x_wconf 86' lang='lat' dir='ltr'><strong>sacerdotalis</strong></span> 
     </span>
    </p>
   </div>
   <div class='ocr_carea' id='block_1_58' title="bbox 486 4636 2073 4719">
    <p class='ocr_par' dir='ltr' id='par_1_58' title="bbox 486 4636 2073 4719">
     <span class='ocr_line' id='line_1_59' title="bbox 486 4636 2073 4719; baseline 0.008 -29"><span class='ocrx_word' id='word_1_441' title='bbox 486 4636 611 4692; x_wconf 90' lang='lat' dir='ltr'><strong>tuba</strong></span> <span class='ocrx_word' id='word_1_442' title='bbox 642 4648 877 4695; x_wconf 88' lang='lat' dir='ltr'><strong>mentem</strong></span> <span class='ocrx_word' id='word_1_443' title='bbox 920 4644 1220 4711; x_wconf 89' lang='lat' dir='ltr'><strong>peccatoris</strong></span> <span class='ocrx_word' id='word_1_444' title='bbox 1245 4644 1522 4711; x_wconf 89' lang='lat' dir='ltr'><strong>humiliat,</strong></span> <span class='ocrx_word' id='word_1_445' title='bbox 1550 4647 1715 4719; x_wconf 75' lang='lat'><strong>650</strong></span> <span class='ocrx_word' id='word_1_446' title='bbox 1751 4648 1851 4703; x_wconf 92' lang='lat' dir='ltr'><strong>viri</strong></span> <span class='ocrx_word' id='word_1_447' title='bbox 1901 4649 2073 4703; x_wconf 86' lang='lat' dir='ltr'><strong>sancti</strong></span> 
     </span>
    </p>
   </div>
   <div class='ocr_carea' id='block_1_59' title="bbox 487 4730 2071 4807">
    <p class='ocr_par' dir='ltr' id='par_1_59' title="bbox 487 4730 2071 4807">
     <span class='ocr_line' id='line_1_60' title="bbox 487 4730 2071 4807; baseline 0.006 -24"><span class='ocrx_word' id='word_1_448' title='bbox 487 4730 720 4786; x_wconf 90' lang='lat' dir='ltr'><strong>animam</strong></span> <span class='ocrx_word' id='word_1_449' title='bbox 764 4733 1098 4801; x_wconf 88' lang='lat' dir='ltr'><strong>corroborat,</strong></span> <span class='ocrx_word' id='word_1_450' title='bbox 1146 4744 1203 4791; x_wconf 91' lang='lat' dir='ltr'><strong>et</strong></span> <span class='ocrx_word' id='word_1_451' title='bbox 1242 4753 1349 4794; x_wconf 91' lang='lat' dir='ltr'><strong>uno</strong></span> <span class='ocrx_word' id='word_1_452' title='bbox 1399 4746 1560 4807; x_wconf 90' lang='lat' dir='ltr'><strong>atque</strong></span> <span class='ocrx_word' id='word_1_453' title='bbox 1590 4739 1781 4795; x_wconf 90' lang='lat' dir='ltr'><strong>eodem</strong></span> <span class='ocrx_word' id='word_1_454' title='bbox 1819 4756 1956 4796; x_wconf 86' lang='lat' dir='ltr'><strong>sono</strong></span> <span class='ocrx_word' id='word_1_455' title='bbox 1985 4739 2071 4794; x_wconf 88' lang='lat' dir='ltr'><strong>isti</strong></span> 
     </span>
    </p>
   </div>
   <div class='ocr_carea' id='block_1_60' title="bbox 489 4814 2073 4897">
    <p class='ocr_par' dir='ltr' id='par_1_60' title="bbox 489 4814 2073 4897">
     <span class='ocr_line' id='line_1_61' title="bbox 489 4814 2073 4897; baseline 0.007 -23"><span class='ocrx_word' id='word_1_456' title='bbox 489 4814 921 4879; x_wconf 80' lang='lat' dir='ltr'><strong>exhortationem</strong></span> <span class='ocrx_word' id='word_1_457' title='bbox 949 4824 1135 4881; x_wconf 85' lang='lat' dir='ltr'><strong>indicit</strong></span> <span class='ocrx_word' id='word_1_458' title='bbox 1172 4828 1621 4897; x_wconf 85' lang='lat' dir='ltr'><strong>quemadmodum</strong></span> <span class='ocrx_word' id='word_1_459' title='bbox 1651 4820 1720 4884; x_wconf 85' lang='lat' dir='ltr'><strong>sit</strong></span> <span class='ocrx_word' id='word_1_460' title='bbox 1766 4829 1958 4885; x_wconf 86' lang='lat' dir='ltr'><strong>fortior</strong></span> <span class='ocrx_word' id='word_1_461' title='bbox 2003 4828 2073 4885; x_wconf 89' lang='lat' dir='ltr'><strong>ad</strong></span> 
     </span>
    </p>
   </div>
   <div class='ocr_carea' id='block_1_61' title="bbox 2172 1880 3772 1966">
    <p class='ocr_par' dir='ltr' id='par_1_61' title="bbox 2172 1880 3772 1966">
     <span class='ocr_line' id='line_1_62' title="bbox 2172 1880 3772 1966; baseline -0.001 -11"><span class='ocrx_word' id='word_1_462' title='bbox 2172 1880 2473 1955; x_wconf 43' lang='lat' dir='ltr'><strong>unitatem}</strong></span> <span class='ocrx_word' id='word_1_463' title='bbox 2499 1896 2572 1951; x_wconf 91' lang='lat' dir='ltr'><strong>illi</strong></span> <span class='ocrx_word' id='word_1_464' title='bbox 2596 1903 2794 1951; x_wconf 88' lang='lat' dir='ltr'><strong>metum</strong></span> <span class='ocrx_word' id='word_1_465' title='bbox 2814 1895 3022 1960; x_wconf 91' lang='lat' dir='ltr'><strong>incutit,</strong></span> <span class='ocrx_word' id='word_1_466' title='bbox 3045 1895 3496 1966; x_wconf 87' lang='lat' dir='ltr'><strong>quemadmodum</strong></span> <span class='ocrx_word' id='word_1_467' title='bbox 3522 1899 3596 1953; x_wconf 89' lang='lat' dir='ltr'><strong>sit</strong></span> <span class='ocrx_word' id='word_1_468' title='bbox 3624 1900 3772 1955; x_wconf 75' lang='lat' dir='ltr'><strong>timi-</strong></span> 
     </span>
    </p>
   </div>
   <div class='ocr_carea' id='block_1_62' title="bbox 2175 1985 3771 2059">
    <p class='ocr_par' dir='ltr' id='par_1_62' title="bbox 2175 1985 3771 2059">
     <span class='ocr_line' id='line_1_63' title="bbox 2175 1985 3771 2059; baseline 0.001 -14"><span class='ocrx_word' id='word_1_469' title='bbox 2175 1989 2298 2046; x_wconf 91' lang='lat' dir='ltr'><strong>dior</strong></span> <span class='ocrx_word' id='word_1_470' title='bbox 2323 1988 2392 2043; x_wconf 92' lang='lat' dir='ltr'><strong>ad</strong></span> <span class='ocrx_word' id='word_1_471' title='bbox 2421 1996 2720 2059; x_wconf 89' lang='lat' dir='ltr'><strong>peccatum.</strong></span> <span class='ocrx_word' id='word_1_472' title='bbox 2764 1985 2890 2043; x_wconf 62' lang='lat' dir='ltr'><strong>Haec</strong></span> <span class='ocrx_word' id='word_1_473' title='bbox 2932 1987 3075 2042; x_wconf 92' lang='lat' dir='ltr'><strong>enim</strong></span> <span class='ocrx_word' id='word_1_474' title='bbox 3120 1996 3309 2044; x_wconf 88' lang='lat' dir='ltr'><strong>natura</strong></span> <span class='ocrx_word' id='word_1_475' title='bbox 3369 1988 3513 2044; x_wconf 65' lang='lat' dir='ltr'><strong>tubae</strong></span> <span class='ocrx_word' id='word_1_476' title='bbox 3561 1998 3679 2056; x_wconf 91' lang='lat' dir='ltr'><strong>est,</strong></span> <span class='ocrx_word' id='word_1_477' title='bbox 3709 2000 3771 2047; x_wconf 88' lang='lat' dir='ltr'><strong>ut</strong></span> 
     </span>
    </p>
   </div>
   <div class='ocr_carea' id='block_1_63' title="bbox 2175 2077 3773 2149">
    <p class='ocr_par' dir='ltr' id='par_1_63' title="bbox 2175 2077 3773 2149">
     <span class='ocr_line' id='line_1_64' title="bbox 2175 2077 3773 2149; baseline 0 -12"><span class='ocrx_word' id='word_1_478' title='bbox 2175 2081 2421 2137; x_wconf 90' lang='lat' dir='ltr'><strong>destruat</strong></span> <span class='ocrx_word' id='word_1_479' title='bbox 2446 2078 2869 2149; x_wconf 90' lang='lat' dir='ltr'><strong>delinquentium</strong></span> <span class='ocrx_word' id='word_1_480' title='bbox 2909 2093 3098 2149; x_wconf 89' lang='lat' dir='ltr'><strong>opera,</strong></span> <span class='ocrx_word' id='word_1_481' title='bbox 3152 2077 3345 2135; x_wconf 87' lang='lat' dir='ltr'><strong>borum</strong></span> <span class='ocrx_word' id='word_1_482' title='bbox 3394 2079 3536 2136; x_wconf 88' lang='lat' dir='ltr'><strong>facta</strong></span> <span class='ocrx_word' id='word_1_483' title='bbox 3564 2081 3773 2137; x_wconf 82' lang='lat' dir='ltr'><strong>confir-</strong></span> 
     </span>
    </p>
   </div>
   <div class='ocr_carea' id='block_1_64' title="bbox 2176 2170 3801 2242">
    <p class='ocr_par' dir='ltr' id='par_1_64' title="bbox 2176 2170 3801 2242">
     <span class='ocr_line' id='line_1_65' title="bbox 2176 2170 3801 2242; baseline -0.001 -14"><span class='ocrx_word' id='word_1_484' title='bbox 2176 2180 2307 2228; x_wconf 92' lang='lat' dir='ltr'><strong>met.</strong></span> <span class='ocrx_word' id='word_1_485' title='bbox 2354 2172 2596 2242; x_wconf 89' lang='lat' dir='ltr'><strong>Denique</strong></span> <span class='ocrx_word' id='word_1_486' title='bbox 2643 2170 2859 2226; x_wconf 78' lang='lat' dir='ltr'><strong>Jericho</strong></span> <span class='ocrx_word' id='word_1_487' title='bbox 2889 2171 3027 2225; x_wconf 89' lang='lat' dir='ltr'><strong>muri</strong></span> <span class='ocrx_word' id='word_1_488' title='bbox 3051 2185 3149 2240; x_wconf 91' lang='lat' dir='ltr'><strong>per</strong></span> <span class='ocrx_word' id='word_1_489' title='bbox 3192 2170 3563 2228; x_wconf 88' lang='lat' dir='ltr'><strong>sacerdotales</strong></span> <span class='ocrx_word' id='word_1_490' title='bbox 3590 2173 3801 2241; x_wconf 53' lang='lat' dir='ltr'><strong>tubas,</strong></span> 
     </span>
    </p>
   </div>
   <div class='ocr_carea' id='block_1_65' title="bbox 2179 2263 3773 2337">
    <p class='ocr_par' dir='ltr' id='par_1_65' title="bbox 2179 2263 3773 2337">
     <span class='ocr_line' id='line_1_66' title="bbox 2179 2263 3773 2337; baseline 0 -17"><span class='ocrx_word' id='word_1_491' title='bbox 2179 2264 2308 2337; x_wconf 90' lang='lat' dir='ltr'><strong>quia</strong></span> <span class='ocrx_word' id='word_1_492' title='bbox 2328 2265 2467 2320; x_wconf 91' lang='lat' dir='ltr'><strong>intra</strong></span> <span class='ocrx_word' id='word_1_493' title='bbox 2495 2280 2554 2319; x_wconf 91' lang='lat' dir='ltr'><strong>se</strong></span> <span class='ocrx_word' id='word_1_494' title='bbox 2584 2263 2933 2325; x_wconf 84' lang='lat' dir='ltr'><strong>continebant</strong></span> <span class='ocrx_word' id='word_1_495' title='bbox 2959 2271 3300 2333; x_wconf 87' lang='lat' dir='ltr'><strong>peccatorem</strong></span> <span class='ocrx_word' id='word_1_496' title='bbox 3328 2263 3586 2334; x_wconf 88' lang='lat' dir='ltr'><strong>populum</strong></span> <span class='ocrx_word' id='word_1_497' title='bbox 3603 2307 3621 2330; x_wconf 95' lang='lat'><strong>,</strong></span> <span class='ocrx_word' id='word_1_498' title='bbox 3650 2280 3773 2321; x_wconf 90' lang='lat' dir='ltr'><strong>cor-</strong></span> 
     </span>
    </p>
   </div>
   <div class='ocr_carea' id='block_1_66' title="bbox 2175 2355 3773 2427">
    <p class='ocr_par' dir='ltr' id='par_1_66' title="bbox 2175 2355 3773 2427">
     <span class='ocr_line' id='line_1_67' title="bbox 2175 2355 3773 2427; baseline 0 -14"><span class='ocrx_word' id='word_1_499' title='bbox 2175 2366 2419 2413; x_wconf 88' lang='lat' dir='ltr'><strong>ruerunt.</strong></span> <span class='ocrx_word' id='word_1_500' title='bbox 2444 2355 2561 2412; x_wconf 85' lang='lat' dir='ltr'><strong>Non</strong></span> <span class='ocrx_word' id='word_1_501' title='bbox 2591 2356 2712 2412; x_wconf 89' lang='lat' dir='ltr'><strong>illos</strong></span> <span class='ocrx_word' id='word_1_502' title='bbox 2733 2355 2963 2427; x_wconf 88' lang='lat' dir='ltr'><strong>pulsavit</strong></span> <span class='ocrx_word' id='word_1_503' title='bbox 2988 2355 3149 2422; x_wconf 88' lang='lat' dir='ltr'><strong>aries,</strong></span> <span class='ocrx_word' id='word_1_504' title='bbox 3174 2371 3281 2412; x_wconf 93' lang='lat' dir='ltr'><strong>non</strong></span> <span class='ocrx_word' id='word_1_505' title='bbox 3303 2357 3630 2427; x_wconf 78' lang='lat' dir='ltr'><strong>expugnavit</strong></span> <span class='ocrx_word' id='word_1_506' title='bbox 3658 2373 3773 2413; x_wconf 83' lang='lat' dir='ltr'><strong>ma-</strong></span> 
     </span>
    </p>
   </div>
   <div class='ocr_carea' id='block_1_67' title="bbox 2177 2446 3774 2519">
    <p class='ocr_par' dir='ltr' id='par_1_67' title="bbox 2177 2446 3774 2519">
     <span class='ocr_line' id='line_1_68' title="bbox 2177 2446 3774 2519; baseline -0.002 -14"><span class='ocrx_word' id='word_1_507' title='bbox 2177 2451 2365 2516; x_wconf 89' lang='lat' dir='ltr'><strong>china;</strong></span> <span class='ocrx_word' id='word_1_508' title='bbox 2396 2448 2492 2506; x_wconf 88' lang='lat' dir='ltr'><strong>sed</strong></span> <span class='ocrx_word' id='word_1_509' title='bbox 2518 2447 2665 2519; x_wconf 89' lang='lat' dir='ltr'><strong>quod</strong></span> <span class='ocrx_word' id='word_1_510' title='bbox 2689 2448 2883 2503; x_wconf 89' lang='lat' dir='ltr'><strong>mirum</strong></span> <span class='ocrx_word' id='word_1_511' title='bbox 2928 2456 3031 2513; x_wconf 90' lang='lat' dir='ltr'><strong>est,</strong></span> <span class='ocrx_word' id='word_1_512' title='bbox 3075 2446 3433 2504; x_wconf 83' lang='lat' dir='ltr'><strong>sacerdotalis</strong></span> <span class='ocrx_word' id='word_1_513' title='bbox 3453 2448 3617 2503; x_wconf 89' lang='lat' dir='ltr'><strong>timor</strong></span> <span class='ocrx_word' id='word_1_514' title='bbox 3646 2447 3774 2504; x_wconf 84' lang='lat' dir='ltr'><strong>soni</strong></span> 
     </span>
    </p>
   </div>
   <div class='ocr_carea' id='block_1_68' title="bbox 2176 2526 3776 2610">
    <p class='ocr_par' dir='ltr' id='par_1_68' title="bbox 2176 2526 3776 2610">
     <span class='ocr_line' id='line_1_69' title="bbox 2176 2526 3776 2610; baseline -0.002 -12"><span class='ocrx_word' id='word_1_515' title='bbox 2176 2542 2458 2598; x_wconf 89' lang='lat' dir='ltr'><strong>subvertit.</strong></span> <span class='ocrx_word' id='word_1_516' title='bbox 2486 2526 2628 2597; x_wconf 69' lang='lat' dir='ltr'><strong>Muri</strong></span> <span class='ocrx_word' id='word_1_517' title='bbox 2672 2540 2763 2610; x_wconf 91' lang='lat' dir='ltr'><strong>qui</strong></span> <span class='ocrx_word' id='word_1_518' title='bbox 2791 2538 3049 2595; x_wconf 86' lang='lat' dir='ltr'><strong>adversus</strong></span> <span class='ocrx_word' id='word_1_519' title='bbox 3074 2537 3276 2594; x_wconf 90' lang='lat' dir='ltr'><strong>ferrum</strong></span> <span class='ocrx_word' id='word_1_520' title='bbox 3330 2538 3776 2610; x_wconf 81' lang='lat' dir='ltr'><strong>inexpugnabiles</strong></span> 
     </span>
    </p>
   </div>
   <div class='ocr_carea' id='block_1_69' title="bbox 2177 2617 3775 2701">
    <p class='ocr_par' dir='ltr' id='par_1_69' title="bbox 2177 2617 3775 2701">
     <span class='ocr_line' id='line_1_70' title="bbox 2177 2617 3775 2701; baseline -0.002 -11"><span class='ocrx_word' id='word_1_521' title='bbox 2177 2617 2461 2696; x_wconf 81' lang='lat' dir='ltr'><strong>steterant,</strong></span> <span class='ocrx_word' id='word_1_522' title='bbox 2505 2648 2657 2688; x_wconf 89' lang='lat' dir='ltr'><strong>sacra</strong></span> <span class='ocrx_word' id='word_1_523' title='bbox 2704 2632 2951 2687; x_wconf 89' lang='lat' dir='ltr'><strong>tubarum</strong></span> <span class='ocrx_word' id='word_1_524' title='bbox 3004 2642 3140 2686; x_wconf 89' lang='lat' dir='ltr'><strong>voce</strong></span> <span class='ocrx_word' id='word_1_525' title='bbox 3179 2630 3398 2701; x_wconf 89' lang='lat' dir='ltr'><strong>collapsi</strong></span> <span class='ocrx_word' id='word_1_526' title='bbox 3445 2639 3593 2687; x_wconf 87' lang='lat' dir='ltr'><strong>sunt.</strong></span> <span class='ocrx_word' id='word_1_527' title='bbox 3643 2631 3775 2699; x_wconf 79' lang='lat' dir='ltr'><strong>Quis</strong></span> 
     </span>
    </p>
   </div>
   <div class='ocr_carea' id='block_1_70' title="bbox 2179 2721 3777 2795">
    <p class='ocr_par' dir='ltr' id='par_1_70' title="bbox 2179 2721 3777 2795">
     <span class='ocr_line' id='line_1_71' title="bbox 2179 2721 3777 2795; baseline -0.001 -15"><span class='ocrx_word' id='word_1_528' title='bbox 2179 2726 2322 2780; x_wconf 88' lang='lat' dir='ltr'><strong>enim</strong></span> <span class='ocrx_word' id='word_1_529' title='bbox 2350 2741 2458 2781; x_wconf 88' lang='lat' dir='ltr'><strong>non</strong></span> <span class='ocrx_word' id='word_1_530' title='bbox 2502 2731 2720 2795; x_wconf 90' lang='lat' dir='ltr'><strong>stupeat</strong></span> <span class='ocrx_word' id='word_1_531' title='bbox 2749 2724 2802 2777; x_wconf 92' lang='lat' dir='ltr'><strong>in</strong></span> <span class='ocrx_word' id='word_1_532' title='bbox 2850 2722 2944 2777; x_wconf 91' lang='lat' dir='ltr'><strong>illo</strong></span> <span class='ocrx_word' id='word_1_533' title='bbox 2990 2723 3135 2778; x_wconf 87' lang='lat' dir='ltr'><strong>laeto</strong></span> <span class='ocrx_word' id='word_1_534' title='bbox 3158 2736 3287 2777; x_wconf 89' lang='lat' dir='ltr'><strong>saxa</strong></span> <span class='ocrx_word' id='word_1_535' title='bbox 3314 2721 3552 2793; x_wconf 84' lang='lat' dir='ltr'><strong>dirupta,</strong></span> <span class='ocrx_word' id='word_1_536' title='bbox 3584 2722 3777 2778; x_wconf 88' lang='lat' dir='ltr'><strong>funda-</strong></span> 
     </span>
    </p>
   </div>
   <div class='ocr_carea' id='block_1_71' title="bbox 2178 2814 3774 2885">
    <p class='ocr_par' dir='ltr' id='par_1_71' title="bbox 2178 2814 3774 2885">
     <span class='ocr_line' id='line_1_72' title="bbox 2178 2814 3774 2885; baseline -0.003 -13"><span class='ocrx_word' id='word_1_537' title='bbox 2178 2824 2360 2872; x_wconf 90' lang='lat' dir='ltr'><strong>menta</strong></span> <span class='ocrx_word' id='word_1_538' title='bbox 2384 2817 2639 2885; x_wconf 86' lang='lat' dir='ltr'><strong>clangore</strong></span> <span class='ocrx_word' id='word_1_539' title='bbox 2654 2829 2774 2871; x_wconf 89' lang='lat' dir='ltr'><strong>esse</strong></span> <span class='ocrx_word' id='word_1_540' title='bbox 2786 2822 3060 2885; x_wconf 89' lang='lat' dir='ltr'><strong>quassata,</strong></span> <span class='ocrx_word' id='word_1_541' title='bbox 3072 2823 3130 2871; x_wconf 89' lang='lat' dir='ltr'><strong>et</strong></span> <span class='ocrx_word' id='word_1_542' title='bbox 3150 2814 3224 2869; x_wconf 92' lang='lat' dir='ltr'><strong>ita</strong></span> <span class='ocrx_word' id='word_1_543' title='bbox 3244 2815 3495 2870; x_wconf 88' lang='lat' dir='ltr'><strong>universa</strong></span> <span class='ocrx_word' id='word_1_544' title='bbox 3511 2815 3774 2885; x_wconf 83' lang='lat' dir='ltr'><strong>collapsa,</strong></span> 
     </span>
    </p>
   </div>
   <div class='ocr_carea' id='block_1_72' title="bbox 2180 2906 3776 2978">
    <p class='ocr_par' dir='ltr' id='par_1_72' title="bbox 2180 2906 3776 2978">
     <span class='ocr_line' id='line_1_73' title="bbox 2180 2906 3776 2978; baseline -0.003 -12"><span class='ocrx_word' id='word_1_545' title='bbox 2180 2919 2240 2966; x_wconf 92' lang='lat' dir='ltr'><strong>ut</strong></span> <span class='ocrx_word' id='word_1_546' title='bbox 2267 2926 2391 2966; x_wconf 90' lang='lat' dir='ltr'><strong>cum</strong></span> <span class='ocrx_word' id='word_1_547' title='bbox 2418 2910 2653 2966; x_wconf 89' lang='lat' dir='ltr'><strong>victores</strong></span> <span class='ocrx_word' id='word_1_548' title='bbox 2672 2908 2807 2963; x_wconf 88' lang='lat' dir='ltr'><strong>nihil</strong></span> <span class='ocrx_word' id='word_1_549' title='bbox 2834 2921 3024 2963; x_wconf 90' lang='lat' dir='ltr'><strong>manus</strong></span> <span class='ocrx_word' id='word_1_550' title='bbox 3044 2906 3318 2974; x_wconf 55' lang='lat' dir='ltr'><strong>laederent,</strong></span> <span class='ocrx_word' id='word_1_551' title='bbox 3351 2906 3494 2978; x_wconf 90' lang='lat' dir='ltr'><strong>apud</strong></span> <span class='ocrx_word' id='word_1_552' title='bbox 3521 2906 3776 2962; x_wconf 83' lang='lat' dir='ltr'><strong>adversa-</strong></span> 
     </span>
    </p>
   </div>
   <div class='ocr_carea' id='block_1_73' title="bbox 2181 2996 3776 3071">
    <p class='ocr_par' dir='ltr' id='par_1_73' title="bbox 2181 2996 3776 3071">
     <span class='ocr_line' id='line_1_74' title="bbox 2181 2996 3776 3071; baseline -0.003 -14"><span class='ocrx_word' id='word_1_553' title='bbox 2181 3005 2322 3071; x_wconf 82' lang='lat' dir='ltr'><strong>rium</strong></span> <span class='ocrx_word' id='word_1_554' title='bbox 2343 3003 2477 3057; x_wconf 88' lang='lat' dir='ltr'><strong>nihil</strong></span> <span class='ocrx_word' id='word_1_555' title='bbox 2504 3011 2685 3058; x_wconf 89' lang='lat' dir='ltr'><strong>tamen</strong></span> <span class='ocrx_word' id='word_1_556' title='bbox 2708 3000 2901 3058; x_wconf 91' lang='lat' dir='ltr'><strong>stabile</strong></span> <span class='ocrx_word' id='word_1_557' title='bbox 2927 2996 3270 3066; x_wconf 85' lang='lat' dir='ltr'><strong>remaneret;</strong></span> <span class='ocrx_word' id='word_1_558' title='bbox 3300 2999 3396 3055; x_wconf 89' lang='lat' dir='ltr'><strong>sed</strong></span> <span class='ocrx_word' id='word_1_559' title='bbox 3438 2999 3687 3071; x_wconf 86' lang='lat' dir='ltr'><strong>quamvis</strong></span> <span class='ocrx_word' id='word_1_560' title='bbox 3712 2998 3776 3053; x_wconf 86' lang='lat' dir='ltr'><strong>il-</strong></span> 
     </span>
    </p>
   </div>
   <div class='ocr_carea' id='block_1_74' title="bbox 2183 3095 3772 3165">
    <p class='ocr_par' dir='ltr' id='par_1_74' title="bbox 2183 3095 3772 3165">
     <span class='ocr_line' id='line_1_75' title="bbox 2183 3095 3772 3165; baseline -0.004 -12"><span class='ocrx_word' id='word_1_561' title='bbox 2183 3098 2266 3154; x_wconf 88' lang='lat' dir='ltr'><strong>los</strong></span> <span class='ocrx_word' id='word_1_562' title='bbox 2318 3112 2503 3153; x_wconf 90' lang='lat' dir='ltr'><strong>muros</strong></span> <span class='ocrx_word' id='word_1_563' title='bbox 2546 3111 2708 3152; x_wconf 91' lang='lat' dir='ltr'><strong>nemo</strong></span> <span class='ocrx_word' id='word_1_564' title='bbox 2734 3095 3104 3165; x_wconf 89' lang='lat' dir='ltr'><strong>contingeret,</strong></span> <span class='ocrx_word' id='word_1_565' title='bbox 3135 3101 3512 3164; x_wconf 83' lang='lat' dir='ltr'><strong>expugnantur</strong></span> <span class='ocrx_word' id='word_1_566' title='bbox 3538 3100 3721 3147; x_wconf 88' lang='lat' dir='ltr'><strong>tamen</strong></span> <span class='ocrx_word' id='word_1_567' title='bbox 3754 3108 3772 3146; x_wconf 89' lang='lat'><strong>:</strong></span> 
     </span>
    </p>
   </div>
   <div class='ocr_carea' id='block_1_75' title="bbox 2182 3182 3772 3263">
    <p class='ocr_par' dir='ltr' id='par_1_75' title="bbox 2182 3182 3772 3263">
     <span class='ocr_line' id='line_1_76' title="bbox 2182 3182 3772 3263; baseline -0.003 -21"><span class='ocrx_word' id='word_1_568' title='bbox 2182 3188 2484 3263; x_wconf 81' lang='lat' dir='ltr'><strong>forinsecus</strong></span> <span class='ocrx_word' id='word_1_569' title='bbox 2527 3186 2709 3243; x_wconf 86' lang='lat' dir='ltr'><strong>sonitu</strong></span> <span class='ocrx_word' id='word_1_570' title='bbox 2758 3185 3030 3256; x_wconf 89' lang='lat' dir='ltr'><strong>justorum</strong></span> <span class='ocrx_word' id='word_1_571' title='bbox 3051 3225 3068 3251; x_wconf 92' lang='lat'><strong>,</strong></span> <span class='ocrx_word' id='word_1_572' title='bbox 3118 3185 3416 3241; x_wconf 84' lang='lat' dir='ltr'><strong>forinsecus</strong></span> <span class='ocrx_word' id='word_1_573' title='bbox 3460 3182 3772 3239; x_wconf 83' lang='lat' dir='ltr'><strong>habitacula</strong></span> 
     </span>
    </p>
   </div>
   <div class='ocr_carea' id='block_1_76' title="bbox 2186 3272 3777 3350">
    <p class='ocr_par' dir='ltr' id='par_1_76' title="bbox 2186 3272 3777 3350">
     <span class='ocr_line' id='line_1_77' title="bbox 2186 3272 3777 3350; baseline -0.004 -15"><span class='ocrx_word' id='word_1_574' title='bbox 2186 3287 2531 3350; x_wconf 87' lang='lat' dir='ltr'><strong>peccatorum</strong></span> <span class='ocrx_word' id='word_1_575' title='bbox 2558 3285 2843 3348; x_wconf 88' lang='lat' dir='ltr'><strong>propterea</strong></span> <span class='ocrx_word' id='word_1_576' title='bbox 2869 3282 3165 3332; x_wconf 88' lang='lat' dir='ltr'><strong>cesserunt.</strong></span> <span class='ocrx_word' id='word_1_577' title='bbox 3197 3275 3339 3346; x_wconf 86' lang='lat' dir='ltr'><strong>Ergo</strong></span> <span class='ocrx_word' id='word_1_578' title='bbox 3361 3275 3551 3330; x_wconf 86' lang='lat' dir='ltr'><strong>istisne</strong></span> <span class='ocrx_word' id='word_1_579' title='bbox 3595 3272 3777 3330; x_wconf 84' lang='lat' dir='ltr'><strong>obsis-</strong></span> 
     </span>
    </p>
   </div>
   <div class='ocr_carea' id='block_1_77' title="bbox 2184 3364 3777 3437">
    <p class='ocr_par' dir='ltr' id='par_1_77' title="bbox 2184 3364 3777 3437">
     <span class='ocr_line' id='line_1_78' title="bbox 2184 3364 3777 3437; baseline -0.003 -13"><span class='ocrx_word' id='word_1_580' title='bbox 2184 3371 2398 3426; x_wconf 88' lang='lat' dir='ltr'><strong>terent?</strong></span> <span class='ocrx_word' id='word_1_581' title='bbox 2425 3368 2616 3424; x_wconf 90' lang='lat' dir='ltr'><strong>illosne</strong></span> <span class='ocrx_word' id='word_1_582' title='bbox 2642 3369 2697 3423; x_wconf 92' lang='lat' dir='ltr'><strong>in</strong></span> <span class='ocrx_word' id='word_1_583' title='bbox 2712 3368 2894 3437; x_wconf 89' lang='lat' dir='ltr'><strong>aliquo</strong></span> <span class='ocrx_word' id='word_1_584' title='bbox 2914 3367 3231 3424; x_wconf 78' lang='lat' dir='ltr'><strong>tuerentur?</strong></span> <span class='ocrx_word' id='word_1_585' title='bbox 3251 3365 3593 3437; x_wconf 84' lang='lat' dir='ltr'><strong>Aperuerunt</strong></span> <span class='ocrx_word' id='word_1_586' title='bbox 3611 3364 3777 3434; x_wconf 80' lang='lat' dir='ltr'><strong>justis</strong></span> 
     </span>
    </p>
   </div>
   <div class='ocr_carea' id='block_1_78' title="bbox 2176 3455 3772 3532">
    <p class='ocr_par' dir='ltr' id='par_1_78' title="bbox 2176 3455 3772 3532">
     <span class='ocr_line' id='line_1_79' title="bbox 2176 3455 3772 3532; baseline -0.003 -15"><span class='ocrx_word' id='word_1_587' title='bbox 2176 3461 2291 3531; x_wconf 84' lang='lat' dir='ltr'><strong>jam</strong></span> <span class='ocrx_word' id='word_1_588' title='bbox 2320 3460 2704 3524; x_wconf 87' lang='lat' dir='ltr'><strong>defensionem,</strong></span> <span class='ocrx_word' id='word_1_589' title='bbox 2722 3457 2941 3532; x_wconf 87' lang='lat' dir='ltr'><strong>perﬁdis</strong></span> <span class='ocrx_word' id='word_1_590' title='bbox 2967 3458 3319 3528; x_wconf 67' lang='lat' dir='ltr'><strong>denegatum.</strong></span> <span class='ocrx_word' id='word_1_591' title='bbox 3345 3456 3529 3527; x_wconf 80' lang='lat' dir='ltr'><strong>Igitur,</strong></span> <span class='ocrx_word' id='word_1_592' title='bbox 3556 3455 3772 3522; x_wconf 81' lang='lat' dir='ltr'><strong>fratres,</strong></span> 
     </span>
    </p>
   </div>
   <div class='ocr_carea' id='block_1_79' title="bbox 2183 3548 3774 3619">
    <p class='ocr_par' dir='ltr' id='par_1_79' title="bbox 2183 3548 3774 3619">
     <span class='ocr_line' id='line_1_80' title="bbox 2183 3548 3774 3619; baseline -0.004 -11"><span class='ocrx_word' id='word_1_593' title='bbox 2183 3550 2535 3608; x_wconf 84' lang='lat' dir='ltr'><strong>sacerdotalis</strong></span> <span class='ocrx_word' id='word_1_594' title='bbox 2555 3550 2706 3607; x_wconf 91' lang='lat' dir='ltr'><strong>vocis</strong></span> <span class='ocrx_word' id='word_1_595' title='bbox 2732 3565 2898 3606; x_wconf 89' lang='lat' dir='ltr'><strong>sonus</strong></span> <span class='ocrx_word' id='word_1_596' title='bbox 2923 3549 3034 3619; x_wconf 92' lang='lat' dir='ltr'><strong>jam</strong></span> <span class='ocrx_word' id='word_1_597' title='bbox 3081 3549 3174 3605; x_wconf 90' lang='lat' dir='ltr'><strong>illo</strong></span> <span class='ocrx_word' id='word_1_598' title='bbox 3203 3548 3257 3604; x_wconf 89' lang='lat' dir='ltr'><strong>in</strong></span> <span class='ocrx_word' id='word_1_599' title='bbox 3288 3555 3535 3619; x_wconf 91' lang='lat' dir='ltr'><strong>tempore</strong></span> <span class='ocrx_word' id='word_1_600' title='bbox 3562 3555 3774 3603; x_wconf 83' lang='lat' dir='ltr'><strong>tantum</strong></span> 
     </span>
    </p>
   </div>
   <div class='ocr_carea' id='block_1_80' title="bbox 2182 3637 3776 3718">
    <p class='ocr_par' dir='ltr' id='par_1_80' title="bbox 2182 3637 3776 3718">
     <span class='ocr_line' id='line_1_81' title="bbox 2182 3637 3776 3718; baseline -0.004 -17"><span class='ocrx_word' id='word_1_601' title='bbox 2182 3645 2376 3718; x_wconf 90' lang='lat' dir='ltr'><strong>potuit,</strong></span> <span class='ocrx_word' id='word_1_602' title='bbox 2404 3659 2515 3714; x_wconf 88' lang='lat' dir='ltr'><strong>quo</strong></span> <span class='ocrx_word' id='word_1_603' title='bbox 2570 3644 2626 3699; x_wconf 90' lang='lat' dir='ltr'><strong>in</strong></span> <span class='ocrx_word' id='word_1_604' title='bbox 2678 3658 2807 3699; x_wconf 87' lang='lat' dir='ltr'><strong>vera</strong></span> <span class='ocrx_word' id='word_1_605' title='bbox 2858 3650 3032 3699; x_wconf 90' lang='lat' dir='ltr'><strong>status</strong></span> <span class='ocrx_word' id='word_1_606' title='bbox 3077 3639 3393 3697; x_wconf 90' lang='lat' dir='ltr'><strong>confusione</strong></span> <span class='ocrx_word' id='word_1_607' title='bbox 3428 3640 3613 3696; x_wconf 86' lang='lat' dir='ltr'><strong>nescio</strong></span> <span class='ocrx_word' id='word_1_608' title='bbox 3639 3637 3776 3709; x_wconf 85' lang='lat' dir='ltr'><strong>quid</strong></span> 
     </span>
    </p>
   </div>
   <div class='ocr_carea' id='block_1_81' title="bbox 2180 3729 3775 3809">
    <p class='ocr_par' dir='ltr' id='par_1_81' title="bbox 2180 3729 3775 3809">
     <span class='ocr_line' id='line_1_82' title="bbox 2180 3729 3775 3809; baseline -0.006 -17"><span class='ocrx_word' id='word_1_609' title='bbox 2180 3735 2524 3809; x_wconf 88' lang='lat' dir='ltr'><strong>personavit;</strong></span> <span class='ocrx_word' id='word_1_610' title='bbox 2544 3743 2805 3805; x_wconf 90' lang='lat' dir='ltr'><strong>quantum</strong></span> <span class='ocrx_word' id='word_1_611' title='bbox 2826 3748 2967 3789; x_wconf 91' lang='lat' dir='ltr'><strong>nunc</strong></span> <span class='ocrx_word' id='word_1_612' title='bbox 2985 3730 3377 3789; x_wconf 84' lang='lat' dir='ltr'><strong>sacerdotalem</strong></span> <span class='ocrx_word' id='word_1_613' title='bbox 3396 3730 3574 3799; x_wconf 84' lang='lat' dir='ltr'><strong>ipsam</strong></span> <span class='ocrx_word' id='word_1_614' title='bbox 3595 3729 3775 3785; x_wconf 85' lang='lat' dir='ltr'><strong>vivam</strong></span> 
     </span>
    </p>
   </div>
   <div class='ocr_carea' id='block_1_82' title="bbox 2183 3818 3776 3898">
    <p class='ocr_par' dir='ltr' id='par_1_82' title="bbox 2183 3818 3776 3898">
     <span class='ocr_line' id='line_1_83' title="bbox 2183 3818 3776 3898; baseline -0.006 -13"><span class='ocrx_word' id='word_1_615' title='bbox 2183 3844 2372 3885; x_wconf 78' lang='lat' dir='ltr'><strong>vocem</strong></span> <span class='ocrx_word' id='word_1_616' title='bbox 2404 3842 2563 3898; x_wconf 89' lang='lat' dir='ltr'><strong>posse</strong></span> <span class='ocrx_word' id='word_1_617' title='bbox 2590 3825 2876 3888; x_wconf 90' lang='lat' dir='ltr'><strong>credimus,</strong></span> <span class='ocrx_word' id='word_1_618' title='bbox 2906 3839 3027 3894; x_wconf 74' lang='lat' dir='ltr'><strong>qua:</strong></span> <span class='ocrx_word' id='word_1_619' title='bbox 3054 3822 3183 3878; x_wconf 92' lang='lat' dir='ltr'><strong>dum</strong></span> <span class='ocrx_word' id='word_1_620' title='bbox 3203 3820 3473 3877; x_wconf 88' lang='lat' dir='ltr'><strong>Christum</strong></span> <span class='ocrx_word' id='word_1_621' title='bbox 3494 3819 3666 3877; x_wconf 71' lang='lat' dir='ltr'><strong>verbo</strong></span> <span class='ocrx_word' id='word_1_622' title='bbox 3692 3818 3776 3876; x_wconf 89' lang='lat' dir='ltr'><strong>lo-</strong></span> 
     </span>
    </p>
   </div>
   <div class='ocr_carea' id='block_1_83' title="bbox 2181 3910 3775 3988">
    <p class='ocr_par' dir='ltr' id='par_1_83' title="bbox 2181 3910 3775 3988">
     <span class='ocr_line' id='line_1_84' title="bbox 2181 3910 3775 3988; baseline -0.004 -14"><span class='ocrx_word' id='word_1_623' title='bbox 2181 3919 2387 3988; x_wconf 87' lang='lat' dir='ltr'><strong>quitur,</strong></span> <span class='ocrx_word' id='word_1_624' title='bbox 2414 3916 2755 3988; x_wconf 86' lang='lat' dir='ltr'><strong>magniﬁcum</strong></span> <span class='ocrx_word' id='word_1_625' title='bbox 2786 3914 2988 3984; x_wconf 88' lang='lat' dir='ltr'><strong>aliquid</strong></span> <span class='ocrx_word' id='word_1_626' title='bbox 3015 3920 3234 3986; x_wconf 58' lang='lat' dir='ltr'><strong>praestat</strong></span> <span class='ocrx_word' id='word_1_627' title='bbox 3260 3912 3377 3969; x_wconf 84' lang='lat' dir='ltr'><strong>vice</strong></span> <span class='ocrx_word' id='word_1_628' title='bbox 3403 3910 3619 3968; x_wconf 86' lang='lat' dir='ltr'><strong>Domini</strong></span> <span class='ocrx_word' id='word_1_629' title='bbox 3654 3911 3775 3968; x_wconf 87' lang='lat' dir='ltr'><strong>Sal-</strong></span> 
     </span>
    </p>
   </div>
   <div class='ocr_carea' id='block_1_84' title="bbox 2180 4008 3772 4083">
    <p class='ocr_par' dir='ltr' id='par_1_84' title="bbox 2180 4008 3772 4083">
     <span class='ocr_line' id='line_1_85' title="bbox 2180 4008 3772 4083; baseline -0.004 -16"><span class='ocrx_word' id='word_1_630' title='bbox 2180 4014 2385 4069; x_wconf 85' lang='lat' dir='ltr'><strong>vatoris</strong></span> <span class='ocrx_word' id='word_1_631' title='bbox 2411 4012 2657 4083; x_wconf 89' lang='lat' dir='ltr'><strong>imperio,</strong></span> <span class='ocrx_word' id='word_1_632' title='bbox 2688 4026 2810 4067; x_wconf 86' lang='lat' dir='ltr'><strong>cum</strong></span> <span class='ocrx_word' id='word_1_633' title='bbox 2839 4011 2962 4066; x_wconf 65' lang='lat' dir='ltr'><strong>teris</strong></span> <span class='ocrx_word' id='word_1_634' title='bbox 2991 4025 3127 4067; x_wconf 88' lang='lat' dir='ltr'><strong>sono</strong></span> <span class='ocrx_word' id='word_1_635' title='bbox 3155 4010 3317 4065; x_wconf 89' lang='lat' dir='ltr'><strong>etiam</strong></span> <span class='ocrx_word' id='word_1_636' title='bbox 3351 4008 3621 4063; x_wconf 90' lang='lat' dir='ltr'><strong>elementa</strong></span> <span class='ocrx_word' id='word_1_637' title='bbox 3649 4020 3772 4061; x_wconf 81' lang='lat' dir='ltr'><strong>ces-</strong></span> 
     </span>
    </p>
   </div>
   <div class='ocr_carea' id='block_1_85' title="bbox 2179 4097 3775 4174">
    <p class='ocr_par' dir='ltr' id='par_1_85' title="bbox 2179 4097 3775 4174">
     <span class='ocr_line' id='line_1_86' title="bbox 2179 4097 3775 4174; baseline -0.004 -15"><span class='ocrx_word' id='word_1_638' title='bbox 2179 4111 2388 4171; x_wconf 89' lang='lat' dir='ltr'><strong>serunt,</strong></span> <span class='ocrx_word' id='word_1_639' title='bbox 2410 4112 2506 4157; x_wconf 89' lang='lat' dir='ltr'><strong>aut</strong></span> <span class='ocrx_word' id='word_1_640' title='bbox 2532 4101 2985 4174; x_wconf 88' lang='lat' dir='ltr'><strong>quemadmodum</strong></span> <span class='ocrx_word' id='word_1_641' title='bbox 3003 4099 3275 4157; x_wconf 87' lang='lat' dir='ltr'><strong>sensibilia</strong></span> <span class='ocrx_word' id='word_1_642' title='bbox 3296 4097 3562 4155; x_wconf 89' lang='lat' dir='ltr'><strong>obsistere</strong></span> <span class='ocrx_word' id='word_1_643' title='bbox 3581 4104 3775 4168; x_wconf 76' lang='lat' dir='ltr'><strong>potur-</strong></span> 
     </span>
    </p>
   </div>
   <div class='ocr_carea' id='block_1_86' title="bbox 2180 4186 3894 4273">
    <p class='ocr_par' dir='ltr' id='par_1_86' title="bbox 2180 4186 3894 4273">
     <span class='ocr_line' id='line_1_87' title="bbox 2180 4186 3894 4273; baseline -0.006 -23"><span class='ocrx_word' id='word_1_644' title='bbox 2180 4204 2326 4260; x_wconf 88' lang='lat' dir='ltr'><strong>runt,</strong></span> <span class='ocrx_word' id='word_1_645' title='bbox 2356 4209 2479 4250; x_wconf 92' lang='lat' dir='ltr'><strong>cum</strong></span> <span class='ocrx_word' id='word_1_646' title='bbox 2507 4203 2773 4249; x_wconf 89' lang='lat' dir='ltr'><strong>terrorem</strong></span> <span class='ocrx_word' id='word_1_647' title='bbox 2803 4207 3016 4248; x_wconf 87' lang='lat' dir='ltr'><strong>sacrum</strong></span> <span class='ocrx_word' id='word_1_648' title='bbox 3043 4190 3186 4247; x_wconf 90' lang='lat' dir='ltr'><strong>ferre</strong></span> <span class='ocrx_word' id='word_1_649' title='bbox 3231 4189 3393 4244; x_wconf 90' lang='lat' dir='ltr'><strong>etiam</strong></span> <span class='ocrx_word' id='word_1_650' title='bbox 3441 4186 3771 4243; x_wconf 82' lang='lat' dir='ltr'><strong>insensibilia</strong></span> <span class='ocrx_word' id='word_1_651' title='bbox 3878 4260 3894 4273; x_wconf 49' lang='lat'>.</span> 
     </span>
    </p>
   </div>
   <div class='ocr_carea' id='block_1_87' title="bbox 2176 4280 3759 4358">
    <p class='ocr_par' dir='ltr' id='par_1_87' title="bbox 2176 4280 3759 4358">
     <span class='ocr_line' id='line_1_88' title="bbox 2176 4280 3759 4358; baseline -0.005 -16"><span class='ocrx_word' id='word_1_652' title='bbox 2176 4286 2564 4358; x_wconf 82' lang='lat' dir='ltr'><strong>nequiverunt!</strong></span> <span class='ocrx_word' id='word_1_653' title='bbox 2593 4285 2873 4342; x_wconf 87' lang='lat' dir='ltr'><strong>Credimus</strong></span> <span class='ocrx_word' id='word_1_654' title='bbox 2899 4285 3041 4341; x_wconf 91' lang='lat' dir='ltr'><strong>enim</strong></span> <span class='ocrx_word' id='word_1_655' title='bbox 3076 4282 3415 4339; x_wconf 88' lang='lat' dir='ltr'><strong>sacerdotum</strong></span> <span class='ocrx_word' id='word_1_656' title='bbox 3444 4280 3606 4336; x_wconf 91' lang='lat' dir='ltr'><strong>dictis</strong></span> <span class='ocrx_word' id='word_1_657' title='bbox 3627 4280 3759 4335; x_wconf 84' lang='lat' dir='ltr'><strong>faci—</strong></span> 
     </span>
    </p>
   </div>
   <div class='ocr_carea' id='block_1_88' title="bbox 2180 4372 3766 4451">
    <p class='ocr_par' dir='ltr' id='par_1_88' title="bbox 2180 4372 3766 4451">
     <span class='ocr_line' id='line_1_89' title="bbox 2180 4372 3766 4451; baseline -0.004 -17"><span class='ocrx_word' id='word_1_658' title='bbox 2180 4381 2284 4436; x_wconf 88' lang='lat' dir='ltr'><strong>lius</strong></span> <span class='ocrx_word' id='word_1_659' title='bbox 2322 4380 2520 4436; x_wconf 89' lang='lat' dir='ltr'><strong>molliri</strong></span> <span class='ocrx_word' id='word_1_660' title='bbox 2559 4394 2719 4451; x_wconf 88' lang='lat' dir='ltr'><strong>posse</strong></span> <span class='ocrx_word' id='word_1_661' title='bbox 2761 4377 2924 4434; x_wconf 87' lang='lat' dir='ltr'><strong>corda</strong></span> <span class='ocrx_word' id='word_1_662' title='bbox 2969 4391 3131 4447; x_wconf 92' lang='lat' dir='ltr'><strong>quam</strong></span> <span class='ocrx_word' id='word_1_663' title='bbox 3174 4376 3322 4439; x_wconf 82' lang='lat' dir='ltr'><strong>sax‘a,</strong></span> <span class='ocrx_word' id='word_1_664' title='bbox 3353 4382 3410 4430; x_wconf 90' lang='lat' dir='ltr'><strong>et</strong></span> <span class='ocrx_word' id='word_1_665' title='bbox 3448 4374 3610 4430; x_wconf 88' lang='lat' dir='ltr'><strong>citius</strong></span> <span class='ocrx_word' id='word_1_666' title='bbox 3634 4372 3766 4428; x_wconf 82' lang='lat' dir='ltr'><strong>solvi</strong></span> 
     </span>
    </p>
   </div>
   <div class='ocr_carea' id='block_1_89' title="bbox 2178 4464 3764 4544">
    <p class='ocr_par' dir='ltr' id='par_1_89' title="bbox 2178 4464 3764 4544">
     <span class='ocr_line' id='line_1_90' title="bbox 2178 4464 3764 4544; baseline -0.006 -15"><span class='ocrx_word' id='word_1_667' title='bbox 2178 4487 2340 4543; x_wconf 87' lang='lat' dir='ltr'><strong>posse</strong></span> <span class='ocrx_word' id='word_1_668' title='bbox 2386 4480 2611 4544; x_wconf 89' lang='lat' dir='ltr'><strong>peccata</strong></span> <span class='ocrx_word' id='word_1_669' title='bbox 2657 4486 2820 4542; x_wconf 90' lang='lat' dir='ltr'><strong>quam</strong></span> <span class='ocrx_word' id='word_1_670' title='bbox 2866 4474 3123 4525; x_wconf 60' lang='lat' dir='ltr'><strong>«amenta</strong></span> <span class='ocrx_word' id='word_1_671' title='bbox 3170 4475 3297 4523; x_wconf 92' lang='lat' dir='ltr'><strong>sunt</strong></span> <span class='ocrx_word' id='word_1_672' title='bbox 3344 4466 3603 4544; x_wconf 86' lang='lat' dir='ltr'><strong>resoluta.</strong></span> <span class='ocrx_word' id='word_1_673' title='bbox 3651 4464 3764 4521; x_wconf 74' lang='lat' dir='ltr'><strong>Vox</strong></span> 
     </span>
    </p>
   </div>
   <div class='ocr_carea' id='block_1_90' title="bbox 2179 4554 3759 4634">
    <p class='ocr_par' dir='ltr' id='par_1_90' title="bbox 2179 4554 3759 4634">
     <span class='ocr_line' id='line_1_91' title="bbox 2179 4554 3759 4634; baseline -0.008 -14"><span class='ocrx_word' id='word_1_674' title='bbox 2179 4565 2323 4620; x_wconf 90' lang='lat' dir='ltr'><strong>enim</strong></span> <span class='ocrx_word' id='word_1_675' title='bbox 2360 4564 2579 4634; x_wconf 87' lang='lat' dir='ltr'><strong>spiritus</strong></span> <span class='ocrx_word' id='word_1_676' title='bbox 2624 4560 2994 4619; x_wconf 90' lang='lat' dir='ltr'><strong>convenientis</strong></span> <span class='ocrx_word' id='word_1_677' title='bbox 3037 4558 3245 4614; x_wconf 89' lang='lat' dir='ltr'><strong>facilius</strong></span> <span class='ocrx_word' id='word_1_678' title='bbox 3292 4557 3480 4613; x_wconf 89' lang='lat' dir='ltr'><strong>delicti</strong></span> <span class='ocrx_word' id='word_1_679' title='bbox 3536 4554 3759 4611; x_wconf 85' lang='lat' dir='ltr'><strong>destruit</strong></span> 
     </span>
    </p>
   </div>
   <div class='ocr_carea' id='block_1_91' title="bbox 2177 4652 3757 4724">
    <p class='ocr_par' dir='ltr' id='par_1_91' title="bbox 2177 4652 3757 4724">
     <span class='ocr_line' id='line_1_92' title="bbox 2177 4652 3757 4724; baseline -0.006 -12"><span class='ocrx_word' id='word_1_680' title='bbox 2177 4657 2461 4724; x_wconf 87' lang='lat' dir='ltr'><strong>maculam,</strong></span> <span class='ocrx_word' id='word_1_681' title='bbox 2491 4671 2653 4713; x_wconf 89' lang='lat' dir='ltr'><strong>uuam</strong></span> <span class='ocrx_word' id='word_1_682' title='bbox 2679 4654 2957 4714; x_wconf 89' lang='lat' dir='ltr'><strong>materiale</strong></span> <span class='ocrx_word' id='word_1_683' title='bbox 2995 4653 3113 4710; x_wconf 89' lang='lat' dir='ltr'><strong>saxi</strong></span> <span class='ocrx_word' id='word_1_684' title='bbox 3157 4653 3317 4710; x_wconf 89' lang='lat' dir='ltr'><strong>solvit</strong></span> <span class='ocrx_word' id='word_1_685' title='bbox 3353 4652 3757 4708; x_wconf 88' lang='lat' dir='ltr'><strong>munimentum.</strong></span> 
     </span>
    </p>
   </div>
   <div class='ocr_carea' id='block_1_92' title="bbox 2182 4746 2436 4823">
    <p class='ocr_par' dir='ltr' id='par_1_92' title="bbox 2182 4746 2436 4823">
     <span class='ocr_line' id='line_1_93' title="bbox 2182 4746 2436 4823; baseline 0 -23"><span class='ocrx_word' id='word_1_686' title='bbox 2182 4746 2436 4823; x_wconf 83' lang='lat' dir='ltr'><strong>Explicit.</strong></span> 
     </span>
    </p>
   </div>
   <div class='ocr_carea' id='block_1_93' title="bbox 1826 4923 2420 4987">
    <p class='ocr_par' dir='ltr' id='par_1_93' title="bbox 1826 4923 2420 4987">
     <span class='ocr_line' id='line_1_94' title="bbox 1826 4923 2420 4987; baseline -0.005 -1"><span class='ocrx_word' id='word_1_687' title='bbox 1826 4925 2095 4986; x_wconf 79' lang='lat' dir='ltr'><strong>SERMO</strong></span> <span class='ocrx_word' id='word_1_688' title='bbox 2139 4923 2420 4987; x_wconf 79' lang='lat' dir='ltr'><strong>XCVIII.</strong></span> 
     </span>
    </p>
   </div>
   <div class='ocr_carea' id='block_1_94' title="bbox 1907 5025 2423 5100">
    <p class='ocr_par' dir='ltr' id='par_1_94' title="bbox 1907 5025 2423 5100">
     <span class='ocr_line' id='line_1_95' title="bbox 1907 5025 2423 5100; baseline 0 -20"><span class='ocrx_word' id='word_1_689' title='bbox 1907 5025 2041 5082; x_wconf 81' lang='lat' dir='ltr'><strong>Item</strong></span> <span class='ocrx_word' id='word_1_690' title='bbox 2061 5028 2345 5100; x_wconf 58' lang='lat' dir='ltr'><strong>“quentia.</strong></span> <span class='ocrx_word' id='word_1_691' title='bbox 2418 5094 2423 5098; x_wconf 28' lang='grc' dir='ltr'><strong><em>π</em></strong></span> 
     </span>
    </p>
   </div>
   <div class='ocr_carea' id='block_1_95' title="bbox 558 5138 3747 5214">
    <p class='ocr_par' dir='ltr' id='par_1_95' title="bbox 558 5138 3747 5214">
     <span class='ocr_line' id='line_1_96' title="bbox 558 5138 3747 5214; baseline 0 -25"><span class='ocrx_word' id='word_1_692' title='bbox 558 5138 836 5207; x_wconf 81' lang='lat' dir='ltr'><strong>Superiori</strong></span> <span class='ocrx_word' id='word_1_693' title='bbox 863 5139 1128 5197; x_wconf 88' lang='lat' dir='ltr'><strong>dominica</strong></span> <span class='ocrx_word' id='word_1_694' title='bbox 1151 5143 1419 5212; x_wconf 90' lang='lat' dir='ltr'><strong>prosecuti</strong></span> <span class='ocrx_word' id='word_1_695' title='bbox 1437 5157 1620 5197; x_wconf 90' lang='lat' dir='ltr'><strong>sumus</strong></span> <span class='ocrx_word' id='word_1_696' title='bbox 1645 5141 1860 5197; x_wconf 81' lang='lat' dir='ltr'><strong>Je’richo</strong></span> <span class='ocrx_word' id='word_1_697' title='bbox 1886 5157 2070 5199; x_wconf 88' lang='lat' dir='ltr'><strong>muros</strong></span> <span class='ocrx_word' id='word_1_698' title='bbox 2096 5149 2151 5211; x_wconf 81' lang='grc' dir='ltr'><strong>ι)</strong></span> <span class='ocrx_word' id='word_1_699' title='bbox 2173 5149 2338 5214; x_wconf 88' lang='lat' dir='ltr'><strong>atque</strong></span> <span class='ocrx_word' id='word_1_700' title='bbox 2365 5150 2630 5208; x_wconf 88' lang='lat' dir='ltr'><strong>naturam,</strong></span> <span class='ocrx_word' id='word_1_701' title='bbox 2663 5154 2777 5197; x_wconf 86' lang='lat' dir='ltr'><strong>rem</strong></span> <span class='ocrx_word' id='word_1_702' title='bbox 2805 5139 3167 5197; x_wconf 88' lang='lat' dir='ltr'><strong>insensibilem</strong></span> <span class='ocrx_word' id='word_1_703' title='bbox 3193 5141 3360 5197; x_wconf 89' lang='lat' dir='ltr'><strong>sacris</strong></span> <span class='ocrx_word' id='word_1_704' title='bbox 3387 5141 3611 5197; x_wconf 83' lang='lat' dir='ltr'><strong>vocibus</strong></span> <span class='ocrx_word' id='word_1_705' title='bbox 3627 5153 3747 5207; x_wconf 82' lang='lat' dir='ltr'><strong>quo-</strong></span> 
     </span>
    </p>
   </div>
   <div class='ocr_carea' id='block_1_96' title="bbox 489 5227 2064 5305">
    <p class='ocr_par' dir='ltr' id='par_1_96' title="bbox 489 5227 2064 5305">
     <span class='ocr_line' id='line_1_97' title="bbox 489 5227 2064 5305; baseline 0.006 -25"><span class='ocrx_word' id='word_1_706' title='bbox 489 5227 630 5285; x_wconf 86' lang='lat' dir='ltr'><strong>tubis</strong></span> <span class='ocrx_word' id='word_1_707' title='bbox 669 5229 1092 5288; x_wconf 90' lang='lat' dir='ltr'><strong>sacerdotalibus</strong></span> <span class='ocrx_word' id='word_1_708' title='bbox 1138 5241 1491 5305; x_wconf 83' lang='lat' dir='ltr'><strong>expugnatos,</strong></span> <span class='ocrx_word' id='word_1_709' title='bbox 1522 5242 1577 5288; x_wconf 91' lang='lat' dir='ltr'><strong>et</strong></span> <span class='ocrx_word' id='word_1_710' title='bbox 1604 5241 1793 5287; x_wconf 90' lang='lat' dir='ltr'><strong>contra</strong></span> <span class='ocrx_word' id='word_1_711' title='bbox 1822 5231 2064 5288; x_wconf 89' lang='lat' dir='ltr'><strong>ordinem</strong></span> 
     </span>
    </p>
   </div>
   <div class='ocr_carea' id='block_1_97' title="bbox 503 5393 2071 5494">
    <p class='ocr_par' dir='ltr' id='par_1_97' title="bbox 503 5393 2071 5494">
     <span class='ocr_line' id='line_1_98' title="bbox 503 5393 2071 5494; baseline 0.001 -30"><span class='ocrx_word' id='word_1_712' title='bbox 503 5393 508 5399; x_wconf 63' lang='grc'><strong>’</strong></span> <span class='ocrx_word' id='word_1_713' title='bbox 561 5422 599 5494; x_wconf 44' lang='grc' dir='ltr'><strong>τι.</strong></span> <span class='ocrx_word' id='word_1_714' title='bbox 613 5409 759 5494; x_wconf 84' lang='lat' dir='ltr'><strong>Idem</strong></span> <span class='ocrx_word' id='word_1_715' title='bbox 789 5412 909 5468; x_wconf 90' lang='lat' dir='ltr'><strong>cod.</strong></span> <span class='ocrx_word' id='word_1_716' title='bbox 943 5411 1012 5466; x_wconf 90' lang='lat'><strong>90</strong></span> <span class='ocrx_word' id='word_1_717' title='bbox 1038 5412 1095 5467; x_wconf 91' lang='lat' dir='ltr'><strong>S.</strong></span> <span class='ocrx_word' id='word_1_718' title='bbox 1127 5412 1313 5467; x_wconf 89' lang='lat' dir='ltr'><strong>Crucis</strong></span> <span class='ocrx_word' id='word_1_719' title='bbox 1344 5412 1396 5467; x_wconf 92' lang='lat' dir='ltr'><strong>in</strong></span> <span class='ocrx_word' id='word_1_720' title='bbox 1423 5409 1556 5473; x_wconf 82' lang='lat' dir='ltr'><strong>Jer.,</strong></span> <span class='ocrx_word' id='word_1_721' title='bbox 1589 5412 1817 5481; x_wconf 81' lang='lat' dir='ltr'><strong>concepit</strong></span> <span class='ocrx_word' id='word_1_722' title='bbox 1838 5426 1935 5481; x_wconf 91' lang='lat' dir='ltr'><strong>pro</strong></span> <span class='ocrx_word' id='word_1_723' title='bbox 1956 5428 2071 5466; x_wconf 75' lang='lat' dir='ltr'><strong>sus-</strong></span> 
     </span>
    </p>
   </div>
   <div class='ocr_carea' id='block_1_98' title="bbox 489 5491 2069 5618">
    <p class='ocr_par' dir='ltr' id='par_1_98' title="bbox 489 5491 2069 5618">
     <span class='ocr_line' id='line_1_99' title="bbox 489 5491 2069 5618; baseline 0.003 -15"><span class='ocrx_word' id='word_1_724' title='bbox 489 5491 757 5607; x_wconf 50' lang='lat' dir='ltr'><strong>celbulilem</strong></span> <span class='ocrx_word' id='word_1_725' title='bbox 787 5553 905 5609; x_wconf 92' lang='lat' dir='ltr'><strong>cod.</strong></span> <span class='ocrx_word' id='word_1_726' title='bbox 952 5552 1011 5607; x_wconf 88' lang='lat' dir='ltr'><strong>S.</strong></span> <span class='ocrx_word' id='word_1_727' title='bbox 1040 5551 1224 5608; x_wconf 89' lang='lat' dir='ltr'><strong>Crucis</strong></span> <span class='ocrx_word' id='word_1_728' title='bbox 1263 5552 1314 5606; x_wconf 90' lang='lat' dir='ltr'><strong>in</strong></span> <span class='ocrx_word' id='word_1_729' title='bbox 1356 5550 1491 5615; x_wconf 81' lang='lat' dir='ltr'><strong>Jer.,</strong></span> <span class='ocrx_word' id='word_1_730' title='bbox 1537 5549 2069 5618; x_wconf 74' lang='lat' dir='ltr'><strong>liospitalitasbeato-</strong></span> 
     </span>
    </p>
   </div>
   <div class='ocr_carea' id='block_1_99' title="bbox 488 5630 2068 5771">
    <p class='ocr_par' dir='ltr' id='par_1_99' title="bbox 488 5630 2068 5771">
     <span class='ocr_line' id='line_1_100' title="bbox 488 5630 762 5677; baseline 0.015 -4"><span class='ocrx_word' id='word_1_731' title='bbox 488 5638 601 5675; x_wconf 83' lang='lat' dir='ltr'><strong>rum</strong></span> <span class='ocrx_word' id='word_1_732' title='bbox 656 5630 762 5677; x_wconf 87' lang='lat' dir='ltr'><strong>clc.</strong></span> 
     </span>
     <span class='ocr_line' id='line_1_101' title="bbox 563 5663 2068 5771; baseline 0.001 -27"><span class='ocrx_word' id='word_1_733' title='bbox 563 5702 585 5729; x_wconf 74' lang='grc' dir='ltr'>ε</span> <span class='ocrx_word' id='word_1_734' title='bbox 608 5663 761 5771; x_wconf 64' lang='lat' dir='ltr'><strong>Idem</strong></span> <span class='ocrx_word' id='word_1_735' title='bbox 797 5692 923 5771; x_wconf 63' lang='lat' dir='ltr'><strong>cod.</strong></span> <span class='ocrx_word' id='word_1_736' title='bbox 1043 5691 1230 5771; x_wconf 51' lang='lat' dir='ltr'><strong>Crucis</strong></span> <span class='ocrx_word' id='word_1_737' title='bbox 1261 5692 1314 5746; x_wconf 93' lang='lat' dir='ltr'><strong>in</strong></span> <span class='ocrx_word' id='word_1_738' title='bbox 1342 5688 1452 5771; x_wconf 71' lang='lat' dir='ltr'><strong>Jer.</strong></span> <span class='ocrx_word' id='word_1_739' title='bbox 1486 5704 1596 5771; x_wconf 77' lang='lat' dir='ltr'><strong>pro_</strong></span> <span class='ocrx_word' id='word_1_740' title='bbox 1612 5689 1750 5771; x_wconf 53' lang='lat' dir='ltr'><strong>enirn</strong></span> <span class='ocrx_word' id='word_1_741' title='bbox 1792 5690 2068 5771; x_wconf 42' lang='lat' dir='ltr'><strong>legit‘ani-</strong></span> 
     </span>
    </p>
   </div>
   <div class='ocr_carea' id='block_1_100' title="bbox 488 5759 2065 5836">
    <p class='ocr_par' dir='ltr' id='par_1_100' title="bbox 488 5759 2065 5836">
     <span class='ocr_line' id='line_1_102' title="bbox 488 5759 2065 5836; baseline 0.002 -22"><span class='ocrx_word' id='word_1_742' title='bbox 488 5777 604 5814; x_wconf 72' lang='lat' dir='ltr'><strong>mw.</strong></span> <span class='ocrx_word' id='word_1_743' title='bbox 637 5760 768 5815; x_wconf 86' lang='lat' dir='ltr'><strong>Cod.</strong></span> <span class='ocrx_word' id='word_1_744' title='bbox 797 5761 926 5829; x_wconf 84' lang='lat' dir='ltr'><strong>Reg.</strong></span> <span class='ocrx_word' id='word_1_745' title='bbox 961 5761 1077 5817; x_wconf 88' lang='lat' dir='ltr'><strong>Vat.</strong></span> <span class='ocrx_word' id='word_1_746' title='bbox 1111 5762 1201 5826; x_wconf 75' lang='lat'><strong>83,</strong></span> <span class='ocrx_word' id='word_1_747' title='bbox 1220 5780 1313 5836; x_wconf 82' lang='lat' dir='ltr'><strong>ego</strong></span> <span class='ocrx_word' id='word_1_748' title='bbox 1339 5760 1527 5814; x_wconf 80' lang='lat' dir='ltr'><strong>aninur</strong></span> <span class='ocrx_word' id='word_1_749' title='bbox 1559 5759 1772 5828; x_wconf 70' lang='lat' dir='ltr'><strong>ﬂagitiis</strong></span> <span class='ocrx_word' id='word_1_750' title='bbox 1803 5759 2065 5817; x_wconf 69' lang='lat' dir='ltr'><strong>absolutus</strong></span> 
     </span>
    </p>
   </div>
   <div class='ocr_carea' id='block_1_101' title="bbox 2173 5232 3743 5311">
    <p class='ocr_par' dir='ltr' id='par_1_101' title="bbox 2173 5232 3743 5311">
     <span class='ocr_line' id='line_1_103' title="bbox 2173 5232 3743 5311; baseline -0.003 -24"><span class='ocrx_word' id='word_1_751' title='bbox 2173 5233 2299 5288; x_wconf 90' lang='lat' dir='ltr'><strong>dam</strong></span> <span class='ocrx_word' id='word_1_752' title='bbox 2328 5232 2764 5290; x_wconf 88' lang='lat' dir='ltr'><strong>comminationis</strong></span> <span class='ocrx_word' id='word_1_753' title='bbox 2802 5240 3011 5289; x_wconf 90' lang='lat' dir='ltr'><strong>terrore</strong></span> <span class='ocrx_word' id='word_1_754' title='bbox 3035 5233 3287 5300; x_wconf 86' lang='lat' dir='ltr'><strong>cessisse;</strong></span> <span class='ocrx_word' id='word_1_755' title='bbox 3311 5234 3469 5311; x_wconf 88' lang='lat' dir='ltr'><strong>etita</strong></span> <span class='ocrx_word' id='word_1_756' title='bbox 3490 5239 3493 5242; x_wconf 78' lang='grc'><em>’</em></span> <span class='ocrx_word' id='word_1_757' title='bbox 3518 5234 3743 5299; x_wconf 82' lang='lat' dir='ltr'><strong>increpa-</strong></span> 
     </span>
    </p>
   </div>
   <div class='ocr_carea' id='block_1_102' title="bbox 2181 5429 3743 5554">
    <p class='ocr_par' dir='ltr' id='par_1_102' title="bbox 2181 5429 3743 5554">
     <span class='ocr_line' id='line_1_104' title="bbox 2181 5429 3743 5554; baseline -0.004 -16"><span class='ocrx_word' id='word_1_758' title='bbox 2181 5429 2441 5539; x_wconf 42' lang='lat' dir='ltr'><strong>8uiridem</strong></span> <span class='ocrx_word' id='word_1_759' title='bbox 2465 5484 2586 5541; x_wconf 91' lang='lat' dir='ltr'><strong>cod.</strong></span> <span class='ocrx_word' id='word_1_760' title='bbox 2619 5482 2688 5539; x_wconf 82' lang='lat'><strong>90</strong></span> <span class='ocrx_word' id='word_1_761' title='bbox 2725 5482 2784 5539; x_wconf 90' lang='lat' dir='ltr'><strong>S.</strong></span> <span class='ocrx_word' id='word_1_762' title='bbox 2816 5483 3003 5541; x_wconf 91' lang='lat' dir='ltr'><strong>Crucis</strong></span> <span class='ocrx_word' id='word_1_763' title='bbox 3036 5485 3089 5540; x_wconf 91' lang='lat' dir='ltr'><strong>in</strong></span> <span class='ocrx_word' id='word_1_764' title='bbox 3115 5483 3209 5539; x_wconf 80' lang='lat' dir='ltr'><strong>Jer</strong></span> <span class='ocrx_word' id='word_1_765' title='bbox 3234 5525 3250 5550; x_wconf 93' lang='lat'><strong>,</strong></span> <span class='ocrx_word' id='word_1_766' title='bbox 3276 5482 3541 5540; x_wconf 78' lang='lat' dir='ltr'><strong>Abraham</strong></span> <span class='ocrx_word' id='word_1_767' title='bbox 3569 5490 3743 5554; x_wconf 69' lang='lat' dir='ltr'><strong>patrm</strong></span> 
     </span>
    </p>
   </div>
   <div class='ocr_carea' id='block_1_103' title="bbox 2176 5554 2713 5622">
    <p class='ocr_par' dir='ltr' id='par_1_103' title="bbox 2176 5554 2713 5622">
     <span class='ocr_line' id='line_1_105' title="bbox 2176 5554 2713 5622; baseline 0.009 -17"><span class='ocrx_word' id='word_1_768' title='bbox 2176 5562 2430 5621; x_wconf 79' lang='lat' dir='ltr'><strong>nostrum,</strong></span> <span class='ocrx_word' id='word_1_769' title='bbox 2462 5554 2573 5622; x_wconf 76' lang='lat' dir='ltr'><strong>sed,</strong></span> <span class='ocrx_word' id='word_1_770' title='bbox 2604 5563 2713 5611; x_wconf 92' lang='lat' dir='ltr'><strong>etc.</strong></span> 
     </span>
    </p>
   </div>
   <div class='ocr_carea' id='block_1_104' title="bbox 2176 5623 3738 5747">
    <p class='ocr_par' dir='ltr' id='par_1_104' title="bbox 2176 5623 3738 5747">
     <span class='ocr_line' id='line_1_106' title="bbox 2176 5623 3738 5747; baseline -0.003 -70"><span class='ocrx_word' id='word_1_771' title='bbox 2176 5702 2227 5747; x_wconf 63' lang='lat' dir='ltr'><strong>el</strong></span> <span class='ocrx_word' id='word_1_772' title='bbox 2249 5633 2274 5661; x_wconf 71' lang='grc' dir='ltr'>ε</span> <span class='ocrx_word' id='word_1_773' title='bbox 2302 5623 2377 5679; x_wconf 93' lang='lat' dir='ltr'><strong>Id.</strong></span> <span class='ocrx_word' id='word_1_774' title='bbox 2410 5625 2534 5681; x_wconf 88' lang='lat' dir='ltr'><strong>cod.</strong></span> <span class='ocrx_word' id='word_1_775' title='bbox 2581 5624 2639 5681; x_wconf 88' lang='lat' dir='ltr'><strong>S.</strong></span> <span class='ocrx_word' id='word_1_776' title='bbox 2682 5624 2872 5683; x_wconf 87' lang='lat' dir='ltr'><strong>Crucis</strong></span> <span class='ocrx_word' id='word_1_777' title='bbox 2911 5627 2966 5682; x_wconf 91' lang='lat' dir='ltr'><strong>in</strong></span> <span class='ocrx_word' id='word_1_778' title='bbox 3000 5625 3134 5695; x_wconf 59' lang='lat' dir='ltr'><strong>leta,</strong></span> <span class='ocrx_word' id='word_1_779' title='bbox 3164 5627 3212 5681; x_wconf 78' lang='lat' dir='ltr'><strong>si</strong></span> <span class='ocrx_word' id='word_1_780' title='bbox 3248 5629 3387 5681; x_wconf 81' lang='lat' dir='ltr'><strong>enim</strong></span> <span class='ocrx_word' id='word_1_781' title='bbox 3425 5627 3738 5687; x_wconf 70' lang='lat' dir='ltr'><strong>diuersarum,</strong></span> 
     </span>
     <span class='ocr_line' id='line_1_107' title="bbox 2233 5709 2284 5747; baseline -0.02 0"><span class='ocrx_word' id='word_1_782' title='bbox 2233 5709 2284 5747; x_wconf 93' lang='lat' dir='ltr'><strong>c.</strong></span> 
     </span>
    </p>
   </div>
   <div class='ocr_carea' id='block_1_105' title="bbox 2233 5709 2284 5748">
    <p class='ocr_par' dir='ltr' id='par_1_105' title="bbox 2233 5709 2284 5748">
     <span class='ocr_line' id='line_1_108' title="bbox 2233 5709 2284 5748; baseline -0.039 0"><span class='ocrx_word' id='word_1_783' title='bbox 2233 5709 2284 5748; x_wconf 69' lang='grc' dir='ltr'><strong>(ξ.</strong></span> 
     </span>
    </p>
   </div>
   <div class='ocr_carea' id='block_1_106' title="bbox 2251 5762 3049 5835">
    <p class='ocr_par' dir='ltr' id='par_1_106' title="bbox 2251 5762 3049 5835">
     <span class='ocr_line' id='line_1_109' title="bbox 2251 5762 3049 5835; baseline 0.003 -17"><span class='ocrx_word' id='word_1_784' title='bbox 2251 5764 2267 5801; x_wconf 77' lang='grc' dir='ltr'>ί</span> <span class='ocrx_word' id='word_1_785' title='bbox 2300 5762 2431 5819; x_wconf 87' lang='lat' dir='ltr'><strong>Cod.</strong></span> <span class='ocrx_word' id='word_1_786' title='bbox 2474 5766 2605 5835; x_wconf 76' lang='lat' dir='ltr'><strong>Reg.</strong></span> <span class='ocrx_word' id='word_1_787' title='bbox 2634 5768 2749 5822; x_wconf 82' lang='lat' dir='ltr'><strong>Vat.</strong></span> <span class='ocrx_word' id='word_1_788' title='bbox 2782 5768 2875 5834; x_wconf 76' lang='lat'><strong>83,</strong></span> <span class='ocrx_word' id='word_1_789' title='bbox 2906 5765 3049 5824; x_wconf 73' lang='lat' dir='ltr'><strong>sede.</strong></span> 
     </span>
    </p>
   </div>
  </div>
