4052 6330
209 343 314 405 299

1622 313 1849 374 SERMO
1885 309 2062 367 XCIX.

3373 288 3482 348 750

211 463 374 518 tionis
400 475 538 515 sono
565 469 812 513 universa
840 451 1000 507 fuisse
1041 448 1294 516 collapsa,
1323 451 1384 498 ut
1409 450 1462 496 et
1489 438 1791 493 ﬁrmissima
1817 435 1869 496 Α
1895 423 2241 484 sacerdotalis
2255 417 2563 492 praedicatio
2574 413 2832 486 populum
2851 416 3192 482 peccatorem
3205 405 3480 476 subjugat,

212 553 548 610 munimenta
597 545 934 611 corruerint,
981 548 1038 596 et
1076 537 1248 594 nudus
1294 532 1531 606 peccatis
1566 528 1798 600 populus

212 648 542 704 remaneret,
573 639 664 694 illa
705 651 772 691 ne
815 634 1014 690 diutius
1037 630 1342 692 obsisteret,
1369 626 1470 681 ista
1510 629 1570 676 ut
1594 619 1800 675 facilius

214 741 524 805 caperetur.
555 729 663 785 Sed
691 728 805 782 haec
838 725 1018 782 omnia
1040 722 1151 791 jam
1193 728 1321 774 tunc
1362 717 1416 771 in
1462 714 1630 785 ﬁgura
1660 712 1801 766 facta

216 841 336 881 esse
365 822 732 896 praediximus.
779 818 912 874 Nam
960 813 1322 871 sacerdotales
1362 810 1506 864 illius
1545 805 1804 876 temporis

219 920 375 975 tubas
403 917 533 988 quid
573 915 716 970 aliud
758 928 876 969 esse
925 911 1211 976 credimus,
1259 907 1362 962 nisi
1398 903 1809 977 praedicationes

220 1012 379 1082 hujus
411 1011 672 1082 temporis
698 1007 1062 1072 sacerdotum,
1091 1019 1189 1075 per
1225 1017 1359 1072 quas
1398 1016 1506 1055 non
1537 1010 1809 1053 cessamus

222 1103 600 1176 peccatoribus
628 1088 854 1156 terribili
874 1114 1009 1155 sono
1030 1105 1300 1152 austerum
1322 1092 1517 1163 aliquid
1539 1090 1806 1153 nuntiare,

225 1197 380 1251 triste
408 1191 719 1266 praedicere,
752 1201 807 1247 et
834 1189 1067 1263 quodam
1105 1185 1538 1244 comminationis
1585 1182 1813 1252 strepitu

225 1303 388 1368 aures
415 1286 837 1357 delinquentium
864 1284 1168 1339 verberare.
1185 1277 1460 1349 Siquidem
1480 1277 1647 1332 sacris
1667 1274 1816 1329 voci-

225 1381 328 1438 bus
344 1381 609 1437 obsistere
626 1395 783 1435 nemo
801 1378 1018 1449 poterit,
1035 1391 1195 1432 nemo
1207 1372 1594 1430 contradicere.
1615 1370 1814 1437 Quem-

228 1473 522 1530 admodum
571 1472 714 1528 enim
766 1470 985 1525 verbum
1016 1469 1110 1523 Dei
1145 1465 1420 1523 sensibilia
1459 1479 1568 1518 non
1599 1461 1812 1516 tremis-

229 1575 382 1636 cunt,
412 1565 556 1637 quod
603 1574 732 1620 tunc
758 1566 923 1619 etiam
963 1559 1293 1617 insensibilia
1314 1555 1686 1612 tremuerunt?
1715 1553 1820 1608 Aut

230 1657 510 1728 quomodo
540 1657 613 1712 illi
636 1657 912 1711 hominum
937 1652 1273 1710 contumacia
1300 1651 1554 1706 resistere
1597 1647 1818 1718 poterit,

231 1758 362 1805 ante
389 1748 534 1818 quod
563 1763 666 1803 nec
687 1761 816 1801 sana
845 1745 1089 1800 machina
1110 1753 1257 1798 stare
1283 1742 1485 1798 valuit?
1513 1739 1646 1794 Nam
1685 1739 1823 1793 sicut

1897 517 2152 589 eaptivat,
2179 521 2236 569 et
2262 509 2567 573 ulciscitur;
2593 507 2672 562 sic
2699 504 2840 562 enim
2879 500 3008 557 dicit
3034 499 3224 554 beatus
3253 496 3484 568 Aposto-

1898 587 1982 665 lus
2013 627 2026 662 :
2058 609 2218 661 Arma
2236 591 2438 673 militia:
2457 608 2648 654 nostra:
2667 613 2771 651 non
2795 593 3053 658 carnalia,
3079 591 3169 646 sed
3193 589 3349 663 fortia
3373 587 3485 642 Deo

1901 702 1971 756 ad
1994 699 2391 754 destructionem
2414 692 2774 753 munitionum,
2795 687 3130 759 cogitationes
3150 684 3484 745 destruentes,

1903 802 1954 848 et
1981 808 2182 847 omnem
2229 787 2553 842 altitudinem
2593 782 2920 836 extollentem
2947 796 3002 834 se
3027 777 3272 832 adversus
3320 776 3489 828 scien-

1906 885 2034 938 tiam
2061 881 2158 935 Dei
2186 879 2524 951 captivantes,
2550 883 2759 945 parata,
2791 870 2982 940 inquit,
3008 869 3270 923 vindicare
3293 881 3494 920 omnem

1907 975 2310 1032 inobedientiam
2329 970 2386 1041 (1
2393 969 2419 1025 ι
2448 968 2570 1024 Cor.
2589 951 2680 1037 ἰ).
2713 963 2907 1020 Videte
2936 963 3098 1031 igitur
3122 959 3168 1015 si
3195 975 3302 1016 non
3332 959 3383 1014 in
3405 975 3495 1012 sa-

1911 1068 2194 1126 cerdotum
2237 1066 2437 1134 lingua,
2469 1061 2624 1131 juxta
2653 1059 2814 1130 652
2856 1055 3056 1110 dictum
3083 1052 3346 1123 Apostoli,
3374 1057 3501 1105 sunt

1911 1160 2156 1232 quaedam
2179 1173 2327 1213 arma
2356 1155 2668 1215 verborum,
2710 1148 2906 1218 quibus
2951 1156 3007 1202 et
3048 1145 3342 1201 destruitur
3364 1158 3498 1196 vana

1915 1252 2194 1324 cogitatio,
2249 1257 2306 1304 et
2331 1247 2637 1317 captivatur
2666 1240 2848 1297 inflata
2893 1239 3166 1309 superbia,
3213 1244 3270 1292 et
3297 1236 3350 1289 in
3379 1251 3502 1288 ora-

1916 1345 2067 1400 tione
2089 1351 2268 1396 autem
2319 1336 2620 1393 vindicatur
2656 1329 3016 1389 contumacia.
3049 1327 3181 1381 Nam
3211 1325 3354 1395 quod
3379 1334 3505 1379 tunc

1917 1436 2058 1490 circa
2077 1432 2292 1489 Jericho
2315 1430 2589 1486 civitatem
2633 1425 2832 1480 factum
2861 1429 2964 1487 est,
2986 1419 3123 1476 sicut
3170 1417 3419 1476 diximus,
3453 1416 3505 1469 iu

1920 1529 2086 1599 ﬁgura
2116 1526 2314 1582 factum
2341 1532 2442 1580 est.
2471 1520 2746 1591 Siquidem
2777 1531 2921 1572 nunc
2957 1513 3064 1568 hoc
3085 1513 3258 1579 ipsum
3290 1511 3341 1564 in
3366 1508 3508 1564 veri-

1922 1630 2034 1676 tate
2081 1619 2328 1687 contigit.
2371 1615 2618 1684 Legimus
2647 1611 2792 1667 enim
2833 1605 3144 1664 sacerdotes
3187 1603 3241 1657 in
3266 1610 3510 1672 tempore

1924 1709 2284 1782 supradictam
2338 1707 2613 1762 civitatem
2664 1709 2874 1772 septem
2925 1697 3114 1753 diebus
3164 1693 3365 1764 iugiter
3411 1693 3512 1747 cir-

233 1796 360 1805 -..η
393 1796 534 1818 ηπ-
565 1796 664 1803 --η
689 1796 816 1801 --__-_
1237 1796 1251 1798 _
1298 1796 1303 1798 .

233 1844 486 1898 tubarum
522 1841 703 1909 fragor
735 1837 1024 1894 destructis
1053 1843 1436 1892 momentorum
1463 1834 1623 1904 651
1653 1829 1822 1885 muris
1852 1807 1899 1868 Β
1926 1806 2124 1869 “isset
2156 1809 2212 1906 εξ
2249 1815 2370 1855 cum
2407 1798 2554 1853 mam
2598 1808 2792 1909 “En”
2839 1796 3168 1909 armafoomm
3205 1798 3516 1909 etpugnam

235 1934 305 1989 ad
346 1933 532 2005 populi
578 1933 836 1988 interiora
882 1930 1148 2002 pervenit,
1199 1929 1271 1982 ita
1314 1941 1454 1981 nunc
1481 1923 1822 1980 sacerdotum

237 2025 570 2097 prtedicatio,
621 2024 909 2080 destructis
934 2022 1116 2093 pravis
1153 2018 1587 2091 cogitationibus,
1622 2016 1686 2070 ad
1710 2015 1826 2070 ani-

239 2133 344 2172 mm
368 2109 507 2171 nuda
531 2115 846 2186 pertransit.
879 2112 1028 2168 Nuda
1056 2113 1199 2168 enim
1217 2111 1384 2166 verbo
1430 2109 1526 2164 Dei
1558 2107 1828 2162 invenitur

240 2213 443 2273 anima,
481 2225 600 2266 cum
629 2209 805 2264 omnis
851 2205 1146 2276 iniquitatis
1171 2205 1287 2274 ejus
1311 2203 1556 2274 operatio
1602 2200 1828 2270 dissipa-

242 2313 350 2358 tur.
384 2301 538 2370 Quod
591 2299 772 2355 autem
819 2297 960 2354 nuda
987 2297 1058 2352 sit
1096 2303 1222 2351 ante
1249 2294 1417 2350 Deum
1463 2293 1670 2355 anima,
1702 2288 1832 2344 dicit

244 2386 573 2466 Apestolus:
610 2390 800 2447 Omnia
847 2399 1017 2444 autem
1053 2389 1195 2443 nuda
1235 2396 1283 2442 et
1311 2395 1492 2458 aperta
1532 2391 1651 2439 sunt
1670 2381 1832 2437 oculis

244 2488 358 2559 ejus
388 2485 577 2558 (Hebr.
601 2484 708 2555 1v);
738 2483 803 2539 ad
831 2499 991 2554 quem
1017 2482 1329 2553 priusquam
1351 2485 1644 2547 cognoscat
1663 2475 1832 2530 Deum

246 2581 446 2644 anima,
480 2586 536 2634 et
566 2575 724 2632 ﬁdem
753 2576 996 2632 veritatis
1025 2574 1272 2644 accipiat,
1291 2569 1606 2642 quibusdam
1636 2584 1694 2623 se
1721 2566 1835 2622 vel-
1873 2618 1881 2627 ,

247 2683 309 2728 ut
331 2672 775 2743 superstitionum
804 2669 949 2724 velat
974 2667 1246 2738 operibus,
1271 2672 1326 2719 et
1354 2671 1609 2733 tanquam
1637 2662 1837 2730 impro-

247 2765 435 2821 bitatis
458 2779 516 2818 se
536 2777 692 2817 muro
719 2757 1092 2826 circumfovet,
1123 2758 1196 2811 ita
1220 2764 1278 2811 ut
1299 2754 1546 2810 videatur
1567 2752 1669 2807 sibi
1700 2751 1838 2805 intra

249 2857 584 2913 munimenta
616 2853 956 2924 iniquitatum
984 2864 1200 2906 suarum
1233 2843 1660 2918 inexpugnabilis
1681 2857 1841 2913 posse

249 2950 572 3006 consistere.
605 2947 674 3002 At
700 2945 791 3000 ubi
817 2960 920 3002 vox
948 2959 1098 2999 sacra
1135 2940 1391 3002 tonuerit,
1423 2937 1604 2993 statim
1633 2935 1844 2991 subrui-

253 3048 341 3095 tur
366 3039 486 3109 ejus
533 3024 1142 3108 desperatio,cogitatio
1165 3017 1476 3100 dissipatur,
1510 3035 1565 3083 et
1607 3027 1688 3096 ita,
1709 3041 1843 3080 cun-

251 3141 337 3189 cta
366 3116 812 3201 superstitionum
859 3124 1195 3180 munimenta
1220 3121 1580 3182 resolvuntur,
1607 3125 1661 3172 et
1701 3114 1844 3172 nuda

1924 1912 2030 1952 non
2055 1893 2245 1966 possit,
2279 1893 2531 1947 tubarum
2554 1887 2788 1956 undique
2817 1899 2953 1940 sono
2982 1881 3148 1936 fuisse
3181 1879 3516 1943 subversam;

1925 1989 2194 2052 tubarum,
2229 1986 2468 2062 inquam,
2499 1997 2606 2036 non
2635 1980 2831 2050 quibus
2856 1973 3111 2030 horridus
3141 1971 3297 2026 miles
3324 1979 3518 2042 perso-

1929 2082 2113 2147 nabat,
2137 2078 2231 2134 sed
2259 2076 2454 2149 quibus
2482 2080 2726 2130 sacratus
2748 2067 2999 2142 pontifex
3027 2066 3358 2138 increpabat.
3389 2062 3521 2149 Nam

1929 2173 2048 2244 quis
2075 2172 2216 2226 illius
2246 2135 2463 2224 timeret
2484 2166 2690 2232 tubam,
2720 2135 2872 2232 cujus
2900 2159 3111 2231 gladius
3135 2135 3243 2214 non
3273 2135 3522 2212 timebatr

1931 2264 2025 2320 His
2041 2276 2170 2330 ergo
2195 2260 2386 2316 diebus
2423 2257 2563 2312 muri
2586 2251 3010 2310 sacerdotalibus
3031 2249 3175 2304 tubis
3203 2244 3522 2304 circumdati

1932 2355 2260 2421 ceciderunt,
2293 2353 2378 2408 his
2404 2349 2594 2406 diebus
2628 2347 2855 2416 legimus
2903 2342 3090 2399 mundi
3145 2339 3303 2410 hujus
3355 2353 3522 2409 opera

1935 2455 2348 2506 consummata.~
2374 2443 2539 2500 Vides
2585 2440 2748 2510 igitur
2774 2438 2898 2508 quia
2927 2437 3033 2491 hoc
3070 2433 3384 2504 septenario
3426 2435 3524 2484 nu-

1936 2557 2088 2598 mero
2113 2555 2213 2611 per
2239 2535 2550 2594 sacerdotes
2571 2548 2677 2588 non
2709 2539 2821 2586 tam
2859 2543 2966 2584 una
2993 2526 3181 2582 civitas
3209 2521 3528 2586 destruitur,

1937 2651 2099 2708 quam
2138 2633 2306 2690 totius
2345 2628 2528 2686 mundi
2577 2627 2830 2698 iniquitas
2869 2623 3174 2692 dissipatur.
3208 2618 3342 2674 Nam
3388 2616 3528 2671 sicut

1938 2715 2222 2798 singularis
2263 2724 2411 2780 urbis
2455 2719 2853 2789 nuncupatione
2909 2711 3145 2769 universi
3193 2708 3376 2764 mundi
3435 2708 3530 2761 ha-

1939 2797 2083 2878 bitus
2133 2820 2410 2889 ﬁguratur,
2455 2814 2528 2869 ita
2573 2819 2630 2866 et
2657 2815 2864 2879 septem
2909 2804 3119 2859 dierum
3147 2797 3417 2855 curriculo
3443 2811 3532 2851 se-

1943 2927 2090 2986 ptem
2141 2913 2366 2968 millium
2406 2921 2668 2963 annorum
2699 2903 2872 2974 spatia
2909 2898 3338 2976 distinguuntur,
3389 2894 3404 2925 ¹
3435 2908 3533 2966 per

1944 3026 2062 3081 qua:
2091 3007 2433 3064 sacerdotum
2479 3001 2885 3077 przedicantium
2917 2999 3056 3053 tuba:
3086 2996 3184 3067 ipsi
3216 2991 3411 3050 s:eculo
3442 3005 3536 3044 ex~

1947 3103 2145 3160 cidium
2165 3099 2506 3163 denuntiant,
2525 3095 2785 3166 judicium
2802 3089 3232 3149 comminantur;
3256 3085 3394 3139 sicut
3414 3081 3537 3136 scri-

253 3178 337 3189 ν..
368 3178 812 3201 --,.----_-----___-
863 3178 874 3180 -
927 3178 946 3179 η
1085 3178 1088 3179 ,
1568 3178 1576 3182 ,

253 3228 568 3286 remaneat;
593 3220 726 3275 sicut
760 3217 1021 3288 scriptum
1065 3222 1149 3269 est
1177 3233 1189 3267 :
1225 3211 1448 3267 Verbum
1478 3210 1576 3265 Dei
1597 3225 1755 3281 usque
1775 3208 1844 3262 ad
1869 3189 1915 3251 Ο
1947 3207 2098 3263 plum
2130 3204 2249 3252 est:
2285 3192 2544 3258 Quoniam
2572 3198 2622 3243 et
2659 3184 2880 3264 mundus
2907 3181 3113 3255 peribit,
3153 3189 3201 3233 et
3230 3178 3403 3232 omnia
3427 3187 3539 3245 qua

253 3313 557 3367 divisionem
580 3311 793 3382 spiritus
811 3316 860 3364 et
898 3304 1239 3361 medullarum
1277 3310 1599 3374 pertranseat
1630 3298 1838 3371 (Ibid),

253 3406 396 3459 sicut
426 3411 555 3458 tunc
597 3415 763 3457 sacrm
793 3399 940 3454 vocis
986 3412 1152 3452 sonus
1180 3403 1554 3451 contumacem
1586 3390 1843 3462 populum

254 3495 552 3557 destruxit,
594 3492 913 3565 eaptivavit,
944 3499 999 3545 et
1043 3489 1185 3544 ultus
1225 3496 1310 3542 est
1351 3487 1475 3540 ira:
1507 3486 1578 3540 ita
1621 3493 1675 3539 et
1704 3497 1846 3538 nunc

1638 3574 1910 3638 ssamo
1953 3571 2183 3660 XCIX.

1949 3295 2007 3347 in
2037 3290 2225 3346 mundo
2253 3296 2412 3351 sunt;
2442 3285 2528 3356 qui
2568 3289 2737 3334 autem
2787 3278 2915 3350 facit
2943 3278 3256 3330 voluntatem
3309 3265 3542 3332 Domini,

1949 3392 2122 3439 manet
2148 3384 2201 3436 in
2232 3390 2500 3436 cateruam.

1616 3677 1810 3748 Incipit
1834 3677 1914 3730 'de
1941 3673 2183 3728 Zaclueo.

283 3871 288 3874 ’
530 3876 596 3958 In.
611 3869 796 3958 codice
815 3870 1152 3956 Saugallensi
1183 3883 1328 3950 num.
1358 3865 1422 3920 9l
1449 3873 1504 3920 et
1532 3862 1602 3948 9?
1623 3863 1690 3918 de
1713 3767 1976 3945 2312:1235!
1969 3765 2246 3937 sli-(Itonos
2273 3850 2401 3916 duo,
2428 3862 2565 3918 quos
2586 3837 2734 3900 num.
2767 3843 2836 3926 {l9
2863 3851 2918 3926 et
2956 3839 3058 3895 l00
3089 3838 3229 3912 typis
3255 3836 3549 3905 vulgamus,

283 3960 437 4002 .ancu
511 3962 675 4001 axinn
704 3942 1070 3999 inscribuntur
1087 3953 1327 3995 nomine.
1352 3935 1460 3991 Eos
1487 3935 1705 3991 edidere
1734 3932 1895 3988 ndem
1923 3930 2215 3985 Martemus
2250 3930 2305 3978 et
2333 3917 2614 3975 Durandus
2643 3916 2747 3971 loc.
2781 3913 2940 3968 mdic.

261 3952 437 4006 sancti

265 4068 657 4122 Assanitarum.
707 4067 778 4105 —’-—
808 4059 1058 4112 Zachazus
1107 4054 1410 4124 locupletior
1448 4051 1544 4122 {uit
1575 4048 1865 4124 substantia

339 4119 464 4207 ﬁdei
503 4151 659 4207 quam
697 4133 939 4207 thesauro
989 4119 1284 4207 temporali.
1319 4119 1530 4207 Divitia:
1559 4120 1628 4174 ad
1675 4119 1866 4174 Christi

339 4197 746 4277 consequendam
767 4201 986 4289 gloriam
1011 4197 1256 4269 prodesse
1273 4202 1507 4265 possunt.

343 4346 700 4415 Frequenter,
725 4337 916 4392 fratres
961 4331 1330 4394 dilectissimi,
1363 4328 1521 4398 hujus
1569 4318 1863 4396 evangelici

268 4413 493 4509 capituli
539 4429 852 4505 parabolam
899 4425 1190 4498 pratdicare
1219 4421 1518 4484 volueram,
1545 4427 1602 4473 et
1653 4413 1864 4470 Zachrci
1895 4465 1945 4525 υ

269 4533 453 4590 divitis
494 4528 720 4598 gratiam
771 4523 1028 4595 planioris
1056 4518 1314 4576 facundia:
1364 4516 1611 4573 oratione
1645 4527 1865 4583 pereur-

269 4642 424 4691 rere;
463 4624 624 4679 etiam
673 4617 944 4689 copiosius
973 4629 1092 4670 esse
1115 4615 1166 4670 in
1208 4611 1366 4667 laude
1390 4610 1579 4680 ipsius,
1610 4605 1864 4676 quoniam

272 4717 388 4787 ipse
418 4716 471 4769 in
493 4728 644 4768 suam
672 4709 879 4765 exstitit
900 4706 1136 4761 liberalis
1157 4704 1402 4759 salutem.
1436 4702 1566 4767 Quis
1589 4699 1730 4754 enim
1760 4712 1867 4751 non

276 4806 552 4865 collaudet
589 4804 863 4859 hominem
908 4799 1000 4869 qui
1029 4797 1208 4869 potuit
1251 4793 1466 4851 divitias
1494 4806 1620 4846 suas
1657 4788 1875 4844 sibimet

274 4903 608 4965 condonare,
632 4905 688 4953 et
709 4891 1022 4964 temporalis
1051 4899 1244 4965 census
1270 4885 1510 4941 dominio
1534 4881 1872 4937 dominatum

275 4997 380 5051 sibi
409 4993 691 5061 acquirere
740 4979 1316 5056 sempiternum?Sibi,
1365 4973 1581 5046 inquam
1606 5015 1622 5041 ,
1672 4971 1876 5027 donare

276 5086 496 5141 divitias
525 5097 650 5137 suas
678 5099 688 5133 :
733 5077 966 5133 alienum
995 5082 1077 5130 est
1105 5073 1250 5128 enim
1277 5068 1422 5140 quod
1450 5067 1729 5126 habemus,
1765 5078 1872 5116 non

278 5181 657 5246 competenter
678 5171 880 5226 utimur
902 5163 969 5222 ad
990 5165 1222 5222 salutem
1248 5181 1259 5215 :
1290 5159 1536 5232 quamvis
1565 5157 1706 5212 enim
1729 5152 1874 5226 quod

358 5314 373 5343 ¹
414 5310 646 5364 Sanctus
673 5302 937 5358 Maximus
961 5305 1179 5353 secutus
1200 5294 1410 5348 videtur
1427 5289 1652 5364 illorum
1673 5284 1876 5355 opinio-

282 5394 411 5439 nem
441 5359 810 5449 quivmundum
839 5378 1046 5449 septem
1074 5379 1339 5449 annorum
1369 5361 1534 5449 millia
1562 5359 1878 5449 t'l‘uraturuni

1003 5439 1147 5493 enim
1188 5433 1331 5504 apud
1358 5433 1537 5512 divum
1567 5427 1791 5512 Paulum
1816 5423 1885 5478 ad

285 5502 575 5590 Habitat};
603 5535 651 5572 IV
679 5502 962 5590 Dominum
992 5502 1333 5576 sumpturum
1362 5502 1597 5583 requiem
1617 5505 1750 5590 .post
1771 5510 1888 5590 sep-

286 5567 482 5650 limum
512 5567 826 5654 diemque
843 5583 1092 5654 universa
1118 5567 1288 5654 opera
1329 5567 1456 5640 ejus
1474 5567 1884 5654 concludentulr.

288 5635 806 5721 '5'uiléfri"i'113§,'
825 5635 1054 5723 quorum
1077 5635 1286 5723 initium
1317 5635 1653 5723 a'crcatione
1681 5635 1885 5723 mundi,

289 5705 398 5807 pro
443 5743 707 5786 annorum
763 5705 997 5780 millibus
1042 5717 1388 5807 accipientes,
1447 5727 1552 5764 non
1595 5711 1732 5762 ultra
1757 5705 1889 5807 rhoc

522 5803 532 5807 -
713 5797 742 5807 -·
935 5795 946 5807 ·
972 5794 982 5803 ·
1093 5805 1126 5807 α
1155 5805 1160 5807 Α
1193 5787 1353 5807 Ad...
1390 5782 1703 5807 Anan-nn...“
1741 5794 1752 5807 ,
1781 5790 1883 5807 ..μη-

288 5776 567 5867 ἷειηβοτὶε
604 5776 1016 5862 εραιίιῖιῦηὸὲὺίε
1053 5776 1355 5844 machinam
1387 5782 1704 5835 exstituram
1741 5776 1886 5829 dixe-

511 3947 675 4001 aximi
704 3913 1070 3999 inscribuontur
1087 3939 1327 3995 nomine.
1352 3935 1460 3991 Eos
1487 3913 1896 3991 edidere—iidem
1915 3913 2215 3985 VMartenius
2250 3930 2305 3978 et
2333 3913 2614 3975 Durandus
2643 3916 2747 3971 loc.
2781 3913 2940 3968 indic.

1967 4045 2179 4100 videtur
2210 4049 2384 4104 tuum,
2417 4053 2523 4091 non
2553 4033 2679 4101 erit,
2713 4033 2778 4099 si,
2818 4046 2905 4086 me
2934 4027 3227 4085 recedente
3261 4013 3333 4080 de
3361 4022 3555 4079 s'eculc

1971 4137 2170 4204 absque
2191 4127 2558 4187 utilitatemei
2600 4132 2908 4180 reservetur
2938 4121 2990 4175 in
3020 4118 3236 4175 seculo.
3269 4115 3559 4171 Volueram

1971 4199 2100 4297 ergo
2155 4224 2363 4280 Zachmi
2394 4214 2628 4284 divitias,
2680 4225 2735 4284 et
2763 4216 2989 4286 gratiam
3029 4199 3352 4284 prtedicare',
3383 4207 3562 4263 divitis

1967 4323 2145 4394 plane,
2172 4314 2226 4374 et
2254 4330 2470 4387 semper
2491 4312 2695 4379 divitis,
2721 4309 2847 4380 quia
2877 4305 3094 4361 divitior
3125 4302 3320 4357 meruit
3348 4299 3564 4354 Christo

1970 4387 2089 4470 esse
2116 4425 2278 4481 quam
2307 4406 2520 4463 seculo.
2553 4401 2620 4457 Et
2642 4399 2966 4470 locupletior
2995 4394 3094 4448 fuit
3122 4391 3420 4447 substantia
3440 4387 3563 4442 fidei

1972 4479 2149 4576 quam
2165 4503 2419 4556 thesauro
2443 4492 2748 4565 temporali.
2772 4486 3077 4543 Laudabilis
3121 4484 3284 4550 igitur
3315 4479 3567 4534 Zacluens

1973 4605 2074 4661 est,
2093 4595 2217 4663 quia
2245 4591 2437 4645 divites
2467 4601 2496 4640 a
2524 4583 2677 4652 regni
2706 4577 2944 4636 caelestis
2971 4572 3142 4644 gloria
3193 4569 3562 4634 secluduntur,

1973 4661 2187 4758 dicente
2214 4681 2443 4737 Domino
2494 4695 2505 4729 :
2551 4672 2786 4727 Facilius
2815 4678 2890 4724 cst
2925 4664 3176 4720 camelum
3208 4661 3433 4716 transire
3477 4675 3570 4728 per
3635 4663 3640 4666 '

1976 4750 2210 4850 foramen
2224 4790 2370 4839 acus,
2388 4785 2539 4843 quam
2565 4766 2769 4819 divitem
2784 4763 2838 4816 in
2860 4774 3071 4830 regnum
3089 4755 3330 4810 ca'lorum
3353 4750 3427 4823 (Μ
3436 4750 3567 4804 atth.

1977 4845 2111 4938 ius).
2143 4865 2243 4920 llic
2263 4879 2360 4936 per
2389 4863 2532 4933 ipsas
2557 4856 2771 4913 divitias
2818 4853 3022 4908 intrare
3051 4845 3362 4920 properavit
3392 4845 3443 4898 in
3484 4859 3566 4898 re-

1979 4976 2164 5031 gnum,
2195 4966 2250 5014 et
2269 4972 2369 5028 per
2395 4954 2541 5009 illam
2561 4951 2704 5004 viam
2735 4954 2792 5002 et
2819 4951 3100 5013 angustam
3129 4956 3258 4995 acus
3286 4951 3574 4992 cavernam

1978 5064 2220 5112 tortuosa
2247 5027 2612 5106 membrorum
2633 5041 2776 5098 mole
2801 5038 3056 5102 transire,
3080 5042 3136 5090 et
3173 5031 3318 5103 quod
3363 5030 3482 5084 aliis
3509 5027 3577 5082 ad

1979 5148 2269 5221 perniciem
2315 5142 2588 5211 objectum
2617 5143 2719 5199 est,
2749 5129 2915 5204 655
2944 5129 3068 5184 huic
3097 5124 3299 5196 profuit
3341 5120 3408 5176 ad
3437 5119 3578 5174 salu-

1983 5286 2125 5335 runt.
2158 5273 2360 5330 Verum
2389 5262 2851 5335 interrogantibus
2895 5257 3182 5314 Dominum
3223 5249 3481 5335 apostolis
3511 5247 3580 5299 de

2391 5322 2802 5395 restitu‘éndum
2835 5339 2980 5386 esset
3008 5341 3230 5397 regnum
3262 5322 3460 5417 'lsrael,
3493 5333 3579 5417 re-

1987 5393 2232 5490 spondit:
2265 5393 2389 5468 Non
2410 5393 2486 5490 est
2505 5417 2724 5490 uestrum
2745 5419 2894 5457 nosse
2924 5393 3176 5490 tempora,
3199 5393 3275 5447 vel
3298 5399 3580 5490 margarita,

2510 5457 2991 5563 potestate,
3015 5457 3287 5563 ξξῑᾴιξψ.
3319 5476 3358 5563 l:
3380 5457 3583 5563 "Et'ex-

1991 5597 2618 5686 :e‘mc’c‘d‘l’isnmmatiohis
2637 5597 2818 5686 saeculi
2847 5616 3098 5686 negatam
3107 5602 3342 5686 langeli‘s,
3372 5597 3581 5664 solique

2719 5685 2802 5739 die
2846 5671 3029 5755 aut-em.
3059 5676 3174 5755 illa,
3205 5681 3252 5724 et
3282 5671 3407 5722 hora
3435 5681 3583 5722 uerno

2127 5743 2795 5837 ineqvue-anwaeli‘cwlorum,
2823 5751 2920 5804 nisi
2951 5746 3091 5815 solus
3114 5743 3291 5797 Pater.
