4052 6330
201 293 308 348 733

202 407 590 461 ABGUIENTCI.
616 437 685 447 —-
708 404 805 459 Ille
824 407 909 476 qui
937 422 1085 461 suum
1113 414 1357 463 rusticum
1384 406 1541 461 idolis
1576 406 1783 476 sacriﬁ-

270 494 390 530 care
415 477 611 548 cernit,
627 492 719 529 nec
739 474 991 548 prohibet,
1013 486 1207 548 peccat.
1246 476 1564 535 ldolalatric
1589 474 1784 531 malum

267 549 498 631 vatisque
524 545 728 600 habitus
756 545 1078 602 describitur.

268 677 410 734 Ante
436 678 552 736 dies
578 694 1023 753 commonueram
1045 679 1333 737 caritatem
1377 686 1635 742 vestram,
1674 677 1783 737 ita

193 780 325 836 tres,
355 778 697 841 uttanquam
720 771 955 840 religiosi
976 779 1032 831 et
1057 771 1230 832 sancti
1271 771 1536 827 idolorum
1565 785 1781 826 omnem

190 862 552 935 pollutionem
578 858 646 921 de
689 864 882 922 Vestris
920 862 1353 936 pbssessionib’us
1392 864 1694 930 auferretis,
1727 872 1784 919 et

187 955 454 1011 erueretis
481 966 549 1011 ex
570 954 710 1025 agris
738 956 1044 1011 universum
1074 954 1351 1026 gentilium
1388 971 1647 1012 errorem.
1680 948 1780 1011 Fas

188 1047 335 1102 enim
365 1056 475 1103 non
499 1053 582 1104 est
609 1054 668 1103 ut
712 1048 802 1118 qui
830 1046 1104 1105 Christum
1154 1047 1369 1105 habetis
1403 1049 1458 1104 in
1505 1044 1777 1117 cordibus,

189 1140 580 1197 Antichristum
608 1141 661 1196 in
690 1138 1006 1199 habitaculis
1032 1140 1277 1198 habeatis
1300 1160 1314 1210 ;
1337 1157 1465 1198 cum
1486 1158 1585 1198 vos
1610 1140 1779 1196 Deum

186 1230 430 1287 adoretis
478 1230 530 1285 ῑῑι
558 1220 819 1299 Ecclesia,
850 1232 1014 1290 vestri
1064 1230 1337 1289 diabolum
1378 1242 1700 1289 venerentur
1723 1232 1775 1287 in

186 1322 346 1377 lanis.
386 1320 496 1378 Nec
539 1330 599 1379 se
646 1306 838 1395 aliquis
866 1333 1181 1382 excusatum
1210 1330 1365 1395 putet
1409 1323 1627 1393 dicens,
1658 1316 1776 1378 Non
1822 1380 1827 1385 ,

184 1413 321 1484 iussi
346 1411 479 1481 ﬁeri,
499 1426 606 1471 non
630 1404 896 1488 mandavi.
920 1415 1170 1488 Quisquis
1191 1418 1332 1474 enim
1354 1412 1600 1489 intelligit
1621 1434 1777 1476 exer-

184 1506 299 1562 ceri
322 1507 376 1562 in
406 1512 465 1563 re
485 1508 581 1564 sua
609 1507 915 1581 sacrilegia,
945 1518 1053 1567 nec
1074 1509 1188 1565 lieri
1217 1508 1485 1582 prohibet,
1515 1500 1775 1582 quodam—
1822 1568 1825 1573 ,

183 1594 353 1653 modo
380 1597 495 1670 ipse
522 1598 790 1671 praecipit;
822 1599 1053 1658 tacendo
1083 1603 1229 1658 enim
1251 1611 1305 1659 et
1352 1619 1463 1661 non
1502 1604 1775 1675 arguendo

184 1698 511 1745 consensum
557 1689 785 1761 przeb'uit
836 1682 1154 1748 immolanti.
1207 1682 1345 1751 Dicit
1393 1695 1537 1751 enim
1583 1693 1774 1753 beatus

184 1777 494 1852 Apostolus,
523 1783 843 1857 criminosas
877 1800 1015 1853 esse,
1048 1802 1156 1843 non
1184 1786 1367 1847 solum
1397 1788 1489 1860 qui
1536 1786 1764 1854 faciunt,

183 1872 287 1929 sed
309 1874 472 1943 etiam
499 1875 592 1945 qui
620 1877 969 1953 consentiunt
984 1878 1323 1941 facientibus.
1346 1864 1427 1938 Tu
1455 1881 1636 1954 igitur,
1667 1881 1777 1938 fra-

185 1971 294 2031 ter,
322 1980 446 2020 cum
465 1973 612 2021 tuum
628 1966 929 2027 sacriﬁcare
957 1971 1217 2029 rusticum
1243 1962 1442 2041 cernis,
1469 1989 1572 2032 nec
1589 1973 1777 2045 prohi-

183 2054 282 2111 bes
309 2052 613 2125 immolare,
655 2068 879 2132 pec'cas;
910 2061 957 2118 si
1002 2079 1112 2121 non
1158 2050 1284 2119 data
1328 2063 1509 2136 copia,
1536 2072 1777 2123 attamen
1820 2124 1825 2129 ,

182 2152 447 2223 permissa
468 2152 721 2224 licentia;
742 2156 795 2213 si
826 2172 935 2215 non
957 2157 1129 2229 iussio
1160 2162 1251 2215 t'ua
1279 2158 1335 2215 in
1363 2159 1609 2226 crimine,
1633 2166 1777 2215 atta-

180 2261 310 2301 men
334 2245 594 2315 _voluntas
615 2244 671 2305 in
710 2248 868 2322 culpa
915 2260 1016 2317 est.
1061 2244 1199 2309 Dum
1227 2252 1370 2311 enim
1401 2258 1567 2319 taces,
1597 2251 1776 2323 placet

180 2335 280 2390 tibi
308 2332 455 2407 quod
506 2336 637 2396 fecit
661 2339 895 2398 rusticus
922 2348 1068 2412 tuu‘s,
1096 2340 1247 2412 quod
1291 2341 1339 2398 si
1393 2356 1505 2397 non
1549 2341 1776 2409 faceret.

177 2427 409 2485 forsitan
431 2424 761 2501 displiceret.
779 2420 897 2489 Non
925 2433 1071 2490 enim
1096 2420 1379 2506 sibi
1406 2441 1618 2491 tantum
1648 2450 1774 2505 pec-

177 2529 273 2577 cat
296 2519 561 2588 subditus,
594 2540 733 2581 cum.
766 2514 1052 2593 sacriﬁcat,
1084 2525 1179 2583 sed
1202 2533 1263 2583 et
1298 2525 1315 2559 ⁸
1343 2516 1654 2595 domuedio,
1683 2528 1775 2597 qui

178 2628 292 2667 non
333 2612 613 2685 prohibet;
655 2614 749 2686 qui
779 2617 824 2672 si
844 2616 1192 2688 prohiberet,
1230 2619 1417 2688 utique
1446 2635 1553 2674 non
1580 2634 1777 2690 pecca-

177 2706 285 2758 ret.
316 2694 531 2762 Grande
553 2707 714 2776 igitur
733 2706 930 2765 malum
952 2719 1033 2766 est
1055 2710 1381 2778 idololatria;
1405 2712 1598 2782 polluit
1610 2726 1779 2767 exer-

176 2803 389 2865 centes,
411 2796 603 2868 polluit
630 2788 967 2868 habitantes,
988 2802 1179 2872 polluit
1208 2803 1495 2870 intuentes,
1524 2807 1776 2874 penetrat

176 2888 248 2942 ad
278 2889 570 2956 ministros,
598 2899 846 2962 penetrat
891 2891 961 2949 ad
988 2894 1256 2961 conscios,
1296 2902 1544 2966 penetrat
1584 2893 1653 2949 ad
1695 2903 1777 2949 ta-
1820 2937 1825 2941 .

176 2988 391 3037 centes.
432 2974 747 3041 lmmolante
775 2986 925 3045 enim
965 2987 1167 3044 rustico
1214 2988 1525 3058 inquinatur
1550 2987 1777 3044 domne-

1651 273 2058 354 smocuz'

1807 405 1947 468 Ain
1966 403 2186 473 Mittis,
2219 405 2272 460 in
2302 405 2464 475 agris,
2494 405 2547 461 in
2574 408 2806 464 rusticis.
2847 408 2987 464 Nihil
3015 410 3087 466 ibi
3129 410 3354 467 liberum
3382 420 3465 468 est

3362 294 3514 355 73.“

1886 512 1916 551 a
1944 497 2167 565 scelere,
2198 496 2291 553 ubi
2311 504 2482 553 totum
2504 507 2748 556 versatur
2787 501 2843 555 in
2869 501 3093 558 scelere.
3116 500 3251 558 Cum
3271 503 3462 559 cellam

1885 587 2155 657 ingressus
2204 584 2369 644 fueris
2392 628 2408 655 ,
2455 590 2693 659 reperies
2722 591 2777 646 in
2826 607 2891 647 ea
2933 593 3197 663 pallentes
3230 594 3464 664 cespites

1882 685 2241 748 mortuosque
2260 678 2551 747 carbones,
2575 679 2795 751 dignum
2838 680 3159 738 sacriﬁcium
3183 682 3461 750 dxemonis,

1883 783 2004 825 cum
2025 777 2239 826 mortuo
2268 770 2471 828 numini
2512 771 2673 828 rebus
2697 774 2923 829 mortuis
2945 775 3292 846 supplicatur.
3325 768 3393 830 Et
3419 777 3464 833 si
3492 824 3499 835 .

1883 858 1955 915 ad
1976 864 2163 929 agrqu
2190 860 2537 931 processeris.
2568 861 2753 919 cernis
2766 879 2891 920 aras
2908 858 3139 934 ligneas,
3162 870 3223 922 et
3245 866 3465 922 simula-

1881 965 1973 1005 cra
2001 950 2230 1022 lapidea,
2274 962 2585 1022 cum
2627 954 3005 1023 Iuinbseﬁm
3032 958 3127 1013 ubi
3152 959 3263 1015 diis.
3281 961 3463 1015 insen-

1880 1041 2123 1099 sibilibus
2151 1045 2259 1100 aris
2285 1046 2719 1115 pdtrescctithus
2745 1048 3093 1106 ministratur.
3124 1050 3257 1109 Cum
3289 1056 3463 1107 matu—

1880 1135 1993 1191 rius
2021 1137 2343 1206 vigilaveris,
2403 1148 2458 1194 et
2497 1140 2695 1195 videris
2740 1142 2979 1196 saucium
3009 1144 3136 1205 vino
3181 1146 3458 1210 rusticum,

1880 1228 2022 1282 scire
2048 1226 2211 1284 debes
2236 1230 2513 1299 quoniam,
2564 1230 2702 1287 sicut
2722 1228 2929 1302 dicunt;
2975 1234 2994 1266 ²
3025 1242 3116 1289 aut
3143 1234 3460 1302 dianaticus,
3508 1302 3512 1307 ,

1880 1326 1973 1373 aut
2002 1336 2237 1392 aruspex
2258 1323 2644 1388 est;.insanum
2673 1326 2816 1382 enim
2849 1342 3045 1383 numen
3076 1340 3342 1385 amentem
3366 1347 3458 1385 so-

1877 1410 1953 1466 let
1999 1410 2200 1468 habere
2251 1414 2596 1486 pontiﬁcem;
2852 1419 2973 1476 talis
3022 1422 3166 1485 enim
3212 1423 3461 1480 Sacerdos
3506 1483 3512 1493 ,

1876 1510 2032 1571 parat
2061 1518 2120 1559 se
2144 1504 2270 1560 vino
2299 1506 2373 1563 ad
2392 1506 2576 1578 plagas
2601 1504 2715 1564 dea:
2743 1526 2871 1576 suas,
2918 1518 2975 1565 ut
2996 1509 3137 1571 dum.
3164 1520 3247 1568 est
3284 1514 3460 1570 ebrius

1875 1608 2091 1663 paruam
2119 1612 2268 1653 suam
2292 1598 2407 1668 ipse
2436 1616 2542 1656 non
2571 1603 2789 1671 sentiat.
2816 1590 2930 1658 Hoc
2954 1608 3133 1660 autem
3159 1620 3269 1660 non
3290 1606 3460 1661 solum

1875 1684 1944 1741 de
1964 1689 2341 1759 temperantia,
2367 1690 2465 1748 sed
2493 1693 2635 1752 etde
2656 1703 2771 1751 arte
2802 1686 3024 1761 faciunt,
3052 1705 3117 1755 ut
3138 1697 3315 1753 minus
3343 1699 3461 1752 vul-
3510 1760 3515 1769 ι

1872 1794 2003 1836 nera
2031 1796 2130 1837 sua
2175 1776 2417 1850 doleant,
2458 1780 2583 1841 dum
2600 1788 2710 1844 vini
2734 1787 2996 1845 ebrietate
3035 1788 3329 1857 iactantur.
3356 1787 3460 1842 Va-

1882 1887 1983 1928 nus
2035 1873 2195 1943 plane
2217 1884 2368 1932 vates
2392 1885 2501 1943 est,
2552 1879 2644 1948 qui
2697 1880 2846 1950 p’utat
2874 1879 3190 1936 crudelitate
3212 1889 3459 1938 astruere

1879 1964 2159 2034 pietatem.
2198 1965 2370 2033 Quam
2413 1969 2721 2025 misericors
2763 1969 2818 2023 in
2847 1969 3052 2027 alienos
3080 1970 3211 2027 deos
3239 1970 3329 2026 ille
3370 1972 3462 2041 qui

1880 2057 1935 2111 in
1961 2071 2089 2114 suos
2120 2065 2204 2114 est
2241 2059 2523 2129 pontiﬁces
2547 2069 2654 2131 tam
2683 2063 2967 2123 cruentus!
3002 2061 3134 2121 Nam
3175 2073 3230 2119 ut
3259 2064 3457 2133 paulis-

1879 2162 1978 2219 per
2006 2147 2374 2207 describamus
2404 2140 2643 2207 habitum
2672 2153 2805 2207 vatis
2834 2146 3055 2221 hujusce
3088 2172 3100 2206 :
3133 2161 3213 2209 est
3241 2155 3289 2209 ei
3320 2155 3458 2208 adul.

1878 2240 2070 2296 terinis
2097 2240 2367 2297 criniculis
2417 2240 2683 2297 hirsutum
2712 2250 2897 2313 caput,
2937 2242 3079 2299 nuda
3106 2241 3309 2298 habens
3335 2259 3457 2313 pec-

1880 2342 2019 2400 tora,
2049 2332 2213 2405 pallio
2255 2349 2411 2391 crura
2456 2334 2790 2401 semicincta,
2821 2342 2875 2389 et
2901 2340 3051 2390 more
3076 2372 3077 2375 η
3102 2333 3458 2403 gladiatorum
3508 2394 3513 2407 ε

1878 2436 2100 2498 paratus
2128 2426 2195 2482 ad
2241 2440 2473 2498 pugnam
2517 2428 2715 2483 ferrum
2743 2435 2921 2497 gestat
2943 2428 3005 2483 in
3044 2427 3310 2491 manibus,
3363 2428 3460 2483 nisi

1878 2521 2023 2592 quod
2051 2519 2349 2589 gladiatore
2375 2521 2528 2592 pejor
2549 2529 2653 2586 est,
2674 2520 2798 2590 quia
2837 2520 2927 2575 ille
2954 2519 3211 2575 adversus
3236 2519 3460 2573 alterum

1878 2615 2133 2671 dimicare
2162 2615 2393 2683 cogitur,
2421 2614 2522 2671 iste
2549 2620 2737 2669 contra
2765 2627 2825 2667 se
2846 2624 3087 2683 pugnare
3104 2610 3459 2681 compellitur.

1879 2705 1971 2761 ille
1990 2706 2166 2762 aliena
2185 2706 2319 2776 petit
2336 2705 2566 2774 viscera,
2589 2704 2691 2783 isto
2716 2702 2933 2773 propr-ia
2960 2702 3199 2756 membra
3222 2699 3460 2768 dilaniat,

1877 2804 1937 2852 et
1955 2797 2000 2852 si
2026 2796 2133 2852 dici
2159 2804 2361 2867 potest,
2380 2792 2446 2852 ad
2473 2794 2849 2852 crudelitatem
2876 2791 3023 2849 illum
3052 2793 3268 2859 lanista,
3293 2792 3456 2847 istum

1880 2904 2078 2945 numen
2126 2889 2393 2945 hortatur.
2443 2886 2767 2956 Hocigitur
2818 2884 3037 2942 indutus
3086 2883 3302 2951 habitu,
3364 2884 3462 2944 has

1879 2991 2136 3038 cruentus
2156 2982 2325 3053 caede,
2341 2980 2582 3051 jndicate
2610 2987 2789 3036 utrum
2813 2978 3077 3048 gladiator
3102 2978 3173 3034 sit
3194 2993 3260 3032 an
3281 2993 3460 3034 sacer-

176 3073 324 3129 dius.
341 3062 456 3131 Non
476 3085 657 3147 potest
672 3093 781 3135 non
802 3093 921 3136 esse
935 3081 1171 3151 pollutus
1191 3082 1284 3138 ubi
1303 3083 1453 3140 cibus
1466 3081 1538 3157 [F
1545 3081 1781 3156 .cibum]
1810 3134 1847 3157 ._
1878 3074 1996 3131 dos.
2026 3075 2168 3157 Ergo
2184 3117 2199 3143 ,
2228 3077 2370 3133 sicut
2393 3074 2749 3146 gladiatorum
2790 3073 3063 3143 publicum
3113 3072 3318 3128 facinus
3340 3074 3461 3128 reli-

177 3165 351 3235 capit,
383 3182 544 3236 quem
567 3169 860 3242 sacrilegus
887 3146 1065 3228 cultor
1092 3174 1356 3240 exercuit,
1380 3146 1525 3231 terra
1548 3146 1774 3231 eruenta
1801 3146 1849 3214 (ἶ
1877 3174 2029 3242 giosa
2056 3152 2359 3243 principum
2382 3170 2671 3226 devotione
2691 3167 2961 3223 sublatum
2989 3174 3093 3234 est,
3118 3167 3189 3221 ita
3212 3175 3268 3221 et
3288 3180 3460 3220 amen.

175 3256 373 3324 edidit,
406 3268 604 3317 tetrum
627 3262 897 3319 horreum.
909 3267 1286 3323 conservavit:
1317 3268 1499 3323 omnis
1528 3269 1671 3324 enim
1701 3268 1773 3322 ibi

177 3347 485 3421 inquinata,
515 3354 692 3411 omnia
724 3363 851 3415 sunt
875 3355 1127 3426 nefanda,
1159 3358 1255 3415 ubi
1273 3358 1520 3417 diabolus
1565 3362 1777 3417 habitat

1880 3278 1962 3322 tes
2000 3265 2327 3333 gladiatores
2385 3263 2473 3318 isti
2521 3258 2941 3316 Christianitatis
2979 3258 3355 3316 obseri'atione
3398 3259 3462 3318 de

1876 3357 2111 3436 propriis
2131 3354 2413 3413 domiciliis
2441 3353 2767 3410 auferantur.

1603 3556 1889 3622 SERMO
1917 3558 2040 3623 Cllt

1628 3695 1707 3753 De
1731 3694 1911 3754 eadem
1934 3716 2009 3752 re.

175 3821 755 3898 ARGUIENTP_It.—Ille
771 3825 857 3898 qui
872 3826 967 3879 scit
988 3827 1045 3881 in
1065 3843 1192 3898 agro
1207 3843 1299 3883 suo
1316 3827 1471 3883 idolis
1488 3828 1769 3895 immolari,

256 3909 350 3945 nec
378 3890 645 3962 prohibet,
677 3890 935 3965 pariiceps
958 3890 1188 3970 profecto
1213 3900 1473 3972 sacrilegii
1501 3901 1736 3971 eﬁcitur.

256 4006 375 4061 Non
425 4022 619 4077 parum
660 4016 891 4065 tractatu
933 4010 1224 4067 Dominicae
1265 4012 1562 4084 superioris
1584 4012 1773 4083 profe-

1876 3821 2186 3897 credimus,
2234 3841 2359 3883 eum
2395 3826 2661 3897 sacrilegii
2698 3827 2902 3883 cultum
2935 3827 2995 3882 in
3031 3827 3222 3882 vestris
3250 3839 3458 3898 posses.

1875 3919 2117 3977 sionihus
2144 3919 2417 3987 inhibent;
2462 3915 2691 3977 dicimus
2735 3920 2912 3987 enim,
2944 3925 3003 3974 ut
3042 3919 3328 3974 Christiani
3358 3918 3458 3973 hn-

1884 4014 2061 4079 minis,
2094 4013 2199 4069 hoe
2226 4021 2310 4068 est
2335 4012 2522 4068 mundi
2549 4013 2648 4068 viri
2676 4055 2690 4081 ,
2729 4013 2802 4068 sit
2828 4010 3028 4067 munda
3058 4010 3343 4083 possessio.
3379 4010 3471 4069 ait

173 4099 324 4154 cisse
355 4114 450 4154 vos
475 4099 770 4167 cruditatis;
802 4101 1068 4171 siquidem
1093 4103 1475 4174 ptzetlleatione
1500 4112 1679 4161 nostra
1707 4104 1776 4161 ab
1883 4105 2028 4160 enim
2069 4104 2363 4160 Saibmon:
2414 4103 2688 4160 Possessio
2735 4105 2963 4174 pretiosa
3002 4104 3080 4158 εἰν
3127 4101 3368 4157 mundus.
3408 4099 3464 4157 Si

171 4191 334 4246 omni
375 4190 643 4247 idolorum
685 4190 1091 4263 inquinamento
1129 4195 1295 4252 corda
1320 4205 1499 4253 vestra
1524 4197 1777 4268 purgavi-
1885 4210 2014 4265 ergo
2037 4197 2119 4252 vir
2140 4211 2309 4267 purus
2333 4197 2662 4269 possessioni
2682 4195 3083 4269 pretiosissima:
3102 4201 3462 4265 contparatur,

171 4298 328 4336 mus.
381 4280 573 4336 Nostra
617 4283 760 4337 enim
806 4284 972 4340 corda
1019 4286 1365 4354 mundantur,
1413 4304 1535 4344 cum
1574 4288 1773 4343 diaboli
1878 4297 2082 4359 quanto
2110 4289 2213 4345 ista
2262 4290 2535 4360 possessio
2580 4288 2800 4359 majoris
2829 4295 2914 4344 est
2949 4288 3137 4359 pretii,
3184 4288 3230 4341 si
3256 4286 3327 4340 sit
3352 4285 3462 4339 sin-

169 4372 436 4429 sordihus
463 4374 664 4444 polluta
691 4383 875 4432 nostra
904 4378 1230 4434 conscientia
1260 4395 1368 4438 non
1399 4387 1628 4436 tenetur.
1660 4377 1773 4437 Pol-
1878 4388 2007 4437 cera
2032 4388 2088 4436 et
2100 4390 2238 4451 pura
2259 4421 2275 4447 ,
2309 4395 2410 4435 nec
2438 4380 2615 4450 aliqua
2643 4372 2843 4435 diaboli
2868 4379 3188 4447 contagione
3214 4376 3462 4431 vilescat!

169 4466 355 4523 tutam
405 4467 673 4524 autemis
714 4470 1101 4526 comsdentiam
1130 4488 1237 4528 non
1268 4473 1449 4538 habet,
1497 4474 1591 4543 qui
1618 4488 1774 4529 exer-
1880 4472 1991 4527 Cur
2035 4481 2219 4527 autem
2268 4473 2351 4526 vir
2395 4470 2625 4526 mucidus
2694 4470 2965 4541 possessio
3019 4467 3214 4523 munda
3260 4465 3497 4520 dicatur'

168 4559 295 4616 ceri
324 4560 606 4629 sacrilegia
629 4562 682 4615 in
712 4577 807 4617 sua
838 4565 1179 4634 possessione
1209 4580 1315 4620 non
1341 4566 1561 4636 patitur.
1594 4565 1770 4620 (hete-
1877 4567 2018 4621 seire
2061 4565 2322 4621 debemus
2347 4603 2361 4629 ,
2416 4565 2619 4619 scilicet
2656 4564 2781 4633 quia
2830 4562 3124 4633 pretiosum
3163 4559 3308 4613 illum
3339 4558 3463 4615 facit

166 4666 332 4713 rum,
379 4651 471 4720 qui
508 4652 609 4706 scit
636 4652 690 4707 in
720 4666 849 4721 agro
878 4670 975 4709 suo
1005 4654 1159 4709 idolis
1188 4655 1485 4725 immolari,
1515 4672 1614 4712 nec
1641 4666 1769 4726 pro-
1803 4666 1854 4745 ι)
1878 4658 1985 4712 tum
2011 4656 2268 4726 fragilitas
2301 4656 2546 4725 corporis
2566 4695 2580 4721 ,
2630 4653 2727 4709 sed
2755 4652 3035 4708 sinceritas
3059 4649 3382 4715 honestatis,
3410 4657 3463 4705 et

166 4741 361 4805 hibet;
409 4742 657 4810 quamvis
691 4743 1005 4813 ipse‘longe
1026 4745 1081 4799 in
1105 4745 1325 4800 civitate
1350 4746 1627 4810 consistat,
1655 4746 1772 4815 pol-
1803 4737 1843 4745 ⁷
1878 4750 2005 4819 quin
2054 4756 2177 4803 eam
2225 4754 2327 4817 pro
2372 4746 2489 4815 ipsa
2529 4744 2766 4816 puritate
2787 4742 2984 4797 mentis
3011 4740 3267 4796 Dominus
3289 4737 3461 4809 possi-
3504 4804 3507 4809 Α

165 4835 317 4890 lotio
370 4836 549 4889 tanien
595 4830 747 4889 illum
788 4835 1016 4891 mihi
1056 4838 1347 4906 continget:
1399 4834 1465 4891 Et
1508 4838 1631 4891 licet
1662 4837 1770 4891 aris
1879 4838 2007 4893 (iere
2039 4834 2307 4909 dignatur,
2337 4838 2476 4892 sicut
2505 4836 2580 4891 ait
2608 4830 2871 4906 propheta
2895 4847 2962 4889 ex
2991 4844 3219 4906 persona
3248 4838 3461 4885 sancto-

161 4926 401 4981 assistat
429 4926 659 4981 rusticus
681 4966 695 4990 ,
734 4927 799 4981 ad
827 4927 1170 4983 domnedium
1200 4928 1584 4984 contaminatio
1615 4942 1769 4986 exse-
1878 4928 2017 4986 rum.
2048 4928 2137 5001 (In
2167 4928 2282 4984 cod.
2315 4922 2551 4984 Ambros.
2584 4928 2670 4982 ubi
2698 4928 2779 4983 hic
2806 4944 2971 4983 sermo
2994 4926 3180 4998 legitur
3217 4925 3463 4981 nommllu

159 5014 389 5072 erantin
427 5015 751 5083 regreditur.
802 5009 1077 5088 Panicum
1116 5019 1259 5099 enirn
1301 5016 1417 5088 eius
1443 5018 1691 5089 enititur,
1721 5021 1768 5075 si
1876 5022 2005 5097 [alia
2033 5020 2432 5094 desiderantur.)

159 5121 286 5159 non
315 5104 653 5160 conscientia
673 5146 690 5175 ,
737 5114 887 5163 certe
925 5107 1132 5162 notitia.
1185 5106 1483 5165 ProﬁcisSe
1511 5120 1639 5178 ergo
1666 5124 1767 5166 nos

1944 5328 1965 5358 ²
2006 5325 2265 5381 Dianatiei
2295 5318 2482 5380 rustici
2512 5314 2585 5379 illi
2612 5316 3035 5395 appellabantur,
3059 5326 3148 5394 qui
3178 5314 3358 5379 Dianas
3387 5341 3461 5378 ar-

1874 5413 2063 5451 vorum
2104 5398 2306 5451 munini
2355 5397 2735 5462 immolabant,
2786 5403 2842 5450 et
2870 5396 3142 5463 aruspices
3172 5396 3355 5457 etiam.
3381 5412 3459 5447 su-

1817 5475 1821 5479 '
1875 5468 2191 5537 perstitione
2235 5466 2418 5537 ducti,
2451 5467 2519 5521 ab
2554 5473 2804 5522 estorum
2845 5466 2897 5518 in
2922 5465 3150 5537 victimis
3171 5472 3460 5537 conspectu

1882 5532 2059 5607 lutura
2108 5535 2493 5607 prmﬂicebsnr.
2544 5537 2811 5592 Describit
2855 5532 3326 5607 autemJIasimus
3353 5548 3462 5600 quo
3502 5568 3503 5571 η

1880 5606 2062 5662 furore
2090 5602 2479 5678 aliriperentur,
2509 5623 2630 5661 cum
2664 5602 3093 5678 talia_sacrilicia_
3125 5611 3460 5678 pet-agerem,

1882 5686 1939 5732 et
1963 5692 2125 5746 quam
2157 5671 2317 5747 impie
2346 5694 2409 5733 ac
2437 5679 2597 5731 stulte
2628 5678 2679 5731 in
2708 5691 2767 5730 se
2798 5676 2943 5744 ipsos
2970 5673 3251 5741 ssevirent,
3282 5678 3341 5726 ut
3368 5671 3457 5725 fai-

1881 5764 1953 5803 sa:
1978 5749 2244 5803 divinitati
2274 5749 2531 5805 honorem
2562 5752 2895 5818 praestarent.

1758 5825 1779 5853 ι

1736 5907 1744 5914 υ
1774 5860 1803 5893 β

252 5331 271 5361 ⁸
298 5324 431 5401 tam
476 5324 759 5382 monuerat
803 5320 1226 5401 Muratoriusjin
1278 5331 1425 5401 prmi.
1470 5314 1536 5385 ad
1566 5327 1620 5383 S.
1654 5327 1764 5381 Ma.

160 5399 314 5455 ximi
362 5408 663 5470 sermones
688 5405 817 5470 tom;
858 5396 925 5452 IV
972 5398 1229 5453 Anccdot.
1279 5396 1543 5470 vulgatos,
1572 5406 1764 5453 voc‘om

158 5466 528 5539 dnmnedium
550 5466 851 5539 derivatum
888 5478 954 5523 es
993 5474 1249 5539 corrupto
1280 5466 1418 5525 illius
1451 5466 1624 5524 :etatis
1651 5482 1768 5523 ser-

160 5555 348 5595 mone
370 5547 481 5609 ,Aet
512 5538 857 5609 idcmvalere
898 5538 1295 5609 acttlorninum,
1336 5541 1637 5609 eademque
1663 5556 1772 5594 non

157 5627 291 5666 uno
322 5598 521 5663 inloco
547 5606 604 5663 S.
634 5602 916 5663 Paulinum
946 5598 1208 5663 Nolanum
1240 5598 1391 5665 usum
1416 5598 1600 5665 fuisse.
1632 5609 1774 5664 Con-

155 5680 258 5734 fer
284 5679 445 5733 etiam
471 5679 765 5748 Caugium,
807 5678 1043 5735 Glossar.
1075 5680 1216 5735 med.
1248 5690 1302 5736 et
1332 5678 1497 5735 iniim.
1531 5680 1747 5735 Latinis.

156 5750 242 5809 ad
281 5750 503 5805 verbum
534 5747 908 5804 Demina'dius.
