4052 6330
519 329 626 390 735

1726 328 1778 381 8.
1823 320 2064 380 MAXIM!
2101 317 2551 378 TAURINENSIS

3669 317 3794 381 7ἒὺ

1351 442 1409 476 ν’
1455 449 1461 458 ’
1496 450 1516 478 ν’
1908 437 2176 501 SERMO
2217 439 2376 500 Cll].

1687 512 1765 597 De
1789 543 2106 614 speculatore
2132 542 2298 610 posito
2327 541 2451 610 ﬁliis
2485 539 2670 594 Israel.

1937 694 1944 707 ο
1967 627 2354 684 ADMONITIU.

595 731 758 804 659
785 727 975 783 Exstat
997 729 1049 782 in
1079 726 1293 783 laudato
1322 727 1507 783 codice
1538 725 1914 790 Ambrosiano,
1944 723 2245 791 legiturque
2271 722 2413 791 apud
2440 722 2790 778 Muratorium
2819 731 2927 778 tom
2958 723 3023 779 ιν
3056 722 3407 791 Anecdotor.,
3429 739 3553 797 pag.
3590 727 3710 781 102.

523 846 912 900 Ancuuearuu.
942 873 1013 883 -—
1036 842 1374 907 Prwdicator,
1420 843 1463 896 si
1501 841 1713 896 voluerit
1749 839 2097 914 dissimulare,
2130 847 2181 906 Α
2207 838 2356 907 scopi
2406 839 2622 906 sanguis
2667 840 2982 910 exquiritur.
3035 816 3384 912 Loquendum
3425 854 3510 900 est
3540 846 3704 914 igitur
3733 855 3793 902 et

592 917 759 977 silere,
792 915 976 979 celare,
1009 924 1056 967 et
1087 915 1298 984 fratrem
1328 913 1541 984 tacendo
1563 929 1666 967 non
1693 913 1912 984 corrigit
1925 950 1940 973 ,
1969 917 2102 984 etse

501 993 506 998 '
592 1003 694 1039 non
732 985 1062 1056 praedicando
1080 980 1383 1056 contemnit.
1433 983 1792 1056 Speculatores
1818 980 1852 1034 ti
1883 980 2101 1035 Domino

594 1051 872 1120 constituti,
902 1072 1007 1108 non
1035 1054 1126 1108 alii
1147 1063 1265 1107 sunt
1284 1054 1384 1107 nisi
1412 1051 1717 1106 sacerdotes.

599 1212 907 1278 Interdum,
954 1211 1184 1276 fratres,
1229 1226 1351 1266 cum
1398 1207 1784 1280 prmdicamus,
1835 1205 2104 1276 plerisque

524 1318 702 1358 sermo
743 1311 928 1356 noster
969 1301 1183 1356 videtur
1210 1300 1470 1370 asperior,
1500 1307 1554 1353 et
1583 1313 1647 1353 ea
1675 1313 1793 1366 quae
1812 1295 2102 1351 secundum

526 1397 764 1465 regulam
811 1396 1205 1466 prosequimur,
1258 1395 1327 1448 ita
1373 1410 1403 1448 a
1449 1391 1721 1447 nonnullis
1749 1391 2102 1460 accipiuntur,

523 1487 677 1558 quasi
720 1495 917 1542 nostra:
962 1484 1264 1540 severitatis
1305 1483 1619 1538 austeritate
1647 1487 1978 1551 promantur.
2011 1478 2104 1532 Di-

527 1589 657 1634 cunt
683 1581 823 1634 enim
853 1598 864 1631 :
898 1577 1068 1645 Quam
1107 1577 1240 1632 dure
1269 1584 1324 1631 et
1351 1590 1533 1630 amare
1559 1569 1867 1644 prmilicavit
1893 1571 2104 1640 episeo—

524 1688 624 1742 pus
647 1712 660 1731 .
693 1671 998 1739 ignorantes
1042 1667 1210 1737 quod-
1226 1664 1597 1721 sacerdotibus
1621 1663 1915 1719 necessitas
1935 1661 2108 1732 major

523 1769 609 1817 est
645 1776 806 1831 quam
848 1759 1115 1814 voluntas.
1163 1757 1465 1812 Necessitas
1487 1798 1502 1817 ,
1536 1755 1781 1824 inquam,
1827 1753 1999 1822 major
2025 1759 2108 1808 est

524 1851 759 1916 dicendi,
794 1865 899 1905 non
928 1847 1072 1919 quod
1095 1862 1280 1902 verum
1301 1844 1659 1916 prosequendi
1680 1844 1819 1898 desit
1840 1843 2104 1908 voluntas,

525 1941 619 1995 sed
647 1941 773 2010 quia
822 1939 1033 1995 tacendi
1079 1939 1349 1994 silentium
1396 1936 1582 1991 statuti
1613 1950 1769 2006 poena
1800 1933 2103 2004 depellitur.

529 2033 913 2089 Necessitatem
964 2030 1212 2102 patimur,
1264 2030 1388 2085 dum
1439 2028 1714 2092 timemus,
1758 2041 1822 2081 ac
1865 2040 1960 2096 per
2004 2025 2108 2080 hoc

527 2125 769 2192 cogimur
813 2124 934 2194 plus
983 2137 1142 2193 posse
1188 2135 1349 2191 quam
1393 2118 1565 2186 velle',
1595 2127 1650 2173 et
1677 2115 1964 2172 metuenda
1991 2115 2141 2193 aliis.

2206 928 2583 995 clamandum,
2639 945 2709 984 ne
2758 931 3026 986 silentium
3073 940 3317 989 nostrum
3364 936 3418 990 in
3466 936 3555 990 die
3597 935 3793 1006 judicii

2206 1020 2345 1076 idem
2371 1031 2624 1091 peccator
2648 1031 2897 1088 excuset,
2942 1033 2997 1079 et
3021 1026 3115 1094 qui
3142 1026 3445 1082 dissimulat
3471 1043 3592 1083 esse
3617 1029 3794 1098 parti-

2208 1126 2334 1181 ceps
2362 1111 2682 1184 sanctitatis,
2720 1121 2849 1169 tunc
2875 1115 3078 1169 socium
3101 1117 3416 1173 criminetur
3444 1119 3690 1172 erroris:
3721 1117 3797 1171 Et

2206 1210 2280 1267 tu,
2311 1202 2516 1272 inquit,
2557 1203 2637 1272 ﬁli
2679 1203 2922 1267 hominis,
2952 1207 3322 1276 speculatorem
3362 1206 3409 1262 te
3447 1209 3570 1270 dedi
3617 1210 3798 1263 domui

2208 1292 2396 1348 Israel.
2448 1294 2584 1360 Quid
2613 1303 2695 1351 est
2723 1295 3062 1365 speculator?
3102 1296 3422 1368 Speculator
3448 1300 3636 1368 utique
3662 1299 3795 1355 dici-

2207 1392 2296 1438 tur
2317 1386 2408 1454 qui
2440 1385 2584 1440 velut
2614 1385 2666 1439 in
2694 1385 2922 1456 quadam
2945 1387 3159 1442 sublimi
3189 1404 3316 1444 arce
3339 1390 3662 1455 consistens,
3695 1390 3800 1444 ad-

2204 1474 2406 1544 jacenti
2434 1476 2636 1556 populo
2659 1476 2938 1547 prospicit,
2961 1493 3028 1531 ne
3050 1478 3171 1546 quis
3199 1479 3252 1533 in
3270 1495 3402 1535 'eum
3423 1480 3602 1535 subito
3623 1481 3800 1535 hostis

2209 1567 2474 1637 obrepat,
2519 1567 2613 1623 sed
2659 1567 2726 1623 de
2775 1569 2868 1623 illo
2917 1569 3144 1624 sollicite
3190 1585 3374 1626 curam
3419 1585 3614 1640 agens,
3645 1571 3802 1642 plebs

2207 1660 2358 1732 pacis
2404 1659 2684 1716 dulcedine
2712 1661 2986 1731 potiatur;
3017 1662 3108 1731 qui
3154 1662 3201 1718 si
3239 1663 3439 1732 aliquid
3467 1664 3679 1719 adversi
3708 1680 3801 1719 re-

2208 1760 2369 1824 pente
2397 1751 2755 1822 conspexerit,
2770 1768 2896 1807 mox
2918 1752 3136 1819 indicet,
3152 1763 3464 1809 constanter
3489 1755 3800 1819 annuntiet,

2209 1854 2269 1900 ut
2297 1854 2348 1899 et
2379 1845 2508 1900 civis
2553 1845 2618 1899 ad
2662 1844 2956 1900 cavendum
3001 1845 3298 1916 periculum
3345 1847 3414 1901 sit
3453 1855 3714 1918 paratus,
3746 1856 3802 1904 et

2211 1937 2380 1992 hostis
2424 1935 2589 2004 fugiat
2634 1934 3020 2005 deprehensus.
3064 1935 3328 1991 Caeterum
3357 1937 3404 1992 si
3434 1947 3664 2006 urgente
3701 1937 3796 1990 adc

2209 2027 2450 2082 ver-sario
2486 2025 2796 2097 Speculator
2836 2026 3290 2094 dissimulaverit,
3332 2029 3580 2091 tacuerit,
3611 2027 3802 2094 negle~

2211 2124 2386 2191 xerit,
2418 2131 2546 2178 tunc
2575 2120 2634 2176 fit
2668 2130 2729 2176 ut
2757 2122 3061 2192 inopinatus
3087 2131 3495 2192 prmoccupetur
3545 2122 3800 2192 populus,

528 2217 837 2285 ingerimus,
868 2215 995 2269 dum
1025 2213 1124 2282 ipsi
1155 2211 1314 2266 saluti
1330 2213 1560 2281 propria:
1588 2208 1952 2264 formidamus.
1986 2205 2110 2262 Haec

2215 2225 2268 2273 et
2316 2217 2561 2272 inimicus
2608 2215 2995 2286 superveniens
3041 2214 3420 2283 debaccbetur,
3469 2223 3631 2284 atque
3680 2215 3802 2270 ideo

528 2315 705 2361 autem
736 2315 818 2360 est
845 2304 1084 2361 conditio
1113 2303 1488 2374 prmdicantis,
1520 2311 1579 2356 ut
1606 2317 1714 2358 non
1743 2301 1960 2356 alterius
1986 2315 2112 2370 pec-

529 2407 647 2452 cata
680 2405 890 2460 taceat,
932 2397 975 2449 si
1005 2411 1100 2450 sua
1131 2395 1243 2449 vult
1271 2395 1542 2451 declinare
1566 2402 1785 2466 peccata
1808 2436 1822 2461 ,
1855 2402 1911 2449 et
1930 2407 2112 2448 emen-

528 2490 618 2543 det
647 2486 984 2557 objurganda
1023 2485 1238 2540 fratrem
1258 2528 1274 2554 ,
1303 2494 1362 2540 ut
1390 2486 1442 2540 in
1473 2501 1533 2541 se
1554 2487 1724 2556 possit
1751 2491 1863 2540 non”
1887 2484 2112 2554 perdere

529 2577 884 2632 sacerdotem.
935 2575 1197 2630 Caeterum
1221 2617 1235 2641 ,
1283 2576 1329 2630 si
1375 2577 1608 2632 voluerit
1635 2575 2003 2639 dissimulare,
2037 2575 2112 2628 si-

532 2671 662 2738 lere,
695 2671 889 2735 celare,
922 2679 976 2725 et
1004 2671 1152 2725 illum
1181 2669 1406 2725 tacendo
1437 2685 1544 2725 non
1573 2669 1810 2738 corrigit,
1839 2676 1893 2723 et
1919 2684 1978 2724 se
2005 2685 2113 2723 non

531 2762 869 2832 pnrdicando
911 2764 1221 2817 contemnit.
1268 2761 1459 2817 Melius
1488 2769 1570 2817 est
1600 2761 1762 2830 igitur
1791 2760 2114 2830 increpando

533 2851 822 2906 emendare
849 2863 1132 2921 peccatum
1156 2896 1169 2919 ,
1223 2870 1383 2924 quam
1429 2852 1637 2908 silendo
1677 2852 1950 2922 peccantis
1978 2851 2112 2905 deli-

534 2951 620 2997 cta
651 2943 942 3012 suscipere.
979 2943 1034 2998 In
1065 2945 1167 3000 hoc
1196 2946 1337 3000 enim
1368 2945 1527 3014 positi
1556 2958 1756 3006 sumus,
1781 2951 1841 2996 ut
1868 2942 1911 2997 si
1941 2941 2114 2997 delin-

533 3037 820 3106 quentibus
868 3053 974 3090 non
1024 3053 1210 3092 eorum
1259 3038 1461 3092 scelera
1498 3037 1822 3101 dixerimus,
1853 3035 2114 3090 scelerum
2157 3024 2160 3027 ’

535 3127 769 3194 ipsorum
817 3127 977 3181 etiam
1028 3143 1126 3181 nos
1170 3135 1350 3182 reatus
1377 3126 1645 3196 involvat.
1677 3126 1808 3180 Nam
1833 3125 1910 3180 sic
1935 3125 2118 3193 utique

535 3217 664 3271 dicit
709 3217 966 3272 Dominus
1007 3233 1105 3288 per
1149 3218 1502 3286 prophetam:
1549 3215 1618 3269 Et
1649 3226 1730 3285 tu,
1771 3216 1850 3286 ﬁli
1876 3216 2115 3278 hominis,

535 3311 904 3379 speculatorem
947 3321 992 3364 te
1037 3311 1154 3365 dedi
1189 3311 1361 3366 domui
1411 3311 1608 3375 Israel,
1655 3319 1701 3364 et
1740 3311 1918 3364 audies
1943 3327 2007 3364 ea:
2031 3327 2120 3364 ore

534 3419 643 3455 meo
668 3401 889 3467 verbum,
920 3420 1036 3457 cum
1065 3402 1233 3456 dicam
1262 3404 1518 3473 peccaturi
1542 3418 1559 3455 :
1583 3401 1752 3455 Morte
1780 3402 2036 3465 morieris,
2072 3408 2120 3453 et

535 3511 638 3548 non
668 3495 908 3567 loqueris,
941 3503 997 3547 ut
1023 3503 1196 3548 caveat
1221 3495 1407 3565 impius
1430 3494 1490 3548 de
1513 3494 1594 3548 ria
1622 3510 1717 3548 sua
1736 3535 1750 3562 ,
1779 3494 1890 3564 ipse
1915 3492 2119 3562 iniquus

536 3587 590 3639 in
628 3587 896 3655 iniquitate
940 3602 1034 3659 sua
1071 3586 1335 3649 morietur,
1379 3585 1681 3655 sanguinem
1723 3593 1889 3638 autem
1921 3583 2030 3654 ejus
2060 3582 2123 3638 tle

536 3693 691 3730 manu
733 3684 818 3728 tua
858 3677 1124 3748 exquiram
1159 3675 1372 3747 (Ezeclt.
1405 3675 1503 3745 ut),
1534 3684 1589 3730 et
1617 3675 1840 3744 reliqua.
1885 3674 2122 3732 Evidens

538 3765 696 3834 plane
723 3775 778 3820 et
805 3766 1087 3822 manifesta
1117 3767 1404 3834 sententia,
1437 3782 1556 3836 qua:
1581 3767 1993 3836 speculatorem,
2025 3783 2122 3823 cur
2165 3795 2167 3798 -

539 3855 797 3919 tacuerit,
830 3857 1142 3923 sanguinem
1170 3857 1359 3925 polluit
1397 3856 1702 3920 criminosi;
1732 3871 1831 3910 nec
1870 3863 2119 3911 contenta

538 3952 622 3997 est
676 3945 819 4013 quod
859 3946 1094 4015 iniquum
1141 3963 1234 4003 sua
1265 3948 1483 4001 damnat
1537 3946 1820 4014 iniquitas,
1853 3947 1954 4000 nisi
1978 3955 2033 4001 et
2061 3947 2123 4000 il-

541 4034 651 4087 lum
699 4051 849 4090 reum
896 4047 1095 4092 statuat
1151 4041 1242 4108 qui
1298 4039 1538 4095 eamdem
1581 4041 1914 4110 iniquitatem
1958 4039 2130 4094 noluit

546 4125 843 4196 increpare.
897 4129 1080 4185 Videte
1126 4147 1254 4200 ergo
1298 4141 1556 4204 quantum
1601 4134 1798 4188 malum
1846 4133 1916 4188 sit
1951 4132 2126 4188 delin-

543 4217 792 4285 quentis;
842 4218 1157 4288 delinquens
1199 4224 1360 4293 σεο
1407 4224 1520 4291 ipse
1557 4231 1768 4292 peccat,
1792 4231 1848 4277 et
1874 4223 2126 4278 sacerdos

543 4309 737 4376 arguit.
771 4310 888 4380 Ipse
921 4327 979 4368 se
1008 4311 1217 4367 delictis
1249 4315 1359 4368 suis
1382 4313 1616 4382 jugulat,
1649 4323 1702 4368 et
1728 4314 1796 4368 de
1826 4329 1986 4369 manu
2014 4316 2123 4385 epi-

2218 2309 2392 2364 omuis
2429 2306 2582 2378 culpa
2612 2307 2661 2361 ei
2688 2306 2975 2360 ascribitur
3001 2305 3093 2375 qui
3134 2304 3280 2376 loqui
3316 2305 3487 2359 noluit
3539 2313 3599 2358 ut
3621 2305 3801 2358 salva-

2214 2408 2298 2454 ret
2328 2399 2584 2468 plurimos
2608 2440 2623 2466 ,
2666 2397 2760 2452 sed
2790 2405 2973 2452 tacere
3003 2393 3190 2450 maluit
3217 2403 3276 2451 ut
3303 2395 3503 2465 periret
3541 2396 3657 2464 ipse
3682 2411 3802 2452 cum

2213 2491 2474 2563 pluribus.
2506 2487 2617 2546 Hos
2653 2504 2783 2558 ergo
2821 2489 3188 2560 speculatores
3217 2503 3246 2542 a
3274 2487 3503 2542 Domino
3532 2489 3802 2542 constitu-

2215 2595 2300 2638 tos
2318 2626 2332 2651 ,
2361 2598 2498 2651 quos
2541 2597 2660 2637 esse
2686 2581 2913 2637 dicimus
2931 2621 2945 2643 ,
2972 2581 3074 2636 nisi
3103 2580 3444 2659 beatissimos
3467 2580 3802 2647 sacerdotes,

2215 2675 2303 2743 qui
2328 2673 2475 2727 velut
2508 2673 2561 2727 in
2602 2673 2816 2728 sublimi
2841 2672 3072 2746 quadam
3101 2687 3224 2727 arce
3252 2672 3525 2742 sapientize
3555 2673 3804 2730 collocati

2218 2762 2284 2816 ad
2316 2763 2596 2818 tuitionem
2618 2763 2943 2833 populorum
2965 2764 3397 2833 supervenientia
3425 2764 3565 2818 mala
3594 2765 3805 2819 eminus

2217 2863 2512 2921 intuentur,
2563 2861 2618 2909 et
2664 2853 2838 2908 adhuc
2883 2853 3040 2920 longe
3073 2853 3232 2924 positi
3262 2848 3699 2923 conteinpl'antur
3727 2854 3806 2908 fu-

2217 2953 2336 2999 tura
2380 2945 2638 3014 supplicia
2660 2987 2676 3011 ,
2726 2961 2834 2999 non
2883 2946 3024 3000 oculi
3054 2946 3285 3000 carnalis
3312 2945 3529 3014 intuitu,
3559 2945 3655 3000 sed
3680 2962 3804 3016 pru-

2217 3037 2410 3091 dentia:
2429 3037 2684 3107 spiritalis
2713 3045 2932 3106 aspectu
2952 3037 2974 3089 ’ἒ
2992 3035 3061 3089 Ει
3081 3036 3200 3092 ideo
3221 3044 3400 3092 tacere
3428 3052 3534 3091 non
3556 3045 3803 3106 possunt,

2219 3129 2311 3183 sed
2341 3129 2574 3184 clamare
2602 3136 2886 3196 coguntur,
2909 3142 2978 3181 ne
3004 3141 3104 3196 per
3126 3127 3394 3181 silentium
3423 3141 3638 3196 gregem
3661 3125 3802 3180 Chri-

2219 3222 2287 3276 sti
2326 3221 2571 3275 diabolus
2617 3219 2788 3276 hostis
2834 3218 3069 3273 invadat.
3118 3217 3256 3273 Ecce
3282 3219 3423 3272 enim
3451 3217 3804 3288 przcvidemus

2221 3312 2364 3365 diem
2388 3310 2640 3365 advenire
2660 3309 2868 3378 judicii,
2899 3318 2955 3364 et
2981 3316 3325 3380 peccatorum
3347 3323 3536 3379 poenas
3559 3308 3669 3377 jam
3695 3309 3804 3378 ipsa

2158 3446 2167 3458 .
2222 3404 2547 3472 cogitatione
2581 3403 2870 3458 sancimus.
2922 3403 3096 3471 Atque
3136 3400 3258 3455 ideo
3291 3401 3669 3455 annuntiamus
3692 3401 3804 3454 uni-

2223 3497 2415 3565 cuique
2461 3504 2519 3549 ut
2565 3504 2775 3550 avertat
2820 3510 2880 3550 se
2929 3509 2960 3549 a
2989 3494 3076 3548 via
3123 3493 3412 3562 impietatis
3438 3508 3569 3556 sum,
3605 3493 3804 3548 scilicet

2149 3609 2194 3672 ρ
2225 3587 2539 3653 temulento,
2564 3595 2620 3642 ut
2642 3587 2991 3642 sobrietatem
3015 3585 3540 3654 sectetur,quoniam
3561 3583 3800 3640 ebrietati

2225 3696 2408 3734 comes
2427 3688 2510 3734 est
2553 3680 2766 3734 inimica
2811 3678 3053 3744 luxuria;
3088 3691 3272 3742 avaro,
3316 3685 3374 3731 ut
3401 3677 3657 3747 pecunias
3683 3690 3802 3728 suas

2227 3769 2413 3838 eroget
2439 3812 2453 3835 ,
2501 3785 2569 3822 ne
2615 3769 2968 3824 custodiendo
2998 3784 3091 3823 cas
3110 3810 3124 3834 ,
3174 3786 3280 3824 non
3309 3766 3374 3821 ad
3401 3768 3678 3832 utendum,
3709 3765 3798 3820 sed

2231 3859 2299 3914 ad
2328 3860 2607 3916 colendum
2635 3861 2878 3915 videatur
2905 3862 3104 3916 habere
3130 3860 3371 3925 divitias;
3395 3860 3636 3928 quisquis
3663 3857 3798 3911 enim

2229 3953 2373 4020 quod
2401 3951 2589 4020 diligit,
2623 3952 2728 4008 hoc
2771 3954 2936 4018 colit,
2972 3960 3172 4020 tuetur,
3203 3959 3258 4006 et
3285 3950 3681 4022 quodammodo
3709 3965 3797 4002 ve-

2228 4052 2465 4098 neratur.
2514 4042 2648 4098 Vide
2693 4057 2842 4110 ergo,
2893 4052 3083 4106 avare,
3138 4057 3204 4098 ne
3230 4042 3446 4096 vascula
3478 4055 3674 4096 mensa:
3702 4047 3796 4092 tum

2233 4133 2323 4188 tibi
2353 4134 2548 4188 cedant
2574 4150 2672 4204 pro
2703 4134 2847 4188 idolo
2870 4172 2884 4197 ,
2925 4133 3060 4190 .dum
3089 4135 3172 4189 bis
3213 4149 3320 4189 non
3349 4133 3518 4189 uteris
3543 4141 3603 4186 ut
3630 4131 3793 4186 domi-

2228 4243 2348 4293 nus,
2380 4228 2473 4283 sed
2500 4244 2564 4284 ea
2592 4227 2870 4284 recondita
2896 4207 3227 4284 custodis‘ut
3253 4221 3458 4283 servus.

1929 4406 2197 4469 SERMO
2241 4407 2396 4470 CIV.

547 4491 842 4573 Increpatio
867 4499 937 4557 ad
965 4503 1157 4559 alebem
1209 4513 1257 4560 et
1287 4506 1349 4560 de
1371 4523 1428 4561 eo
1454 4506 1591 4577 quod
1620 4507 1696 4560 ait
1724 4505 2005 4632 Dominuls:
2055 4507 2330 4633 Quiéiabqt
2354 4553 2370 4576 ,
2400 4513 2607 4564 dabitur
2637 4527 2705 4577 ei,
2737 4526 2861 4563 unc.
2888 4525 2976 4564 vn.
3010 4517 3082 4561 et
3105 4506 3424 4560 enatavimus
3443 4503 3603 4568 vobis,
3627 4511 3672 4556 et
3697 4517 3787 4556 non

1868 4589 2124 4633 satastts.
2214 4591 2344 4633 alti.
2378 4598 2431 4633 χι
2462 4591 2506 4633 η.

1868 4589 2124 4648 sattastis,
2153 4589 2344 4635 Matth.
2378 4598 2431 4635 x1
2462 4591 2506 4634 η.

1981 4669 2371 4726 ΑῡΜΟΝΙΤΙΟ.

613 4764 772 4844 661
801 4761 1110 4844 Ιηῄνριυειίε
1135 4762 1660 4844 codicibusmsanct'e
1686 4760 1871 4844 (Erucis
1900 4764 1953 4818 in
1979 4762 2274 4844 Jerusalem
2299 4808 2313 4830 ,
2351 4765 2420 4819 90
2449 4783 2594 4844 nunt.
2624 4768 2712 4830 40,
2735 4774 2789 4822 et
2817 4765 3062 4844 99__nur_n.
3080 4763 3182 4844 _8t,
3215 4779 3279 4819 ac
3299 4770 3561 4844 praeterea
3591 4762 3649 4844 in
3675 4762 3782 4814 Ain-

546 4832 811 4906 ιηοίῐείιηῖοΔ
829 4842 883 4887 et
913 4832 1270 4888 Laurentiano
1299 4834 1525 4906 l0_Pﬁlut.
1556 4850 1670 4906 xiv,
1697 4833 2334 4906 hicsermo,_e_t_titulum
2361 4853 2518 4905 quem
2545 4839 2754 4906 damus,
2785 4845 2841 4892 et
2879 4834 3095 4890 Maximi
3122 4832 3320 4890 nomen
3340 4832 3578 4903 praefert.
3611 4832 3786 4898 Quam-

550 4905 733 4955 obrem
766 4903 881 4970 ejus
917 4913 1191 4957 auctorem
1226 4920 1334 4958 non
1365 4904 1524 4958 fuisse
1555 4903 1912 4965 Ambrosium,
1945 4904 2040 4958 sed
2069 4904 2356 4960 Maximum
2379 4903 2700 4976 judicamus.

552 5016 937 5097 Aacnurzaruu.
969 5049 1040 5060 ο-
1060 5019 1388 5140 διιρετῦγιηιηι
1417 5020 1548 5088 forte
1574 5027 1679 5083 est,
1721 5020 1884 5100 inquit
1921 5026 2126 5072 sanctus
2156 5032 2210 5092 D
2237 5038 2342 5074 non
2371 5022 2580 5090 elargiri
2603 5023 2795 5092 saepius
2816 5037 3124 5078 sermonum
3145 5020 3440 5076 caelestium
3461 5024 3788 5073 sacramenta.
3837 5055 3840 5058 -

625 5085 917 5140 Maximus.
949 5091 1179 5140 inaerere
1257 5091 1414 5140 omini
1442 5089 1608 5140 noculi
1640 5089 2055 5140 nrtedicationem
2080 5091 2126 5140 ei
2233 5111 2507 5140 e:,...:,.,....
2539 5114 2669 5140 ..ειη
2693 5109 2865 5140 ....,..':.
2898 5113 3090 5140 hic“-..
3119 5111 3313 5140 “cui-
3346 5110 3616 5140 -M..-.....:
3642 5117 3690 5140 ο.
3711 5122 3791 5140 ηη-

625 5085 679 5137 Μ
684 5087 917 5158 animus,
949 5085 1179 5157 ingerere
1207 5085 1426 5142 Domini
1442 5089 1608 5158 poculi
1639 5085 2055 5158 prtedicationcm
2080 5091 2126 5142 ei

625 5157 709 5223 qui
747 5155 952 5210 Domini
987 5155 1289 5211 mandatum
1331 5155 1485 5212 corde
1523 5155 1871 5212 non'retinct.
1932 5158 2129 5212 Deinde

624 5226 835 5300 laudata
857 5243 964 5300 suc.
991 5227 1193 5300 Script_._
1209 5229 1498 5300 testimonia
1519 5230 1748 5300 exponit,
1782 5238 2131 5300 postremoque

624 5298 826 5418 (reatbam
875 5296 1098 5350 Mariam
1156 5297 1411 5368 Virginem
1455 5314 1563 5351 esse
1586 5296 1788 5352 Arcam
1820 5296 2131 5353 Testame'nti

626 5383 726 5418 scr:
763 5376 822 5418 tt.

626 5376 822 5421 scribit.

626 5482 958 5551 Frequenter
1002 5482 1308 5537 studueram
1355 5480 1493 5552 apud
1542 5496 1626 5534 me
1677 5481 1846 5549 ipsum
1873 5520 1888 5544 ,
1919 5481 2131 5547 fratres,

555 5575 870 5629 subtrahere
899 5575 1050 5629 vobis
1077 5575 1355 5628 dominica:
1386 5571 1778 5640 praedicationis
1806 5571 2038 5639 eloquia,
2070 5587 2134 5625 ac

623 5717 653 5829 ἱ
697 5709 921 5788 vulgata
957 5710 1080 5775 legit
1126 5724 1264 5761 vers.
1317 5705 1403 5771 17,
1450 5703 1736 5758 Cecinimus
1766 5704 1938 5770 vobis,
1968 5713 2016 5757 et
2039 5721 2139 5758 non

646 5787 813 5829 lastis.

563 5787 813 5830 sattastis.

2233 5111 2508 5182 Siquidem
2539 5114 2672 5168 nihil
2693 5109 2870 5183 proSit
2896 5113 3091 5169 offerre
3119 5111 3314 5182 pabula
3346 5110 3618 5166 recusanti
3642 5117 3692 5163 et
3711 5122 3791 5177 ρος

2235 5212 2346 5256 tum
2391 5205 2664 5273 porrigere
2704 5205 2922 5258 minime
2951 5203 3152 5259 sitienti
3178 5243 3193 5268 ,
3225 5217 3345 5257 cum
3377 5201 3429 5255 id
3456 5200 3600 5270 quod
3626 5198 3792 5252 offerat

2238 5311 2346 5348 non
2379 5302 2485 5348 tam
2516 5295 2746 5348 libenter
2777 5295 3011 5359 hauriat,
3040 5309 3202 5364 quam
3229 5292 3508 5347 fastidiose
3537 5291 3677 5346 velut
3703 5299 3791 5340 tur-

2234 5386 2508 5440 bulentum
2538 5386 2758 5450 reddat;
2803 5398 2963 5456 atque
2993 5388 3065 5440 ita
3095 5388 3154 5439 fit
3181 5385 3209 5423 λ
3243 5393 3300 5440 ιιι
3335 5385 3516 5455 poculi
3545 5382 3791 5438 sinceritas

2237 5479 2472 5542 vitietur,
2523 5485 2578 5530 et
2623 5487 2810 5532 cauSas
2857 5477 3036 5531 delicti
3086 5476 3390 5531 fastidiosus
3425 5483 3639 5545 potator
3664 5475 3789 5526 inve-

2243 5572 2372 5625 niat.
2424 5572 2513 5628 Sic
2560 5588 2688 5641 ergo
2729 5582 2783 5628 et
2811 5575 3023 5628 caritati
3069 5581 3260 5627 vestrae
3300 5572 3546 5639 ingerere
3572 5564 3787 5626 dominici

2319 5707 2345 5745 ι’
2383 5706 2514 5762 Cod.
2552 5709 2616 5763 10
2645 5708 2783 5764 Plut.
2817 5727 2905 5764 ιιν
2934 5709 3210 5774 Laurent.,
3240 5717 3363 5762 utet
3387 5710 3582 5780 pepuli.
