4052 6330
192 372 292 424 ’157

1601 363 1828 421 SERMO
1864 363 1993 418 CIV.

3355 361 3460 422 758

151 496 154 498 '
189 483 368 556 poculi
414 480 847 552 prazdicationetn
894 479 1031 534 forte
1076 478 1401 550 superfluum
1430 485 1531 542 est,
1564 495 1685 533 cum
1718 479 1770 532 id
1799 481 1848 540 Α
1876 476 2154 532 ridiculam
2181 483 2362 545 putat,
2418 477 2496 533 sic
2523 479 2598 532 ait
2625 478 2914 548 Apostolus
2949 497 2959 532 :
3006 479 3261 535 Animalia
3289 495 3459 538 autem

189 575 366 630 anima
415 581 591 628 vestra
639 572 835 626 clausis
879 572 1173 626 visceribus
1215 587 1322 626 non
1371 579 1481 624 tam
1530 571 1777 625 sitienter

188 665 436 730 hauriat,
481 679 641 734 quam
669 662 1066 718 dissimulanter
1107 661 1361 716 effundat.
1408 661 1606 715 Fundit
1633 662 1776 715 enim

188 757 502 812 mandatum
528 754 743 810 Domini
769 754 861 823 qui
889 753 1018 808 illud
1047 768 1174 808 aure
1201 769 1295 807 sua
1324 752 1581 822 percipit,
1614 751 1779 806 corde

186 862 295 904 non
324 847 540 901 retinet.
574 843 632 898 ιιι
653 840 936 914 superﬁcie
961 843 1104 897 enim
1125 842 1356 912 quadam
1381 841 1625 911 corporis
1649 839 1779 894 illud

187 945 439 1008 gestans,
473 951 537 990 ac
563 935 784 990 minime
812 933 881 988 ad
911 934 1166 988 interiora
1198 934 1598 998 transmittens,
1630 931 1776 1001 quod

187 1029 410 1097 audivit,
432 1028 562 1083 dum
587 1027 938 1092 obliviscitur,
969 1027 1163 1082 seriem
1184 1026 1580 1096 prazdicationis
1609 1024 1778 1081 effun-

188 1121 285 1186 dit,
318 1126 375 1176 et
403 1119 476 1173 ita
507 1117 724 1174 domum
751 1133 952 1173 vacuus
979 1117 1228 1188 repedat,
1272 1118 1364 1186 qui
1392 1117 1461 1172 de
1496 1117 1720 1172 ecclesia
1752 1127 1778 1154 σι

190 1216 420 1266 onustus
449 1208 672 1263 exierat.
725 1207 897 1262 Dicite
925 1208 1070 1261 enim
1111 1207 1240 1261 mihi
1259 1248 1273 1272 ,
1308 1207 1334 1245 δ
1361 1208 1480 1276 quis
1507 1207 1576 1263 de
1602 1208 1774 1268 vobis,

187 1316 313 1357 cum
362 1298 431 1353 ad
480 1299 769 1370 hospitium
810 1298 1064 1366 redierit,
1098 1299 1245 1365 dicit,
1277 1298 1451 1355 Hodie
1481 1301 1780 1356 audivimus

186 1393 501 1464 episcopum
543 1391 610 1446 de
651 1391 1006 1463 eleemosynis
1033 1392 1416 1462 disputantem,
1447 1408 1562 1447 rem
1592 1393 1778 1448 utilem

185 1483 495 1554 praedicavit
520 1519 535 1547 ,
564 1481 822 1537 debemus
857 1483 1179 1552 pauperibus
1206 1483 1467 1538 misereri.
1518 1483 1780 1540 Prosecu-

187 1587 271 1632 tus
299 1573 464 1630 etiam
496 1584 580 1630 est
607 1574 673 1629 de
701 1575 969 1630 idolorum
991 1576 1323 1631 exsecranda
1343 1577 1570 1643 cultura,
1600 1579 1782 1647 requi-

186 1681 372 1722 ramus
418 1680 487 1720 ne
515 1665 890 1734 ignorantibus
919 1665 1074 1721 nobis
1115 1667 1170 1720 in
1199 1667 1542 1737 possessione
1595 1677 1777 1722 nostra

185 1759 258 1811 sit
289 1755 515 1810 idolum.
565 1754 860 1811 Admonuit
903 1757 1065 1810 etiam
1108 1756 1364 1812 festinare
1393 1757 1590 1812 debere
1627 1765 1777 1812 cate-

1878 567 2028 621 homo
2059 583 2162 620 non
2183 567 2399 637 percipit
2425 584 2538 638 qua
2567 579 2685 622 sunt
2713 571 2925 639 spiritus
2957 569 3013 640 (Ι
3037 569 3156 625 Cor.
3189 571 3228 642 ι)
3260 591 3274 625 :
3329 575 3460 628 stul-

1880 657 1994 712 titia
2021 657 2162 712 enim
2193 665 2275 712 est
2312 657 2406 711 illi.
2465 659 2593 714 Tale
2625 661 2768 715 enim
2795 669 2877 716 est
2903 662 2967 716 iis
2995 663 3287 734 praedicare
3314 667 3460 734 quod

1878 747 2177 818 perfectum
2207 758 2318 813 est,
2379 749 2537 817 quale
2577 751 2622 805 si
2650 751 2952 807 mendicum
2991 755 3182 825 pannis
3210 758 3462 812 obrutum

1881 840 2184 895 holoseriea
2232 841 2364 897 velis
2412 841 2632 897 induere
2655 885 2670 909 ,
2726 852 2781 898 et
2831 846 3156 902 esurientem
3204 851 3463 906 rusticum

1879 933 2128 1004 placento
2147 933 2417 990 delectare
2445 953 2456 988 :
2490 951 2709 991 necesse
2732 945 2815 992 est
2829 947 2886 992 ut
2913 939 2981 994 ab
3003 948 3230 1011 utroque
3259 942 3357 996 ista
3380 959 3464 998 re-

1879 1031 2101 1080 cusetur
2148 1025 2368 1078 oblatio.
2419 1025 2497 1079 Illi
2545 1027 2687 1080 enim
2734 1027 2980 1097 displicet
3024 1031 3342 1096 holoserica,
3375 1034 3466 1102 qui

1881 1115 2182 1170 necessaria
2232 1116 2401 1183 magis
2427 1115 2611 1184 frigori
2654 1118 2968 1173 vestimenta
3007 1120 3311 1192 desiderat;
3342 1125 3466 1181 huic

1878 1205 2183 1275 placentum
2235 1221 2475 1261 amarum
2502 1250 2517 1276 ,
2565 1209 2692 1263 dum
2737 1225 2914 1265 escam
2960 1213 3129 1283 magis
3171 1216 3468 1272 saturitatis

1879 1296 2132 1364 exquirit.
2198 1295 2316 1352 Istis
2359 1311 2488 1366 ergo
2527 1301 2770 1368 personis
2810 1301 3094 1358 auferenda
3138 1308 3315 1375 potius
3343 1319 3467 1364 sunt

1880 1401 2000 1455 quae
2027 1402 2122 1442 sua
2151 1395 2305 1452 sunt,
2352 1388 2492 1443 sicut
2519 1389 2594 1443 ait
2618 1387 2964 1459 Evangelium
2991 1410 3003 1444 :
3048 1392 3226 1448 Etiam
3258 1398 3313 1450 id
3333 1399 3468 1469 quod

1881 1479 2030 1532 habet
2059 1481 2321 1551 auferetur
2357 1479 2422 1532 ab
2448 1496 2508 1534 eo
2540 1478 2750 1552 (Matth.
2788 1481 2914 1552 xxv)
2943 1501 2954 1536 :
2980 1483 3083 1540 hoc
3111 1494 3195 1540 est
3219 1529 3234 1553 ,
3265 1504 3464 1557 cogen-

1882 1569 1982 1624 dus
2042 1569 2337 1625 fornicator
2396 1587 2605 1640 pannos
2649 1588 2758 1628 sua:
2806 1575 3171 1645 corruptionis
3214 1577 3466 1647 abjicere,

1879 1660 2280 1730 compellendus
2323 1677 2517 1717 avarus
2561 1672 2645 1718 est
2684 1680 2877 1734 panem
2908 1682 3017 1721 suae
3043 1669 3348 1738 cupiditatis
3379 1688 3469 1727 ex-

1879 1766 2104 1822 ponere.
2157 1751 2366 1809 Vereor
2410 1763 2590 1809 autem
2613 1796 2628 1822 ,
2660 1755 2853 1812 fratres
2874 1798 2889 1822 ,
2933 1773 2999 1814 ne
3028 1760 3142 1816 hmo
3165 1763 3468 1830 evangelica

185 1849 512 1902 υιιιιωειιιιω
548 1857 572 1887 c
613 1847 681 1901 ad
728 1848 953 1916 gratiam
1002 1848 1097 1903 Dei
1121 1889 1136 1913 ,
1181 1847 1470 1904 oneramus
1511 1848 1781 1905 familiam
1809 1855 1856 1917 Β
1884 1842 2042 1898 lectio
2065 1843 2336 1914 plerisque
2373 1846 2440 1901 de
2471 1847 2624 1903 vobis
2653 1860 2946 1918 congruat,
2983 1867 3103 1921 qua:
3131 1853 3243 1906 ait:
3278 1853 3469 1909 Cantas

187 1946 419 2007 nostrai,
449 1947 510 1993 ut
564 1937 720 1994 fidem
761 1939 1004 2008 quisquis
1031 1948 1114 1995 est
1141 1937 1312 1995 fidelis
1338 1940 1588 2010 accipiat,
1619 1941 1781 2013 662

188 2046 257 2085 ne
285 2029 428 2085 forte
456 2031 593 2085 ratio
623 2030 810 2085 salutis
838 2045 1024 2085 eorum
1053 2030 1360 2099 requiratur
1383 2046 1414 2084 a
1443 2031 1628 2095 nobis,
1656 2032 1783 2101 quia

188 2123 298 2175 vita
328 2137 516 2177 eorum
551 2129 738 2176 nostro
766 2122 968 2192 pendet
995 2122 1238 2178 arbitrio.
1281 2123 1450 2178 Nemo
1474 2124 1541 2178 de
1567 2123 1660 2178 Dei
1693 2140 1782 2179 re-

188 2211 291 2270 bus
319 2212 551 2282 eogitat,
597 2228 756 2268 nemo
785 2211 855 2268 de
881 2213 969 2268 die
991 2213 1179 2282 judicii
1216 2213 1474 2283 loquitur,
1511 2215 1664 2284 quasi
1693 2221 1785 2270 aut

193 2304 221 2343 ἀ
249 2321 351 2377 per
395 2285 575 2360 omnia
603 2305 793 2361 victuri
817 2346 832 2371 ,
879 2315 973 2360 aut
998 2321 1096 2376 per
1123 2307 1304 2361 omnia
1331 2307 1600 2361 morituri.
1656 2307 1784 2361 Mihi

189 2395 396 2453 credite
420 2438 436 2464 ,
489 2396 563 2451 ita
608 2396 838 2451 vivimus
863 2396 915 2450 in
941 2396 1046 2452 hoc
1072 2396 1269 2452 saeculo
1291 2439 1306 2463 ,
1336 2405 1395 2451 ut
1415 2412 1644 2467 corpore
1668 2412 1785 2452 mo-

189 2487 434 2551 riamur;
485 2485 560 2540 ita
599 2485 958 2552 morimur,ut
983 2485 1181 2540 rationi
1207 2485 1490 2541 reddendae
1512 2487 1778 2542 vivamus.

187 2578 425 2634 Moritur
445 2577 660 2632 iuterim'
689 2578 851 2632 homo
869 2617 884 2642 ,
915 2577 1010 2632 sed
1044 2586 1260 2632 actuum
1283 2591 1444 2632 causa
1475 2593 1584 2632 non
1613 2577 1782 2633 mori-

188 2678 282 2724 ιω·
306 2687 320 2722 ε
352 2669 567 2724 vivente
593 2676 776 2723 autem
797 2683 958 2724 causa
973 2708 988 2734 ν
1027 2682 1251 2722 necesse
1284 2675 1369 2722 est
1391 2676 1451 2721 ιιι
1479 2682 1652 2722 causae
1674 2683 1784 2722 sua:

188 2779 428 2834 persona
457 2779 566 2818 non
599 2762 768 2830 desit,
799 2762 938 2817 sicut
963 2761 1039 2815 ait
1063 2761 1330 2831 propheta
1354 2778 1366 2814 :
1399 2759 1534 2814 Ecce
1564 2760 1712 2814 homo
1735 2769 1785 2814 et

187 2871 351 2925 opera
377 2855 511 2925 ejus.
563 2853 849 2908 Volueram
896 2865 1026 2920 ergo
1071 2851 1389 2906 subtrahere
1434 2850 1587 2905 vobis
1606 2849 1782 2904 domi-

189 2945 328 3001 nicae
357 2944 752 3015 przedicationis
777 2942 987 3012 eloquia
1007 2984 1023 3010 ,
1064 2957 1171 2997 non
1201 2939 1346 3010 quod
1377 2940 1544 2994 iratus
1568 2940 1671 2995 hoc
1699 2939 1780 2993 fa-

189 3051 374 3092 cerem
399 3077 414 3103 ,
463 3035 558 3091 sed
603 3042 662 3088 ut
688 3033 1052 3100 evangelicam
1090 3031 1410 3087 sententiam
1433 3029 1779 3085 custodirem.

188 3130 286 3184 Ait
315 3129 458 3184 enim
487 3127 742 3182 Dominus
769 3143 780 3178 :
817 3124 918 3189 Qui
947 3125 1127 3190 habet,
1155 3123 1362 3178 dabitur
1381 3123 1461 3186 ei,
1489 3131 1538 3175 et
1564 3121 1648 3191 qui
1677 3137 1782 3174 non

1882 1929 2045 1987 vimus
2073 1933 2231 2001 vobis,
2255 1945 2304 1989 et
2328 1953 2431 1991 non
2445 1937 2674 1993 saltastis
2689 1957 2708 2005 ;
2733 1939 3200 2008 lamentanimus,et
3221 1962 3322 1999 non
3351 1947 3468 2017 pto-

1885 2029 2036 2081 rastis
2068 2027 2216 2098 (Luc.
2249 2030 2366 2099 vn).
2417 2029 2810 2088 Annuutiamus
2839 2047 2974 2102 ergo
2996 2035 3148 2092 vobis
3185 2039 3336 2105 regni
3363 2055 3467 2094 ca:-

1882 2119 2032 2174 lestis
2058 2121 2327 2189 gaudium,
2351 2131 2405 2177 et
2426 2123 2648 2178 minime
2669 2125 2831 2179 corda
2856 2134 3031 2181 vestra
3059 2137 3208 2183 motu
3237 2131 3467 2198 quodam

1883 2209 2178 2290 alacritatis
2209 2212 2496 2268 exsultant.
2534 2224 2556 2251 ο
2590 2213 3001 2274 Prmdicavimus
3019 2219 3173 2274 triste
3188 2219 3466 2291 judicium,

1883 2309 1939 2355 et
1985 2316 2172 2356 sensus
2217 2304 2382 2357 vestri
2427 2304 2494 2358 ad
2540 2306 2911 2374 paenitentiam
2957 2309 3010 2364 in
3057 2310 3320 2383 lacrymas
3360 2331 3466 2370 non

1883 2401 2259 2464 prorumpunt.
2301 2395 2635 2453 inﬁdelitatis
2678 2399 2823 2454 enim
2866 2415 3033 2469 genus
3071 2411 3153 2458 est
3191 2405 3245 2458 in
3273 2405 3466 2462 divinis

1881 2487 2042 2542 rebus
2088 2504 2188 2544 nec
2235 2490 2466 2557 gaudere
2510 2495 2813 2564 prosperis,
2863 2511 2964 2551 nec
2999 2495 3128 2552 ﬂere
3155 2499 3461 2555 contrariis.

1881 2576 2235 2634 Saltationem
2262 2595 2390 2646 ergo
2417 2597 2450 2636 a
2474 2583 2626 2639 vobis
2654 2585 2879 2664 requirit
2901 2585 3159 2642 Dominus
3183 2630 3199 2656 ,
3229 2605 3336 2644 non
3361 2591 3465 2645 uti-

1883 2682 1987 2735 que
2014 2667 2216 2741 sjnuosi
2245 2670 2636 2728 volubilitatem
2665 2676 2926 2743 corporis,
2955 2676 3050 2731 sed
3071 2678 3382 2734 cxtollentis
3408 2696 3465 2735 se

1884 2757 2007 2813 fidei
2033 2760 2390 2815 sanctitatem.
2435 2745 2586 2817 Sicut
2615 2763 2758 2817 enim
2788 2764 2879 2832 qui
2909 2766 3262 2836 corporaliter
3287 2757 3467 2834 saltat,

1884 2866 2026 2906 nunc
2072 2852 2126 2906 in
2174 2867 2302 2908 aere
2330 2853 2688 2924 suspenditur.
2739 2872 2881 2912 nunc
2908 2857 2977 2912 ad
2999 2858 3190 2913 altiora
3211 2859 3468 2928 jactatur,

1884 2957 2026 2996 nunc
2053 2942 2275 2999 alternis
2303 2944 2528 3000 saltibus
2555 2945 2673 3001 loca
2714 2946 2924 3002 diversa
2967 2948 3278 3015 collustrat;
3311 2951 3383 3004 ita
3412 2961 3468 3006 et

1881 3035 1975 3104 qui
1998 3035 2351 3106 spiritualiter
2395 3038 2594 3104 saltat,
2643 3039 3036 3097 interveniente
3064 3040 3197 3108 fide,
3224 3043 3387 3099 modo
3416 3045 3467 3100 iu

1883 3126 2021 3182 aeris
2049 3126 2429 3184 sublimitatem
2456 3128 2692 3199 erigitur,
2732 3130 2894 3187 modo
2921 3130 2988 3186 ad
3019 3131 3251 3186 siderum
3280 3134 3468 3190 altiora

189 3223 370 3291 habet,
393 3223 449 3276 id
462 3221 597 3292 quod
612 3219 762 3273 habet
774 3221 1035 3292 auferetur
1061 3217 1126 3270 ab
1148 3235 1207 3272 eo
1224 3215 1434 3290 (Matth.
1459 3230 1586 3281 xxv,
1605 3211 1778 3268 Marc.
1805 3221 1852 3283 ο
1887 3217 1907 3258 ί
1942 3221 2165 3286 tollitur,
2196 3222 2360 3293 665
2382 3222 2544 3278 modo
2583 3223 2810 3278 diversis
2835 3219 3223 3292 cogitationum
3247 3220 3467 3281 saltibus

188 3311 532 3383 Iv).Habenti
561 3323 689 3380 ergo
702 3309 816 3365 dari
832 3310 1014 3380 jussit,
1038 3319 1218 3364 etnon
1233 3307 1450 3361 habenti
1476 3322 1584 3360 non
1608 3305 1781 3361 solum

188 3423 308 3462 non
325 3403 464 3473 dari,
479 3403 575 3459 sed
591 3404 753 3458 etiam
775 3401 826 3456 id
842 3399 990 3471 quod
1004 3400 1166 3454 habet
1186 3398 1403 3452 auferri.
1419 3395 1548 3463 Quae
1567 3403 1784 3451 senten-

187 3501 271 3555 tia
286 3496 555 3569 superllua
567 3496 789 3551 forsitan
804 3495 956 3550 vobis
965 3494 1176 3549 videtur
1197 3509 1212 3558 ;
1241 3505 1343 3561 ego
1355 3499 1534 3545 autem
1545 3490 1666 3545 dico
1692 3503 1782 3543 re-

187 3603 286 3650 cte
324 3608 389 3648 ac
410 3591 682 3662 sapienter
714 3588 995 3644 Dominum
1027 3585 1365 3657 prrecepisse.
1399 3582 1627 3637 Habenti
1655 3595 1784 3649 ergo

185 3682 562 3755 iubeturdari.
593 3681 825 3736 Meretur
849 3680 1009 3750 plane
1029 3676 1390 3746 accipere,qui
1412 3676 1486 3729 ita
1501 3674 1782 3738 laboravit,

188 3784 260 3830 ut
279 3773 498 3845 propria
527 3769 882 3826 sollicitudine
909 3767 1102 3821 animae
1130 3781 1238 3821 sua:
1253 3764 1468 3819 divitias
1483 3763 1787 3834 spirituales

185 3865 540 3935 acquireret:
573 3871 632 3916 ut
655 3868 814 3932 putas
838 3859 958 3929 quis
985 3856 1329 3914 continentia:
1355 3855 1479 3910 forti
1508 3853 1787 3924 proposito

185 3955 365 4026 coepit
394 3951 725 4009 castimoniae
745 3948 1017 4005 custodire
1036 3947 1312 4013 virtutem,
1345 3953 1584 3999 meretur
1603 3942 1787 3997 audire

186 4061 318 4116 qua:
348 4043 608 4100 castitatis
635 4040 998 4096 remuneratio
1026 4040 1093 4093 sit
1124 4037 1333 4102 futura,
1389 4045 1448 4091 ut
1474 4036 1542 4090 ad
1571 4036 1784 4090 virtutis

187 4135 596 4193 observantiam
625 4132 824 4188 addens
871 4129 1316 4186 remunerationis
1361 4127 1616 4197 gloriam,
1667 4125 1790 4180 faci-

188 4231 301 4285 lius
325 4227 500 4300 possit
525 4241 756 4298 pugnam
783 4240 942 4296 quam
963 4224 1125 4294 cmpit
1143 4229 1394 4276 atterere.
1429 4220 1577 4274 Alius
1597 4217 1664 4272 ad
1688 4218 1788 4272 mi-

185 4319 550 4379 sericordiam
575 4325 858 4388 promptus
884 4315 1045 4371 debet
1077 4313 1264 4368 audire
1315 4311 1440 4382 quia
1470 4310 1571 4380 ipsi
1618 4309 1785 4364 mise-

185 4415 409 4472 rebitur
435 4411 614 4476 Deus;
645 4419 700 4465 et
727 4409 820 4479 qui
847 4409 987 4463 hanc
1011 4415 1279 4462 terrenam
1299 4402 1648 4460 substantiam
1679 4417 1788 4458 cte-

186 4507 427 4565 lestibus
447 4503 647 4558 divitiis
676 4501 978 4572 repensavit
995 4541 1010 4566 ,
1039 4513 1260 4553 necesse
1283 4504 1367 4551 est
1395 4503 1453 4549 ut
1482 4495 1787 4549 auscultans

1885 3311 2191 3381 paradisum
2225 3312 2525 3380 cmlumque
2549 3312 2848 3368 collustrat.
2897 3311 2965 3366 Et
2993 3312 3130 3367 sicut
3155 3313 3245 3382 qui
3274 3329 3467 3384 corpo-

1884 3401 2071 3456 raliter
2097 3401 2294 3467 saltat,
2318 3401 2654 3456 volubilitate
2693 3401 3057 3457 membrorum
3091 3417 3151 3456 se
3186 3417 3464 3468 exercens,

1884 3507 2074 3566 gyrum
2101 3494 2202 3550 sibi
2227 3494 2528 3550 saltationis
2553 3494 2801 3564 acquirit,
2824 3494 2897 3548 ita
2925 3502 2980 3549 et
3003 3495 3093 3564 qui
3120 3494 3467 3564 spiritualiter

1885 3585 2083 3653 saltat,
2134 3584 2256 3641 fidei
2287 3586 2564 3640 alacritate
2591 3600 2652 3640 se
2678 3600 2930 3652 movens,
2961 3599 3148 3656 gyrum
3176 3586 3275 3640 sibi
3304 3587 3468 3644 totius

1887 3677 2036 3731 orbis
2056 3677 2297 3732 assumit.
2331 3676 2540 3731 Saltent
2569 3684 2744 3730 autem
2772 3675 3037 3741 homines,
3063 3675 3199 3730 sicut
3218 3693 3334 3732 mos
3362 3686 3466 3748 est,

1888 3767 1943 3822 in
1987 3767 2097 3822 suis
2126 3766 2264 3822 votis
2286 3806 2300 3830 ,
2352 3766 2454 3821 hoc
2501 3773 2586 3820 est
2631 3765 2830 3835 nuptiis
2868 3766 3137 3835 praecipue
3166 3768 3363 3823 saltare
3385 3770 3468 3827 vel

1887 3873 2118 3922 canere,
2166 3857 2305 3912 unde
2352 3864 2407 3910 et
2452 3872 2552 3911 nos
2597 3855 2858 3910 habemus
2904 3855 3110 3910 votivas
3138 3858 3380 3926 nuptias,
3414 3858 3468 3914 in

1887 3949 2082 4019 quibus
2110 3949 2307 4004 saltare
2334 3948 2420 4004 vel
2449 3963 2645 4003 canere
2673 3946 2984 4002 debeamus.
3035 3946 3174 4002 Vota
3199 3949 3343 4003 enim
3367 3965 3466 4004 no-

1887 4049 1998 4096 SIra
2026 4040 2385 4105 celebrantur,
2416 4037 2630 4108 quando
2657 4036 2870 4092 Christo
2899 4036 3136 4094 Ecclesia
3167 4041 3466 4109 copulatur,

1886 4131 2028 4187 sicut
2065 4131 2139 4185 ait
2182 4129 2449 4186 Joannes:
2501 4126 2601 4194 Qui
2647 4129 2797 4182 habet
2822 4146 3095 4198 sponsam,
3143 4148 3358 4202 sponsus
3397 4142 3471 4186 est

1891 4223 2069 4294 (Joau.
2093 4224 2191 4292 ιιι).
2231 4221 2459 4292 Propter
2483 4222 2578 4276 has
2601 4235 2728 4290 ergo
2755 4222 2968 4291 nuptias
2995 4222 3191 4277 saltare
3222 4239 3321 4278 nos
3349 4239 3471 4278 eon-

1889 4315 2055 4369 venit.
2088 4313 2362 4383 Siquidem
2390 4312 2554 4367 David
2585 4328 2681 4366 rex
2709 4313 2910 4382 pariter
2944 4321 2999 4367 et
3017 4313 3303 4384 propheta,
3337 4312 3465 4366 dum

1889 4407 2054 4461 multa
2081 4406 2373 4469 cecinerit,
2416 4413 2541 4459 ante
2588 4419 2769 4458 arcam
2808 4405 3128 4458 testamenti
3167 4405 3328 4458 etiam
3360 4405 3467 4457 sal-

1891 4510 2034 4555 tasse
2079 4499 2285 4554 dicatur
2334 4495 2423 4565 (II
2457 4495 2582 4567 Reg.
2615 4494 2708 4565 νι).
2768 4493 2954 4548 Elatus
2994 4495 3135 4548 enim
3175 4493 3369 4561 gaudio
3416 4494 3470 4547 in

195 4596 605 4655 vicissitudines
633 4591 929 4649 cwlestium
945 4589 1283 4660 prtemiorum
1301 4587 1600 4657 promptior
1629 4599 1692 4638 ac
1718 4583 1784 4636 Ιί-
1812 4596 1862 4654 D
1889 4589 2231 4645 saltationem
2280 4585 2543 4656 prorupit.
2611 4582 2948 4637 Prmvidebat
2991 4583 3131 4636 enim
3179 4585 3233 4636 in
3279 4583 3469 4652 spiritu

183 4692 419 4748 beatior
460 4703 594 4759 opus
623 4684 832 4740 Domini
860 4687 1247 4752 prosequatur,
1305 4685 1360 4731 et
1383 4677 1448 4730 ad
1479 4675 1781 4729 misericor-

183 4787 304 4840 dim
343 4779 491 4851 quod
533 4779 696 4834 habet
731 4777 930 4831 bonum
976 4770 1238 4840 largitatis
1281 4767 1441 4822 addat
1493 4778 1785 4832 augumen-

180 4888 313 4930 tum
343 4890 354 4925 ;
387 4871 508 4925 ideo
535 4870 609 4923 ait
628 4867 883 4934 Dominus
907 4882 919 4917 ;
951 4865 1034 4934 qui
1056 4859 1206 4914 habet
1227 4858 1429 4912 dabitur
1457 4859 1524 4921 ei,
1555 4857 1657 4910 hoc
1684 4863 1784 4919 est,

177 4967 288 5036 qui
323 4963 476 5018 dives
505 4961 663 5016 fuerit
685 4959 841 5013 bonis
868 4953 1141 5027 operibus,
1172 4953 1259 5008 hic
1286 4951 1457 5019 magis
1484 4949 1790 5018 evangelica

177 5054 586 5128 praedicatione
632 5051 846 5106 ditetur.
900 5046 1165 5102 Caeterum
1203 5045 1250 5100 si
1296 5043 1605 5098 fornicatori
1656 5056 1791 5110 pne-

177 5150 352 5204 dices
377 5145 538 5217 663
569 5150 626 5198 et
647 5142 795 5197 dicas
822 5140 966 5210 quod
993 5139 1144 5208 virgo
1172 5137 1331 5192 debet
1357 5148 1704 5206 permanere;
1737 5141 1793 5188 et

177 5254 374 5296 avaro
392 5277 408 5303 ,
450 5235 593 5306 quod
622 5234 802 5290 omnia
833 5247 929 5287 sua
957 5231 1258 5286 distrahere
1282 5228 1476 5284 debeat
1506 5233 1665 5294 atque
1691 5225 1790 5280 do-

179 5344 370 5396 nare,
418 5327 641 5383 stultitia
685 5325 760 5380 illi
789 5331 890 5380 est.
949 5321 1098 5377 Hanc
1137 5329 1316 5377 autem
1359 5316 1791 5388 pmdicationem

279 5522 314 5551 ⁸
350 5509 483 5567 Cod.
516 5509 796 5574 Laurent.,
826 5502 1282 5576 injustusexierat.

273 5583 312 5624 ι’
349 5582 493 5638 Idem
518 5581 639 5636 cod.
671 5569 964 5644 Laurent,
983 5573 1094 5644 quis
1120 5571 1183 5644 de
1203 5569 1381 5623 vestris
1405 5583 1539 5644 cum,
1573 5573 1678 5644 etc.

277 5665 307 5692 α
351 5635 609 5711 δόὸἆξδ.
642 5647 828 5704 Crucis
857 5646 909 5700 in
939 5635 1048 5697 Jer.
1079 5649 1134 5695 et
1161 5638 1411 5693 Laurent.
1445 5636 1530 5702 10,
1567 5635 1636 5688 ad
1668 5650 1790 5705 gra-

185 5729 344 5782 tiam
374 5723 514 5793 fidei.

269 5776 429 5846 alta
459 5793 578 5848 cod.
609 5792 664 5846 S.
705 5788 891 5844 Crucis
935 5785 986 5838 in
1019 5781 1151 5848 Jer.,
1186 5797 1273 5850 per
1299 5780 1473 5834 omnia
1497 5776 1674 5830 victuri
1705 5791 1795 5828 su-

1889 4678 2110 4732 Mariam
2139 4677 2206 4730 de
2235 4675 2475 4744 germine
2514 4689 2611 4727 suo
2640 4671 2838 4727 Christi
2877 4672 3111 4725 thalamo
3138 4672 3467 4728 sociandam.

1897 4768 2044 4823 Unde
2072 4767 2145 4820 ait
2170 4785 2182 4819 :
2227 4765 2297 4818 Et
2325 4766 2432 4836 ipse
2453 4773 2694 4834 tanquam
2717 4778 2934 4832 sponsus
2963 4748 3325 4833 procedens‘de
3355 4762 3471 4816 tha-

1891 4860 2027 4913 lamo
2056 4875 2147 4911 suo
2172 4856 2343 4920 (Paul.
2381 4854 2547 4923 xvm).
2579 4853 2704 4908 ideo
2733 4853 2846 4922 ipse
2873 4869 2984 4922 pra:
3004 4854 3212 4908 caneris
3240 4855 3471 4924 prophe-

1895 4953 2084 5007 tiarum
2113 4949 2419 5005 auctoribus
2447 4947 2565 5018 plus
2593 4945 2827 5002 cantavit
2851 4988 2866 5013 ,
2913 4945 3038 5014 quia
3066 4945 3239 5000 lmtior
3267 4947 3475 5001 cunctis

1895 5058 1992 5114 per
2013 5043 2127 5096 haec
2153 5039 2342 5109 gaudia
2371 5053 2498 5093 suos
2523 5045 2770 5108 posteros
2790 5035 3141 5106 conjugabat,
3175 5044 3230 5090 et
3257 5035 3323 5090 ad
3351 5052 3475 5105 pro—

1897 5135 2013 5207 pria
2041 5139 2167 5186 vota
2195 5129 2355 5186 solito
2384 5128 2589 5184 dulcius
2618 5128 2848 5182 invitans
2871 5170 2885 5194 ,
2924 5126 3106 5182 docuit
3133 5142 3231 5180 nos
3261 5124 3388 5194 quid
3421 5126 3475 5180 in

1899 5223 2027 5294 ipsis
2053 5220 2252 5290 nuptiis
2277 5218 2453 5273 facere
2477 5227 2500 5264 8
2531 5215 2878 5280 deberemus,
2911 5230 3034 5269 cum
3057 5214 3145 5268 ille
3174 5220 3298 5267 ante
3339 5227 3474 5281 nup-

1900 5317 2002 5371 tias
2030 5321 2175 5369 tanta
2203 5309 2561 5367 exsultatione
2587 5307 2863 5363 saltaverit
2901 5313 3028 5360 ante
3079 5318 3277 5359 arcam.
3333 5300 3473 5370 Ergo
3561 5369 3565 5373 ι

1899 5513 2169 5619 maesCod.
2197 5562 2253 5618 S.
2283 5561 2468 5616 Crucis
2499 5560 2550 5613 in
2579 5557 2713 5623 Jer.,
2744 5554 3099 5607 Prmdicamus

1975 5635 1993 5675 ί
2039 5616 2273 5704 Dterque
2301 5632 2426 5704 cod.
2449 5629 2504 5685 S.
2529 5616 2719 5704 Crucis
2743 5625 2793 5677 in
2820 5623 2954 5704 J_er;.,
2987 5616 3290 5704 sustollitur.

1975 5719 1998 5754 ε
2039 5689 2272 5761 Cod-90
2300 5704 2354 5755 S.
2387 5699 2570 5756 Crucis
2590 5698 2640 5751 in
2663 5694 2794 5748 Jer..
2827 5689 3096 5744 debeamus
