4052 6330
525 332 632 390 ’145

1746 333 1800 389 8.
1842 331 2087 390 MAXIM!
2124 333 2577 397 TAURINENSIS

3685 334 3818 399 7ι4’

526 448 1059 525 Ακαυᾳεκτ-υμς-ζη
1105 448 1446 525 Redemptoris
1486 458 1659 525 nostro
1687 449 1946 525 disjuncta
1974 466 2100 520 ope-
2129 457 2177 515 Α
2204 453 2303 511 bus
2322 455 2541 510 satiavit
2565 462 2797 525 quatuor
2823 454 2987 510 millia
3012 455 3312 523 hominum,
3355 455 3625 512 credimus
3650 456 3795 513 divi-

591 522 725 575 ratio
770 520 1051 575 divinitatis
1097 531 1146 574 et
1192 519 1531 574 humanitatis
1577 519 1956 574 consideranda
2000 519 2097 586 est,

591 598 744 663 atque
782 606 927 663 error
972 588 1269 663 Eutychetis
1303 589 1667 663 detestandus,
1696 590 2106 663 quianamtan-

591 659 771 736 tumin
800 659 1008 736 Christo
1032 659 1384 736 dogmatizare
1403 661 1691 736 __pra;sumit
1731 661 2101 736 operationem.

589 730 807 800 Copiose
854 730 1170 802 mysticeque
1209 730 1570 797 multiplicatio
1611 745 1726 784 cum
1752 730 1970 800 piscium
2001 738 2106 784 tum

589 808 780 871 septem
810 816 1004 869 panum
1031 800 1340 872 explicatur.

590 937 938 993 Altitudinem
976 937 1272 993 divinitatis
1312 952 1424 993 suae
1450 946 1506 993 et
1534 937 1956 994 misericordiam
2000 939 2105 994 hu-

519 1029 811 1094 manitatis,
843 1028 1026 1083 multis
1053 1036 1109 1084 et
1129 1029 1289 1085 variis
1316 1028 1490 1085 modis
1517 1029 1571 1084 in
1599 1028 1889 1099 Scripturis
1908 1030 2106 1085 sanctis

521 1120 777 1176 Dominus
805 1128 989 1175 noster
1013 1117 1170 1175 Jesus
1197 1118 1445 1176 Christus
1472 1119 1726 1186 ostendit,
1756 1120 2105 1190 quemadmo-

518 1212 642 1267 dum
663 1211 803 1267 solet
832 1212 884 1267 in
913 1211 1182 1283 mysteriis
1202 1217 1258 1266 et
1275 1211 1626 1267 sacramentis
1651 1228 1664 1265 :
1696 1219 1757 1266 ut
1782 1218 1839 1266 et
1859 1217 2106 1281 petentes

516 1304 805 1374 accipiant,
864 1311 920 1359 et
971 1309 1271 1374 quaerentes
1326 1302 1618 1368 inveniant,
1679 1309 1734 1357 et
1770 1300 2105 1372 pulsantibus

517 1397 805 1468 aperiatur.
833 1393 1022 1451 Omnia
1052 1395 1195 1450 enim
1221 1410 1340 1464 quae
1361 1394 1416 1449 in
1440 1394 1546 1451 hoc
1567 1393 1769 1461 mundo
1796 1393 1896 1448 sub
1936 1391 2102 1462 fragi-

518 1489 668 1545 litate
689 1498 871 1545 nostra
891 1488 1132 1544 exhibuit
1159 1487 1434 1553 miracula,
1459 1487 1615 1542 nobis
1643 1484 1950 1557 proﬁciunt.
1985 1485 2102 1541 Non

520 1583 707 1653 utique
731 1582 849 1638 sine
877 1596 1037 1637 causa
1065 1579 1297 1636 faciebat
1322 1595 1387 1635 ea
1413 1578 1691 1644 Dominus,
1714 1577 1801 1633 vel
1820 1578 1974 1647 quasi
1995 1576 2105 1633 fru-

517 1683 629 1729 stra
675 1682 733 1730 et
776 1662 1024 1728 inaniter.
1078 1670 1314 1726 Verbum
1342 1671 1437 1725 Dei
1464 1678 1547 1726 est
1574 1668 1837 1735 Christus,
1868 1668 1960 1738 qui
1995 1682 2104 1723 non

518 1764 691 1829 solum
721 1764 851 1827 solis
872 1762 1070 1828 verbis,
1102 1762 1197 1819 sed
1223 1761 1385 1818 etiam
1407 1760 1564 1816 factis
1610 1760 1849 1831 loquitur
1872 1760 2105 1815 homini-

2210 564 2292 603 na:
2330 564 2465 619 opus
2489 563 2609 604 esse
2634 548 2867 603 virtutis.
2897 547 3150 604 Attendat
3177 562 3306 617 ergo
3333 549 3591 604 sanctitas
3610 558 3795 605 vestra

2207 640 2334 710 quia
2381 640 2485 695 hoc
2510 639 2667 695 nobis
2693 638 3027 711 propositum
3052 645 3154 702 est,
3184 639 3328 708 quod
3350 653 3473 693 cum
3496 646 3677 693 vestra
3700 654 3797 695 ca-

2206 730 2366 785 ritate
2387 736 2700 797 tractemus,
2721 728 2867 798 quod
2893 727 2993 783 sibi
3015 727 3144 784 velit
3170 727 3328 797 hujus
3347 727 3427 783 rei
3454 735 3665 782 tantum
3684 744 3800 800 my-

2206 821 2445 886 sterium,
2476 820 2619 889 quod
2648 834 2715 876 eo
2741 818 2903 876 modo
2928 833 2989 875 se
3015 817 3188 874 Deum
3240 817 3513 889 discipulis
3561 818 3794 875 demon-

2206 920 2407 969 strasse
2433 919 2620 967 sancta
2648 918 2877 967 testatur
2922 910 3219 981 Scriptura,
3247 910 3523 980 quomodo
3551 907 3798 977 Evange-

2206 1004 2338 1059 lium
2352 1010 2555 1060 narrat.
2574 1002 2662 1058 Ait
2681 1002 2827 1059 enim
2845 1001 3173 1072 evangelista
3191 1001 3245 1056 in
3260 1000 3521 1056 hodiema
3536 999 3792 1055 lectione:

2207 1093 2335 1151 Cum
2361 1097 2524 1151 multa
2568 1093 2718 1149 turba
2764 1102 2897 1148 esset
2923 1108 3039 1147 cum
3082 1090 3228 1158 Iesu,
3279 1105 3372 1145 nec
3392 1089 3638 1144 haberent
3656 1091 3796 1161 quod

2205 1187 2615 1251 manducareut;
2644 1185 2934 1240 convocatis
2960 1182 3246 1254 discipulis,
3269 1182 3345 1236 ait
3370 1180 3475 1236 illis
3496 1198 3515 1236 :
3538 1180 3797 1236 Misereor

2206 1277 2371 1333 turbae
2397 1277 2514 1331 huic
2541 1274 2734 1349 (Marc.
2760 1272 2893 1343 Vill).
2918 1271 3026 1329 Sed
3048 1272 3382 1341 requiramus
3408 1270 3556 1340 quod
3594 1271 3673 1325 ait
3696 1285 3795 1324 sn-

2205 1368 2388 1442 perius
2413 1385 2426 1422 :
2478 1365 2543 1421 In
2583 1366 2689 1421 illis
2724 1363 2902 1419 diebus
2929 1379 3044 1417 cum
3070 1360 3235 1417 multa
3262 1359 3411 1415 turba
3435 1369 3586 1415 esset.
3618 1359 3796 1429 Supe-

2206 1463 2320 1518 rius
2347 1461 2489 1518 enim
2516 1466 2861 1516 accesserunt
2904 1455 3073 1512 Judtci
3101 1455 3171 1511 ad
3215 1454 3570 1519 Salvatorem,
3624 1468 3795 1508 aecu-

2206 1563 2388 1613 santes
2432 1555 2722 1626 discipulos
2766 1553 2885 1624 ejus
2933 1568 3000 1626 eo
3039 1550 3185 1622 quod
3208 1565 3318 1606 non
3363 1548 3489 1605 lotis
3538 1546 3794 1602 manibus

2205 1624 2613 1702 manducarent.
2635 1645 2783 1713 Quos
2807 1624 3064 1701 Douf'mus
3083 1641 3378 1711 redarguit,
3406 1639 3533 1710 quia
3573 1654 3699 1709 qua:
3722 1638 3793 1692 de

2204 1736 2369 1794 corde
2397 1737 2537 1792 mala
2565 1735 2881 1808 procedunt,
2912 1750 2978 1791 ea
3020 1732 3200 1806 potius
3245 1732 3516 1787 hominem
3543 1729 3793 1798 coinqui-

518 1821 811 1924 wll—oc
862 1857 1010 1921 e‘nim
1055 1821 1219 1911 etiam
1260 1854 1405 1925 quod
1433 1853 1594 1910 hodie
1623 1821 1700 1909 de
1718 1852 1776 1908 8.
1808 1851 2104 1922 Evangelia
2136 1837 2183 1899 Β
2208 1836 2420 1925 ηωίίῗηί·
2545 1828 2750 1885 “licus
2777 1825 3081 1925 illifLiP-nit
3108 1826 3164 1879 in
3401 1822 3671 1925 gentium...
3696 1821 3792 1877 ubi

519 1957 714 2015 lectum
735 1963 837 2024 est,
869 1957 1061 2028 quaerit
1081 1947 1508 2012 intellectorem;
1535 1954 1591 2001 et
1617 1961 1738 2001 cum
1766 1943 1925 2000 fuerit
1947 1943 2107 1999 intel-
2173 1983 2195 2013 ο

520 2047 738 2114 lectum,
786 2045 1025 2117 spiritale
1069 2044 1197 2101 facit
1245 2035 1524 2113 gaudium.
1570 2034 1638 2089 Et
1666 2035 1719 2089 in
1745 2034 1847 2090 hac
1873 2033 2107 2090 lectione

521 2141 680 2197 simul
698 2136 1086 2196 consideranda
1108 2146 1193 2193 est
1219 2136 1275 2191 in
1295 2144 1406 2190 uno
1426 2126 1725 2196 eodemque
1746 2124 2107 2196 Redemptore

522 2242 709 2288 nostro
734 2229 997 2299 disjuncta
1019 2226 1265 2298 operatio
1309 2218 1604 2280 divinitatis
1632 2225 1686 2273 et
1734 2216 2105 2284 humanitatis,

474 2316 490 2331 ’
524 2328 537 2356 ¹
571 2333 732 2395 atque
760 2320 1081 2379 omnimodis
1107 2316 1455 2376 detestandus
1482 2326 1637 2369 error
1666 2308 1993 2381 Eutychetis,
2016 2308 2110 2378 qui

523 2430 686 2470 unam
713 2420 922 2469 tantum
948 2412 1004 2479 in
1030 2410 1248 2465 Christo
1270 2408 1638 2478 dogmatizare
1679 2398 1954 2471 pnnsumit
1980 2412 2112 2468 ope-

520 2506 802 2563 rationem.
831 2504 891 2559 ln
919 2504 1178 2559 alterutra
1208 2501 1355 2557 enim
1378 2508 1531 2570 parte
1558 2492 1645 2553 vel
1675 2491 1767 2561 qui
1810 2490 1983 2545 solum
2006 2489 2107 2544 ho-

520 2598 720 2653 minem
746 2595 910 2651 fuisse
935 2594 1149 2658 dixerit,
1176 2591 1402 2661 gloriam
1427 2588 1643 2659 negabit
1662 2580 1999 2645 Conditoris;
2021 2580 2110 2636 vel

520 2687 615 2756 qui
641 2686 814 2742 solum
844 2684 1032 2746 Deum,
1061 2681 1278 2751 negabit
1305 2677 1727 2736 misericordiam
1774 2669 2106 2740 Redempto-

521 2778 617 2833 ris.
670 2777 874 2846 Nempe
918 2774 1064 2844 quod
1089 2789 1251 2844 super
1280 2772 1488 2827 turbam
1508 2770 1795 2825 miseretur
1821 2763 2102 2830 Dominus,

521 2881 591 2922 ne
617 2866 703 2922 vel
722 2864 896 2920 inedia
922 2864 1007 2920 vel
1046 2864 1302 2933 longioris
1330 2862 1427 2915 via:
1451 2858 1665 2914 deﬁciat
1693 2858 1900 2924 labore,
1931 2868 2104 2909 nove-

521 2956 689 3011 rimus
708 2954 957 3011 allectum
986 2961 1147 3023 atque
1174 2950 1603 3020 compassionem
1631 2947 1878 3002 humana:
1898 2940 2104 3013 fragili-

521 3047 677 3115 tatis;
703 3047 849 3119 quod
868 3053 1047 3102 autem
1068 3044 1136 3101 de
1154 3051 1360 3116 septem
1385 3040 1611 3113 panibus
1638 3048 1696 3095 et
1721 3038 1912 3109 paucis
1935 3033 2102 3107 pisci-

2210 1921 2402 1977 mulier
2452 1920 2778 1984 Chananaza,
2827 1920 2984 1991 671
3015 1930 3137 1987 qua:
3160 1923 3245 1971 est
3270 1923 3443 1969 mater
3484 1912 3791 1982 gentilium,

2211 2027 2310 2085 pro
2357 2012 2462 2067 lilia
2508 2026 2622 2078 sua,
2652 2010 2704 2066 id
2733 2017 2818 2066 est
2843 2008 3101 2074 Ecclesia,
3124 2006 3411 2062 Dominum
3434 2003 3793 2076 deprecatur;

2209 2110 2330 2174 qua:
2354 2103 2537 2159 tandiu
2566 2102 2858 2175 postulavit
2882 2101 3055 2157 donec
3082 2099 3350 2169 acciperet
3374 2095 3521 2168 quod
3545 2095 3792 2167 petebat.

2212 2195 2342 2252 Post
2366 2195 2480 2250 haec
2506 2195 2699 2250 iterum
2728 2192 2935 2249 curavit
2963 2199 3169 2247 mutum
3214 2198 3271 2246 et
3295 2189 3539 2253 surdum,
3565 2186 3712 2257 Ergo
3742 2187 3795 2243 in

2213 2290 2296 2346 his
2340 2289 2548 2355 diebus,
2594 2302 2717 2344 cum
2764 2284 3052 2341 multitudo
3080 2283 3263 2355 populi
3283 2281 3665 2347 concurrisset,
3694 2294 3801 2335 nee

2211 2383 2477 2439 haberent
2493 2380 2636 2452 quod
2683 2378 3087 2445 manducarent,
3114 2376 3240 2447 quia
3266 2382 3458 2445 gentes
3484 2373 3659 2441 legem
3687 2386 3800 2427 non

2211 2477 2503 2543 habebant,
2531 2474 2583 2530 id
2612 2481 2696 2529 est
2715 2472 2953 2544 quinque
2980 2469 3148 2525 libros
3171 2466 3342 2539 Moysi
3381 2474 3439 2520 et
3464 2467 3798 2535 prophetas;

2211 2584 2319 2624 non
2343 2565 2777 2638 praedicationem
2802 2562 2860 2618 S.
2890 2560 3131 2626 Joannis,
3161 2558 3287 2629 quia
3315 2564 3507 2626 gentes
3546 2570 3659 2610 non
3699 2567 3803 2623 per

2209 2658 2402 2728 legem,
2433 2656 2529 2713 sed
2578 2672 2677 2727 per
2720 2651 2878 2710 ﬁdem
2932 2657 3195 2707 venerant
3240 2646 3309 2703 ad
3336 2646 3799 2715 Redemptorem;

2210 2754 2332 2810 ideo
2357 2752 2533 2808 triduo
2556 2756 2921 2822 perseverant,
2949 2748 3055 2803 hoc
3081 2753 3165 2803 est
3191 2744 3245 2799 in
3273 2742 3574 2807 nativitate,
3607 2741 3661 2794 in
3681 2754 3803 2810 pas-

2208 2848 2381 2911 sione,
2428 2846 2482 2901 in
2525 2842 2918 2900 resurrectione
2955 2837 3184 2903 Domini,
3217 2836 3332 2892 sive
3359 2835 3415 2890 in
3443 2833 3625 2897 Patre,
3660 2840 3716 2888 et
3745 2833 3801 2887 in

2210 2937 2365 3003 Filio,
2397 2944 2453 2992 et
2480 2936 2533 2991 in
2562 2933 2764 3005 Spiritu
2791 2938 2997 2987 sancto.
3022 2928 3379 2985 Pcrseverare
3398 2925 3542 2981 enim
3570 2932 3658 2979 est
3675 2938 3801 2993 per-

2216 3043 2435 3085 manere
2464 3026 2517 3097 in
2545 3023 2915 3088 confessione,
2946 3021 3086 3077 sicut
3112 3020 3229 3089 ipse
3255 3016 3515 3073 Dominus
3541 3015 3621 3069 ait
3652 3032 3664 3068 :
3699 3011 3801 3078 Qui

596 3275 612 3306 ¹
644 3268 975 3339 Disjunetem
995 3263 1389 3339 _opera_tionem
1443 3261 1724 3327 Maximus,
1756 3261 1860 3316 hoc
1888 3268 1970 3339 est
1998 3276 2104 3314 non
2127 3261 2176 3326 ο
2206 3256 2384 3329 prium
2405 3262 2507 3309 est.
2531 3252 2708 3339 Verbo
2729 3251 2935 3339 scilicet
2962 3256 3231 3339 operante
3246 3245 3389 3339 quod
3423 3245 3580 3339 Verbi
3611 3252 3716 3307 est,
3739 3255 3798 3302 et

520 3330 791 3415 confusam
817 3335 963 3415 dicit.
995 3330 1127 3415 Nam
1145 3332 1497 3415 .Eutyeheten
1505 3338 1808 3415 oppugnat,
1859 3330 1952 3415 qui
1980 3346 2105 3384 con-

543 3403 713 3476 usam,
743 3407 845 3464 etsi
872 3420 981 3460 non
1003 3404 1190 3476 verbis
1216 3403 1347 3459 satis
1375 3403 1642 3476 explicate
1660 3444 1676 3470 ,
1707 3408 1792 3476 at.
1819 3415 1879 3455 re
1922 3410 2104 3455 tamen

543 3428 713 3476 usam,
743 3419 845 3464 ets:
872 3420 981 3460 non
1006 3419 1189 3459 verbis
1216 3419 1347 3459 satis
1375 3419 1642 3472 explicate
1660 3444 1676 3470 ,
1726 3419 1783 3454 at
1819 3419 1879 3455 re
1922 3419 2104 3455 tamen

521 3419 636 3556 {psa
656 3478 965 3536 aﬂirmarat.
989 3474 1086 3541 Qui
1109 3474 1252 3529 enim
1275 3481 1493 3556 naturas
1513 3470 2105 3556 duasldiviuam‘atque

523 3539 830 3613 humanam,
858 3539 1150 3614 earumque
1169 3544 1529 3614 proprietates
1549 3541 1797 3614 confusas
1815 3540 1867 3594 in
1891 3539 2105 3595 Christo

523 3634 633 3696 post
677 3610 958 3696 unitiouem
1007 3610 1292 3679 statuerat;
1322 3610 1539 3669 is'cerle
1575 3610 1704 3666 illud
1724 3618 2009 3696 statuerat,
2038 3625 2103 3692 ex

468 3708 469 3711 ‘
523 3679 629 3764 quo
681 3686 1021 3764 mapifestum
1072 3692 1163 3764 est.
1203 3697 1559 3764 consequens,
1617 3679 1867 3736 confusas
1892 3680 2020 3734 item
2050 3680 2106 3735 iu

524 3754 713 3817 eodem
758 3759 1047 3814 Servatore
1092 3754 1255 3809 fuisse
1281 3754 1505 3808 duarum
1547 3759 1862 3807 naturarum
1909 3765 2104 3820 opera-

524 3834 717 3890 tiones.
766 3825 921 3895 Quod
975 3839 1099 3880 cum
1145 3839 1235 3895 exp
1259 3823 1378 3895 aliis
1400 3822 1679 3895 permultis
1725 3819 2106 3895 ecclesiasticis

524 3888 903 3962 nionumentis,
925 3904 1046 3966 tum
1067 3909 1136 3966 ex
1159 3893 1361 3949 celebri
1382 3888 1541 3966 673
1565 3890 1878 3966 cumprimis
1897 3888 1955 3944 S.
1975 3889 2107 3966 llga-

526 3971 706 4026 thonis
733 3960 895 4038 papa!
912 3964 1021 4038 (cui
1048 3964 1192 4019 ultro
1237 3960 1472 4038 synodus
1496 3960 1549 4016 vi
1570 3960 1900 4038 meumenica
1929 3960 2107 4038 adlim-

525 4040 614 4107 sit)
663 4028 890 4109 epistola
917 4028 1084 4109 plane
1102 4028 1333 4109 constat.
1379 4031 1436 4086 ln
1480 4046 1544 4109 ea
1593 4045 1825 4109 namque
1844 4030 1913 4085 de
1927 4028 2103 4109 Euty-

527 4099 732 4166 cbianis
751 4099 950 4176 agens':
992 4123 1009 4176 φ
1045 4102 1466 4176 Confundentes,
1490 4101 1681 4176 inquit,
1704 4099 1902 4176 sanctae
1927 4099 2107 4176 lucar-

526 4179 761 4235 nationis
786 4170 1116 4246 mysterium,
1159 4171 1397 4246 eo__quod
1425 4170 1638 4225 deitatis
1676 4178 1732 4225 et
1759 4170 2106 4246 humanitatis

527 4248 723 4306 Christi
752 4239 911 4301 unam
940 4249 1188 4297 naturam
1208 4239 1406 4305 dicant,
1439 4255 1599 4294 unam
1643 4254 1766 4293 eum
1793 4239 1932 4293 sicut
1949 4240 2106 4295 unius

520 4320 858 4375 voluntatem
887 4322 942 4369 et
962 4310 1700 4383 operationemApersorlalem
1723 4308 1942 4383 habere
1975 4325 2108 4383 con.

526 4389 767 4446 tendunt.
793 4385 962 4440 Porro
990 4377 1284 4447 apostolica
1313 4377 1512 4435 Christi
1532 4377 1790 4443 Ecclesia,
1816 4378 2107 4447 spiritualis

524 4470 694 4516 mater
721 4474 751 4513 a
783 4457 891 4511 Deo
921 4446 1131 4509 fundati
1158 4451 1322 4506 vestri
1349 4450 1580 4519 imperii,
1613 4457 1669 4517 et
1711 4446 1878 4503 unum
1916 4446 2104 4519 Domi—

526 4546 651 4586 num
680 4537 919 4584 nostrum
946 4523 1129 4579 Jesum
1153 4516 1759 4583 Christllmconlitetur,
1797 4533 1864 4573 ex
1898 4516 2106 4574 duabus

524 4611 579 4656 ct
600 4602 650 4656 in
671 4598 876 4654 duabus
895 4595 1216 4650 existentem
1237 4591 1464 4656 naturis,
1494 4598 1551 4645 et
1573 4589 1708 4645 duas
1727 4588 1843 4658 ejus
1865 4596 2102 4654 naturas,

524 4639 1464 4726 ὗῖἑῖἓιξεῖἷέἱῖιῖὲἐῐ⁷’ἆῖἰὶἰιίἰῖιὶιῖὦ⁷
1484 4639 2104 4729 ἑίίεῖιιῖᾗὲῐῖιίὲέᾗᾶιῖεὶὶ
2134 4639 2182 4699 D

464 4782 469 4788 .
525 4741 686 4796 bilem
716 4737 1010 4793 unitiouem
1040 4732 1345 4788 inconfusas
1367 4732 1422 4785 iu
1449 4746 1515 4786 eo
1542 4744 1662 4786 esse
1682 4728 1941 4795 defendit,
1961 4737 2017 4784 et
2035 4746 2103 4784 ex

527 4807 941 4880 pr0prietatibus
994 4802 1327 4880 naturalibus
1376 4813 1817 4880 unamquamque
1873 4799 2104 4880 formam

392 4930 399 4937 .
468 4920 471 4925 -
526 4867 717 4933 Clu-isti
744 4883 1055 4932 naturarum
1083 4871 1376 4941 perfectam
1401 4886 1521 4926 esse
1548 4867 1844 4941 cognoscit,
1873 4877 1930 4941 et
1946 4867 2106 4941 quid-

528 4949 668 5019 quid
710 4947 778 5000 ad
822 4935 1179 5019 proprietates
1216 4950 1527 5019 naturarum
1582 4935 1837 5019 pertinet,
1869 4935 2102 5019 duplicia

527 5006 707 5073 omnia
735 5006 1038 5093 conﬁtetur.
1064 5009 1467 5093 Consequenter
1493 5006 1845 5093 itaque'juxta
1863 5006 2102 5093 regillam

526 5096 722 5142 sancta:
774 5083 1051 5140 catholicae
1091 5075 1276 5150 atque"
1308 5075 1617 5151 apostolici:
1664 5075 1948 5151 Ecclesiae
1969 5075 2102 5151 duas

525 5158 687 5211 etiam
717 5153 988 5210 naturales
1032 5147 1358 5206 voluntates
1377 5151 1432 5205 in
1460 5165 1528 5205 eo
1564 5156 1621 5204 et
1646 5148 1780 5204 duas
1826 5147 2101 5203 naturales

525 5227 869 5296 operatiﬁones
896 5238 1015 5296 esse
1047 5220 1333 5296 conﬁtetur
1360 5228 1415 5275 et
1458 5218 1752 5296 prmdicat_._
1763 5238 1790 5296 λ
1809 5217 1973 5296 _Vide
2012 5232 2105 5296 ac:

528 5286 660 5352 ti'ou.
713 5295 747 5348 4
796 5292 985 5365 synodi
1022 5292 1409 5365 meumenica}_
1423 5286 1644 5365 vj,pag.
1694 5287 1848 5365 l08_4,
1881 5296 2011 5365 tom.

527 5356 990 5423 Conciliorfedil.
1022 5360 1192 5417 Paris.
1224 5377 1311 5415 an.
1344 5359 1501 5413 17H.
1524 5356 1669 5413 llinc
1696 5358 1752 5412 S.
1785 5356 1894 5413 Leo
1925 5358 1975 5411 in
2023 5357 2104 5410 di-

526 5440 647 5492 vina
676 5437 765 5491 illa
792 5434 859 5490 ad
896 5433 1203 5488 Flavianum
1250 5431 1561 5498 episcOpum
1610 5425 2103 5498 constantinopoli-

527 5519 708 5563 tanqu
738 5504 987 5578 epistola,
1035 5503 1220 5578 in_qua
1271 5494 1502 5578 Petrum
1519 5514 1615 5578 per
1653 5496 1896 5578 Leonem
1938 5494 2105 5578 fuisse

527 5564 1036 5646 locutum'syuodus
1088 5564 1537 5646 Clialcedo:sensis
1564 5574 1759 5646 testata
1808 5574 1910 5646 est,
1938 5564 2104 5646 Euty-

526 5647 777 5702 chianum
798 5635 1106 5699 hEereticum
1132 5641 1326 5709 dogma
1345 5635 1595 5709 refellens
1614 5636 1680 5691 de
1703 5636 2105 5709 operationibus

528 5715 706 5769 divina
727 5716 1062 5781 humanaque
1084 5705 1280 5781 Christi
1293 5707 1492 5781 _scribit
1522 5707 1627 5761 hoc
1653 5705 1828 5781 modo
1862 5723 1874 5756 :
1928 5725 1946 5781 ε
1981 5705 2105 5773 Agit

531 5789 759 5852 utraque
782 5782 955 5838 forma
974 5774 1104 5835 cum
1152 5778 1372 5834 alterius
1399 5776 1776 5834 communione
1804 5774 1948 5844 quod
1976 5790 2103 5846 pro-

2208 3315 2374 3382 carne
2403 3329 2734 3391 exsequente
2783 3321 2928 3391 quod
2956 3315 3130 3376 carnis
3153 3315 3456 3391 estl'llnum
3491 3316 3686 3391 horum
3706 3330 3799 3371 co-

2207 3404 2392 3452 ruscat
2435 3385 2725 3457 miraculis,
2777 3385 2920 3445 aliud
2988 3388 3292 3445 succumbit
3344 3385 3573 3457 injuriis,
3612 3405 3631 3435 ι
3683 3392 3791 3440 etc.

2206 3466 2379 3536 Epist.
2406 3462 2494 3529 25,
2518 3463 2590 3536 al.
2621 3454 2861 3536 ﬁlioap.
2886 3459 2938 3525 4,
2971 3470 3103 3536 tom.
3124 3459 3168 3513 ll
3189 3474 3316 3536 opp.
3349 3454 3481 3536 edit:
3515 3454 3797 3536 Romam.

2208 3525 2345 3605 1755
2373 3525 2495 3605 pag.
2519 3531 2608 3605 9.0.
2633 3532 2797 3605 674.
2811 3525 3115 3605 'Atquehoc
3133 3525 3348 3605 quidem
3376 3525 3435 3581 8.
3449 3525 3657 3605 Leonis
3676 3526 3799 3580 loco

2206 3598 2336 3662 usus
2447 3598 2680 3673 lgatho'
2695 3598 2793 3657 fuit
2822 3602 2874 3657 in
2903 3598 2966 3656 ea
2982 3602 3108 3673 ipsa
3139 3598 3207 3654 ad
3236 3599 3798 3673 imperatores,quam

2206 3676 2449 3747 proxime
2472 3669 2782 3747 indicavia
2826 3669 3031 3747 synodo
3069 3669 3399 3747 geometrica
3427 3674 3580 3722 sexta
3611 3672 3796 3747 tanto-

2204 3734 2336 3817 pere
2354 3745 2625 3817 celebrata
2654 3734 2883 3817 epistola
2908 3755 3030 3817 pag.
3063 3739 3221 3794 1099.
3244 3737 3362 3792 Jam
3378 3751 3514 3791 vero
3541 3734 3797 3817 confusas

2206 3807 2326 3888 esse
2353 3824 2570 3888 naturas
2589 3807 2723 3888 (luas
2746 3813 2797 3867 in
2826 3807 3063 3875 Christo,
3094 3822 3387 3888 earumque
3409 3807 3795 3888 proprietates,

2206 3886 2488 3951 Eutychen
2516 3884 2741 3951 dixisse,
2772 3890 2962 3937 auctor
2984 3890 3066 3936 est
3111 3879 3167 3933 8.
3197 3876 3495 3951 Flavianus
3514 3876 3593 3951 in_
3612 3876 3796 3951 priore

2207 3957 2272 4012 ad
2303 3944 2538 4011 Leonem
2564 3944 2791 4024 epistola
2820 3968 2938 4022 cap.
2972 3951 3027 4015 5,
3062 3959 3192 4005 tom.
3215 3948 3280 4024 ll_
3305 3962 3430 4024 opp.
3461 3944 3521 4001 8.

2207 4041 2330 4097 pag.
2364 4026 2482 4091 100,
2538 4016 2675 4097 ω’ῂι
2699 4023 2869 4097 altera
2887 4016 3017 4091 'qua:
3044 4027 3230 4097 exstat
3250 4016 3400 4080 ibid.,
3431 4032 3555 4097 pag.
3590 4016 3678 4081 16,
3699 4016 3793 4097 ubi

2205 4087 2479 4154 statuisse
2502 4096 2577 4149 ait
2606 4093 2895 4165 Eutychen
2915 4087 2940 4145 ἐ
2980 4110 2999 4143 ί
3028 4090 3172 4165 Ante
3205 4087 3644 4165 incarnationem
3678 4088 3794 4155 qui-

2207 4168 2329 4222 dem
2349 4164 2644 4222 Salvatoris
2670 4158 2842 4218 nostri
2866 4161 2990 4216 Jesu
3019 4160 3220 4215 Christi
3246 4158 3382 4213 duas
3403 4165 3623 4211 naturas
3650 4171 3788 4220 esse,

2207 4236 2501 4292 divinitatis
2527 4244 2583 4291 et
2625 4233 3001 4297 humanitatis;
3033 4239 3165 4302 post
3185 4229 3439 4302 unionem
3469 4242 3611 4302 vero_
3630 4241 3792 4302 unam

2208 4308 2479 4362 exstitisse
2508 4314 2773 4368 naturam,
2798 4295 3015 4372 ignarus
3036 4295 3171 4372 quid
3190 4299 3462 4372 loquatur,
3494 4311 3558 4350 ac
3578 4295 3649 4349 de
3666 4296 3789 4364 qui-

2207 4378 2308 4432 bus
2351 4375 2601 4430 alﬁrmat.
2657 4369 2840 4441 Neque
2874 4372 3017 4427 enim
3041 4369 3169 4425 unio
3195 4369 3424 4441 duarum
3452 4373 3787 4441 naturarum,

2207 4462 2325 4517 qua:
2352 4448 2406 4502 iu
2432 4446 2647 4517 Christo
2694 4435 3081 4517 convenerunt,
3111 4438 3472 4517 proprietates
3493 4450 3683 4517 earum
3704 4435 3787 4517 lin

2207 4505 2408 4572 unione
2436 4515 2711 4579 confudit;
2752 4512 2845 4568 sed
2874 4505 3285 4567 manentetiam
3332 4507 3387 4561 in
3416 4507 3625 4579 unione
3646 4505 3787 4579 inte-

2207 4599 2315 4654 gne
2362 4587 2588 4642 duarum
2636 4573 2943 4654 naturarum
2984 4580 3362 4654 proprielates.
3400 4596 3419 4628 ι
3441 4645 3455 4654 _
3471 4573 3680 4654 Confer
3725 4573 3781 4628 8.

2209 4644 2468 4724 leonem,
2491 4657 2647 4724 epist.
2671 4654 2737 4708 ad
2764 4644 3027 4724 Flavianr,
3055 4644 3173 4724 cap.
3204 4648 3260 4724 ἦ,
3282 4660 3405 4724 pag.
3436 4644 3559 4724 leo,
3582 4655 3638 4699 et
3665 4660 3780 4724 cap.

2209 4673 2468 4724 Leonem,
2491 4673 2521 4710 e
2561 4673 2647 4710 lSl.
2671 4673 2737 4708 an
2764 4673 3027 4717 “anan...
3055 4673 3114 4705 ca
3161 4691 3173 4704 .
3204 4673 3260 4715 ὓ,
3284 4673 3405 4717 pag.
3437 4673 3559 4709 11v,
3582 4673 3638 4699 cs
3665 4673 3780 4713 cap.

2209 4726 2263 4793 4,
2293 4742 2414 4798 pag.
2448 4673 2556 4780 123
2593 4739 2770 4798 seqq.,
2795 4731 2849 4777 et
2877 4723 3034 4798 epist.
3176 4717 3243 4773 ad
3283 4712 3653 4798 Theodosium
3681 4716 3785 4769 An-

2211 4786 2440 4865 Βίιέιιιῖιὶ,
2474 4809 2594 4867 pag.
2627 4786 2888 4867 illique
2910 4786 3062 4867 ilocq
3113 4788 3477 4860 Eutychiauos
3521 4786 3778 4867 iudicans,

2216 4856 2241 4917 ἵ
2269 4856 2489 4922 Illorum
2508 4856 2884 4935 blasphemiam,
2917 4862 3107 4933 inquit,
3139 4856 3506 4921 exsecramur,
3527 4856 3619 4926 qui
3650 4871 3783 4910 nova

2210 4937 2519 4992 inventione
2545 4936 2726 4991 dicere
2750 4941 3017 4989 conantur
3044 4947 3075 4986 a
3105 4940 3349 5000 tempore
3383 4935 3649 4996 suscepta:
3676 4941 3783 5000 car-

2210 5007 2293 5063 nis
2322 5007 2499 5061 omnia
2528 5006 2721 5061 divinm
2755 5012 2958 5057 natura:
2988 5003 3040 5056 in
3068 4994 3377 5066 humanam,
3410 4994 3577 5067 atque
3602 4994 3779 5067 omnia

2209 5076 2456 5131 humana:
2509 5078 2561 5131 in
2608 5075 2841 5130 divinam
2884 5078 3209 5129 commutata
3258 5065 3443 5135 fuisse,
3468 5065 3615 5135 quod
3643 5065 3777 5119 nulla

2208 5163 2440 5216 unquam
2469 5146 2683 5201 haeresis
2702 5145 2880 5200 dicere
2898 5150 3153 5216 ausa‘est.
3181 5137 3288 5216 _Per
3314 5135 3621 5216 hujusmodi

2207 5204 2597 5274 confessionem
2627 5224 2905 5282 utramque
2932 5210 3225 5267 divinitatis
3278 5204 3442 5283 atque
3489 5204 3777 5260 humanita-

2208 5288 2274 5342 tis
2294 5297 2539 5342 naturam
2564 5286 2618 5340 in
2639 5283 2781 5339 aliud
2809 5288 3190 5339 commutatam
3220 5293 3340 5334 esse
3368 5283 3662 5339 autumant,
3693 5287 3775 5327 ne-

2208 5374 2313 5427 que
2342 5358 2507 5412 Deum
2535 5355 3051 5427 perfectum,__ncque
3074 5348 3372 5427 perfectum
3399 5347 3668 5427 hominem
3687 5358 3768 5427 se:

2208 5414 2438 5482 cundum
2466 5414 2750 5487 veritatem
2781 5414 3365 5477 Filium-conﬁrmatur.
3407 5437 3426 5469 ι
3477 5414 3767 5487 Legehqw

2206 5506 2504 5621 sequuntur
2529 5496 2596 5550 de
2625 5482 3027 5565 operationibus
3045 5491 3099 5545 in
3119 5488 3334 5572 Christo
3353 5482 3578 5552 duabus,
3597 5482 3764 5538 divina

2206 5583 2279 5621 sci
2306 5568 2409 5621 icet
2429 5575 2484 5621 et
2504 5567 2758 5620 humana.
2788 5561 2946 5618 Plura
2969 5559 3196 5621 proferri
3225 5576 3279 5615 ιιι
3300 5557 3542 5614 eamdem
3562 5566 3763 5609 senten-

2204 5557 2409 5622 scilicet
2429 5575 2484 5622 et
2504 5557 2758 5620 Imma-na.
2788 5561 2946 5618 Plura
2969 5559 3196 5633 proferri
3225 5561 3279 5615 in
3300 5557 3542 5633 eamdem
3562 5566 3763 5609 senten-

2206 5637 2332 5690 tiam
2354 5637 2617 5718 majorum
2645 5629 3228 5718 documenta—possent,
3257 5629 3354 5686 sed
3381 5642 3487 5685 non
3513 5633 3591 5682 est
3617 5634 3755 5691 opus.

2203 5722 2323 5761 cum
2353 5703 2483 5762 satis
2509 5707 2623 5762 haec
2649 5721 2768 5761 esse
2795 5703 3024 5759 videatu-
