4052 6330
251 329 353 386 745

1701 323 1930 380 SEIlMO
1966 320 2140 378 CVIII.

2763 239 2807 254 ἰ
3009 233 3014 236 ¹
3076 239 3102 246 ι

3418 319 3519 383 746

251 451 418 498 autem
448 445 840 514 perseveraverit
885 457 1040 514 usque
1077 445 1129 496 in
1158 443 1334 512 finem,
1383 441 1462 494 hic
1504 439 1672 492 salvus
1725 438 1820 490 erit
1847 439 1900 500 Α
1925 435 2154 504 Spiritus
2193 427 2397 488 consilii
2444 443 2493 487 et
2536 434 2874 506 fortitudinis,
2922 433 3149 509 Spiritus
3203 436 3431 490 scicntia:
3471 449 3523 493 et

252 535 442 607 (Marc.
480 535 649 605 nix).
674 533 813 588 Dicit
839 548 967 604 ergo
997 533 1254 589 Dominus
1286 552 1298 586 :
1335 530 1456 585 Non
1485 529 1674 584 habent
1694 528 1830 600 quod
1930 525 2154 595 pietatis,
2177 533 2225 578 et
2241 523 2451 595 replebit
2465 541 2578 578 eum
2598 525 2797 596 Spiritu
2812 526 3011 580 timoris
3028 525 3237 580 Domini
3257 525 3516 598 (Isaiam).

250 629 580 694 manducent,
610 630 734 699 quia
765 627 935 697 legem
965 644 1072 682 non
1098 628 1331 694 habent;
1363 635 1419 681 et
1465 625 1718 678 dimittere
1744 639 1828 676 eos

250 721 451 794 jejuno:
495 721 636 787 nolo,
695 738 760 776 ne
811 721 1055 791 deﬁciant
1086 723 1136 774 in
1159 722 1237 774 via
1259 719 1471 789 (Matth.
1504 718 1624 786 xv);
1655 724 1714 770 ut
1739 715 1830 784 qui

249 828 345 885 per
373 814 532 870 ﬁdem
558 814 752 871 Christi
783 814 1145 879 crediderunt,
1176 829 1273 884 per
1316 813 1474 868 ﬁdem
1507 810 1701 866 Christi
1726 809 1832 865 sal-

250 915 525 962 varentur.
578 902 801 970 Quidam
847 915 1018 960 autem
1057 922 1122 959 ex
1163 904 1241 958 his
1285 903 1347 957 de
1391 904 1543 974 longe
1563 909 1827 956 venerunt.

251 997 436 1068 Longe
483 998 627 1052 enim
655 1006 810 1052 erant
837 1007 1026 1068 gentes
1055 1012 1085 1051 a
1114 996 1246 1061 Deo,
1275 994 1505 1050 errando
1533 1009 1629 1064 per
1657 991 1830 1055 idola;

249 1097 308 1144 et
345 1087 509 1144 modo
565 1088 739 1144 omnis
768 1088 859 1158 qui
889 1095 1076 1158 peccat
1122 1087 1280 1156 longe
1321 1095 1404 1141 est
1430 1101 1462 1139 a
1487 1085 1618 1140 Deo.
1643 1084 1836 1138 Dicunt

250 1178 495 1251 discipuli
525 1179 640 1248 ejus
668 1199 679 1234 :
717 1179 866 1235 Unde
913 1182 1040 1235 istos
1069 1181 1180 1251 quis
1208 1181 1394 1250 poterit
1422 1188 1657 1233 saturare
1680 1177 1832 1250 pani-

249 1269 344 1325 bus
364 1273 418 1325 in
439 1271 712 1326 solitudine
742 1270 964 1342 (Ibid.)?
993 1271 1177 1326 Adhuc
1209 1271 1481 1340 apostolos
1508 1269 1726 1326 tenebat
1754 1271 1835 1324 in-

249 1361 562 1427 credulitas,
593 1361 766 1418 douec
795 1362 1046 1434 mysteria
1088 1361 1471 1426 revelarentur,
1520 1376 1620 1416 nec
1656 1375 1836 1416 recor-

250 1451 517 1508 dabantur
537 1453 680 1522 quod
709 1452 910 1508 fecerat
933 1455 1000 1509 de
1029 1454 1265 1524 quinque
1295 1453 1520 1522 panibus
1547 1461 1602 1508 et
1629 1453 1836 1508 duobus

248 1545 503 1614 piscibus.
525 1544 590 1598 Et
610 1546 940 1616 interrogavit
961 1563 1046 1600 eos
1074 1545 1226 1600 Iesus
1247 1555 1367 1617 quot
1392 1562 1550 1617 panes
1571 1545 1832 1600 haberent.

249 1632 354 1700 Qui
378 1636 637 1703 dixerunt,
666 1648 885 1709 septem;
908 1648 957 1692 et
984 1640 1226 1709 praecepit
1255 1637 1417 1693 turbae
1451 1646 1505 1691 ut
1551 1637 1836 1692 discumbe-

247 1736 367 1782 rent
395 1745 549 1799 super
571 1737 782 1783 terram.
817 1729 882 1782 Et
926 1730 1181 1800 accipiens
1209 1746 1414 1800 panem,
1445 1730 1640 1800 gratias
1669 1729 1768 1800 egit
1788 1737 1837 1782 et

1931 615 2009 671 1ὺί
2029 616 2309 672 duodecim
2329 617 2545 687 c0phini
2572 617 2714 687 pleni
2737 617 2938 688 Spiritu
2958 627 3144 674 sancto
3164 636 3178 685 ;
3207 619 3295 701 hic
3313 629 3519 690 septem

1931 707 2202 772 Ecclesiae.
2228 709 2342 764 sive
2370 717 2578 780 septem
2600 709 2922 765 candelabra
2953 725 3134 766 aurea.
3166 710 3242 766 lbi
3272 711 3378 766 duo
3408 711 3523 782 pis-

1934 817 2042 869 ces,
2074 803 2164 874 qui
2193 811 2318 858 sunt
2346 801 2454 856 duo
2484 801 2846 868 Testamenta,
2889 803 3001 859 sive
3028 820 3168 859 unus
3223 803 3360 860 liber
3400 820 3520 860 om-

1934 895 2079 949 nium
2109 895 2516 966 prophetarum,
2548 895 2634 950 vel
2663 893 2720 949 8.
2769 893 2988 951 Joannis
3035 895 3372 967 praedicatio;
3430 897 3522 951 hic

1935 986 2244 1043 indeﬁnitus
2297 1002 2551 1043 numerus
2605 987 2843 1059 ponitur,
2881 990 2972 1058 qui
3000 980 3124 1043 sunt
3150 989 3291 1044 dona
3319 989 3520 1058 gratia-

1935 1097 2073 1143 rum,
2106 1081 2244 1135 sicut
2293 1081 2367 1134 ait
2405 1080 2694 1150 Apostolus
2732 1097 2744 1131 :
2777 1079 2880 1132 Alii
2919 1097 3009 1149 per
3050 1079 3305 1151 Spiritum
3363 1080 3524 1133 datur

1936 1193 2102 1230 sermo
2151 1176 2438 1247 sapientiw,
2484 1176 2575 1230 alii
2615 1193 2781 1229 sermo
2826 1177 3074 1238 scientiaz,
3105 1177 3198 1230 alii
3226 1177 3518 1248 praphetia,

1937 1268 2028 1322 alii
2046 1284 2235 1340 genera
2250 1268 2560 1339 linguarum,
2577 1267 2668 1320 alii
2691 1267 3042 1336 interpretatio
3060 1284 3381 1322 sermonum:
3404 1285 3521 1322 om-

1936 1361 2024 1414 nia
2051 1361 2159 1415 ha'c
2183 1367 2425 1430 operatur
2444 1377 2574 1414 unus
2604 1370 2753 1431 atque
2774 1359 2908 1412 idem
2936 1357 3162 1426 Spiritus
3189 1359 3242 1430 (Ι
3258 1359 3380 1414 Cor.
3397 1360 3494 1430 xu)

1935 1451 2012 1506 lbi
2041 1468 2204 1522 super
2247 1451 2423 1506 fenum
2472 1451 2808 1516 recumbunt,
2854 1458 2908 1504 et
2953 1450 3039 1504 hic
3087 1465 3249 1520 super
3278 1458 3514 1506 .terram.

1939 1539 2200 1612 Utrinque
2229 1557 2331 1596 una
2354 1542 2710 1607 conversatio,
2739 1556 2842 1595 una
2862 1540 3053 1610 gratia,
3079 1527 3182 1594 una
3208 1541 3395 1606 virtus,
3414 1557 3518 1596 una

1938 1635 2138 1690 Deitas.
2170 1635 2247 1690 1ὺί
2270 1651 2426 1706 supra
2458 1633 2638 1690 fenum
2667 1635 3024 1700 discumbunt,
3057 1630 3272 1690 hoc'est
3296 1634 3523 1689 mortiﬁ-

1938 1735 2057 1804 cata
2081 1742 2244 1798 opera
2265 1727 2460 1793 carnis,
2481 1727 2606 1797 quia
2629 1729 2793 1781 omnis
2823 1744 2944 1781 caro
2969 1729 3163 1799 fenum,
3192 1727 3266 1781 ait
3286 1728 3521 1797 prophe-

247 1818 392 1872 dedit
414 1819 678 1890 discipulis
708 1822 832 1888 suis,
865 1829 919 1874 ut
949 1828 1284 1892 apponerenl.
1308 1819 1379 1874 Et
1405 1823 1569 1892 pisces
1598 1819 1833 1874 similiter
1861 1827 1910 1888 Β
1936 1826 1989 1873 ta
2019 1817 2174 1889 (Isai.
2206 1818 2328 1889 XL);
2356 1819 2442 1874 hic
2481 1835 2640 1888 supra
2670 1827 2869 1873 terram
2916 1819 3278 1885 discumbunt,
3335 1819 3389 1873 id
3439 1826 3523 1874 est

247 1907 533 1976 benedixit,
561 1923 610 1965 et
635 1913 804 1982 posuit
842 1921 962 1966 ante
990 1912 1132 1967 illos.
1179 1911 1248 1976 Et
1278 1912 1732 1978 manducaverunt,
1782 1921 1832 1967 et

247 2002 471 2056 saturati
509 2011 646 2069 sunt,
703 2013 753 2056 et
798 2003 1112 2057 sustulerunt
1151 2010 1340 2069 septem
1390 2012 1590 2073 sportas
1630 2003 1825 2072 plenas.

248 2092 420 2147 Erant
440 2103 610 2148 autent
631 2095 718 2165 qui
746 2095 1182 2149 munducauerunt
1209 2095 1356 2166 quasi
1387 2102 1605 2166 quatuor
1648 2093 1830 2158 millia,

247 2197 399 2242 extra
437 2188 676 2243 mulieres
697 2199 745 2242 et
765 2191 992 2260 infantes
1015 2187 1224 2261 (lbid.).
1253 2185 1322 2242 Et
1349 2189 1572 2242 virtutes
1618 2186 1834 2256 quidem

247 2279 463 2334 Domini
492 2281 922 2337 manifestissime
969 2279 1238 2336 credimus
1281 2295 1400 2335 esse
1421 2279 1591 2336 factas
1619 2280 1672 2334 in
1699 2294 1836 2350 prae-

246 2371 417 2437 senti;
449 2371 544 2427 sed
571 2372 697 2442 quid
720 2372 886 2427 lateat
914 2372 966 2425 in
1013 2372 1270 2443 mysterio
1309 2371 1472 2442 ipsius
1517 2371 1692 2442 gratia
1740 2369 1839 2426 do-

247 2471 417 2518 nante
443 2463 797 2532 requiramus.

317 2556 380 2612 ln
433 2557 696 2626 superiori
737 2558 880 2612 cnim
910 2557 1143 2614 lectione
1171 2556 1237 2613 de
1265 2557 1502 2626 quinque
1530 2557 1757 2626 panibus
1784 2562 1840 2611 et

247 2649 461 2706 duobus
514 2650 748 2720 piscibus
801 2651 1039 2720 quinque
1065 2649 1232 2704 millia
1272 2650 1548 2704 hominum
1577 2649 1790 2703 satiavit
1821 2665 1834 2701 :

247 2741 342 2795 hic
393 2749 602 2811 septem
649 2741 877 2812 panibus
927 2743 1182 2797 saturavit
1211 2751 1442 2812 quatuor
1470 2741 1636 2796 millia
1661 2741 1838 2797 homi-

245 2844 400 2887 num.
427 2832 504 2886 lbi
529 2832 772 2903 discipuli
819 2842 1108 2902 suggerunt
1135 2834 1382 2898 Domino,
1413 2832 1652 2888 dicentes
1679 2850 1691 2886 :
1741 2831 1841 2887 Lo-

247 2939 339 2977 cus
361 2923 592 2978 desertus
619 2933 714 2990 est,
763 2935 812 2978 et
861 2925 989 2979 hora
1015 2927 1284 2995 prwteriit,
1316 2926 1517 2979 dimitte
1564 2924 1759 2991 turbas,
1789 2935 1840 2980 et

246 3021 428 3071 euntes
452 3018 508 3072 in
527 3017 736 3072 castella
762 3027 933 3072 emant
962 3018 1058 3072 sibi
1084 3035 1228 3072 escas
1259 3016 1468 3089 (Ibid.).
1499 3017 1598 3074 Hic
1625 3019 1839 3089 penitus

245 3114 436 3164 tacent
461 3108 736 3180 discipuli;
767 3109 862 3164 sed
889 3111 1004 3180 ipse
1032 3110 1290 3165 Dominus
1317 3125 1416 3180 pro
1446 3109 1524 3164 eis
1577 3109 1838 3165 sollicitus

1935 1924 2101 1978 opera
2124 1917 2341 1966 terrena
2363 1908 2702 1964 conculcant.
2729 1907 2805 1963 lbi
2835 1908 3073 1980 quinque
3096 1909 3263 1964 millia
3309 1907 3518 1975 refecti,

1934 2002 2026 2071 qui
2055 2018 2309 2057 numerus
2327 2001 2561 2073 pertinet
2583 2000 2647 2055 ad
2674 1998 2918 2066 Iudaeos;
2946 1994 3073 2054 nam
3103 2008 3226 2071 post
3253 2001 3520 2057 ascensio~

1937 2110 2060 2149 nem
2088 2094 2322 2160 Domini,
2353 2094 2609 2164 loquente
2659 2092 2839 2159 Petro,
2895 2094 3132 2164 quinque
3178 2093 3343 2148 millia
3397 2103 3522 2149 sunt

1935 2187 2218 2258 baptizati;
2249 2187 2336 2243 hic
2364 2195 2542 2242 autem
2570 2194 2803 2255 quatuor
2830 2185 3016 2250 millia,
3049 2186 3154 2241 hoc
3202 2195 3286 2241 est
3312 2187 3379 2242 de
3409 2194 3523 2244 tota

1938 2287 2082 2334 terra
2102 2293 2292 2334 omnes
2310 2286 2496 2346 gentes
2525 2294 2555 2332 a
2581 2285 2816 2346 quatuor
2842 2276 3148 2331 cardinibus
3173 2277 3294 2333 cmli
3323 2277 3390 2332 de
3437 2293 3520 2334 se~

1937 2370 2208 2444 ptiformis
2227 2371 2459 2443 Spiritus
2478 2371 2648 2440 gratia
2678 2385 2797 2425 esse
2825 2369 3056 2440 repletas
3081 2370 3132 2424 in
3164 2369 3328 2424 vitam
3365 2379 3526 2426 aeter-

1939 2482 2084 2522 nam.
2116 2464 2185 2520 Et
2209 2465 2351 2531 ideo,
2382 2463 2736 2527 dilectissimi,
2783 2479 2881 2517 nos
2909 2461 2998 2531 qui
3028 2478 3135 2516 non
3181 2477 3278 2532 per
3323 2462 3519 2530 legem,

1939 2557 2034 2614 sed
2055 2573 2153 2629 per
2176 2556 2337 2612 ﬁdem
2365 2555 2631 2611 credimus
2659 2556 2714 2610 in
2742 2555 2968 2610 Domino
2998 2563 3184 2610 nostro
3212 2551 3336 2610 Jesu
3367 2554 3518 2610 Chri~

1939 2657 2048 2718 sto,
2077 2649 2167 2720 qui
2197 2665 2303 2703 non
2325 2663 2390 2703 ex
2422 2646 2693 2716 operibus,
2716 2644 2811 2700 sed
2860 2645 2973 2715 ipsa
3001 2645 3170 2714 gratia
3198 2661 3382 2700 sumus
3436 2660 3522 2700 re-

1940 2743 2173 2814 dempti;
2204 2742 2296 2811 qui
2325 2756 2432 2796 non
2460 2755 2528 2795 ex
2550 2739 2787 2811 quinque
2812 2737 3058 2808 panibus,
3090 2738 3144 2792 id
3171 2747 3254 2792 est
3280 2754 3348 2792 ex
3374 2740 3521 2808 quin.

1899 2875 1910 2883 ι
1942 2853 2047 2907 que
2076 2835 2225 2890 libris
2271 2833 2462 2905 Moysi,
2504 2832 2598 2888 sed
2626 2847 2694 2887 ex
2741 2829 3041 2902 septiformi
3079 2832 3250 2902 gratia
3298 2830 3536 2903 Spiritus.

1943 2927 2118 2984 sancti
2139 2941 2326 2981 sumus
2347 2925 2567 2995 repleti,
2590 2924 2726 3004 sicut
2747 2923 2938 2978 beatus
2962 2922 3128 2979 Isaias
3169 2923 3526 2995 prophetave-

1943 3028 2028 3076 rat
2055 3020 2238 3087 dicens
2263 3037 2274 3049 ο
2309 3018 2539 3088 Spiritus
2567 3017 2839 3088 sapientia:
2865 3025 2912 3071 et
2939 3017 3246 3081 intellectus,
3300 3016 3528 3086 Spiritus

1943 3111 2146 3166 consilii
2172 3118 2222 3164 et
2251 3108 2594 3181 fortitudinis,
2626 3108 2853 3177 Spiritus
2877 3109 3105 3162 scientia!
3135 3117 3185 3161 et
3223 3109 3450 3178 pietatis,
3477 3119 3529 3163 et

245 3212 358 3262 est.
376 3207 538 3278 672
553 3206 842 3262 Videamus
869 3221 1036 3277 quare
1056 3213 1256 3261 tacent.
1281 3203 1418 3272 Quia
1448 3206 1672 3261 necdum
1689 3204 1836 3260 missi
1863 3211 1909 3274 c
1943 3201 2155 3273 replebit
2171 3201 2318 3254 illum
2341 3198 2550 3270 Spiritu
2574 3198 2772 3252 timoris
2793 3196 3004 3252 Domini
3035 3197 3190 3268 (Isai.
3217 3200 3325 3269 x1);
3351 3200 3403 3254 in
3425 3201 3530 3256 hac

247 3297 469 3355 fuerant
497 3301 784 3370 praedicare
811 3301 1076 3370 gentibus,
1105 3300 1199 3355 sed
1245 3300 1424 3370 potius
1466 3299 1531 3353 ad
1562 3314 1690 3354 oves
1714 3314 1837 3369 per-

249 3391 394 3446 ditas
423 3392 613 3448 domus
633 3392 813 3448 Israel.
847 3392 1001 3448 Prior
1045 3407 1174 3462 ergo
1202 3392 1290 3446 illa
1319 3391 1576 3463 parabola
1605 3391 1839 3462 pertinet

248 3483 321 3539 ad
371 3482 609 3550 Iudaeos;
658 3485 759 3540 ista
805 3501 936 3540 vero
964 3485 1029 3540 ad
1071 3493 1276 3554 gentes.
1306 3483 1382 3539 lbi
1407 3484 1644 3554 quinque
1673 3498 1839 3554 panes

248 3570 486 3643 fuerant,
516 3574 619 3630 hoc
639 3583 720 3630 est
740 3577 976 3646 quinque
1004 3576 1124 3630 libri
1144 3575 1340 3647 Moysi;
1371 3576 1458 3631 hic
1482 3591 1612 3631 vero
1630 3584 1836 3647 septem

139 3730 147 3737 _
250 3681 441 3737 panes,
487 3668 578 3737 qui
630 3677 755 3724 sunt
800 3669 1126 3740 septiformis
1154 3667 1386 3740 Spiritus
1413 3669 1736 3738 dona,sicut
1764 3671 1840 3725 ait

251 3749 306 3813 ς.
344 3757 510 3816 Isaias
536 3761 839 3833 propheta:
874 3761 1100 3817 Soiritus
1132 3762 1402 3833 sapientia:
1439 3771 1488 3815 et
1528 3762 1834 3825 intellectus,

1626 3854 1894 3918 SERMO
1935 3850 2150 3918 CVIII.

1560 3955 1634 4011 De
1657 3957 1868 4012 muliere
1893 3954 2212 4011 Chananaza.

1697 4044 2087 4103 ADMONITIO.

1943 3308 2072 3362 ergo
2117 3289 2442 3361 septiformis
2493 3287 2725 3358 Spiritus
2753 3291 2923 3358 gratia
2963 3305 3296 3355 maneamus,
3337 3291 3529 3360 inqua

1944 3383 2121 3439 vocati
2141 3396 2344 3448 sumus,
2375 3378 2563 3448 repleti
2592 3377 2736 3432 dono
2761 3377 2991 3448 Spiritus
3020 3381 3188 3435 sancti
3220 3395 3318 3450 per
3347 3379 3528 3434 Domi-

1945 3493 2072 3532 num
2101 3483 2343 3531 nostrum
2370 3471 2552 3527 Jesum
2578 3469 2870 3538 Christum,
2903 3471 2993 3541 qui
3020 3471 3151 3526 vivit
3179 3480 3234 3526 et
3261 3479 3451 3542 regnat
3473 3473 3529 3532 in

1945 3573 2149 3628 unitate
2177 3568 2409 3640 Spiritus
2438 3565 2607 3622 sancti
2637 3564 2778 3620 Deus
2806 3579 2906 3635 per
2925 3565 3116 3648 .omnia
3144 3563 3336 3621 saebula
3355 3581 3526 3622 sazcu~

1943 3668 2138 3723 lorum.
2171 3661 2360 3717 Amen.

281 4197 286 4199 _
325 4137 386 4194 In
416 4137 601 4194 codice
621 4137 872 4194 Chisiano
900 4138 1185 4193 chartaeeo
1214 4137 1397 4192 szeculi
1421 4153 1507 4202 xv,
1531 4151 1710 4191 sermo
1739 4153 1902 4207 quem
1929 4149 2078 4192 num.
2109 4145 2232 4188 cvm
2281 4126 2578 4195 vulgamus,
2610 4132 2798 4180 sancto
2826 4123 3058 4180 Maximo
3079 4123 3351 4180 tribuitur.

263 4228 805 4287 buccinarum—De
845 4245 1036 4301 magna
1073 4229 1301 4283 mulieris
1355 4227 1670 4301 Chanamea:
1714 4228 1837 4301 fide,

328 4302 600 4371 patientia,
635 4299 950 4354 humilitate;
985 4300 1130 4354 Sicut
1157 4300 1250 4354 illa
1279 4300 1743 4371 permansit‘ﬁrma
1784 4299 1839 4353 in

327 4368 584 4437 oratione,
629 4372 704 4426 sic
752 4389 843 4426 nos
890 4368 1286 4442 perseveremus
1314 4373 1370 4424 in
1417 4368 1651 4426 omnibus
1694 4368 1840 4424 bonis

328 4442 591 4513 operibus.

330 4596 452 4654 Istae
491 4598 735 4654 civntates
779 4598 846 4652 ad
894 4612 1026 4668 quas
1065 4596 1326 4652 Dominus
1366 4598 1514 4652 venit
1542 4596 1843 4664 signiﬁcant

254 4691 401 4747 hunc
433 4688 708 4752 mundum,
739 4690 790 4744 in
822 4705 928 4760 quo
955 4688 1214 4743 Dominus
1242 4689 1387 4743 venit
1412 4703 1510 4757 pro
1553 4696 1734 4743 nostra
1759 4701 1845 4740 sa-

254 4783 391 4848 lute,
451 4792 510 4837 ut
547 4798 648 4838 nos
702 4783 954 4837 liberaret
998 4782 1066 4836 de
1110 4788 1380 4850 potestate
1402 4779 1619 4860 diaboli.
1653 4777 1721 4831 Et
1745 4777 1845 4831 ista

254 4879 454 4932 mulier
482 4875 747 4946 signiﬁcat
772 4886 1012 4931 sanctam
1033 4873 1330 4929 Eeclesiam
1351 4872 1418 4927 de
1442 4872 1690 4942 gentibus
1711 4887 1845 4926 con-

251 4981 558 5043 gregatam.
589 4970 694 5027 Ista
730 4971 921 5025 mulier
951 4976 1239 5039 propterea
1268 4975 1494 5035 vocatur
1522 4965 1842 5028 Chananaaa,

249 5065 387 5134 quia
408 5073 526 5119 erat
550 5072 675 5118 nata
704 5063 771 5119 de
797 5064 966 5132 stirpe
985 5060 1261 5125 Chanaan,
1285 5059 1378 5129 qui
1407 5058 1505 5112 fuit
1547 5056 1684 5111 ﬁlius
1711 5055 1844 5120 Noe,

250 5156 353 5224 qui
384 5155 483 5208 fuit
511 5155 824 5210 maledictus
857 5171 888 5208 a
939 5162 1110 5225 patre.
1164 5151 1456 5207 Audiamus
1484 5149 1610 5220 quid
1653 5148 1849 5204 clamat

254 5257 380 5302 utne
410 5247 603 5302 mulier
631 5254 753 5316 post
781 5243 1367 5300 Dominum.Miserere
1393 5245 1511 5308 mei,
1543 5241 1621 5311 fili
1656 5239 1846 5299 David.

251 5339 379 5408 [ilia
406 5357 522 5394 mea
549 5341 684 5394 male
704 5358 736 5392 a
759 5339 1012 5393 dannonio
1053 5347 1265 5392 vexatur
1297 5334 1510 5408 (Matth.
1548 5336 1657 5405 xv).
1708 5332 1850 5388 Tan-

254 5438 378 5484 tam
414 5429 576 5485 ﬁdem
628 5431 820 5486 habuit
863 5429 1056 5484 mulier
1076 5430 1198 5494 ista;
1221 5437 1282 5483 ut
1308 5444 1416 5484 non
1444 5427 1666 5500 duceret
1688 5424 1849 5479 ﬁliam

253 5536 420 5591 suam
445 5538 631 5578 secum
674 5522 742 5577 ad
789 5521 1092 5586 Dominum,
1125 5535 1225 5576 nec
1253 5519 1497 5574 invitavit
1522 5533 1644 5573 eum
1674 5524 1734 5570 ut
1758 5531 1849 5571 ve-

254 5611 410 5668 niret
435 5615 502 5669 ad
522 5630 659 5680 eam,
689 5614 781 5670 sed
802 5614 1029 5670 ﬁrmiter
1055 5612 1309 5669 credebat
1336 5611 1482 5681 quod
1511 5611 1557 5667 si
1577 5611 1719 5666 Deus
1737 5609 1850 5665 vel-

254 5700 368 5769 let,
392 5714 573 5772 posset
598 5705 730 5761 dare
755 5706 1043 5762 sanitatem
1069 5702 1188 5758 ﬁlia:
1213 5717 1340 5757 sum.
1373 5700 1477 5756 Per
1502 5701 1663 5762 ﬁliam
1691 5699 1850 5770 hujus

252 5792 508 5853 mulieris
534 5796 793 5854 debemus
833 5799 1131 5869 intelligere
1181 5809 1613 5867 uuamauamque
1655 5809 1849 5852 necca-

550 5890 816 5953 ΡΛτιιοι..
865 5889 1054 5952 LVII.

1942 4227 2131 4284 tricem
2162 4222 2414 4287 animam,
2442 4234 2561 4289 quae
2581 4217 2820 4288 quotidie
2848 4225 3073 4272 vexatur
3101 4231 3130 4271 a
3159 4217 3393 4284 diabolo,
3411 4225 3557 4288 qum'

1942 4327 2026 4375 est
2073 4317 2314 4388 subjecta
2369 4313 2513 4370 vitiis
2567 4320 2623 4367 et
2677 4311 2924 4367 omnibus
2952 4311 3107 4366 malis
3149 4311 3530 4381 operibus.llli

1943 4413 2085 4468 enim
2114 4410 2206 4482 qui
2229 4409 2481 4464 doctores
2507 4403 2764 4461 Ecclesia:
2788 4411 2931 4470 sunt,
2955 4416 3168 4471 semper
3195 4402 3393 4458 debent
3415 4418 3530 4458 ωο-

1945 4520 2074 4561 nere
2102 4513 2160 4560 et
2187 4503 2466 4571 increpare
2509 4497 2630 4552 illos
2670 4497 2761 4564 qui
2792 4509 2962 4572 opera
2983 4493 3181 4548 diaboli
3226 4492 3445 4559 faciunt,
3477 4501 3530 4551 et

1943 4615 2043 4670 pro
2068 4599 2148 4654 eis
2202 4600 2379 4661 orent,
2425 4592 2564 4648 sicut
2590 4589 2706 4644 bme
2729 4587 2920 4642 mulier
2947 4585 3123 4641 oravit
3147 4601 3248 4655 pro
3279 4584 3385 4640 ﬁlia
3409 4601 3530 4640 sua.

1949 4690 2055 4746 Sed
2078 4687 2336 4744 Dominus
2367 4699 2474 4739 non
2503 4677 2784 4750 respondit
2812 4678 2862 4732 ei
2910 4677 3156 4732 verbum.
3188 4674 3294 4734 Pro
3341 4677 3532 4735 talibus

1950 4783 2124 4840 causis
2149 4779 2320 4835 uoluit
2348 4773 2606 4831 Dominus
2624 4769 2955 4842 respondere
2982 4768 3214 4824 mulieri.
3247 4768 3450 4833 Primo,
3476 4779 3533 4825 ut

1950 4873 2206 4946 probaret
2252 4869 2370 4940 ejus
2394 4851 2776 4929 constantiam,
2807 4863 2898 4919 sed
2928 4871 3301 4933 perseveraret
3329 4863 3381 4917 in
3412 4879 3536 4934 pre-

1951 4982 2062 5023 ces.
2091 4961 2361 5027 Secundo,
2393 4965 2454 5014 ut
2494 4956 2713 5013 tolleret
2740 4954 3082 5010 occasionem
3132 4949 3330 5008 Judacis
3360 4968 3427 5008 ne
3449 4953 3536 5007 di-

1954 5041 2160 5124 cerent,
2203 5055 2447 5112 Christus
2493 5051 2649 5107 nobis
2687 5049 2982 5120 promissus
3010 5053 3112 5116 est,
3165 5046 3352 5101 et-iste
3379 5045 3536 5102 docet

1950 5160 2157 5221 gentes,
2186 5156 2242 5204 et
2261 5154 2415 5203 curat
2439 5145 2590 5210 illas;
2621 5149 2909 5213 propterea
2936 5138 3188 5194 nolumus
3212 5138 3435 5194 credere
3483 5140 3539 5196 in

1952 5201 2120 5297 illum.
2145 5201 2356 5304 'Tertio,
2380 5244 2441 5292 ut
2459 5201 2946 5307 probaret-animos
2965 5231 3372 5301 discipulorum,
3393 5239 3448 5286 et
3471 5232 3540 5288 ad

1950 5332 2376 5390 misericordiam
2403 5335 2746 5402 provocaret.
2767 5327 2839 5382 Et
2868 5327 3166 5381 accedentes
3184 5325 3426 5396 discipuli
3451 5342 3540 5378 ro-

1955 5425 2146 5498 gabant
2172 5441 2287 5478 eum
2309 5423 2575 5478 dicentes:
2624 5419 2841 5474 Dimitte
2864 5435 3001 5482 eam,
3041 5417 3162 5489 quia
3202 5416 3395 5469 clamat
3421 5423 3539 5486 post

1953 5533 2069 5571 nos.
2103 5514 2180 5570 Ac
2207 5515 2251 5569 si
2279 5513 2520 5570 dicerent
2553 5531 2565 5566 :
2597 5509 2818 5565 Dimitte
2847 5513 3088 5578 peccata,
3117 5511 3173 5560 et
3200 5502 3343 5558 dona
3369 5504 3540 5559 virtu-

1953 5617 2056 5666 tes.
2089 5607 2380 5678 Postquam
2408 5606 2603 5662 mulier
2629 5603 2834 5659 audivit
2859 5599 2955 5656 SS.
3012 5596 3288 5668 apostolos
3333 5611 3434 5665 pro
3480 5615 3540 5654 se

1955 5709 2228 5772 rogantes,
2259 5701 2439 5756 statim
2469 5713 2590 5754 cum
2620 5707 2812 5762 magna
2861 5689 3054 5744 ﬁducia
3091 5688 3238 5744 venit
3265 5685 3333 5741 ad
3359 5686 3540 5746 Domi<

1957 5809 2106 5860 num,
2136 5789 2297 5866 675
2324 5799 2380 5848 et
2407 5787 2651 5846 adoravit
2680 5800 2825 5850 eum,
2883 5780 3105 5836 dicens:
3161 5777 3404 5846 Domine,
3449 5783 3544 5835 ad.

3014 5871 3096 5934 2h
