4052 6330
507 399 610 470 im

1565 395 1620 451 S.
1661 392 1905 449 MAXIM]
1944 390 2242 447 EPISCOPI
2283 388 2730 445 TAUlllNENSlS

3659 376 3760 438 ’148

498 521 625 593 juva
654 531 752 569 me.
779 513 881 579 Qui
904 513 1235 586 respondens,
1261 512 1334 568 ait
1364 529 1380 567 :
1411 511 1536 567 Non
1563 522 1640 566 est
1674 513 1860 567 bonum
1880 527 2079 564 sumere
2107 513 2158 573 Α
2184 507 2415 576 gentilis,
2447 504 2673 561 credidit
2696 501 2837 573 quod
2888 500 3141 593 Dominus
3190 503 3374 593 posset
3403 497 3534 554 dare
3563 497 3765 593 sanita—

504 625 690 681 panem
739 607 987 676 ﬁliorum,
1041 614 1090 662 et
1118 609 1317 661 mittere
1345 606 1596 671 canibus;
1625 605 1730 659 hoc
1759 604 1887 659 dicit
1919 621 1930 655 ί
1963 601 2081 655 Non

449 763 462 779 .
503 708 588 755 est
633 699 831 752 bonum
880 705 938 752 ut
965 697 1308 754 subtrahatur
1333 696 1530 772 Judzeis
1554 696 1796 751 doctrinm
1847 695 1961 762 Dei,
1989 694 2082 763 qui

503 805 716 860 semper
763 789 1047 844 Dominum
1097 789 1474 855 adoraverunt,
1526 798 1580 844 ut
1608 788 1763 843 detur
1791 787 1960 850 vobis,
1985 786 2084 854 qui

503 881 731 949 gentiles
784 881 914 936 estis
967 889 1022 935 et
1069 881 1280 951 pagani,
1322 889 1378 936 et
1405 879 1700 936 servivistis
1727 893 1939 948 semper
1965 876 2082 931 dia-

503 970 652 1027 bolo.
708 970 909 1026 Tamen
962 972 1155 1028 mulier
1182 973 1454 1042 sapienter
1475 972 1776 1040 intelligens
1803 969 1945 1040 quod
1976 969 2084 1024 Do-

501 1063 678 1118 minus
705 1062 856 1127 dixit,
880 1078 1002 1118 cum
1021 1063 1320 1118 humilitate
1349 1064 1527 1119 taliter
1545 1061 1822 1131 respondit
1846 1079 1858 1114 :
1883 1059 2079 1125 Etiam,

500 1153 737 1208 Domine.
769 1152 885 1209 Hoc
905 1161 988 1209 est
1008 1155 1186 1210 dicere
1210 1174 1222 1208 :
1254 1155 1395 1211 Vere
1423 1156 1554 1222 scio,
1580 1154 1822 1220 Domine,
1847 1161 1901 1208 et.
1919 1153 2080 1208 credo

499 1244 625 1314 quia
653 1245 724 1298 ita
752 1253 834 1300 est
862 1252 920 1299 ut
947 1253 1002 1300 tu
1027 1246 1175 1302 dicis.
1209 1245 1366 1302 Certe
1392 1263 1500 1302 non
1529 1262 1712 1302 sumus
1759 1246 1906 1315 digni
1935 1245 2080 1300 acci-

497 1351 626 1408 pere
646 1353 839 1407 panem
865 1337 1113 1404 ﬁliorum,
1140 1341 1229 1410 qui
1255 1355 1467 1410 semper
1486 1340 1770 1394 adoramus
1792 1339 1952 1392 idola.
1972 1336 2078 1392 Sed

495 1434 718 1498 propter
743 1429 847 1504 hoc
873 1429 1016 1497 dico,
1038 1433 1163 1500 quia
1184 1431 1432 1500 dignatus
1458 1446 1517 1486 es
1540 1431 1796 1487 venirein
1819 1428 2078 1482 mundum

497 1526 557 1575 ut
585 1520 899 1576 ostenderes
925 1523 1150 1590 gratiam
1180 1529 1323 1577 tuam
1351 1539 1512 1593 super
1538 1539 1637 1578 nos
1664 1522 1908 1591 gentiles,
1935 1519 2079 1574 Nam

495 1621 545 1681 et
570 1612 739 1668 catelli
758 1613 912 1668 edunt
935 1614 998 1666 de
1018 1614 1162 1668 micis
1191 1630 1304 1686 qua:
1330 1615 1520 1669 cadunt
1548 1615 1610 1668 de
1636 1631 1817 1668 mensa
1843 1613 2078 1667 domino-

496 1719 613 1759 rum
657 1721 886 1762 suorum.
937 1704 1120 1761 Fidem
1147 1708 1310 1778 676
1336 1708 1542 1777 habuit,
1591 1709 1715 1777 quia
1769 1722 1888 1762 cum
1936 1713 2079 1760 esset

2186 608 2293 655 tem
2318 599 2436 653 lilia:
2457 614 2584 653 sue.
2609 596 2928 651 Patientiam
2957 591 3142 648 habuit
3171 589 3386 663 quando
3435 607 3557 646 eam
3588 588 3768 646 Domi-

2185 708 2286 747 nus
2329 690 2648 761 repudiavit,
2693 687 2878 743 tandiu
2926 686 2978 741 in
3008 702 3168 758 prece
3210 686 3579 757 perseveravit
3601 701 3766 756 usque

2187 799 2294 854 quo
2322 782 2588 853 acciperet
2613 781 2756 852 quod
2802 779 3094 851 quaerebat.
3142 777 3510 835 Humilitatem
3559 776 3763 846 habuit,

2157 878 2311 954 ,quia
2339 871 2554 947 quando
2583 876 2836 930 Dominus
2865 873 3194 945 comparavit
3220 887 3339 928 eam
3366 871 3610 937 canibus,
3656 871 3768 941 ipsa

2187 970 2487 1039 coaequavit
2534 983 2594 1023 se
2619 967 2842 1024 catellis.
2889 965 3180 1035 Postquam
3212 962 3542 1034 Redemptor
3588 971 3771 1018 noster

2185 1062 2318 1116 vidit
2347 1059 2504 1116 ﬁdem
2537 1061 2688 1116 istius
2710 1059 2950 1115 mulieris
2973 1067 3080 1112 tam
3111 1072 3378 1127 magnam,
3409 1056 3547 1111 dixit
3575 1055 3654 1111 illi
3681 1076 3694 1110 :
3723 1050 3766 1110 0

2186 1155 2389 1223 mulier,
2419 1171 2609 1226 magna
2631 1163 2712 1208 est
2741 1153 2872 1224 ﬁdes
2901 1162 3016 1216 tua;
3037 1152 3133 1222 ﬁat
3155 1148 3244 1204 tibi
3283 1150 3414 1204 sicut
3433 1150 3527 1204 vis.
3575 1147 3771 1206 Exem-

2185 1251 2334 1320 plum
2362 1248 2620 1304 debemus
2661 1247 2925 1316 accipere,
2975 1242 3169 1299 fratres
3212 1240 3497 1306 carissimi,
3549 1241 3619 1296 ab
3671 1241 3770 1299 ista

2185 1339 2443 1404 muliere;
2494 1345 2553 1392 ut
2581 1337 2719 1391 sicut
2765 1335 2855 1389 illa
2885 1331 3179 1403 permansit
3218 1330 3370 1387 ﬁrma
3416 1331 3473 1386 in
3501 1331 3768 1399 oratione,

2185 1430 2261 1484 sic
2283 1445 2382 1483 nos
2411 1428 2650 1498 quotidie
2672 1441 3076 1498 perseveremus
3101 1423 3156 1479 in
3181 1423 3429 1480 omnibus
3452 1422 3612 1478 bonis
3641 1439 3771 1493 ope-

2185 1521 2363 1586 ribus;
2388 1521 2443 1574 'et
2461 1519 2598 1574 sicut
2621 1519 2708 1574 illa
2725 1519 2898 1574 oravit
2917 1515 3222 1582 Dominum,
3244 1514 3320 1569 ita
3344 1529 3566 1570 oremus
3580 1514 3766 1578 Deum,

2185 1596 2245 1666 ut
2271 1621 2478 1668 mentes
2507 1618 2721 1668 nostras
2748 1609 2998 1682 dignetur
3024 1609 3255 1666 liberare
3281 1607 3351 1664 de
3397 1606 3610 1663 insidiis
3655 1607 3770 1662 dia-

2183 1705 2312 1761 boli.

1891 1794 2158 1858 SERMO
2200 1797 2339 1860 CIX

1778 1897 1858 1951 De
1885 1899 2119 1968 fraterna
2142 1900 2482 1968 correptione.

641 2030 651 2038 .
1945 1989 2336 2045 ADMONITIO.

567 2082 756 2140 Sancti
783 2081 998 2140 Maximi
1026 2092 1277 2139 ornatum
1304 2083 1521 2138 nomine
1541 2084 1684 2138 hunc
1713 2098 2016 2137 sermonem
2048 2081 2150 2138 109
2169 2099 2236 2138 ex
2266 2084 2454 2141 codice
2472 2083 2750 2140 Casiuensi
2770 2100 2863 2149 xu,
2895 2097 3017 2155 pag.
3046 2083 3170 2153 554,
3198 2085 3602 2157 exscripsimus.

499 2227 886 2291 escensurum.
921 2242 991 2261 ιε
1012 2217 1237 2291 Summis
1267 2214 1506 2291 laudibus
1540 2215 1763 2270 Paulum
1794 2221 2081 2291 apostolum
2111 2223 2156 2283 Β
2186 2217 2324 2273 forte
2376 2217 2479 2275 iter
2518 2227 2759 2276 vestrum
2807 2233 2915 2290 quo
2957 2221 3024 2276 ad
3051 2235 3274 2291 regnum
3303 2219 3523 2279 cceleste
3542 2230 3763 2278 conten-

569 2291 718 2359 eﬂert
766 2288 1048 2353 Maximus,
1083 2289 1594 2360 ejusque_ea:plicans
1643 2287 1998 2360 testimOnium
2037 2287 2081 2340 ll

570 2358 818 2416 Curiatii.
853 2377 922 2422 γι,
974 2358 1458 2413 οδεθηάὲΗιαὺίιανε
1491 2375 1591 2412 ηοη
1635 2375 1784 2427 posse
1811 2361 1862 2411 in
1906 2359 2082 2412 eodem

569 2431 723 2486 corde
754 2441 801 2485 et
827 2431 961 2485 inter
987 2430 1140 2483 unius
1177 2431 1396 2501 pectoris
1435 2429 1710 2500 hospitium
1762 2429 2081 2499 iniquitatem

571 2501 722 2556 simul
751 2509 800 2554 et
829 2502 1140 2572 (equitatem.

570 2589 934 2649 Ecclesiarum
963 2593 1199 2647 omnium
1227 2593 1469 2662 regimen
1498 2592 1838 2648 beatissimus
1866 2593 2077 2661 Paulus,

500 2688 693 2743 fratres
715 2687 998 2754 carissimi,
1027 2703 1187 2756 quem
1208 2703 1308 2758 pro
1331 2688 1660 2744 conscientia
1687 2687 1943 2758 inculpati
1982 2701 2080 2758 pe-

503 2779 686 2841 ctoris,
731 2787 1036 2847 sanctasque
1081 2778 1412 2849 perfectione
1462 2779 1719 2836 doctrina:
1770 2781 2081 2849 magistrum

502 2867 750 2938 gentibus
779 2861 1043 2924 universis
1072 2869 1264 2926 electio
1289 2872 1523 2928 caelestis
1548 2873 1795 2938 instituit,
1850 2872 2082 2926 domini-

503 2971 618 3015 cam
640 2961 852 3030 plebem
874 2975 1016 3016 nunc
1044 2961 1225 3031 vigore
1263 2961 1524 3033 Apostoli,
1561 2976 1718 3020 -ttunc
1763 2964 2082 3020 auctoritate

502 3046 736 3109 doctoris
754 3041 996 3124 pateram
1025 3053 1307 3110 aﬁ‘ectione
1335 3056 1550 3125 pietatis
1579 3056 1843 3126 increpat,
1869 3057 2083 3111 instruit

501 3151 557 3200 et
577 3143 843 3200 emendat.
875 3139 1048 3201 Habet
1066 3161 1257 3201 revera
1286 3146 1335 3201 id
1359 3148 1622 3217 propositi
1651 3148 1735 3203 vir
1760 3132 2084 3216 gloriosissi-

502 3247 642 3304 mus,
675 3251 741 3290 ne
769 3233 1059 3305 discipulos
1083 3252 1210 3292 suos
1238 3245 1332 3291 aut
1349 3236 1730 3293 blandimentis
1759 3239 1897 3294 forte
1926 3240 2082 3294 nimis

501 3323 711 3383 desides
751 3327 962 3395 reddat,
1015 3338 1105 3383 aut
1159 3329 1434 3399 asperiore
1478 3345 1662 3385 rursus
1714 3331 2082 3401 increpatione

501 3418 806 3474 conturbet.
856 3415 960 3473 Sed
991 3426 1139 3474 tanto
1168 3435 1472 3476 sermonem
1498 3437 1653 3475 suum
1683 3422 1921 3492 pondere
1949 3429 2082 3477 tem-

487 3518 922 3582 ‘peramentoque
968 3511 1294 3586 circumfert,
1338 3521 1397 3567 ut
1423 3511 1682 3570 inoffensa
1712 3514 1937 3569 docendi
1964 3522 2080 3570 arte

2183 2309 2328 2376 ditis,
2361 2310 2688 2368 inﬁdelitatis
2713 2301 2778 2369 ac
2804 2313 3072 2369 scelerum
3100 2315 3266 2385 spinae
3312 2326 3605 2387 sontesque
3634 2330 3765 2371 cons

2183 2403 2416 2457 cludant.
2441 2402 2550 2459 Sed
2576 2405 2717 2474 agite
2736 2413 2998 2477 quatenus
3020 2406 3176 2462 vobis
3204 2406 3290 2464 via
3313 2407 3402 2464 illa
3425 2407 3573 2480 regia
3602 2423 3764 2480 quam

2181 2495 2430 2565 voluptas
2456 2497 2638 2552 mundi
2667 2498 2826 2568 hujus
2879 2514 2943 2556 ac
2994 2509 3336 2571 peccatorum
3381 2497 3764 2571 impedimenta

2183 2595 2555 2658 coangustant,
2587 2585 2710 2644 ﬁdei
2758 2605 2824 2646 ac
2871 2592 3123 2647 virtutum
3177 2593 3436 2649 exercitio
3485 2594 3764 2650 dilatetur.

2185 2679 2380 2748 Nolite,
2395 2682 2485 2748 ait,
2499 2681 2684 2753 jugum
2700 2683 2881 2738 ducere
2901 2685 3336 2755 cuminﬁdelibus.
3351 2684 3544 2755 Iugum
3565 2688 3767 2759 quippe

2181 2775 2327 2830 ducit
2347 2791 2468 2830 cum
2499 2774 2799 2832 inﬁdelibus
2819 2779 2994 2834 omnis
3020 2779 3110 2849 qui
3138 2780 3191 2834 in
3212 2778 3569 2850 perditionem
3591 2779 3766 2836 homi-

2171 2865 2265 2922 ~nis
2288 2874 2626 2937 mortemque
2650 2868 2911 2939 conjurat.
2939 2865 3128 2940 Iugum
3151 2886 3271 2926 cum
3294 2871 3595 2927 inﬁdelibus
3618 2872 3766 2928 ducit

2183 2958 2486 3028 quicunque
2501 2973 2558 3012 se
2571 2960 2731 3030 677
2745 2960 3042 3016 inhonestis
3060 2962 3229 3017 sociat
3249 2959 3624 3032 turpibusque;
3649 2963 3764 3035 qui,

2182 3047 2428 3104 confesso
2450 3048 2646 3105 Christi
2659 3053 2874 3107 nomine
2888 3050 3096 3124 ﬁdeque
3111 3062 3376 3123 suscepta,
3395 3053 3460 3109 ad
3477 3057 3767 3128 sacrilegas

2181 3139 2484 3210 voluptates
2514 3140 2778 3198 diabolica
2811 3146 3190 3215 superstitione
3221 3156 3521 3202 revocatur.
3548 3147 3615 3203 Et
3643 3149 3768 3220 post

2182 3234 2382 3304 omnia,
2411 3232 2625 3305 fratres,
2672 3239 3029 3308 periculosum
3055 3239 3214 3296 nimis
3247 3239 3431 3312 jugum
3463 3241 3624 3297 trahit
3648 3244 3760 3314 qui,

2181 3333 2365 3396 spreta
2392 3327 2699 3396 integritate
2725 3329 2957 3398 vivendi,
2995 3331 3326 3403 diruptisque
3357 3333 3522 3388 divini
3559 3335 3767 3390 timoris

2180 3417 2423 3488 vinculis,
2454 3434 2661 3476 mersus
2688 3429 2833 3478 totus
2862 3424 2915 3479 in
2939 3433 3155 3490 terram,
3184 3439 3338 3480 saevae
3367 3428 3766 3483 conversationi

2181 3511 2388 3579 captiva
2434 3511 2597 3567 miser
2623 3511 2761 3568 colla
2796 3515 3059 3570 submittit
3093 3534 3103 3568 :
3136 3522 3196 3570 ut
3233 3515 3300 3571 de
3335 3512 3513 3586 impiis
3549 3515 3764 3586 legitur,

501 3610 937 3673 unumquemque
959 3609 1113 3658 recto
1139 3619 1169 3657 a
1200 3606 1411 3659 tramite
1435 3604 1737 3659 deviautem
1794 3606 2078 3662 salubriter
2101 3604 2148 3667 C
2180 3603 2270 3670 Qui
2298 3604 2536 3674 aspicere
2566 3607 2616 3660 in
2646 3606 2841 3662 coelum
2869 3617 2924 3663 et
2952 3607 3186 3664 caelestia
3217 3608 3650 3673 contemnebant,
3686 3609 3768 3665 di-

398 3710 404 3716 ’
497 3700 736 3759 revocet,
781 3694 1005 3762 castiget
1033 3702 1085 3748 et
1115 3692 1308 3748 foveat.
1345 3695 1526 3750 Voluit
1553 3697 1694 3750 enim
1722 3695 2077 3767 prudentissi-

498 3800 619 3839 mus
643 3785 857 3855 doctor,
881 3794 941 3840 ut
986 3801 1113 3842 vere
1141 3788 1432 3857 spiritualis
1460 3789 1594 3858 apis,
1626 3805 1724 3860 pro
1765 3791 2078 3846 diversitate

499 3876 834 3943 peccantium
856 3885 910 3931 et
939 3877 1142 3946 spicula
1166 3878 1370 3946 jacere,
1402 3887 1456 3932 et
1481 3880 1638 3935 mella
1665 3881 1921 3950 prteberc.
1969 3877 2078 3938 Nos

499 3981 648 4032 vero,
699 3967 913 4035 fratres,
963 3983 1100 4036 quos
1129 3976 1180 4023 et
1211 3969 1376 4024 virtus
1403 3967 1601 4036 deﬁcit,
1654 3979 1709 4025 et
1760 3972 2077 4027 multimoda

495 4065 716 4126 peccata
744 4059 1087 4125 comitantur,
1120 4061 1344 4115 acrioris
1366 4063 1724 4132 correptionis
1747 4065 1962 4121 aculeos
1983 4081 2080 4120 au-

495 4149 761 4204 ctoritatis
813 4151 1121 4218 apostolicae
1174 4150 1544 4222 delinquentes
1591 4155 1646 4209 in
1693 4157 1932 4213 auditum
1984 4174 2075 4214 ve-

488 4231 665 4296 strum
711 4240 1037 4298 blandientis
1080 4243 1366 4300 astruimus
1395 4244 1661 4300 aﬁ'ectum.
1717 4247 1848 4302 Nam
1877 4257 1932 4304 et
1958 4251 2076 4305 vul-

494 4347 625 4388 nera
669 4333 1022 4388 humanorum
1068 4347 1352 4404 corporum
1394 4334 1669 4392 dulcedine
1690 4339 1878 4394 melius
1909 4355 2074 4410 quam

496 4423 851 4480 amaritudlne
881 4424 1231 4481 medicantur.
1262 4427 1350 4480 Ait
1370 4439 1499 4497 ergo
1526 4427 1666 4484 inter
1687 4441 1879 4487 uetera
1932 4433 2076 4504 Apo-

492 4517 661 4571 stolus
717 4516 782 4572 ad
829 4515 1138 4576 Corinthios
1181 4518 1422 4575 scribens
1463 4521 1704 4578 eamdem
1755 4535 2072 4582 remunera-

493 4607 697 4663 tionem
727 4625 740 4662 :
774 4607 1039 4680 Tanquam
1061 4610 1184 4681 ﬁliis
1206 4611 1338 4676 dico,
1372 4612 1666 4668 dilatamini
1697 4625 1744 4668 et
1773 4631 1879 4682 vos,
1901 4627 1952 4670 et
1979 4633 2075 4672 no-

491 4698 578 4752 lite
616 4699 802 4770 jugum
851 4700 1034 4754 ducere
1061 4715 1176 4754 cum
1215 4702 1508 4772 inﬁdelibus
1539 4703 1592 4775 (1
1601 4704 1628 4757 Ι
1653 4706 1770 4760 Cor.
1802 4708 1897 4776 γι).
1932 4701 2073 4764 Tan-

491 4801 652 4857 quam
683 4787 823 4854 ﬁliis,
857 4790 1048 4859 inquit,
1083 4790 1227 4845 dico.
1279 4791 1423 4848 Ecce
1466 4797 1705 4862 quamvis
1759 4808 2073 4867 peceatores

492 4878 631 4936 ﬁlios
677 4882 910 4951 appellat
964 4882 1276 4953 Apostolus,
1332 4899 1399 4939 ne
1434 4887 1714 4956 quisquam
1759 4891 2074 4959 peccatricis

2181 3703 2338 3749 cente
2366 3696 2626 3766 pr0pheta
2659 3713 2671 3750 :
2700 3695 2889 3764 Oculos
2935 3715 3056 3755 suos
3095 3705 3387 3754 statuerunt
3421 3699 3685 3754 declinare
3713 3703 3768 3755 in

2182 3792 2322 3837 terra
2342 3781 2514 3856 (Psat.
2544 3785 2672 3858 xw).
2698 3787 2962 3845 lntendlte
2982 3789 3153 3846 adhuc
3179 3789 3471 3860 cujusmodi
3501 3787 3766 3862 apostoli-

2180 3889 2257 3931 cae
2306 3877 2563 3935 doctrinae
2605 3896 2664 3936 se
2705 3882 2838 3938 ordo
2880 3884 3127 3939 subtexat
3158 3903 3171 3938 :
3204 3886 3279 3940 ait
3317 3875 3550 3958 namque
3586 3907 3599 3941 :
3632 3887 3770 3951 Qua:

2181 3973 2508 4042 parn'cipatio
2528 3975 2748 4044 justitia:
2773 3993 2887 4031 cum
2928 3979 3232 4050 iniquitate?
3264 3991 3352 4033 aut
3390 3999 3504 4054 quas
3542 3985 3767 4038 societas

2180 4061 2281 4117 luci
2310 4063 2378 4116 ad
2408 4064 2679 4120 tenebras?
2710 4067 2837 4135 Qua:
2863 4078 3034 4124 autem
3060 4073 3322 4127 conventio
3345 4072 3536 4127 Christi
3564 4075 3632 4128 ad
3666 4074 3771 4129 Be-

2180 4154 2313 4207 lial?
2339 4153 2467 4218 Qua:
2493 4173 2616 4226 pars
2644 4157 2789 4228 ﬁdeli
2817 4148 2939 4214 cum.
2959 4161 3194 4231 inﬁdeli?
3219 4163 3304 4233 qui
3341 4174 3510 4218 autem
3538 4181 3765 4220 consen-

2180 4262 2265 4299 sus
2296 4247 2483 4318 templo
2509 4246 2608 4303 Dei
2634 4265 2748 4303 cum
2786 4251 2974 4305 idolis?
3009 4250 3153 4316 Quae,
3194 4254 3383 4324 inquit,
3428 4259 3767 4327 participatio

2171 4339 2393 4410 justitia:
2421 4356 2536 4396 cum
2574 4343 2843 4415 iniquitate
2876 4343 2961 4417 (Il
2989 4343 3106 4401 Cor.
3139 4348 3251 4417 v1)?
3273 4345 3388 4402 Non
3419 4357 3617 4418 potest,
3650 4351 3765 4405 fra-

2177 4440 2309 4501 tres,
2340 4433 2393 4487 in
2418 4433 2610 4489 eodem
2650 4435 2818 4492 corde
2855 4445 2910 4491 et
2949 4437 3088 4492 inter
3118 4439 3273 4494 unius
3311 4442 3550 4509 pectoris
3577 4440 3766 4513 hospi-

2178 4525 2310 4578 tium
2341 4525 2593 4596 iniquitas
2631 4527 2979 4596 simulatque
3005 4529 3225 4597 aequitas
3262 4529 3528 4586 habitare.
3570 4529 3763 4586 Conti-

2162 4633 2343 4671 .nuum
2389 4617 2640 4673 nimirum
2688 4621 2829 4674 inter
2874 4628 3152 4691 utramque
3197 4621 3399 4689 geritur
3434 4621 3656 4688 bellum,
3708 4633 3764 4678 et

2173 4724 2395 4765 necesse
2424 4719 2506 4766 est
2533 4719 2592 4765 ut
2619 4726 2725 4765 una
2767 4702 2997 4783 pellalur
3028 4712 3094 4767 ab
3121 4712 3242 4788 alia.
3275 4711 3496 4768 Frustra
3531 4713 3762 4783 injustas

2175 4800 2401 4871 quisque
2439 4802 2708 4858 interdum
2752 4803 2928 4862 inesse
2967 4802 3067 4858 sibi
3112 4804 3397 4871 imaginem
3439 4805 3762 4875 integritatis

2175 4901 2411 4948 ostentat
2439 4912 2451 4948 :
2485 4895 2539 4950 in
2568 4896 2746 4951 animo
2775 4897 2916 4950 enim
2947 4909 3107 4965 quem
3137 4895 3441 4966 frequentat
3483 4898 3757 4967 iniquitas,

490 4972 831 5029 conscientia:
855 4974 1062 5044 pudore
1092 4975 1376 5034 deterritus
1406 4979 1474 5034 de
1498 4983 1630 5035 tanti
1655 4985 1819 5052 patris
1847 4987 2071 5058 caritate
2100 4985 2154 5046 D
2175 4985 2426 5041 simulata
2448 4985 2655 5056 justltia
2694 4994 2795 5044 est.
2843 4985 3088 5057 Plerique
3127 5001 3357 5057 namque
3399 5002 3511 5043 non
3537 4998 3762 5059 propter

487 5073 785 5122 cunctetur.
835 5065 992 5135 Nam,
1042 5070 1186 5138 quod
1239 5073 1477 5142 increpat
1507 5073 1719 5142 Paulus,
1751 5093 1858 5133 non
1885 5081 2066 5136 odium

486 5167 706 5213 exercet
761 5159 903 5225 irati,
945 5159 1039 5217 sed
1067 5175 1258 5217 munus
1287 5165 1553 5234 diligentis
1583 5169 1857 5239 impendit.
1886 5171 2066 5228 Incre-

483 5249 634 5319 patio
681 5250 827 5306 enim
871 5265 990 5321 quae
1045 5251 1217 5310 amic’o
1263 5255 1331 5312 de
1372 5271 1467 5312 ore
1503 5260 1745 5327 procedit
1773 5263 2062 5330 optabilem

480 5347 662 5412 portat
683 5344 737 5398 in
762 5344 983 5401 vulnere
1001 5346 1304 5402 sanitatem.
1333 5347 1404 5403 Ut
1424 5350 1498 5403 ait
1523 5351 1609 5405 ille
1635 5353 2062 5423 sapientissimus

479 5424 777 5490 Salomon:
811 5445 837 5472 ει
860 5434 1080 5492 Heliam
1100 5445 1220 5491 sunt
1239 5439 1450 5492 uulnera
1481 5443 1635 5495 amici
1653 5453 1805 5512 quam
1825 5444 2061 5498 volunta-

477 5525 558 5578 ria
579 5527 754 5581 oscula
781 5528 975 5584 inimici
999 5528 1179 5601 (Prov.
1223 5531 1408 5599 xxvn).
1441 5530 1508 5585 At
1537 5545 1656 5600 qua:
1682 5533 1786 5589 alia
1831 5545 2058 5605 possunt

476 5627 595 5672 esse
621 5618 918 5674 amicorum
952 5621 1198 5688 vulnera,
1225 5619 1330 5677 nisi
1357 5622 1522 5678 verba
1547 5625 1742 5695 quibus
1768 5639 2057 5699 peccantes

475 5705 868 5766 verberantur?
918 5708 1248 5779 Dilatamlni,
1299 5713 1494 5784 inquit,
1539 5715 1594 5772 id
1643 5726 1726 5774 est
1776 5720 1956 5778 videte
1985 5737 2054 5780 ne

2179 5079 2349 5149 ipsam
2374 5079 2637 5150 justitiam
2675 5081 2806 5150 justi
2851 5090 3229 5152 nonnunquam
3269 5081 3544 5150 videntur,
3571 5083 3668 5140 sed
3703 5089 3761 5138 ut

2175 5174 2544 5243 iniquitatibus
2575 5176 2684 5231 suis
2704 5177 2950 5231 umbram
2977 5175 3274 5231 sanctitatis
3295 5175 3587 5243 obducunt,
3609 5193 3760 5232 men—

2173 5268 2285 5322 tita:
2305 5269 2569 5336 aequitatis
2587 5267 2848 5323 velamina
2867 5269 3211 5338 praemittunt.
3231 5266 3334 5323 Sed
3355 5268 3427 5322 illi
3455 5281 3581 5324 vere
3603 5277 3756 5324 erunt

2168 5361 2298 5430 justi
2335 5361 2526 5432 quibus
2571 5362 2785 5431 penitus
2825 5360 3008 5415 odiosa
3048 5360 3159 5415 Deo
3205 5373 3475 5429 nunquam
3517 5360 3757 5431 subrepit

2173 5451 2460 5520 iniquitas;
2489 5451 2556 5507 de
2582 5453 2774 5520 quibus
2802 5453 2859 5505 et‘
2881 5449 3216 5506 venerandus
3247 5451 3554 5520 patriarcha
3589 5449 3755 5505 David

2169 5543 2246 5597 ait
2271 5559 2284 5596 :
2313 5540 2457 5597 Beati
2482 5542 2569 5615 qui
2596 5543 2889 5598 custodiunt
2912 5542 3169 5613 judicium
3197 5550 3246 5597 et
3271 5544 3470 5614 faciunt
3492 5537 3752 5614 justitiam

2166 5636 2225 5688 in
2273 5637 2411 5689 omni
2452 5645 2676 5705 tempore
2705 5633 2873 5707 (Psal.
2905 5633 3012 5704 cv).
3062 5633 3314 5703 Sequitur
3349 5633 3542 5690 deinde
3575 5652 3589 5688 τ
3624 5630 3752 5695 θυαε

2168 5727 2396 5782 societas
2413 5728 2514 5783 luci
2541 5728 2611 5781 ad
2634 5727 2898 5782 tenebras?
2921 5727 3176 5783 Advertat
3195 5726 3372 5784 omnis
3393 5723 3607 5782 auditor
3623 5721 3746 5793 qui!

546 5850 576 5883 ⁸
600 5842 664 5902 1n
681 5837 910 5915 Vulgata
930 5845 1061 5917 legit
1086 5864 1099 5904 :
1120 5839 1346 5906 Meliora
1364 5855 1572 5910 vulnera
1597 5853 1877 5928 diligentis,
1899 5877 2052 5934 quam
2085 5863 2418 5931 fraudulenta
2449 5863 2624 5916 oscula
2651 5860 2889 5916 odientis.
