  <div class='ocr_page' id='page_1' title='image "/cluster/home/n/w/nwhite01/storage/ocr_20150623/57/hvd.32044015471618/380.png"; bbox 0 0 4052 6330; ppageno 0'>
   <div class='ocr_carea' id='block_1_1' title="bbox 300 391 403 453">
    <p class='ocr_par' dir='ltr' id='par_1_1' title="bbox 300 391 403 453">
     <span class='ocr_line' id='line_1_1' title="bbox 300 391 403 453; baseline -0.039 1"><span class='ocrx_word' id='word_1_1' title='bbox 300 391 403 453; x_wconf 62' lang='lat' dir='ltr'><strong>7L9</strong></span> 
     </span>
    </p>
   </div>
   <div class='ocr_carea' id='block_1_2' title="bbox 1733 384 2107 449">
    <p class='ocr_par' dir='ltr' id='par_1_2' title="bbox 1733 384 2107 449">
     <span class='ocr_line' id='line_1_2' title="bbox 1733 384 2107 449; baseline 0 -3"><span class='ocrx_word' id='word_1_2' title='bbox 1733 384 1961 448; x_wconf 73' lang='lat' dir='ltr'><strong>SERIO</strong></span> <span class='ocrx_word' id='word_1_3' title='bbox 1995 388 2107 449; x_wconf 77' lang='lat' dir='ltr'><strong>CX.</strong></span> 
     </span>
    </p>
   </div>
   <div class='ocr_carea' id='block_1_3' title="bbox 3427 398 3538 457">
    <p class='ocr_par' dir='ltr' id='par_1_3' title="bbox 3427 398 3538 457">
     <span class='ocr_line' id='line_1_3' title="bbox 3427 398 3538 457; baseline 0.036 -4"><span class='ocrx_word' id='word_1_4' title='bbox 3427 398 3538 457; x_wconf 78' lang='lat'><strong>750</strong></span> 
     </span>
    </p>
   </div>
   <div class='ocr_carea' id='block_1_4' title="bbox 286 502 3538 587">
    <p class='ocr_par' dir='ltr' id='par_1_4' title="bbox 286 502 3538 587">
     <span class='ocr_line' id='line_1_4' title="bbox 286 502 3538 587; baseline 0.001 -23"><span class='ocrx_word' id='word_1_5' title='bbox 286 525 384 565; x_wconf 88' lang='lat' dir='ltr'><strong>ron</strong></span> <span class='ocrx_word' id='word_1_6' title='bbox 413 516 596 580; x_wconf 98' lang='lat' dir='ltr'><strong>potest</strong></span> <span class='ocrx_word' id='word_1_7' title='bbox 617 522 755 565; x_wconf 86' lang='lat' dir='ltr'><strong>unus</strong></span> <span class='ocrx_word' id='word_1_8' title='bbox 784 505 1028 587; x_wconf 80' lang='lat' dir='ltr'><strong>idemque</strong></span> <span class='ocrx_word' id='word_1_9' title='bbox 1065 519 1185 563; x_wconf 79' lang='lat' dir='ltr'><strong>esse</strong></span> <span class='ocrx_word' id='word_1_10' title='bbox 1226 503 1531 577; x_wconf 87' lang='lat' dir='ltr'><strong>splendidus</strong></span> <span class='ocrx_word' id='word_1_11' title='bbox 1567 510 1622 560; x_wconf 89' lang='lat' dir='ltr'><strong>et</strong></span> <span class='ocrx_word' id='word_1_12' title='bbox 1659 502 1858 561; x_wconf 86' lang='lat' dir='ltr'><strong>obscu-</strong></span> <span class='ocrx_word' id='word_1_13' title='bbox 1884 508 1935 570; x_wconf 78' lang='grc' dir='ltr'>Α</span> <span class='ocrx_word' id='word_1_14' title='bbox 1959 506 2247 562; x_wconf 81' lang='lat' dir='ltr'><strong>subvenire</strong></span> <span class='ocrx_word' id='word_1_15' title='bbox 2291 506 2521 577; x_wconf 80' lang='lat' dir='ltr'><strong>miseris,</strong></span> <span class='ocrx_word' id='word_1_16' title='bbox 2561 506 2756 566; x_wconf 88' lang='lat' dir='ltr'><strong>sectari</strong></span> <span class='ocrx_word' id='word_1_17' title='bbox 2809 523 3017 583; x_wconf 84' lang='lat' dir='ltr'><strong>pacem,</strong></span> <span class='ocrx_word' id='word_1_18' title='bbox 3064 525 3279 568; x_wconf 80' lang='lat' dir='ltr'><strong>servare</strong></span> <span class='ocrx_word' id='word_1_19' title='bbox 3321 513 3538 582; x_wconf 76' lang='lat' dir='ltr'><strong>patien-</strong></span> 
     </span>
    </p>
   </div>
   <div class='ocr_carea' id='block_1_5' title="bbox 285 596 1859 672">
    <p class='ocr_par' dir='ltr' id='par_1_5' title="bbox 285 596 1859 672">
     <span class='ocr_line' id='line_1_5' title="bbox 285 596 1859 672; baseline -0.003 -15"><span class='ocrx_word' id='word_1_20' title='bbox 285 616 370 658; x_wconf 83' lang='lat' dir='ltr'><strong>rus</strong></span> <span class='ocrx_word' id='word_1_21' title='bbox 399 620 411 656; x_wconf 92' lang='lat'><strong>:</strong></span> <span class='ocrx_word' id='word_1_22' title='bbox 444 599 496 656; x_wconf 87' lang='lat' dir='ltr'><strong>id</strong></span> <span class='ocrx_word' id='word_1_23' title='bbox 523 610 628 672; x_wconf 81' lang='lat' dir='ltr'><strong>est,</strong></span> <span class='ocrx_word' id='word_1_24' title='bbox 658 615 765 667; x_wconf 84' lang='lat' dir='ltr'><strong>non</strong></span> <span class='ocrx_word' id='word_1_25' title='bbox 803 607 984 671; x_wconf 88' lang='lat' dir='ltr'><strong>potest</strong></span> <span class='ocrx_word' id='word_1_26' title='bbox 1015 598 1156 656; x_wconf 89' lang='lat' dir='ltr'><strong>idem</strong></span> <span class='ocrx_word' id='word_1_27' title='bbox 1185 598 1299 671; x_wconf 88' lang='lat' dir='ltr'><strong>ipse</strong></span> <span class='ocrx_word' id='word_1_28' title='bbox 1325 598 1489 654; x_wconf 86' lang='lat' dir='ltr'><strong>homo</strong></span> <span class='ocrx_word' id='word_1_29' title='bbox 1515 596 1716 668; x_wconf 87' lang='lat' dir='ltr'><strong>pariter</strong></span> <span class='ocrx_word' id='word_1_30' title='bbox 1741 610 1859 653; x_wconf 82' lang='lat' dir='ltr'><strong>esse</strong></span> 
     </span>
    </p>
   </div>
   <div class='ocr_carea' id='block_1_6' title="bbox 284 687 1866 766">
    <p class='ocr_par' dir='ltr' id='par_1_6' title="bbox 284 687 1866 766">
     <span class='ocr_line' id='line_1_6' title="bbox 284 687 1866 766; baseline -0.003 -15"><span class='ocrx_word' id='word_1_31' title='bbox 284 694 499 752; x_wconf 80' lang='lat' dir='ltr'><strong>dolosas</strong></span> <span class='ocrx_word' id='word_1_32' title='bbox 524 702 580 751; x_wconf 88' lang='lat' dir='ltr'><strong>et</strong></span> <span class='ocrx_word' id='word_1_33' title='bbox 607 693 858 766; x_wconf 80' lang='lat' dir='ltr'><strong>simplex,</strong></span> <span class='ocrx_word' id='word_1_34' title='bbox 889 693 1155 765; x_wconf 88' lang='lat' dir='ltr'><strong>superbus</strong></span> <span class='ocrx_word' id='word_1_35' title='bbox 1186 699 1242 749; x_wconf 88' lang='lat' dir='ltr'><strong>et</strong></span> <span class='ocrx_word' id='word_1_36' title='bbox 1280 689 1514 753; x_wconf 88' lang='lat' dir='ltr'><strong>humilis,</strong></span> <span class='ocrx_word' id='word_1_37' title='bbox 1552 687 1783 745; x_wconf 89' lang='lat' dir='ltr'><strong>crudelis</strong></span> <span class='ocrx_word' id='word_1_38' title='bbox 1808 695 1866 747; x_wconf 87' lang='lat' dir='ltr'><strong>et</strong></span> 
     </span>
    </p>
   </div>
   <div class='ocr_carea' id='block_1_7' title="bbox 285 778 1868 855">
    <p class='ocr_par' dir='ltr' id='par_1_7' title="bbox 285 778 1868 855">
     <span class='ocr_line' id='line_1_7' title="bbox 285 778 1868 855; baseline -0.007 -11"><span class='ocrx_word' id='word_1_39' title='bbox 285 787 449 854; x_wconf 88' lang='lat' dir='ltr'><strong>mitis,</strong></span> <span class='ocrx_word' id='word_1_40' title='bbox 469 787 777 844; x_wconf 79' lang='lat' dir='ltr'><strong>luxuriosus</strong></span> <span class='ocrx_word' id='word_1_41' title='bbox 802 791 1078 852; x_wconf 85' lang='lat' dir='ltr'><strong>etcastns,</strong></span> <span class='ocrx_word' id='word_1_42' title='bbox 1107 783 1340 855; x_wconf 89' lang='lat' dir='ltr'><strong>perﬁdus</strong></span> <span class='ocrx_word' id='word_1_43' title='bbox 1358 788 1416 838; x_wconf 90' lang='lat' dir='ltr'><strong>et</strong></span> <span class='ocrx_word' id='word_1_44' title='bbox 1435 780 1626 850; x_wconf 88' lang='lat' dir='ltr'><strong>ﬁdelis,</strong></span> <span class='ocrx_word' id='word_1_45' title='bbox 1654 778 1868 835; x_wconf 89' lang='lat' dir='ltr'><strong>invidus</strong></span> 
     </span>
    </p>
   </div>
   <div class='ocr_carea' id='block_1_8' title="bbox 289 872 1865 943">
    <p class='ocr_par' dir='ltr' id='par_1_8' title="bbox 289 872 1865 943">
     <span class='ocr_line' id='line_1_8' title="bbox 289 872 1865 943; baseline -0.005 -8"><span class='ocrx_word' id='word_1_46' title='bbox 289 886 344 935; x_wconf 88' lang='lat' dir='ltr'><strong>et</strong></span> <span class='ocrx_word' id='word_1_47' title='bbox 372 878 596 935; x_wconf 86' lang='lat' dir='ltr'><strong>amicus.</strong></span> <span class='ocrx_word' id='word_1_48' title='bbox 624 876 696 934; x_wconf 84' lang='lat' dir='ltr'><strong>Ut</strong></span> <span class='ocrx_word' id='word_1_49' title='bbox 723 878 866 934; x_wconf 90' lang='lat' dir='ltr'><strong>enim</strong></span> <span class='ocrx_word' id='word_1_50' title='bbox 897 876 1002 932; x_wconf 89' lang='lat' dir='ltr'><strong>ulla</strong></span> <span class='ocrx_word' id='word_1_51' title='bbox 1030 876 1137 932; x_wconf 88' lang='lat' dir='ltr'><strong>luci</strong></span> <span class='ocrx_word' id='word_1_52' title='bbox 1159 874 1498 943; x_wconf 90' lang='lat' dir='ltr'><strong>tenebrisque</strong></span> <span class='ocrx_word' id='word_1_53' title='bbox 1515 872 1766 940; x_wconf 88' lang='lat' dir='ltr'><strong>societas,</strong></span> <span class='ocrx_word' id='word_1_54' title='bbox 1790 872 1865 927; x_wconf 89' lang='lat' dir='ltr'><strong>ita</strong></span> 
     </span>
    </p>
   </div>
   <div class='ocr_carea' id='block_1_9' title="bbox 285 961 1865 1037">
    <p class='ocr_par' dir='ltr' id='par_1_9' title="bbox 285 961 1865 1037">
     <span class='ocr_line' id='line_1_9' title="bbox 285 961 1865 1037; baseline -0.007 -12"><span class='ocrx_word' id='word_1_55' title='bbox 285 969 427 1025; x_wconf 84' lang='lat' dir='ltr'><strong>nulla</strong></span> <span class='ocrx_word' id='word_1_56' title='bbox 475 968 761 1025; x_wconf 74' lang='lat' dir='ltr'><strong>virtutibus</strong></span> <span class='ocrx_word' id='word_1_57' title='bbox 803 966 1055 1037; x_wconf 76' lang='lat' dir='ltr'><strong>vitiisque</strong></span> <span class='ocrx_word' id='word_1_58' title='bbox 1102 963 1427 1022; x_wconf 86' lang='lat' dir='ltr'><strong>communio.</strong></span> <span class='ocrx_word' id='word_1_59' title='bbox 1478 961 1656 1017; x_wconf 80' lang='lat' dir='ltr'><strong>Habes</strong></span> <span class='ocrx_word' id='word_1_60' title='bbox 1698 961 1865 1032; x_wconf 75' lang='lat'><strong>673</strong></span> 
     </span>
    </p>
   </div>
   <div class='ocr_carea' id='block_1_10' title="bbox 284 1050 1868 1134">
    <p class='ocr_par' dir='ltr' id='par_1_10' title="bbox 284 1050 1868 1134">
     <span class='ocr_line' id='line_1_10' title="bbox 284 1050 1868 1134; baseline -0.006 -16"><span class='ocrx_word' id='word_1_61' title='bbox 284 1062 631 1118; x_wconf 88' lang='lat' dir='ltr'><strong>nihilominus</strong></span> <span class='ocrx_word' id='word_1_62' title='bbox 657 1079 671 1115; x_wconf 92' lang='lat'><strong>:</strong></span> <span class='ocrx_word' id='word_1_63' title='bbox 701 1075 817 1134; x_wconf 68' lang='lat' dir='ltr'><strong>qua</strong></span> <span class='ocrx_word' id='word_1_64' title='bbox 843 1060 1108 1115; x_wconf 77' lang='lat' dir='ltr'><strong>consentio</strong></span> <span class='ocrx_word' id='word_1_65' title='bbox 1137 1056 1327 1112; x_wconf 85' lang='lat' dir='ltr'><strong>Christi</strong></span> <span class='ocrx_word' id='word_1_66' title='bbox 1367 1054 1435 1109; x_wconf 86' lang='lat' dir='ltr'><strong>ad</strong></span> <span class='ocrx_word' id='word_1_67' title='bbox 1473 1052 1675 1111; x_wconf 70' lang='lat' dir='ltr'><strong>Belial?</strong></span> <span class='ocrx_word' id='word_1_68' title='bbox 1700 1050 1757 1107; x_wconf 92' lang='lat' dir='ltr'><strong>ld</strong></span> <span class='ocrx_word' id='word_1_69' title='bbox 1781 1059 1868 1108; x_wconf 83' lang='lat' dir='ltr'><strong>est</strong></span> 
     </span>
    </p>
   </div>
   <div class='ocr_carea' id='block_1_11' title="bbox 284 1141 1869 1224">
    <p class='ocr_par' dir='ltr' id='par_1_11' title="bbox 284 1141 1869 1224">
     <span class='ocr_line' id='line_1_11' title="bbox 284 1141 1869 1224; baseline -0.008 -14"><span class='ocrx_word' id='word_1_70' title='bbox 284 1168 392 1211; x_wconf 90' lang='lat' dir='ltr'><strong>non</strong></span> <span class='ocrx_word' id='word_1_71' title='bbox 423 1159 648 1224; x_wconf 87' lang='lat' dir='ltr'><strong>possunt</strong></span> <span class='ocrx_word' id='word_1_72' title='bbox 675 1152 728 1207; x_wconf 89' lang='lat' dir='ltr'><strong>in</strong></span> <span class='ocrx_word' id='word_1_73' title='bbox 757 1167 866 1207; x_wconf 89' lang='lat' dir='ltr'><strong>uno</strong></span> <span class='ocrx_word' id='word_1_74' title='bbox 894 1151 1014 1206; x_wconf 90' lang='lat' dir='ltr'><strong>loco</strong></span> <span class='ocrx_word' id='word_1_75' title='bbox 1037 1156 1198 1219; x_wconf 86' lang='lat' dir='ltr'><strong>atque</strong></span> <span class='ocrx_word' id='word_1_76' title='bbox 1221 1148 1274 1203; x_wconf 90' lang='lat' dir='ltr'><strong>in</strong></span> <span class='ocrx_word' id='word_1_77' title='bbox 1295 1145 1483 1203; x_wconf 89' lang='lat' dir='ltr'><strong>eadem</strong></span> <span class='ocrx_word' id='word_1_78' title='bbox 1512 1151 1693 1200; x_wconf 80' lang='lat' dir='ltr'><strong>mente</strong></span> <span class='ocrx_word' id='word_1_79' title='bbox 1713 1141 1869 1199; x_wconf 84' lang='lat' dir='ltr'><strong>Chri-</strong></span> 
     </span>
    </p>
   </div>
   <div class='ocr_carea' id='block_1_12' title="bbox 285 1234 1869 1306">
    <p class='ocr_par' dir='ltr' id='par_1_12' title="bbox 285 1234 1869 1306">
     <span class='ocr_line' id='line_1_12' title="bbox 285 1234 1869 1306; baseline -0.007 -5"><span class='ocrx_word' id='word_1_80' title='bbox 285 1251 404 1301; x_wconf 89' lang='lat' dir='ltr'><strong>stus</strong></span> <span class='ocrx_word' id='word_1_81' title='bbox 452 1250 508 1299; x_wconf 84' lang='lat' dir='ltr'><strong>et</strong></span> <span class='ocrx_word' id='word_1_82' title='bbox 551 1243 798 1299; x_wconf 82' lang='lat' dir='ltr'><strong>diabolus</strong></span> <span class='ocrx_word' id='word_1_83' title='bbox 840 1241 1149 1306; x_wconf 88' lang='lat' dir='ltr'><strong>convenire,</strong></span> <span class='ocrx_word' id='word_1_84' title='bbox 1187 1248 1249 1295; x_wconf 92' lang='lat' dir='ltr'><strong>ut</strong></span> <span class='ocrx_word' id='word_1_85' title='bbox 1294 1239 1371 1293; x_wconf 86' lang='lat' dir='ltr'><strong>ait</strong></span> <span class='ocrx_word' id='word_1_86' title='bbox 1416 1236 1752 1292; x_wconf 89' lang='lat' dir='ltr'><strong>ﬁdelissimus</strong></span> <span class='ocrx_word' id='word_1_87' title='bbox 1779 1234 1869 1290; x_wconf 86' lang='lat' dir='ltr'><strong>ille</strong></span> 
     </span>
    </p>
   </div>
   <div class='ocr_carea' id='block_1_13' title="bbox 284 1325 1870 1403">
    <p class='ocr_par' dir='ltr' id='par_1_13' title="bbox 284 1325 1870 1403">
     <span class='ocr_line' id='line_1_13' title="bbox 284 1325 1870 1403; baseline -0.006 -13"><span class='ocrx_word' id='word_1_88' title='bbox 284 1332 433 1390; x_wconf 75' lang='lat' dir='ltr'><strong>Elius</strong></span> <span class='ocrx_word' id='word_1_89' title='bbox 478 1334 546 1389; x_wconf 84' lang='lat' dir='ltr'><strong>ad</strong></span> <span class='ocrx_word' id='word_1_90' title='bbox 591 1333 754 1389; x_wconf 85' lang='lat' dir='ltr'><strong>lsrael</strong></span> <span class='ocrx_word' id='word_1_91' title='bbox 801 1332 1256 1403; x_wconf 72' lang='lat' dir='ltr'><strong>prtevaricantem,</strong></span> <span class='ocrx_word' id='word_1_92' title='bbox 1304 1329 1489 1383; x_wconf 87' lang='lat' dir='ltr'><strong>dicens</strong></span> <span class='ocrx_word' id='word_1_93' title='bbox 1538 1343 1552 1380; x_wconf 70' lang='grc' dir='ltr'>ε</span> <span class='ocrx_word' id='word_1_94' title='bbox 1600 1325 1870 1398; x_wconf 73' lang='lat' dir='ltr'><strong>Usquequo</strong></span> 
     </span>
    </p>
   </div>
   <div class='ocr_carea' id='block_1_14' title="bbox 284 1417 1868 1494">
    <p class='ocr_par' dir='ltr' id='par_1_14' title="bbox 284 1417 1868 1494">
     <span class='ocr_line' id='line_1_14' title="bbox 284 1417 1868 1494; baseline -0.004 -16"><span class='ocrx_word' id='word_1_95' title='bbox 284 1424 591 1479; x_wconf 82' lang='lat' dir='ltr'><strong>claudicatis</strong></span> <span class='ocrx_word' id='word_1_96' title='bbox 617 1424 673 1477; x_wconf 89' lang='lat' dir='ltr'><strong>in</strong></span> <span class='ocrx_word' id='word_1_97' title='bbox 701 1422 832 1478; x_wconf 78' lang='lat' dir='ltr'><strong>duas</strong></span> <span class='ocrx_word' id='word_1_98' title='bbox 859 1422 1070 1494; x_wconf 76' lang='lat' dir='ltr'><strong>partes?</strong></span> <span class='ocrx_word' id='word_1_99' title='bbox 1107 1421 1170 1476; x_wconf 80' lang='lat' dir='ltr'><strong>Si</strong></span> <span class='ocrx_word' id='word_1_100' title='bbox 1207 1420 1459 1475; x_wconf 80' lang='lat' dir='ltr'><strong>Dominus</strong></span> <span class='ocrx_word' id='word_1_101' title='bbox 1494 1428 1572 1474; x_wconf 84' lang='lat' dir='ltr'><strong>est</strong></span> <span class='ocrx_word' id='word_1_102' title='bbox 1598 1417 1759 1483; x_wconf 85' lang='lat' dir='ltr'><strong>Deus,</strong></span> <span class='ocrx_word' id='word_1_103' title='bbox 1784 1432 1868 1472; x_wconf 84' lang='lat' dir='ltr'><strong>se-</strong></span> 
     </span>
    </p>
   </div>
   <div class='ocr_carea' id='block_1_15' title="bbox 284 1508 1866 1587">
    <p class='ocr_par' dir='ltr' id='par_1_15' title="bbox 284 1508 1866 1587">
     <span class='ocr_line' id='line_1_15' title="bbox 284 1508 1866 1587; baseline -0.003 -19"><span class='ocrx_word' id='word_1_104' title='bbox 284 1515 505 1587; x_wconf 83' lang='lat' dir='ltr'><strong>quimini</strong></span> <span class='ocrx_word' id='word_1_105' title='bbox 526 1532 669 1579; x_wconf 88' lang='lat' dir='ltr'><strong>eum;</strong></span> <span class='ocrx_word' id='word_1_106' title='bbox 691 1515 735 1568; x_wconf 86' lang='lat' dir='ltr'><strong>si</strong></span> <span class='ocrx_word' id='word_1_107' title='bbox 758 1522 926 1567; x_wconf 80' lang='lat' dir='ltr'><strong>autem</strong></span> <span class='ocrx_word' id='word_1_108' title='bbox 948 1512 1099 1579; x_wconf 87' lang='lat' dir='ltr'><strong>Baal,</strong></span> <span class='ocrx_word' id='word_1_109' title='bbox 1130 1512 1394 1584; x_wconf 72' lang='lat' dir='ltr'><strong>sequimini</strong></span> <span class='ocrx_word' id='word_1_110' title='bbox 1417 1511 1563 1566; x_wconf 84' lang='lat' dir='ltr'><strong>illum</strong></span> <span class='ocrx_word' id='word_1_111' title='bbox 1588 1509 1711 1580; x_wconf 82' lang='lat' dir='ltr'><strong><em>(III</em></strong></span> <span class='ocrx_word' id='word_1_112' title='bbox 1739 1508 1866 1582; x_wconf 82' lang='lat' dir='ltr'><strong>Reg.</strong></span> 
     </span>
    </p>
   </div>
   <div class='ocr_carea' id='block_1_16' title="bbox 286 1601 1871 1676">
    <p class='ocr_par' dir='ltr' id='par_1_16' title="bbox 286 1601 1871 1676">
     <span class='ocr_line' id='line_1_16' title="bbox 286 1601 1871 1676; baseline -0.003 -16"><span class='ocrx_word' id='word_1_113' title='bbox 286 1605 399 1675; x_wconf 88' lang='lat' dir='ltr'><strong>l8).</strong></span> <span class='ocrx_word' id='word_1_114' title='bbox 423 1605 481 1661; x_wconf 90' lang='lat' dir='ltr'><strong>Si</strong></span> <span class='ocrx_word' id='word_1_115' title='bbox 511 1621 639 1676; x_wconf 90' lang='lat' dir='ltr'><strong>ergo</strong></span> <span class='ocrx_word' id='word_1_116' title='bbox 667 1608 805 1661; x_wconf 87' lang='lat' dir='ltr'><strong>inter</strong></span> <span class='ocrx_word' id='word_1_117' title='bbox 831 1621 1070 1661; x_wconf 87' lang='lat' dir='ltr'><strong>errorem</strong></span> <span class='ocrx_word' id='word_1_118' title='bbox 1099 1620 1163 1659; x_wconf 89' lang='lat' dir='ltr'><strong>ac</strong></span> <span class='ocrx_word' id='word_1_119' title='bbox 1188 1602 1467 1659; x_wconf 84' lang='lat' dir='ltr'><strong>veritatem</strong></span> <span class='ocrx_word' id='word_1_120' title='bbox 1496 1602 1749 1675; x_wconf 83' lang='lat' dir='ltr'><strong>populum</strong></span> <span class='ocrx_word' id='word_1_121' title='bbox 1772 1601 1871 1657; x_wconf 91' lang='lat' dir='ltr'><strong>ﬁu-</strong></span> 
     </span>
    </p>
   </div>
   <div class='ocr_carea' id='block_1_17' title="bbox 285 1693 1871 1766">
    <p class='ocr_par' dir='ltr' id='par_1_17' title="bbox 285 1693 1871 1766">
     <span class='ocr_line' id='line_1_17' title="bbox 285 1693 1871 1766; baseline -0.003 -14"><span class='ocrx_word' id='word_1_122' title='bbox 285 1706 559 1752; x_wconf 83' lang='lat' dir='ltr'><strong>ctuantem</strong></span> <span class='ocrx_word' id='word_1_123' title='bbox 592 1705 699 1752; x_wconf 89' lang='lat' dir='ltr'><strong>tam</strong></span> <span class='ocrx_word' id='word_1_124' title='bbox 719 1697 1067 1751; x_wconf 80' lang='lat' dir='ltr'><strong>vehementer</strong></span> <span class='ocrx_word' id='word_1_125' title='bbox 1087 1695 1350 1766; x_wconf 81' lang='lat' dir='ltr'><strong>p&#39;rOpheta</strong></span> <span class='ocrx_word' id='word_1_126' title='bbox 1372 1693 1715 1760; x_wconf 83' lang='lat' dir='ltr'><strong>condemnat,</strong></span> <span class='ocrx_word' id='word_1_127' title='bbox 1735 1708 1871 1763; x_wconf 87' lang='lat' dir='ltr'><strong>quo-</strong></span> 
     </span>
    </p>
   </div>
   <div class='ocr_carea' id='block_1_18' title="bbox 286 1783 1873 1859">
    <p class='ocr_par' dir='ltr' id='par_1_18' title="bbox 286 1783 1873 1859">
     <span class='ocr_line' id='line_1_18' title="bbox 286 1783 1873 1859; baseline -0.001 -17"><span class='ocrx_word' id='word_1_128' title='bbox 286 1787 452 1843; x_wconf 88' lang='lat' dir='ltr'><strong>modo</strong></span> <span class='ocrx_word' id='word_1_129' title='bbox 481 1795 729 1857; x_wconf 81' lang='lat' dir='ltr'><strong>putamus</strong></span> <span class='ocrx_word' id='word_1_130' title='bbox 763 1801 922 1859; x_wconf 80' lang='lat' dir='ltr'><strong>posse</strong></span> <span class='ocrx_word' id='word_1_131' title='bbox 951 1801 1069 1854; x_wconf 84' lang='lat' dir='ltr'><strong>nos,</strong></span> <span class='ocrx_word' id='word_1_132' title='bbox 1098 1785 1313 1849; x_wconf 87' lang='lat' dir='ltr'><strong>fratres,</strong></span> <span class='ocrx_word' id='word_1_133' title='bbox 1349 1784 1567 1840; x_wconf 82' lang='lat' dir='ltr'><strong>incertis</strong></span> <span class='ocrx_word' id='word_1_134' title='bbox 1602 1783 1873 1852; x_wconf 75' lang='lat' dir='ltr'><strong>gressibus</strong></span> 
     </span>
    </p>
   </div>
   <div class='ocr_carea' id='block_1_19' title="bbox 1961 598 3538 673">
    <p class='ocr_par' dir='ltr' id='par_1_19' title="bbox 1961 598 3538 673">
     <span class='ocr_line' id='line_1_19' title="bbox 1961 598 3538 673; baseline 0.006 -20"><span class='ocrx_word' id='word_1_135' title='bbox 1961 599 2124 665; x_wconf 88' lang='lat' dir='ltr'><strong>tiam,</strong></span> <span class='ocrx_word' id='word_1_136' title='bbox 2168 598 2384 655; x_wconf 68' lang='lat' dir='ltr'><strong>illmsam</strong></span> <span class='ocrx_word' id='word_1_137' title='bbox 2429 607 2615 657; x_wconf 87' lang='lat' dir='ltr'><strong>tenere</strong></span> <span class='ocrx_word' id='word_1_138' title='bbox 2660 601 2935 658; x_wconf 85' lang='lat' dir='ltr'><strong>caritatem</strong></span> <span class='ocrx_word' id='word_1_139' title='bbox 2983 617 3081 673; x_wconf 85' lang='lat' dir='ltr'><strong>per</strong></span> <span class='ocrx_word' id='word_1_140' title='bbox 3121 604 3318 659; x_wconf 84' lang='lat' dir='ltr'><strong>omnis.</strong></span> <span class='ocrx_word' id='word_1_141' title='bbox 3360 603 3538 663; x_wconf 82' lang='lat' dir='ltr'><strong>Habes</strong></span> 
     </span>
    </p>
   </div>
   <div class='ocr_carea' id='block_1_20' title="bbox 1953 689 3538 765">
    <p class='ocr_par' dir='ltr' id='par_1_20' title="bbox 1953 689 3538 765">
     <span class='ocr_line' id='line_1_20' title="bbox 1953 689 3538 765; baseline 0.004 -20"><span class='ocrx_word' id='word_1_142' title='bbox 1953 691 2271 760; x_wconf 67' lang='lat' dir='ltr'><strong>posthaec:</strong></span> <span class='ocrx_word' id='word_1_143' title='bbox 2303 689 2577 765; x_wconf 73' lang='lat' dir='ltr'><strong>Quapars</strong></span> <span class='ocrx_word' id='word_1_144' title='bbox 2613 694 2758 764; x_wconf 72' lang='lat' dir='ltr'><strong>ﬁdeli</strong></span> <span class='ocrx_word' id='word_1_145' title='bbox 2799 710 2916 749; x_wconf 78' lang='lat' dir='ltr'><strong>cum</strong></span> <span class='ocrx_word' id='word_1_146' title='bbox 2956 694 3191 765; x_wconf 70' lang='lat' dir='ltr'><strong>inﬁdeli!</strong></span> <span class='ocrx_word' id='word_1_147' title='bbox 3229 693 3330 760; x_wconf 76' lang='lat' dir='ltr'><strong>Qui</strong></span> <span class='ocrx_word' id='word_1_148' title='bbox 3365 706 3538 753; x_wconf 71' lang='lat' dir='ltr'><strong>autem</strong></span> 
     </span>
    </p>
   </div>
   <div class='ocr_carea' id='block_1_21' title="bbox 1964 783 3534 857">
    <p class='ocr_par' dir='ltr' id='par_1_21' title="bbox 1964 783 3534 857">
     <span class='ocr_line' id='line_1_21' title="bbox 1964 783 3534 857; baseline 0.006 -22"><span class='ocrx_word' id='word_1_149' title='bbox 1964 796 2242 837; x_wconf 76' lang='lat' dir='ltr'><strong>consensus</strong></span> <span class='ocrx_word' id='word_1_150' title='bbox 2283 783 2472 853; x_wconf 81' lang='lat' dir='ltr'><strong>templo</strong></span> <span class='ocrx_word' id='word_1_151' title='bbox 2513 783 2612 839; x_wconf 81' lang='lat' dir='ltr'><strong>Dei</strong></span> <span class='ocrx_word' id='word_1_152' title='bbox 2646 800 2762 839; x_wconf 85' lang='lat' dir='ltr'><strong>cum</strong></span> <span class='ocrx_word' id='word_1_153' title='bbox 2798 786 2989 841; x_wconf 79' lang='lat' dir='ltr'><strong>idolis?</strong></span> <span class='ocrx_word' id='word_1_154' title='bbox 3012 784 3165 853; x_wconf 83' lang='lat' dir='ltr'><strong>Quod</strong></span> <span class='ocrx_word' id='word_1_155' title='bbox 3195 787 3400 857; x_wconf 88' lang='lat' dir='ltr'><strong>utique,</strong></span> <span class='ocrx_word' id='word_1_156' title='bbox 3430 786 3534 844; x_wconf 80' lang='lat' dir='ltr'><strong>fra-</strong></span> 
     </span>
    </p>
   </div>
   <div class='ocr_carea' id='block_1_22' title="bbox 1965 872 3536 947">
    <p class='ocr_par' dir='ltr' id='par_1_22' title="bbox 1965 872 3536 947">
     <span class='ocr_line' id='line_1_22' title="bbox 1965 872 3536 947; baseline 0.007 -22"><span class='ocrx_word' id='word_1_157' title='bbox 1965 880 2093 938; x_wconf 88' lang='lat' dir='ltr'><strong>tres,</strong></span> <span class='ocrx_word' id='word_1_158' title='bbox 2136 872 2278 929; x_wconf 90' lang='lat' dir='ltr'><strong>ﬁdeli</strong></span> <span class='ocrx_word' id='word_1_159' title='bbox 2326 872 2632 944; x_wconf 90' lang='lat' dir='ltr'><strong>inﬁdelique</strong></span> <span class='ocrx_word' id='word_1_160' title='bbox 2678 878 3029 947; x_wconf 78' lang='lat' dir='ltr'><strong>consortium,</strong></span> <span class='ocrx_word' id='word_1_161' title='bbox 3065 874 3186 936; x_wconf 87' lang='lat' dir='ltr'><strong>cum</strong></span> <span class='ocrx_word' id='word_1_162' title='bbox 3225 895 3364 935; x_wconf 87' lang='lat' dir='ltr'><strong>unus</strong></span> <span class='ocrx_word' id='word_1_163' title='bbox 3402 881 3536 938; x_wconf 85' lang='lat' dir='ltr'><strong>sini-</strong></span> 
     </span>
    </p>
   </div>
   <div class='ocr_carea' id='block_1_23' title="bbox 1965 964 3537 1038">
    <p class='ocr_par' dir='ltr' id='par_1_23' title="bbox 1965 964 3537 1038">
     <span class='ocr_line' id='line_1_23' title="bbox 1965 964 3537 1038; baseline 0.007 -22"><span class='ocrx_word' id='word_1_164' title='bbox 1965 970 2132 1017; x_wconf 89' lang='lat' dir='ltr'><strong>strum</strong></span> <span class='ocrx_word' id='word_1_165' title='bbox 2159 970 2298 1019; x_wconf 89' lang='lat' dir='ltr'><strong>terat</strong></span> <span class='ocrx_word' id='word_1_166' title='bbox 2325 964 2446 1033; x_wconf 90' lang='lat' dir='ltr'><strong>iter,</strong></span> <span class='ocrx_word' id='word_1_167' title='bbox 2475 965 2723 1021; x_wconf 80' lang='lat' dir='ltr'><strong>dextrum</strong></span> <span class='ocrx_word' id='word_1_168' title='bbox 2758 968 2895 1023; x_wconf 86' lang='lat' dir='ltr'><strong>alius</strong></span> <span class='ocrx_word' id='word_1_169' title='bbox 2918 968 3224 1038; x_wconf 84' lang='lat' dir='ltr'><strong>gradiatur;</strong></span> <span class='ocrx_word' id='word_1_170' title='bbox 3255 986 3393 1027; x_wconf 90' lang='lat' dir='ltr'><strong>unus</strong></span> <span class='ocrx_word' id='word_1_171' title='bbox 3419 965 3537 1031; x_wconf 84' lang='lat' dir='ltr'><strong>te&#39;n-</strong></span> 
     </span>
    </p>
   </div>
   <div class='ocr_carea' id='block_1_24' title="bbox 1966 1052 3538 1128">
    <p class='ocr_par' dir='ltr' id='par_1_24' title="bbox 1966 1052 3538 1128">
     <span class='ocr_line' id='line_1_24' title="bbox 1966 1052 3538 1128; baseline 0.008 -20"><span class='ocrx_word' id='word_1_172' title='bbox 1966 1052 2059 1108; x_wconf 86' lang='lat' dir='ltr'><strong>dat</strong></span> <span class='ocrx_word' id='word_1_173' title='bbox 2085 1054 2152 1110; x_wconf 90' lang='lat' dir='ltr'><strong>ad</strong></span> <span class='ocrx_word' id='word_1_174' title='bbox 2178 1055 2360 1120; x_wconf 83' lang='lat' dir='ltr'><strong>vitam,</strong></span> <span class='ocrx_word' id='word_1_175' title='bbox 2390 1064 2579 1127; x_wconf 88' lang='lat' dir='ltr'><strong>pergat</strong></span> <span class='ocrx_word' id='word_1_176' title='bbox 2606 1057 2745 1115; x_wconf 83' lang='lat' dir='ltr'><strong>alter</strong></span> <span class='ocrx_word' id='word_1_177' title='bbox 2769 1058 2853 1115; x_wconf 85' lang='lat' dir='ltr'><strong>ad.</strong></span> <span class='ocrx_word' id='word_1_178' title='bbox 2872 1068 3129 1128; x_wconf 86' lang='lat' dir='ltr'><strong>mortem;</strong></span> <span class='ocrx_word' id='word_1_179' title='bbox 3158 1061 3247 1118; x_wconf 88' lang='lat' dir='ltr'><strong>hic</strong></span> <span class='ocrx_word' id='word_1_180' title='bbox 3264 1062 3538 1120; x_wconf 74' lang='lat' dir='ltr'><strong>Christum</strong></span> 
     </span>
    </p>
   </div>
   <div class='ocr_carea' id='block_1_25' title="bbox 1967 1147 3540 1226">
    <p class='ocr_par' dir='ltr' id='par_1_25' title="bbox 1967 1147 3540 1226">
     <span class='ocr_line' id='line_1_25' title="bbox 1967 1147 3540 1226; baseline 0.009 -27"><span class='ocrx_word' id='word_1_181' title='bbox 1967 1154 2253 1215; x_wconf 80' lang='lat' dir='ltr'><strong>sequatur,</strong></span> <span class='ocrx_word' id='word_1_182' title='bbox 2298 1147 2389 1204; x_wconf 90' lang='lat' dir='ltr'><strong>ille</strong></span> <span class='ocrx_word' id='word_1_183' title='bbox 2436 1147 2707 1204; x_wconf 84' lang='lat' dir='ltr'><strong>diabolum</strong></span> <span class='ocrx_word' id='word_1_184' title='bbox 2752 1152 3069 1209; x_wconf 74' lang='lat' dir='ltr'><strong>comitetur?</strong></span> <span class='ocrx_word' id='word_1_185' title='bbox 3119 1154 3258 1220; x_wconf 90' lang='lat' dir='ltr'><strong>Quid</strong></span> <span class='ocrx_word' id='word_1_186' title='bbox 3306 1170 3540 1226; x_wconf 78' lang='lat' dir='ltr'><strong>unquam</strong></span> 
     </span>
    </p>
   </div>
   <div class='ocr_carea' id='block_1_26' title="bbox 1967 1237 3540 1307">
    <p class='ocr_par' dir='ltr' id='par_1_26' title="bbox 1967 1237 3540 1307">
     <span class='ocr_line' id='line_1_26' title="bbox 1967 1237 3540 1307; baseline 0.008 -17"><span class='ocrx_word' id='word_1_187' title='bbox 1967 1243 2257 1307; x_wconf 86' lang='lat' dir='ltr'><strong>potuerant</strong></span> <span class='ocrx_word' id='word_1_188' title='bbox 2291 1237 2490 1299; x_wconf 84' lang='lat' dir='ltr'><strong>habere</strong></span> <span class='ocrx_word' id='word_1_189' title='bbox 2536 1247 2645 1295; x_wconf 88' lang='lat' dir='ltr'><strong>tam</strong></span> <span class='ocrx_word' id='word_1_190' title='bbox 2685 1240 2897 1297; x_wconf 80' lang='lat' dir='ltr'><strong>diversa</strong></span> <span class='ocrx_word' id='word_1_191' title='bbox 2920 1246 3240 1300; x_wconf 77' lang='lat' dir='ltr'><strong>commune?</strong></span> <span class='ocrx_word' id='word_1_192' title='bbox 3265 1243 3388 1302; x_wconf 74' lang='lat' dir='ltr'><strong>lam</strong></span> <span class='ocrx_word' id='word_1_193' title='bbox 3411 1261 3540 1302; x_wconf 72' lang='lat' dir='ltr'><strong>rem</strong></span> 
     </span>
    </p>
   </div>
   <div class='ocr_carea' id='block_1_27' title="bbox 1969 1329 3545 1406">
    <p class='ocr_par' dir='ltr' id='par_1_27' title="bbox 1969 1329 3545 1406">
     <span class='ocr_line' id='line_1_27' title="bbox 1969 1329 3545 1406; baseline 0.008 -22"><span class='ocrx_word' id='word_1_194' title='bbox 1969 1329 2090 1398; x_wconf 85' lang='lat' dir='ltr'><strong>quis</strong></span> <span class='ocrx_word' id='word_1_195' title='bbox 2135 1329 2341 1390; x_wconf 78' lang='lat' dir='ltr'><strong>dubitet</strong></span> <span class='ocrx_word' id='word_1_196' title='bbox 2386 1332 2589 1388; x_wconf 81' lang='lat' dir='ltr'><strong>rutilum</strong></span> <span class='ocrx_word' id='word_1_197' title='bbox 2632 1347 2792 1404; x_wconf 83' lang='lat' dir='ltr'><strong>posse</strong></span> <span class='ocrx_word' id='word_1_198' title='bbox 2820 1334 3079 1406; x_wconf 72' lang='lat' dir='ltr'><strong>ternphnn‘</strong></span> <span class='ocrx_word' id='word_1_199' title='bbox 3103 1335 3198 1392; x_wconf 86' lang='lat' dir='ltr'><strong>Dei</strong></span> <span class='ocrx_word' id='word_1_200' title='bbox 3226 1353 3346 1395; x_wconf 70' lang='lat' dir='ltr'><strong>ctum</strong></span> <span class='ocrx_word' id='word_1_201' title='bbox 3384 1339 3545 1396; x_wconf 82' lang='lat' dir='ltr'><strong>idolis</strong></span> 
     </span>
    </p>
   </div>
   <div class='ocr_carea' id='block_1_28' title="bbox 1969 1420 3545 1497">
    <p class='ocr_par' dir='ltr' id='par_1_28' title="bbox 1969 1420 3545 1497">
     <span class='ocr_line' id='line_1_28' title="bbox 1969 1420 3545 1497; baseline 0.008 -20"><span class='ocrx_word' id='word_1_202' title='bbox 1969 1435 2090 1477; x_wconf 87' lang='lat' dir='ltr'><strong>esse</strong></span> <span class='ocrx_word' id='word_1_203' title='bbox 2109 1425 2466 1479; x_wconf 71' lang='lat' dir='ltr'><strong>consensum?</strong></span> <span class='ocrx_word' id='word_1_204' title='bbox 2487 1420 2644 1482; x_wconf 84' lang='lat' dir='ltr'><strong>Unde</strong></span> <span class='ocrx_word' id='word_1_205' title='bbox 2663 1433 2719 1481; x_wconf 87' lang='lat' dir='ltr'><strong>et</strong></span> <span class='ocrx_word' id='word_1_206' title='bbox 2738 1426 2815 1481; x_wconf 86' lang='lat' dir='ltr'><strong>sit</strong></span> <span class='ocrx_word' id='word_1_207' title='bbox 2839 1426 3128 1497; x_wconf 71' lang='lat' dir='ltr'><strong>Apostolus</strong></span> <span class='ocrx_word' id='word_1_208' title='bbox 3149 1428 3391 1488; x_wconf 83' lang='lat' dir='ltr'><strong>ﬁdelibus</strong></span> <span class='ocrx_word' id='word_1_209' title='bbox 3416 1432 3545 1489; x_wconf 76' lang='lat' dir='ltr'><strong>viris</strong></span> 
     </span>
    </p>
   </div>
   <div class='ocr_carea' id='block_1_29' title="bbox 1969 1515 3545 1592">
    <p class='ocr_par' dir='ltr' id='par_1_29' title="bbox 1969 1515 3545 1592">
     <span class='ocr_line' id='line_1_29' title="bbox 1969 1515 3545 1592; baseline 0.007 -21"><span class='ocrx_word' id='word_1_210' title='bbox 1969 1527 2107 1585; x_wconf 88' lang='lat' dir='ltr'><strong>quos</strong></span> <span class='ocrx_word' id='word_1_211' title='bbox 2150 1515 2416 1573; x_wconf 85' lang='lat' dir='ltr'><strong>idolorum</strong></span> <span class='ocrx_word' id='word_1_212' title='bbox 2455 1520 2705 1590; x_wconf 89' lang='lat' dir='ltr'><strong>prohibet</strong></span> <span class='ocrx_word' id='word_1_213' title='bbox 2752 1536 2873 1577; x_wconf 89' lang='lat' dir='ltr'><strong>esse</strong></span> <span class='ocrx_word' id='word_1_214' title='bbox 2911 1521 3197 1592; x_wconf 86' lang='lat' dir='ltr'><strong>participes</strong></span> <span class='ocrx_word' id='word_1_215' title='bbox 3227 1541 3240 1579; x_wconf 88' lang='lat'><strong>:</strong></span> <span class='ocrx_word' id='word_1_216' title='bbox 3282 1524 3385 1579; x_wconf 81' lang='lat' dir='ltr'><strong>Vos</strong></span> <span class='ocrx_word' id='word_1_217' title='bbox 3424 1528 3545 1582; x_wconf 80' lang='lat' dir='ltr'><strong>estis</strong></span> 
     </span>
    </p>
   </div>
   <div class='ocr_carea' id='block_1_30' title="bbox 1970 1608 3546 1684">
    <p class='ocr_par' dir='ltr' id='par_1_30' title="bbox 1970 1608 3546 1684">
     <span class='ocr_line' id='line_1_30' title="bbox 1970 1608 3546 1684; baseline 0.006 -21"><span class='ocrx_word' id='word_1_218' title='bbox 1970 1609 2213 1679; x_wconf 72' lang='lat' dir='ltr'><strong>templum</strong></span> <span class='ocrx_word' id='word_1_219' title='bbox 2239 1608 2340 1666; x_wconf 86' lang='lat' dir='ltr'><strong>Dei</strong></span> <span class='ocrx_word' id='word_1_220' title='bbox 2367 1612 2464 1665; x_wconf 80' lang='lat' dir='ltr'><strong>vivi</strong></span> <span class='ocrx_word' id='word_1_221' title='bbox 2494 1609 2580 1682; x_wconf 86' lang='lat' dir='ltr'><strong>(II</strong></span> <span class='ocrx_word' id='word_1_222' title='bbox 2610 1609 2729 1666; x_wconf 87' lang='lat' dir='ltr'><strong>Cor.</strong></span> <span class='ocrx_word' id='word_1_223' title='bbox 2760 1611 2857 1681; x_wconf 70' lang='grc' dir='ltr'><strong>γι).</strong></span> <span class='ocrx_word' id='word_1_224' title='bbox 2888 1611 3073 1683; x_wconf 84' lang='lat' dir='ltr'><strong>Itaque</strong></span> <span class='ocrx_word' id='word_1_225' title='bbox 3099 1613 3144 1668; x_wconf 87' lang='lat' dir='ltr'><strong>si</strong></span> <span class='ocrx_word' id='word_1_226' title='bbox 3173 1615 3426 1684; x_wconf 88' lang='lat' dir='ltr'><strong>templum</strong></span> <span class='ocrx_word' id='word_1_227' title='bbox 3453 1616 3546 1672; x_wconf 89' lang='lat' dir='ltr'><strong>Dei</strong></span> 
     </span>
    </p>
   </div>
   <div class='ocr_carea' id='block_1_31' title="bbox 1970 1699 3546 1775">
    <p class='ocr_par' dir='ltr' id='par_1_31' title="bbox 1970 1699 3546 1775">
     <span class='ocr_line' id='line_1_31' title="bbox 1970 1699 3546 1775; baseline 0.004 -21"><span class='ocrx_word' id='word_1_228' title='bbox 1970 1714 2175 1764; x_wconf 85' lang='lat' dir='ltr'><strong>sumus,</strong></span> <span class='ocrx_word' id='word_1_229' title='bbox 2208 1716 2316 1754; x_wconf 90' lang='lat' dir='ltr'><strong>non</strong></span> <span class='ocrx_word' id='word_1_230' title='bbox 2348 1699 2642 1756; x_wconf 90' lang='lat' dir='ltr'><strong>efﬁciamur</strong></span> <span class='ocrx_word' id='word_1_231' title='bbox 2667 1703 2967 1773; x_wconf 85' lang='lat' dir='ltr'><strong>sepulcrum</strong></span> <span class='ocrx_word' id='word_1_232' title='bbox 3005 1703 3202 1759; x_wconf 88' lang='lat' dir='ltr'><strong>diaboli</strong></span> <span class='ocrx_word' id='word_1_233' title='bbox 3229 1712 3285 1759; x_wconf 90' lang='lat' dir='ltr'><strong>et</strong></span> <span class='ocrx_word' id='word_1_234' title='bbox 3309 1714 3546 1775; x_wconf 85' lang='lat' dir='ltr'><strong>recepta-</strong></span> 
     </span>
    </p>
   </div>
   <div class='ocr_carea' id='block_1_32' title="bbox 1971 1790 3549 1853">
    <p class='ocr_par' dir='ltr' id='par_1_32' title="bbox 1971 1790 3549 1853">
     <span class='ocr_line' id='line_1_32' title="bbox 1971 1790 3549 1853; baseline 0.004 -8"><span class='ocrx_word' id='word_1_235' title='bbox 1971 1790 2152 1845; x_wconf 89' lang='lat' dir='ltr'><strong>culum</strong></span> <span class='ocrx_word' id='word_1_236' title='bbox 2195 1790 2469 1847; x_wconf 87' lang='lat' dir='ltr'><strong>vitiorum.</strong></span> <span class='ocrx_word' id='word_1_237' title='bbox 2518 1791 2576 1848; x_wconf 88' lang='lat' dir='ltr'><strong>Si</strong></span> <span class='ocrx_word' id='word_1_238' title='bbox 2622 1793 2886 1850; x_wconf 85' lang='lat' dir='ltr'><strong>veraciter</strong></span> <span class='ocrx_word' id='word_1_239' title='bbox 2938 1791 3208 1852; x_wconf 85' lang='lat' dir='ltr'><strong>Christum</strong></span> <span class='ocrx_word' id='word_1_240' title='bbox 3262 1803 3447 1851; x_wconf 89' lang='lat' dir='ltr'><strong>nostro</strong></span> <span class='ocrx_word' id='word_1_241' title='bbox 3497 1796 3549 1853; x_wconf 91' lang='lat' dir='ltr'><strong>in</strong></span> 
     </span>
    </p>
   </div>
   <div class='ocr_carea' id='block_1_33' title="bbox 285 1875 3551 1954">
    <p class='ocr_par' dir='ltr' id='par_1_33' title="bbox 285 1875 3551 1954">
     <span class='ocr_line' id='line_1_33' title="bbox 285 1875 3551 1954; baseline 0.002 -19"><span class='ocrx_word' id='word_1_242' title='bbox 285 1878 653 1935; x_wconf 82' lang='lat' dir='ltr'><strong>claudicantes</strong></span> <span class='ocrx_word' id='word_1_243' title='bbox 680 1879 882 1949; x_wconf 86' lang='lat' dir='ltr'><strong>pariter</strong></span> <span class='ocrx_word' id='word_1_244' title='bbox 901 1886 956 1934; x_wconf 90' lang='lat' dir='ltr'><strong>et</strong></span> <span class='ocrx_word' id='word_1_245' title='bbox 981 1877 1112 1933; x_wconf 88' lang='lat' dir='ltr'><strong>vitia</strong></span> <span class='ocrx_word' id='word_1_246' title='bbox 1139 1876 1291 1945; x_wconf 84' lang='lat' dir='ltr'><strong>sequi</strong></span> <span class='ocrx_word' id='word_1_247' title='bbox 1316 1883 1373 1931; x_wconf 88' lang='lat' dir='ltr'><strong>et</strong></span> <span class='ocrx_word' id='word_1_248' title='bbox 1401 1889 1582 1931; x_wconf 87' lang='lat' dir='ltr'><strong>amare</strong></span> <span class='ocrx_word' id='word_1_249' title='bbox 1613 1875 1872 1930; x_wconf 77' lang='lat' dir='ltr'><strong>virtutes?</strong></span> <span class='ocrx_word' id='word_1_250' title='bbox 1903 1891 1949 1954; x_wconf 70' lang='grc' dir='ltr'><strong>Β</strong></span> <span class='ocrx_word' id='word_1_251' title='bbox 1972 1879 2140 1936; x_wconf 90' lang='lat' dir='ltr'><strong>corde</strong></span> <span class='ocrx_word' id='word_1_252' title='bbox 2158 1881 2493 1952; x_wconf 84' lang='lat' dir='ltr'><strong>suscipimus,</strong></span> <span class='ocrx_word' id='word_1_253' title='bbox 2525 1882 2799 1939; x_wconf 85' lang='lat' dir='ltr'><strong>inimicum</strong></span> <span class='ocrx_word' id='word_1_254' title='bbox 2824 1883 3022 1941; x_wconf 86' lang='lat' dir='ltr'><strong>Christi</strong></span> <span class='ocrx_word' id='word_1_255' title='bbox 3045 1888 3171 1942; x_wconf 87' lang='lat' dir='ltr'><strong>totis</strong></span> <span class='ocrx_word' id='word_1_256' title='bbox 3190 1901 3223 1943; x_wconf 86' lang='lat' dir='ltr'><strong>s</strong></span> <span class='ocrx_word' id='word_1_257' title='bbox 3252 1887 3408 1943; x_wconf 89' lang='lat' dir='ltr'><strong>nobis</strong></span> <span class='ocrx_word' id='word_1_258' title='bbox 3431 1886 3551 1943; x_wconf 81' lang='lat' dir='ltr'><strong>ﬁdei</strong></span> 
     </span>
    </p>
   </div>
   <div class='ocr_carea' id='block_1_34' title="bbox 285 1963 1869 2040">
    <p class='ocr_par' dir='ltr' id='par_1_34' title="bbox 285 1963 1869 2040">
     <span class='ocr_line' id='line_1_34' title="bbox 285 1963 1869 2040; baseline 0 -18"><span class='ocrx_word' id='word_1_259' title='bbox 285 1967 573 2035; x_wconf 84' lang='lat' dir='ltr'><strong>Quomodo</strong></span> <span class='ocrx_word' id='word_1_260' title='bbox 618 1983 899 2040; x_wconf 85' lang='lat' dir='ltr'><strong>possumus</strong></span> <span class='ocrx_word' id='word_1_261' title='bbox 954 1981 1061 2023; x_wconf 90' lang='lat' dir='ltr'><strong>uno</strong></span> <span class='ocrx_word' id='word_1_262' title='bbox 1097 1966 1288 2035; x_wconf 75' lang='lat' dir='ltr'><strong>signati</strong></span> <span class='ocrx_word' id='word_1_263' title='bbox 1332 1966 1522 2037; x_wconf 88' lang='lat' dir='ltr'><strong>spiritu</strong></span> <span class='ocrx_word' id='word_1_264' title='bbox 1562 1973 1619 2021; x_wconf 86' lang='lat' dir='ltr'><strong>et</strong></span> <span class='ocrx_word' id='word_1_265' title='bbox 1655 1963 1869 2022; x_wconf 80' lang='lat' dir='ltr'><strong>Christo</strong></span> 
     </span>
    </p>
   </div>
   <div class='ocr_carea' id='block_1_35' title="bbox 286 2057 1871 2116">
    <p class='ocr_par' dir='ltr' id='par_1_35' title="bbox 286 2057 1871 2116">
     <span class='ocr_line' id='line_1_35' title="bbox 286 2057 1871 2116; baseline -0.001 -1"><span class='ocrx_word' id='word_1_266' title='bbox 286 2060 494 2115; x_wconf 84' lang='lat' dir='ltr'><strong>servire</strong></span> <span class='ocrx_word' id='word_1_267' title='bbox 522 2069 576 2115; x_wconf 90' lang='lat' dir='ltr'><strong>et</strong></span> <span class='ocrx_word' id='word_1_268' title='bbox 603 2060 804 2115; x_wconf 90' lang='lat' dir='ltr'><strong>diaboli</strong></span> <span class='ocrx_word' id='word_1_269' title='bbox 832 2061 1009 2116; x_wconf 81' lang='lat' dir='ltr'><strong>facere</strong></span> <span class='ocrx_word' id='word_1_270' title='bbox 1034 2059 1400 2115; x_wconf 82' lang='lat' dir='ltr'><strong>voluntatem?</strong></span> <span class='ocrx_word' id='word_1_271' title='bbox 1430 2058 1510 2113; x_wconf 78' lang='lat' dir='ltr'><strong>An</strong></span> <span class='ocrx_word' id='word_1_272' title='bbox 1545 2074 1652 2115; x_wconf 94' lang='lat' dir='ltr'><strong>non</strong></span> <span class='ocrx_word' id='word_1_273' title='bbox 1681 2057 1871 2113; x_wconf 88' lang='lat' dir='ltr'><strong>diabo-</strong></span> 
     </span>
    </p>
   </div>
   <div class='ocr_carea' id='block_1_36' title="bbox 286 2149 1875 2218">
    <p class='ocr_par' dir='ltr' id='par_1_36' title="bbox 286 2149 1875 2218">
     <span class='ocr_line' id='line_1_36' title="bbox 286 2149 1875 2218; baseline -0.001 -10"><span class='ocrx_word' id='word_1_274' title='bbox 286 2151 407 2209; x_wconf 73' lang='lat' dir='ltr'><strong>lica:</strong></span> <span class='ocrx_word' id='word_1_275' title='bbox 455 2153 743 2208; x_wconf 84' lang='lat' dir='ltr'><strong>voluntatis</strong></span> <span class='ocrx_word' id='word_1_276' title='bbox 786 2160 868 2212; x_wconf 87' lang='lat' dir='ltr'><strong>est</strong></span> <span class='ocrx_word' id='word_1_277' title='bbox 912 2149 1148 2208; x_wconf 89' lang='lat' dir='ltr'><strong>insidiari</strong></span> <span class='ocrx_word' id='word_1_278' title='bbox 1184 2151 1576 2218; x_wconf 88' lang='lat' dir='ltr'><strong>innocentibus,</strong></span> <span class='ocrx_word' id='word_1_279' title='bbox 1609 2150 1875 2207; x_wconf 88' lang='lat' dir='ltr'><strong>instruere</strong></span> 
     </span>
    </p>
   </div>
   <div class='ocr_carea' id='block_1_37' title="bbox 288 2241 1869 2311">
    <p class='ocr_par' dir='ltr' id='par_1_37' title="bbox 288 2241 1869 2311">
     <span class='ocr_line' id='line_1_37' title="bbox 288 2241 1869 2311; baseline -0.001 -13"><span class='ocrx_word' id='word_1_280' title='bbox 288 2242 579 2309; x_wconf 87' lang='lat' dir='ltr'><strong>factiones,</strong></span> <span class='ocrx_word' id='word_1_281' title='bbox 625 2244 926 2311; x_wconf 75' lang='lat' dir='ltr'><strong>obtrectare</strong></span> <span class='ocrx_word' id='word_1_282' title='bbox 975 2243 1188 2310; x_wconf 84' lang='lat' dir='ltr'><strong>amicis,</strong></span> <span class='ocrx_word' id='word_1_283' title='bbox 1247 2242 1485 2299; x_wconf 88' lang='lat' dir='ltr'><strong>invidere</strong></span> <span class='ocrx_word' id='word_1_284' title='bbox 1533 2241 1869 2308; x_wconf 80' lang='lat' dir='ltr'><strong>melioribus,</strong></span> 
     </span>
    </p>
   </div>
   <div class='ocr_carea' id='block_1_38' title="bbox 286 2331 1872 2406">
    <p class='ocr_par' dir='ltr' id='par_1_38' title="bbox 286 2331 1872 2406">
     <span class='ocr_line' id='line_1_38' title="bbox 286 2331 1872 2406; baseline -0.001 -18"><span class='ocrx_word' id='word_1_285' title='bbox 286 2333 495 2390; x_wconf 83' lang='lat' dir='ltr'><strong>violare</strong></span> <span class='ocrx_word' id='word_1_286' title='bbox 546 2333 726 2399; x_wconf 82' lang='lat' dir='ltr'><strong>tidem,</strong></span> <span class='ocrx_word' id='word_1_287' title='bbox 778 2335 1092 2406; x_wconf 78' lang='lat' dir='ltr'><strong>impugnare</strong></span> <span class='ocrx_word' id='word_1_288' title='bbox 1132 2332 1429 2403; x_wconf 80' lang='lat' dir='ltr'><strong>justitiam?</strong></span> <span class='ocrx_word' id='word_1_289' title='bbox 1468 2331 1617 2389; x_wconf 90' lang='lat' dir='ltr'><strong>Sicut</strong></span> <span class='ocrx_word' id='word_1_290' title='bbox 1656 2341 1872 2389; x_wconf 87' lang='lat' dir='ltr'><strong>econtra</strong></span> 
     </span>
    </p>
   </div>
   <div class='ocr_carea' id='block_1_39' title="bbox 287 2421 1871 2497">
    <p class='ocr_par' dir='ltr' id='par_1_39' title="bbox 287 2421 1871 2497">
     <span class='ocr_line' id='line_1_39' title="bbox 287 2421 1871 2497; baseline -0.001 -17"><span class='ocrx_word' id='word_1_291' title='bbox 287 2421 493 2480; x_wconf 88' lang='lat' dir='ltr'><strong>Christi</strong></span> <span class='ocrx_word' id='word_1_292' title='bbox 538 2432 620 2481; x_wconf 88' lang='lat' dir='ltr'><strong>est</strong></span> <span class='ocrx_word' id='word_1_293' title='bbox 666 2426 839 2497; x_wconf 91' lang='lat' dir='ltr'><strong>portio</strong></span> <span class='ocrx_word' id='word_1_294' title='bbox 869 2424 1058 2481; x_wconf 89' lang='lat' dir='ltr'><strong>timere</strong></span> <span class='ocrx_word' id='word_1_295' title='bbox 1095 2421 1282 2491; x_wconf 89' lang='lat' dir='ltr'><strong>Deum,</strong></span> <span class='ocrx_word' id='word_1_296' title='bbox 1314 2422 1534 2494; x_wconf 90' lang='lat' dir='ltr'><strong>diligere</strong></span> <span class='ocrx_word' id='word_1_297' title='bbox 1560 2423 1871 2492; x_wconf 84' lang='lat' dir='ltr'><strong>bonitatem,</strong></span> 
     </span>
    </p>
   </div>
   <div class='ocr_carea' id='block_1_40' title="bbox 1973 1972 3551 2047">
    <p class='ocr_par' dir='ltr' id='par_1_40' title="bbox 1973 1972 3551 2047">
     <span class='ocr_line' id='line_1_40' title="bbox 1973 1972 3551 2047; baseline 0.004 -21"><span class='ocrx_word' id='word_1_298' title='bbox 1973 1972 2176 2029; x_wconf 81' lang='lat' dir='ltr'><strong>viribus</strong></span> <span class='ocrx_word' id='word_1_299' title='bbox 2202 1973 2580 2046; x_wconf 88' lang='lat' dir='ltr'><strong>propellamus.</strong></span> <span class='ocrx_word' id='word_1_300' title='bbox 2604 1973 2748 2041; x_wconf 66' lang='lat' dir='ltr'><strong>llaec,</strong></span> <span class='ocrx_word' id='word_1_301' title='bbox 2781 1976 3130 2045; x_wconf 87' lang='lat' dir='ltr'><strong>dilectissimi,</strong></span> <span class='ocrx_word' id='word_1_302' title='bbox 3161 1992 3257 2047; x_wconf 87' lang='lat' dir='ltr'><strong>pro</strong></span> <span class='ocrx_word' id='word_1_303' title='bbox 3282 1979 3551 2033; x_wconf 86' lang='lat' dir='ltr'><strong>communi</strong></span> 
     </span>
    </p>
   </div>
   <div class='ocr_carea' id='block_1_41' title="bbox 1973 2065 3549 2140">
    <p class='ocr_par' dir='ltr' id='par_1_41' title="bbox 1973 2065 3549 2140">
     <span class='ocr_line' id='line_1_41' title="bbox 1973 2065 3549 2140; baseline 0.001 -19"><span class='ocrx_word' id='word_1_304' title='bbox 1973 2065 2215 2137; x_wconf 90' lang='lat' dir='ltr'><strong>profectu</strong></span> <span class='ocrx_word' id='word_1_305' title='bbox 2234 2076 2421 2124; x_wconf 89' lang='lat' dir='ltr'><strong>nostro</strong></span> <span class='ocrx_word' id='word_1_306' title='bbox 2439 2068 2506 2124; x_wconf 90' lang='lat' dir='ltr'><strong>de</strong></span> <span class='ocrx_word' id='word_1_307' title='bbox 2526 2070 2816 2140; x_wconf 89' lang='lat' dir='ltr'><strong>apostolica</strong></span> <span class='ocrx_word' id='word_1_308' title='bbox 2841 2070 3071 2127; x_wconf 89' lang='lat' dir='ltr'><strong>lectione</strong></span> <span class='ocrx_word' id='word_1_309' title='bbox 3100 2069 3440 2140; x_wconf 88' lang='lat' dir='ltr'><strong>protulimus,</strong></span> <span class='ocrx_word' id='word_1_310' title='bbox 3472 2078 3549 2137; x_wconf 87' lang='lat' dir='ltr'><strong>ut,</strong></span> 
     </span>
    </p>
   </div>
   <div class='ocr_carea' id='block_1_42' title="bbox 1970 2155 3551 2232">
    <p class='ocr_par' dir='ltr' id='par_1_42' title="bbox 1970 2155 3551 2232">
     <span class='ocr_line' id='line_1_42' title="bbox 1970 2155 3551 2232; baseline 0.001 -19"><span class='ocrx_word' id='word_1_311' title='bbox 1970 2155 2122 2213; x_wconf 86' lang='lat' dir='ltr'><strong>omni</strong></span> <span class='ocrx_word' id='word_1_312' title='bbox 2151 2155 2268 2214; x_wconf 89' lang='lat' dir='ltr'><strong>nisu</strong></span> <span class='ocrx_word' id='word_1_313' title='bbox 2297 2157 2652 2232; x_wconf 86' lang='lat' dir='ltr'><strong>omnibusque</strong></span> <span class='ocrx_word' id='word_1_314' title='bbox 2678 2158 2867 2215; x_wconf 88' lang='lat' dir='ltr'><strong>studiis</strong></span> <span class='ocrx_word' id='word_1_315' title='bbox 2908 2159 3087 2230; x_wconf 90' lang='lat' dir='ltr'><strong>iniqua</strong></span> <span class='ocrx_word' id='word_1_316' title='bbox 3121 2175 3185 2215; x_wconf 87' lang='lat' dir='ltr'><strong>ac</strong></span> <span class='ocrx_word' id='word_1_317' title='bbox 3225 2158 3427 2231; x_wconf 88' lang='lat' dir='ltr'><strong>perﬁda</strong></span> <span class='ocrx_word' id='word_1_318' title='bbox 3457 2159 3551 2215; x_wconf 85' lang='lat' dir='ltr'><strong>dc-</strong></span> 
     </span>
    </p>
   </div>
   <div class='ocr_carea' id='block_1_43' title="bbox 1974 2246 3550 2325">
    <p class='ocr_par' dir='ltr' id='par_1_43' title="bbox 1974 2246 3550 2325">
     <span class='ocr_line' id='line_1_43' title="bbox 1974 2246 3550 2325; baseline 0.005 -22"><span class='ocrx_word' id='word_1_319' title='bbox 1974 2246 2257 2318; x_wconf 81' lang='lat' dir='ltr'><strong>clinaotss,</strong></span> <span class='ocrx_word' id='word_1_320' title='bbox 2295 2248 2637 2322; x_wconf 85' lang='lat' dir='ltr'><strong>beneplaeita</strong></span> <span class='ocrx_word' id='word_1_321' title='bbox 2672 2250 2786 2309; x_wconf 85' lang='lat' dir='ltr'><strong>Deo</strong></span> <span class='ocrx_word' id='word_1_322' title='bbox 2825 2260 3012 2311; x_wconf 82' lang='lat' dir='ltr'><strong>nostro</strong></span> <span class='ocrx_word' id='word_1_323' title='bbox 3037 2267 3252 2324; x_wconf 81' lang='lat' dir='ltr'><strong>semper</strong></span> <span class='ocrx_word' id='word_1_324' title='bbox 3277 2261 3438 2325; x_wconf 82' lang='lat' dir='ltr'><strong>atque</strong></span> <span class='ocrx_word' id='word_1_325' title='bbox 3463 2265 3550 2311; x_wconf 68' lang='lat' dir='ltr'><strong>ac~</strong></span> 
     </span>
    </p>
   </div>
   <div class='ocr_carea' id='block_1_44' title="bbox 1977 2344 2445 2407">
    <p class='ocr_par' dir='ltr' id='par_1_44' title="bbox 1977 2344 2445 2407">
     <span class='ocr_line' id='line_1_44' title="bbox 1977 2344 2445 2407; baseline 0.009 -16"><span class='ocrx_word' id='word_1_326' title='bbox 1977 2344 2131 2407; x_wconf 87' lang='lat' dir='ltr'><strong>cepta</strong></span> <span class='ocrx_word' id='word_1_327' title='bbox 2158 2346 2445 2396; x_wconf 87' lang='lat' dir='ltr'><strong>sectemur.</strong></span> 
     </span>
    </p>
   </div>
   <div class='ocr_carea' id='block_1_45' title="bbox 1704 2517 2145 2583">
    <p class='ocr_par' dir='ltr' id='par_1_45' title="bbox 1704 2517 2145 2583">
     <span class='ocr_line' id='line_1_45' title="bbox 1704 2517 2145 2583; baseline 0.002 -4"><span class='ocrx_word' id='word_1_328' title='bbox 1704 2517 1971 2580; x_wconf 82' lang='lat' dir='ltr'><strong>SERMO</strong></span> <span class='ocrx_word' id='word_1_329' title='bbox 2013 2520 2145 2583; x_wconf 82' lang='lat' dir='ltr'><strong>CX.</strong></span> 
     </span>
    </p>
   </div>
   <div class='ocr_carea' id='block_1_46' title="bbox 1633 2617 2199 2677">
    <p class='ocr_par' dir='ltr' id='par_1_46' title="bbox 1633 2617 2199 2677">
     <span class='ocr_line' id='line_1_46' title="bbox 1633 2617 2199 2677; baseline 0.004 -4"><span class='ocrx_word' id='word_1_330' title='bbox 1633 2617 1711 2674; x_wconf 88' lang='lat' dir='ltr'><strong>De</strong></span> <span class='ocrx_word' id='word_1_331' title='bbox 1733 2621 1983 2674; x_wconf 78' lang='lat' dir='ltr'><strong>castitatis</strong></span> <span class='ocrx_word' id='word_1_332' title='bbox 2008 2621 2199 2677; x_wconf 84' lang='lat' dir='ltr'><strong>studio.</strong></span> 
     </span>
    </p>
   </div>
   <div class='ocr_carea' id='block_1_47' title="bbox 1726 2709 2115 2766">
    <p class='ocr_par' dir='ltr' id='par_1_47' title="bbox 1726 2709 2115 2766">
     <span class='ocr_line' id='line_1_47' title="bbox 1726 2709 2115 2766; baseline 0.003 -1"><span class='ocrx_word' id='word_1_333' title='bbox 1726 2709 2115 2766; x_wconf 73' lang='lat' dir='ltr'><strong>ADMONlTlO.</strong></span> 
     </span>
    </p>
   </div>
   <div class='ocr_carea' id='block_1_48' title="bbox 470 2798 3551 2882">
    <p class='ocr_par' dir='ltr' id='par_1_48' title="bbox 470 2798 3551 2882">
     <span class='ocr_line' id='line_1_48' title="bbox 470 2798 3551 2882; baseline 0.006 -26"><span class='ocrx_word' id='word_1_334' title='bbox 470 2802 526 2874; x_wconf 82' lang='lat'><strong><em>9</em></strong></span> <span class='ocrx_word' id='word_1_335' title='bbox 559 2798 714 2860; x_wconf 79' lang='lat' dir='ltr'><strong>Hunc</strong></span> <span class='ocrx_word' id='word_1_336' title='bbox 740 2818 952 2882; x_wconf 80' lang='lat' dir='ltr'><strong>quoque</strong></span> <span class='ocrx_word' id='word_1_337' title='bbox 973 2802 1091 2882; x_wconf 84' lang='lat' dir='ltr'><strong>_llt_)</strong></span> <span class='ocrx_word' id='word_1_338' title='bbox 1129 2819 1432 2882; x_wconf 77' lang='lat' dir='ltr'><strong>sermonem</strong></span> <span class='ocrx_word' id='word_1_339' title='bbox 1462 2806 1514 2860; x_wconf 91' lang='lat' dir='ltr'><strong>in</strong></span> <span class='ocrx_word' id='word_1_340' title='bbox 1543 2803 1737 2882; x_wconf 76' lang='lat' dir='ltr'><strong>eodem</strong></span> <span class='ocrx_word' id='word_1_341' title='bbox 1774 2820 1847 2859; x_wconf 81' lang='lat' dir='ltr'><strong>xu</strong></span> <span class='ocrx_word' id='word_1_342' title='bbox 1869 2803 2152 2882; x_wconf 74' lang='lat' dir='ltr'><strong>Casinensi</strong></span> <span class='ocrx_word' id='word_1_343' title='bbox 2180 2806 2388 2882; x_wconf 85' lang='lat' dir='ltr'><strong>codice,</strong></span> <span class='ocrx_word' id='word_1_344' title='bbox 2417 2823 2537 2880; x_wconf 86' lang='lat' dir='ltr'><strong>pag.</strong></span> <span class='ocrx_word' id='word_1_345' title='bbox 2582 2808 2706 2882; x_wconf 74' lang='lat'><strong>335,</strong></span> <span class='ocrx_word' id='word_1_346' title='bbox 2748 2818 2935 2867; x_wconf 89' lang='lat' dir='ltr'><strong>sancto</strong></span> <span class='ocrx_word' id='word_1_347' title='bbox 2980 2810 3212 2872; x_wconf 80' lang='lat' dir='ltr'><strong>Maximo</strong></span> <span class='ocrx_word' id='word_1_348' title='bbox 3241 2814 3551 2882; x_wconf 88' lang='lat' dir='ltr'><strong>attributum</strong></span> 
     </span>
    </p>
   </div>
   <div class='ocr_carea' id='block_1_49' title="bbox 286 2872 3184 2961">
    <p class='ocr_par' dir='ltr' id='par_1_49' title="bbox 286 2872 3184 2961">
     <span class='ocr_line' id='line_1_49' title="bbox 286 2872 3184 2961; baseline 0.004 -32"><span class='ocrx_word' id='word_1_349' title='bbox 286 2872 551 2942; x_wconf 73' lang='lat' dir='ltr'><strong>vidimus;</strong></span> <span class='ocrx_word' id='word_1_350' title='bbox 580 2889 738 2944; x_wconf 90' lang='lat' dir='ltr'><strong>quem</strong></span> <span class='ocrx_word' id='word_1_351' title='bbox 756 2872 830 2928; x_wconf 36' lang='lat' dir='ltr'><strong>’de</strong></span> <span class='ocrx_word' id='word_1_352' title='bbox 857 2872 1107 2929; x_wconf 74' lang='lat' dir='ltr'><strong>castitatis</strong></span> <span class='ocrx_word' id='word_1_353' title='bbox 1134 2876 1302 2929; x_wconf 86' lang='lat' dir='ltr'><strong>studio</strong></span> <span class='ocrx_word' id='word_1_354' title='bbox 1330 2889 1427 2930; x_wconf 88' lang='lat' dir='ltr'><strong>seu</strong></span> <span class='ocrx_word' id='word_1_355' title='bbox 1455 2875 1691 2931; x_wconf 82' lang='lat' dir='ltr'><strong>custodia</strong></span> <span class='ocrx_word' id='word_1_356' title='bbox 1724 2874 2119 2932; x_wconf 89' lang='lat' dir='ltr'><strong>inscribendum</strong></span> <span class='ocrx_word' id='word_1_357' title='bbox 2148 2892 2269 2937; x_wconf 88' lang='lat' dir='ltr'><strong>esse</strong></span> <span class='ocrx_word' id='word_1_358' title='bbox 2297 2872 2769 2961; x_wconf 61' lang='lat' dir='ltr'><strong>cuiq&#39;ue&#39;eumden</strong></span> <span class='ocrx_word' id='word_1_359' title='bbox 2794 2882 2987 2951; x_wconf 83' lang='lat' dir='ltr'><strong>legenti</strong></span> <span class='ocrx_word' id='word_1_360' title='bbox 3015 2892 3184 2955; x_wconf 86' lang='lat' dir='ltr'><strong>patet.</strong></span> 
     </span>
    </p>
   </div>
   <div class='ocr_carea' id='block_1_50' title="bbox 279 2958 1876 3060">
    <p class='ocr_par' dir='ltr' id='par_1_50' title="bbox 279 2958 1876 3060">
     <span class='ocr_line' id='line_1_50' title="bbox 279 2958 1876 3060; baseline -0.001 -17"><span class='ocrx_word' id='word_1_361' title='bbox 279 2958 694 3060; x_wconf 42' lang='lat' dir='ltr'><strong>.ARCDIENTUI.</strong></span> <span class='ocrx_word' id='word_1_362' title='bbox 716 3015 790 3027; x_wconf 91' lang='lat'><strong>-—</strong></span> <span class='ocrx_word' id='word_1_363' title='bbox 814 2984 939 3060; x_wconf 58' lang='lat' dir='ltr'><strong>Prae</strong></span> <span class='ocrx_word' id='word_1_364' title='bbox 975 2989 1174 3042; x_wconf 70' lang='lat' dir='ltr'><strong>ueteris</strong></span> <span class='ocrx_word' id='word_1_365' title='bbox 1203 3004 1235 3042; x_wconf 87' lang='lat' dir='ltr'><strong>a</strong></span> <span class='ocrx_word' id='word_1_366' title='bbox 1263 2986 1407 3041; x_wconf 85' lang='lat' dir='ltr'><strong>nobis</strong></span> <span class='ocrx_word' id='word_1_367' title='bbox 1445 2987 1713 3060; x_wconf 73' lang='lat' dir='ltr'><strong>virtutibus</strong></span> <span class='ocrx_word' id='word_1_368' title='bbox 1740 3003 1876 3060; x_wconf 39' lang='lat' dir='ltr'><strong>prce:</strong></span> 
     </span>
    </p>
   </div>
   <div class='ocr_carea' id='block_1_51' title="bbox 363 3055 1875 3128">
    <p class='ocr_par' dir='ltr' id='par_1_51' title="bbox 363 3055 1875 3128">
     <span class='ocr_line' id='line_1_51' title="bbox 363 3055 1875 3128; baseline -0.001 -16"><span class='ocrx_word' id='word_1_369' title='bbox 363 3057 530 3112; x_wconf 84' lang='lat' dir='ltr'><strong>dicari</strong></span> <span class='ocrx_word' id='word_1_370' title='bbox 568 3058 778 3113; x_wconf 85' lang='lat' dir='ltr'><strong>castitas</strong></span> <span class='ocrx_word' id='word_1_371' title='bbox 818 3055 983 3123; x_wconf 82' lang='lat' dir='ltr'><strong>debet,</strong></span> <span class='ocrx_word' id='word_1_372' title='bbox 1016 3073 1168 3128; x_wconf 84' lang='lat' dir='ltr'><strong>quam</strong></span> <span class='ocrx_word' id='word_1_373' title='bbox 1213 3074 1324 3128; x_wconf 72' lang='lat' dir='ltr'><strong>pra:</strong></span> <span class='ocrx_word' id='word_1_374' title='bbox 1360 3055 1590 3128; x_wconf 72' lang='lat' dir='ltr'><strong>omnibus</strong></span> <span class='ocrx_word' id='word_1_375' title='bbox 1628 3055 1875 3128; x_wconf 80' lang='lat' dir='ltr'><strong>peculiari</strong></span> 
     </span>
    </p>
   </div>
   <div class='ocr_carea' id='block_1_52' title="bbox 536 3125 1870 3200">
    <p class='ocr_par' dir='ltr' id='par_1_52' title="bbox 536 3125 1870 3200">
     <span class='ocr_line' id='line_1_52' title="bbox 536 3125 1870 3200; baseline -0.001 -17"><span class='ocrx_word' id='word_1_376' title='bbox 536 3143 588 3183; x_wconf 81' lang='lat' dir='ltr'><strong>nt</strong></span> <span class='ocrx_word' id='word_1_377' title='bbox 613 3129 786 3200; x_wconf 72' lang='lat' dir='ltr'><strong>gratia</strong></span> <span class='ocrx_word' id='word_1_378' title='bbox 811 3125 1068 3183; x_wconf 75' lang='lat' dir='ltr'><strong>nascendo</strong></span> <span class='ocrx_word' id='word_1_379' title='bbox 1096 3128 1162 3182; x_wconf 83' lang='lat' dir='ltr'><strong>de</strong></span> <span class='ocrx_word' id='word_1_380' title='bbox 1195 3125 1392 3200; x_wconf 62' lang='lat' dir='ltr'><strong>uirgine</strong></span> <span class='ocrx_word' id='word_1_381' title='bbox 1429 3125 1659 3183; x_wconf 73' lang='lat' dir='ltr'><strong>Christus</strong></span> <span class='ocrx_word' id='word_1_382' title='bbox 1696 3128 1870 3200; x_wconf 61' lang='lat' dir='ltr'><strong>elegit.</strong></span> 
     </span>
    </p>
   </div>
   <div class='ocr_carea' id='block_1_53' title="bbox 1976 2987 3552 3069">
    <p class='ocr_par' dir='ltr' id='par_1_53' title="bbox 1976 2987 3552 3069">
     <span class='ocr_line' id='line_1_53' title="bbox 1976 2987 3552 3069; baseline 0.008 -25"><span class='ocrx_word' id='word_1_383' title='bbox 1976 2987 2101 3058; x_wconf 89' lang='lat' dir='ltr'><strong>gelii</strong></span> <span class='ocrx_word' id='word_1_384' title='bbox 2148 2988 2304 3048; x_wconf 88' lang='lat' dir='ltr'><strong>nobis</strong></span> <span class='ocrx_word' id='word_1_385' title='bbox 2349 2990 2665 3047; x_wconf 89' lang='lat' dir='ltr'><strong>assumenda</strong></span> <span class='ocrx_word' id='word_1_386' title='bbox 2695 2992 2937 3051; x_wconf 88' lang='lat' dir='ltr'><strong>doctrina</strong></span> <span class='ocrx_word' id='word_1_387' title='bbox 2968 3007 3069 3063; x_wconf 86' lang='lat' dir='ltr'><strong>est,</strong></span> <span class='ocrx_word' id='word_1_388' title='bbox 3104 3013 3263 3069; x_wconf 87' lang='lat' dir='ltr'><strong>quam</strong></span> <span class='ocrx_word' id='word_1_389' title='bbox 3305 2997 3552 3057; x_wconf 88' lang='lat' dir='ltr'><strong>divinitus</strong></span> 
     </span>
    </p>
   </div>
   <div class='ocr_carea' id='block_1_54' title="bbox 1976 3077 3552 3163">
    <p class='ocr_par' dir='ltr' id='par_1_54' title="bbox 1976 3077 3552 3163">
     <span class='ocr_line' id='line_1_54' title="bbox 1976 3077 3552 3163; baseline 0.007 -27"><span class='ocrx_word' id='word_1_390' title='bbox 1976 3077 2285 3153; x_wconf 88' lang='lat' dir='ltr'><strong>inspiratam</strong></span> <span class='ocrx_word' id='word_1_391' title='bbox 2315 3080 2553 3139; x_wconf 87' lang='lat' dir='ltr'><strong>ﬁdelium</strong></span> <span class='ocrx_word' id='word_1_392' title='bbox 2574 3083 2751 3141; x_wconf 85' lang='lat' dir='ltr'><strong>nullus</strong></span> <span class='ocrx_word' id='word_1_393' title='bbox 2777 3087 3003 3156; x_wconf 79' lang='lat' dir='ltr'><strong>ignorat.</strong></span> <span class='ocrx_word' id='word_1_394' title='bbox 3027 3086 3103 3142; x_wconf 90' lang='lat' dir='ltr'><strong>lbi</strong></span> <span class='ocrx_word' id='word_1_395' title='bbox 3126 3088 3270 3144; x_wconf 79' lang='lat' dir='ltr'><strong>enim</strong></span> <span class='ocrx_word' id='word_1_396' title='bbox 3297 3090 3552 3163; x_wconf 87' lang='lat' dir='ltr'><strong>scriptum</strong></span> 
     </span>
    </p>
   </div>
   <div class='ocr_carea' id='block_1_55' title="bbox 361 3128 1881 3270">
    <p class='ocr_par' dir='ltr' id='par_1_55' title="bbox 361 3128 1877 3270">
     <span class='ocr_line' id='line_1_55' title="bbox 361 3128 1870 3254; baseline -0.001 -71"><span class='ocrx_word' id='word_1_397' title='bbox 361 3128 588 3254; x_wconf 55' lang='lat' dir='ltr'><strong>mttunt</strong></span> <span class='ocrx_word' id='word_1_398' title='bbox 613 3129 786 3200; x_wconf 72' lang='lat' dir='ltr'><strong>gratia</strong></span> <span class='ocrx_word' id='word_1_399' title='bbox 811 3128 1068 3183; x_wconf 75' lang='lat' dir='ltr'><strong>nascendo</strong></span> <span class='ocrx_word' id='word_1_400' title='bbox 1096 3128 1162 3182; x_wconf 83' lang='lat' dir='ltr'><strong>de</strong></span> <span class='ocrx_word' id='word_1_401' title='bbox 1195 3129 1392 3200; x_wconf 71' lang='lat' dir='ltr'><strong>virgine</strong></span> <span class='ocrx_word' id='word_1_402' title='bbox 1429 3128 1659 3183; x_wconf 76' lang='lat' dir='ltr'><strong>Christus</strong></span> <span class='ocrx_word' id='word_1_403' title='bbox 1700 3128 1870 3200; x_wconf 72' lang='lat' dir='ltr'><strong>elegit.</strong></span> 
     </span>
     <span class='ocr_line' id='line_1_56' title="bbox 497 3196 1877 3270; baseline -0.001 -16"><span class='ocrx_word' id='word_1_404' title='bbox 497 3198 579 3254; x_wconf 86' lang='lat' dir='ltr'><strong>ius</strong></span> <span class='ocrx_word' id='word_1_405' title='bbox 601 3198 934 3270; x_wconf 70' lang='lat' dir='ltr'><strong>aspiciamus,</strong></span> <span class='ocrx_word' id='word_1_406' title='bbox 956 3200 1183 3270; x_wconf 81' lang='lat' dir='ltr'><strong>sanctius</strong></span> <span class='ocrx_word' id='word_1_407' title='bbox 1213 3199 1510 3270; x_wconf 74' lang='lat' dir='ltr'><strong>cogitemus,</strong></span> <span class='ocrx_word' id='word_1_408' title='bbox 1537 3214 1602 3252; x_wconf 84' lang='lat' dir='ltr'><strong>ne</strong></span> <span class='ocrx_word' id='word_1_409' title='bbox 1626 3196 1877 3270; x_wconf 80' lang='lat' dir='ltr'><strong>subripiat</strong></span> 
     </span>
    </p>
   </div>
   <div class='ocr_carea' id='block_1_56' title="bbox 1981 3128 3553 3270">
    <p class='ocr_par' dir='ltr' id='par_1_56' title="bbox 1981 3128 3553 3253">
     <span class='ocr_line' id='line_1_57' title="bbox 1981 3128 3552 3163; baseline 0.007 -28"><span class='ocrx_word' id='word_1_410' title='bbox 1981 3128 2285 3153; x_wconf 54' lang='grc' dir='ltr'><strong>---τη-...κ</strong></span> <span class='ocrx_word' id='word_1_411' title='bbox 2316 3128 2553 3139; x_wconf 77' lang='grc'><strong>-...,.......</strong></span> <span class='ocrx_word' id='word_1_412' title='bbox 2574 3128 2751 3141; x_wconf 81' lang='lat'><strong>..........</strong></span> <span class='ocrx_word' id='word_1_413' title='bbox 2777 3128 3003 3156; x_wconf 75' lang='grc' dir='ltr'><strong>.ο..ν.....</strong></span> <span class='ocrx_word' id='word_1_414' title='bbox 3027 3128 3103 3142; x_wconf 73' lang='grc' dir='ltr'><strong>..η</strong></span> <span class='ocrx_word' id='word_1_415' title='bbox 3297 3128 3552 3163; x_wconf 54' lang='grc' dir='ltr'><strong>πηνα...</strong></span> 
     </span>
     <span class='ocr_line' id='line_1_58' title="bbox 1981 3175 3553 3253; baseline 0.006 -24"><span class='ocrx_word' id='word_1_416' title='bbox 1981 3175 2210 3247; x_wconf 80' lang='lat' dir='ltr'><strong>reperio,</strong></span> <span class='ocrx_word' id='word_1_417' title='bbox 2239 3175 2312 3231; x_wconf 90' lang='lat' dir='ltr'><strong>ibi</strong></span> <span class='ocrx_word' id='word_1_418' title='bbox 2334 3192 2521 3232; x_wconf 90' lang='lat' dir='ltr'><strong>omnes</strong></span> <span class='ocrx_word' id='word_1_419' title='bbox 2547 3177 2771 3246; x_wconf 86' lang='lat' dir='ltr'><strong>legimus</strong></span> <span class='ocrx_word' id='word_1_420' title='bbox 2805 3197 2817 3232; x_wconf 88' lang='lat'><strong>:</strong></span> <span class='ocrx_word' id='word_1_421' title='bbox 2850 3178 2909 3234; x_wconf 88' lang='lat' dir='ltr'><strong>Si</strong></span> <span class='ocrx_word' id='word_1_422' title='bbox 2937 3181 3050 3253; x_wconf 86' lang='lat' dir='ltr'><strong>quis</strong></span> <span class='ocrx_word' id='word_1_423' title='bbox 3078 3180 3260 3236; x_wconf 84' lang='lat' dir='ltr'><strong>viderit</strong></span> <span class='ocrx_word' id='word_1_424' title='bbox 3293 3184 3553 3240; x_wconf 84' lang='lat' dir='ltr'><strong>mulierem</strong></span> 
     </span>
    </p>
   </div>
   <div class='ocr_carea' id='block_1_57' title="bbox 365 3267 1430 3340">
    <p class='ocr_par' dir='ltr' id='par_1_57' title="bbox 365 3267 1430 3340">
     <span class='ocr_line' id='line_1_59' title="bbox 365 3267 1430 3340; baseline -0.002 -15"><span class='ocrx_word' id='word_1_425' title='bbox 365 3270 533 3325; x_wconf 87' lang='lat' dir='ltr'><strong>otioso</strong></span> <span class='ocrx_word' id='word_1_426' title='bbox 560 3267 705 3323; x_wconf 81' lang='lat' dir='ltr'><strong>cordi</strong></span> <span class='ocrx_word' id='word_1_427' title='bbox 731 3268 1149 3340; x_wconf 82' lang='lat' dir='ltr'><strong>iudisciplinatus</strong></span> <span class='ocrx_word' id='word_1_428' title='bbox 1178 3267 1430 3340; x_wconf 78' lang='lat' dir='ltr'><strong>aspectus.</strong></span> 
     </span>
    </p>
   </div>
   <div class='ocr_carea' id='block_1_58' title="bbox 362 3355 1927 3428">
    <p class='ocr_par' dir='ltr' id='par_1_58' title="bbox 362 3355 1927 3428">
     <span class='ocr_line' id='line_1_60' title="bbox 362 3355 1927 3428; baseline -0.002 -14"><span class='ocrx_word' id='word_1_429' title='bbox 362 3355 637 3426; x_wconf 86' lang='lat' dir='ltr'><strong>Quantum</strong></span> <span class='ocrx_word' id='word_1_430' title='bbox 678 3365 736 3414; x_wconf 89' lang='lat' dir='ltr'><strong>et</strong></span> <span class='ocrx_word' id='word_1_431' title='bbox 774 3372 935 3428; x_wconf 86' lang='lat' dir='ltr'><strong>quam</strong></span> <span class='ocrx_word' id='word_1_432' title='bbox 963 3357 1343 3424; x_wconf 88' lang='lat' dir='ltr'><strong>necessarium,</strong></span> <span class='ocrx_word' id='word_1_433' title='bbox 1374 3356 1566 3414; x_wconf 79' lang='lat' dir='ltr'><strong>fratres</strong></span> <span class='ocrx_word' id='word_1_434' title='bbox 1593 3356 1876 3427; x_wconf 87' lang='lat' dir='ltr'><strong>carissimi,</strong></span> <span class='ocrx_word' id='word_1_435' title='bbox 1922 3378 1927 3385; x_wconf 85' lang='grc'><strong>·</strong></span> 
     </span>
    </p>
   </div>
   <div class='ocr_carea' id='block_1_59' title="bbox 288 3446 1877 3522">
    <p class='ocr_par' dir='ltr' id='par_1_59' title="bbox 288 3446 1877 3522">
     <span class='ocr_line' id='line_1_61' title="bbox 288 3446 1877 3522; baseline -0.001 -14"><span class='ocrx_word' id='word_1_436' title='bbox 288 3452 367 3508; x_wconf 84' lang='lat' dir='ltr'><strong>de</strong></span> <span class='ocrx_word' id='word_1_437' title='bbox 417 3446 707 3522; x_wconf 88' lang='lat' dir='ltr'><strong>Seripturis</strong></span> <span class='ocrx_word' id='word_1_438' title='bbox 749 3451 948 3507; x_wconf 88' lang='lat' dir='ltr'><strong>sanctis</strong></span> <span class='ocrx_word' id='word_1_439' title='bbox 988 3462 1271 3522; x_wconf 89' lang='lat' dir='ltr'><strong>possumus</strong></span> <span class='ocrx_word' id='word_1_440' title='bbox 1316 3450 1517 3508; x_wconf 88' lang='lat' dir='ltr'><strong>habere</strong></span> <span class='ocrx_word' id='word_1_441' title='bbox 1557 3450 1877 3522; x_wconf 88' lang='lat' dir='ltr'><strong>profectum,</strong></span> 
     </span>
    </p>
   </div>
   <div class='ocr_carea' id='block_1_60' title="bbox 288 3539 1878 3608">
    <p class='ocr_par' dir='ltr' id='par_1_60' title="bbox 288 3539 1878 3608">
     <span class='ocr_line' id='line_1_62' title="bbox 288 3539 1878 3608; baseline 0.001 -12"><span class='ocrx_word' id='word_1_442' title='bbox 288 3539 515 3600; x_wconf 86' lang='lat' dir='ltr'><strong>instruit</strong></span> <span class='ocrx_word' id='word_1_443' title='bbox 542 3556 643 3597; x_wconf 89' lang='lat' dir='ltr'><strong>nos</strong></span> <span class='ocrx_word' id='word_1_444' title='bbox 670 3540 1006 3597; x_wconf 88' lang='lat' dir='ltr'><strong>beatissimus</strong></span> <span class='ocrx_word' id='word_1_445' title='bbox 1034 3539 1248 3608; x_wconf 86' lang='lat' dir='ltr'><strong>Paulus,</strong></span> <span class='ocrx_word' id='word_1_446' title='bbox 1279 3541 1462 3597; x_wconf 87' lang='lat' dir='ltr'><strong>dicens</strong></span> <span class='ocrx_word' id='word_1_447' title='bbox 1491 3558 1503 3594; x_wconf 91' lang='lat'>:</span> <span class='ocrx_word' id='word_1_448' title='bbox 1538 3540 1719 3596; x_wconf 81' lang='lat' dir='ltr'><strong>Omnis</strong></span> <span class='ocrx_word' id='word_1_449' title='bbox 1747 3542 1878 3597; x_wconf 86' lang='lat' dir='ltr'><strong>scri-</strong></span> 
     </span>
    </p>
   </div>
   <div class='ocr_carea' id='block_1_61' title="bbox 284 3633 1881 3708">
    <p class='ocr_par' dir='ltr' id='par_1_61' title="bbox 284 3633 1881 3708">
     <span class='ocr_line' id='line_1_63' title="bbox 284 3633 1881 3708; baseline -0.001 -21"><span class='ocrx_word' id='word_1_450' title='bbox 284 3643 451 3708; x_wconf 76' lang='lat' dir='ltr'><strong>ptura</strong></span> <span class='ocrx_word' id='word_1_451' title='bbox 477 3633 723 3690; x_wconf 71' lang='lat' dir='ltr'><strong>divinitus</strong></span> <span class='ocrx_word' id='word_1_452' title='bbox 759 3634 1016 3706; x_wconf 84' lang='lat' dir='ltr'><strong>inspirata</strong></span> <span class='ocrx_word' id='word_1_453' title='bbox 1061 3633 1203 3689; x_wconf 84' lang='lat' dir='ltr'><strong>utilis</strong></span> <span class='ocrx_word' id='word_1_454' title='bbox 1241 3643 1319 3689; x_wconf 87' lang='lat' dir='ltr'><strong>est</strong></span> <span class='ocrx_word' id='word_1_455' title='bbox 1362 3634 1431 3687; x_wconf 87' lang='lat' dir='ltr'><strong>ad</strong></span> <span class='ocrx_word' id='word_1_456' title='bbox 1475 3633 1777 3698; x_wconf 86' lang='lat' dir='ltr'><strong>docendum,</strong></span> <span class='ocrx_word' id='word_1_457' title='bbox 1811 3633 1881 3687; x_wconf 88' lang='lat' dir='ltr'><strong>ad</strong></span> 
     </span>
    </p>
   </div>
   <div class='ocr_carea' id='block_1_62' title="bbox 288 3722 1879 3797">
    <p class='ocr_par' dir='ltr' id='par_1_62' title="bbox 288 3722 1879 3797">
     <span class='ocr_line' id='line_1_64' title="bbox 288 3722 1879 3797; baseline -0.001 -17"><span class='ocrx_word' id='word_1_458' title='bbox 288 3723 700 3797; x_wconf 84' lang='lat' dir='ltr'><strong>corripiendum,</strong></span> <span class='ocrx_word' id='word_1_459' title='bbox 747 3725 817 3780; x_wconf 89' lang='lat' dir='ltr'><strong>ad</strong></span> <span class='ocrx_word' id='word_1_460' title='bbox 862 3724 1199 3780; x_wconf 84' lang='lat' dir='ltr'><strong>erudiendum</strong></span> <span class='ocrx_word' id='word_1_461' title='bbox 1244 3722 1331 3796; x_wconf 88' lang='lat' dir='ltr'><strong>(II</strong></span> <span class='ocrx_word' id='word_1_462' title='bbox 1377 3725 1510 3781; x_wconf 87' lang='lat' dir='ltr'><strong>Tim.</strong></span> <span class='ocrx_word' id='word_1_463' title='bbox 1562 3725 1658 3797; x_wconf 91' lang='grc' dir='ltr'>ιιι).</span> <span class='ocrx_word' id='word_1_464' title='bbox 1709 3724 1879 3793; x_wconf 85' lang='lat' dir='ltr'><strong>Quam</strong></span> 
     </span>
    </p>
   </div>
   <div class='ocr_carea' id='block_1_63' title="bbox 287 3811 1881 3887">
    <p class='ocr_par' dir='ltr' id='par_1_63' title="bbox 287 3811 1881 3887">
     <span class='ocr_line' id='line_1_65' title="bbox 287 3811 1881 3887; baseline 0 -19"><span class='ocrx_word' id='word_1_465' title='bbox 287 3812 610 3887; x_wconf 66' lang='lat' dir='ltr'><strong>praeclaram</strong></span> <span class='ocrx_word' id='word_1_466' title='bbox 654 3828 924 3887; x_wconf 90' lang='lat' dir='ltr'><strong>quamque</strong></span> <span class='ocrx_word' id='word_1_467' title='bbox 973 3812 1252 3871; x_wconf 89' lang='lat' dir='ltr'><strong>miriﬁcam</strong></span> <span class='ocrx_word' id='word_1_468' title='bbox 1292 3812 1484 3871; x_wconf 89' lang='lat' dir='ltr'><strong>doctor</strong></span> <span class='ocrx_word' id='word_1_469' title='bbox 1523 3811 1881 3870; x_wconf 86' lang='lat' dir='ltr'><strong>Ecclesiarum</strong></span> 
     </span>
    </p>
   </div>
   <div class='ocr_carea' id='block_1_64' title="bbox 290 3904 1884 3978">
    <p class='ocr_par' dir='ltr' id='par_1_64' title="bbox 290 3904 1884 3978">
     <span class='ocr_line' id='line_1_66' title="bbox 290 3904 1884 3978; baseline 0 -17"><span class='ocrx_word' id='word_1_470' title='bbox 290 3904 625 3961; x_wconf 83' lang='lat' dir='ltr'><strong>sententiam</strong></span> <span class='ocrx_word' id='word_1_471' title='bbox 660 3905 729 3962; x_wconf 89' lang='lat' dir='ltr'><strong>de</strong></span> <span class='ocrx_word' id='word_1_472' title='bbox 773 3905 966 3963; x_wconf 90' lang='lat' dir='ltr'><strong>divinis</strong></span> <span class='ocrx_word' id='word_1_473' title='bbox 1001 3905 1357 3978; x_wconf 83' lang='lat' dir='ltr'><strong>promulgavit</strong></span> <span class='ocrx_word' id='word_1_474' title='bbox 1391 3905 1637 3977; x_wconf 89' lang='lat' dir='ltr'><strong>eloquiis,</strong></span> <span class='ocrx_word' id='word_1_475' title='bbox 1668 3921 1785 3977; x_wconf 64' lang='lat' dir='ltr'><strong>quae</strong></span> <span class='ocrx_word' id='word_1_476' title='bbox 1816 3905 1884 3961; x_wconf 91' lang='lat' dir='ltr'><strong>ad</strong></span> 
     </span>
    </p>
   </div>
   <div class='ocr_carea' id='block_1_65' title="bbox 290 3994 1884 4070">
    <p class='ocr_par' dir='ltr' id='par_1_65' title="bbox 290 3994 1884 4070">
     <span class='ocr_line' id='line_1_67' title="bbox 290 3994 1884 4070; baseline 0 -20"><span class='ocrx_word' id='word_1_477' title='bbox 290 3995 671 4070; x_wconf 89' lang='lat' dir='ltr'><strong>plenissimam</strong></span> <span class='ocrx_word' id='word_1_478' title='bbox 714 3996 925 4054; x_wconf 90' lang='lat' dir='ltr'><strong>vivendi</strong></span> <span class='ocrx_word' id='word_1_479' title='bbox 962 3996 1345 4069; x_wconf 82' lang='lat' dir='ltr'><strong>perfectionem</strong></span> <span class='ocrx_word' id='word_1_480' title='bbox 1385 3996 1689 4052; x_wconf 88' lang='lat' dir='ltr'><strong>mortalium</strong></span> <span class='ocrx_word' id='word_1_481' title='bbox 1720 3994 1884 4053; x_wconf 84' lang='lat' dir='ltr'><strong>corda</strong></span> 
     </span>
    </p>
   </div>
   <div class='ocr_carea' id='block_1_66' title="bbox 293 4084 1885 4160">
    <p class='ocr_par' dir='ltr' id='par_1_66' title="bbox 293 4084 1885 4160">
     <span class='ocr_line' id='line_1_68' title="bbox 293 4084 1885 4160; baseline -0.001 -17"><span class='ocrx_word' id='word_1_482' title='bbox 293 4084 537 4157; x_wconf 90' lang='lat' dir='ltr'><strong>dirigunt</strong></span> <span class='ocrx_word' id='word_1_483' title='bbox 565 4095 621 4144; x_wconf 91' lang='lat' dir='ltr'><strong>et</strong></span> <span class='ocrx_word' id='word_1_484' title='bbox 648 4087 963 4145; x_wconf 83' lang='lat' dir='ltr'><strong>informant!</strong></span> <span class='ocrx_word' id='word_1_485' title='bbox 997 4085 1153 4144; x_wconf 89' lang='lat' dir='ltr'><strong>Utilis</strong></span> <span class='ocrx_word' id='word_1_486' title='bbox 1180 4087 1422 4160; x_wconf 90' lang='lat' dir='ltr'><strong>profecto</strong></span> <span class='ocrx_word' id='word_1_487' title='bbox 1458 4095 1541 4144; x_wconf 90' lang='lat' dir='ltr'><strong>est</strong></span> <span class='ocrx_word' id='word_1_488' title='bbox 1574 4102 1751 4144; x_wconf 89' lang='lat' dir='ltr'><strong>sermo</strong></span> <span class='ocrx_word' id='word_1_489' title='bbox 1774 4101 1885 4142; x_wconf 77' lang='lat' dir='ltr'><strong>cm-</strong></span> 
     </span>
    </p>
   </div>
   <div class='ocr_carea' id='block_1_67' title="bbox 290 4174 1884 4253">
    <p class='ocr_par' dir='ltr' id='par_1_67' title="bbox 290 4174 1884 4253">
     <span class='ocr_line' id='line_1_69' title="bbox 290 4174 1884 4253; baseline 0.001 -18"><span class='ocrx_word' id='word_1_490' title='bbox 290 4174 454 4236; x_wconf 84' lang='lat' dir='ltr'><strong>lestis</strong></span> <span class='ocrx_word' id='word_1_491' title='bbox 482 4178 549 4236; x_wconf 88' lang='lat' dir='ltr'><strong>ad</strong></span> <span class='ocrx_word' id='word_1_492' title='bbox 585 4178 902 4249; x_wconf 90' lang='lat' dir='ltr'><strong>docendum,</strong></span> <span class='ocrx_word' id='word_1_493' title='bbox 941 4179 1008 4236; x_wconf 91' lang='lat' dir='ltr'><strong>ad</strong></span> <span class='ocrx_word' id='word_1_494' title='bbox 1051 4178 1468 4253; x_wconf 89' lang='lat' dir='ltr'><strong>corripiendum,</strong></span> <span class='ocrx_word' id='word_1_495' title='bbox 1520 4179 1587 4236; x_wconf 90' lang='lat' dir='ltr'><strong>ad</strong></span> <span class='ocrx_word' id='word_1_496' title='bbox 1631 4179 1884 4238; x_wconf 87' lang='lat' dir='ltr'><strong>erudien-</strong></span> 
     </span>
    </p>
   </div>
   <div class='ocr_carea' id='block_1_68' title="bbox 295 4271 1884 4346">
    <p class='ocr_par' dir='ltr' id='par_1_68' title="bbox 295 4271 1884 4346">
     <span class='ocr_line' id='line_1_70' title="bbox 295 4271 1884 4346; baseline -0.002 -16"><span class='ocrx_word' id='word_1_497' title='bbox 295 4273 450 4330; x_wconf 89' lang='lat' dir='ltr'><strong>dum.</strong></span> <span class='ocrx_word' id='word_1_498' title='bbox 485 4271 564 4329; x_wconf 81' lang='lat' dir='ltr'><strong>Ad</strong></span> <span class='ocrx_word' id='word_1_499' title='bbox 591 4272 888 4331; x_wconf 87' lang='lat' dir='ltr'><strong>docendum</strong></span> <span class='ocrx_word' id='word_1_500' title='bbox 920 4272 1155 4346; x_wconf 89' lang='lat' dir='ltr'><strong>quidem,</strong></span> <span class='ocrx_word' id='word_1_501' title='bbox 1187 4290 1308 4330; x_wconf 91' lang='lat' dir='ltr'><strong>cum</strong></span> <span class='ocrx_word' id='word_1_502' title='bbox 1346 4289 1627 4346; x_wconf 87' lang='lat' dir='ltr'><strong>perversos</strong></span> <span class='ocrx_word' id='word_1_503' title='bbox 1666 4272 1884 4330; x_wconf 86' lang='lat' dir='ltr'><strong>indisci-</strong></span> 
     </span>
    </p>
   </div>
   <div class='ocr_carea' id='block_1_69' title="bbox 292 4362 1883 4439">
    <p class='ocr_par' dir='ltr' id='par_1_69' title="bbox 292 4362 1883 4439">
     <span class='ocr_line' id='line_1_71' title="bbox 292 4362 1883 4439; baseline -0.001 -20"><span class='ocrx_word' id='word_1_504' title='bbox 292 4362 628 4439; x_wconf 89' lang='lat' dir='ltr'><strong>plinatorum</strong></span> <span class='ocrx_word' id='word_1_505' title='bbox 649 4382 828 4422; x_wconf 87' lang='lat' dir='ltr'><strong>mores</strong></span> <span class='ocrx_word' id='word_1_506' title='bbox 849 4365 1020 4422; x_wconf 87' lang='lat' dir='ltr'><strong>sancti</strong></span> <span class='ocrx_word' id='word_1_507' title='bbox 1045 4366 1333 4436; x_wconf 84' lang='lat' dir='ltr'><strong>magisterii</strong></span> <span class='ocrx_word' id='word_1_508' title='bbox 1354 4367 1578 4423; x_wconf 86' lang='lat' dir='ltr'><strong>sanitate</strong></span> <span class='ocrx_word' id='word_1_509' title='bbox 1592 4364 1883 4438; x_wconf 88' lang='lat' dir='ltr'><strong>componit.</strong></span> 
     </span>
    </p>
   </div>
   <div class='ocr_carea' id='block_1_70' title="bbox 297 4453 1889 4527">
    <p class='ocr_par' dir='ltr' id='par_1_70' title="bbox 297 4453 1889 4527">
     <span class='ocr_line' id='line_1_72' title="bbox 297 4453 1889 4527; baseline 0.001 -17"><span class='ocrx_word' id='word_1_510' title='bbox 297 4453 388 4510; x_wconf 79' lang='lat' dir='ltr'><strong>Ad</strong></span> <span class='ocrx_word' id='word_1_511' title='bbox 429 4454 823 4527; x_wconf 88' lang='lat' dir='ltr'><strong>corripiendum</strong></span> <span class='ocrx_word' id='word_1_512' title='bbox 871 4471 1031 4525; x_wconf 92' lang='lat' dir='ltr'><strong>vero,</strong></span> <span class='ocrx_word' id='word_1_513' title='bbox 1081 4472 1203 4512; x_wconf 90' lang='lat' dir='ltr'><strong>cum</strong></span> <span class='ocrx_word' id='word_1_514' title='bbox 1244 4473 1456 4514; x_wconf 90' lang='lat' dir='ltr'><strong>errores</strong></span> <span class='ocrx_word' id='word_1_515' title='bbox 1502 4456 1770 4514; x_wconf 60' lang='lat' dir='ltr'><strong>haereseos</strong></span> <span class='ocrx_word' id='word_1_516' title='bbox 1809 4456 1889 4512; x_wconf 83' lang='lat' dir='ltr'><strong>:ab</strong></span> 
     </span>
    </p>
   </div>
   <div class='ocr_carea' id='block_1_71' title="bbox 1978 3265 3554 3340">
    <p class='ocr_par' dir='ltr' id='par_1_71' title="bbox 1978 3265 3554 3340">
     <span class='ocr_line' id='line_1_73' title="bbox 1978 3265 3554 3340; baseline 0.006 -21"><span class='ocrx_word' id='word_1_517' title='bbox 1978 3265 2047 3319; x_wconf 86' lang='lat' dir='ltr'><strong>ad</strong></span> <span class='ocrx_word' id='word_1_518' title='bbox 2091 3266 2550 3338; x_wconf 85' lang='lat' dir='ltr'><strong>concupiscendum</strong></span> <span class='ocrx_word' id='word_1_519' title='bbox 2590 3284 2723 3335; x_wconf 86' lang='lat' dir='ltr'><strong>eam,</strong></span> <span class='ocrx_word' id='word_1_520' title='bbox 2754 3269 2869 3340; x_wconf 86' lang='lat' dir='ltr'><strong>jam</strong></span> <span class='ocrx_word' id='word_1_521' title='bbox 2907 3271 3181 3328; x_wconf 78' lang='lat' dir='ltr'><strong>moechatus</strong></span> <span class='ocrx_word' id='word_1_522' title='bbox 3229 3282 3305 3327; x_wconf 86' lang='lat' dir='ltr'><strong>est</strong></span> <span class='ocrx_word' id='word_1_523' title='bbox 3349 3291 3463 3329; x_wconf 86' lang='lat' dir='ltr'><strong>eam</strong></span> <span class='ocrx_word' id='word_1_524' title='bbox 3503 3277 3554 3329; x_wconf 82' lang='lat' dir='ltr'><strong>in</strong></span> 
     </span>
    </p>
   </div>
   <div class='ocr_carea' id='block_1_72' title="bbox 1977 3354 3555 3437">
    <p class='ocr_par' dir='ltr' id='par_1_72' title="bbox 1977 3354 3555 3437">
     <span class='ocr_line' id='line_1_74' title="bbox 1977 3354 3555 3437; baseline 0.006 -28"><span class='ocrx_word' id='word_1_525' title='bbox 1977 3355 2133 3410; x_wconf 88' lang='lat' dir='ltr'><strong>corde</strong></span> <span class='ocrx_word' id='word_1_526' title='bbox 2152 3372 2243 3411; x_wconf 83' lang='lat' dir='ltr'><strong>suo</strong></span> <span class='ocrx_word' id='word_1_527' title='bbox 2267 3354 2477 3428; x_wconf 73' lang='lat' dir='ltr'><strong>(Matth.</strong></span> <span class='ocrx_word' id='word_1_528' title='bbox 2503 3356 2579 3430; x_wconf 93' lang='lat' dir='ltr'><strong>v).</strong></span> <span class='ocrx_word' id='word_1_529' title='bbox 2603 3356 2812 3426; x_wconf 79' lang='lat' dir='ltr'><strong>Videte,</strong></span> <span class='ocrx_word' id='word_1_530' title='bbox 2838 3359 3186 3429; x_wconf 87' lang='lat' dir='ltr'><strong>dilectissimi,</strong></span> <span class='ocrx_word' id='word_1_531' title='bbox 3210 3378 3367 3432; x_wconf 91' lang='lat' dir='ltr'><strong>quam</strong></span> <span class='ocrx_word' id='word_1_532' title='bbox 3392 3365 3555 3437; x_wconf 69' lang='grc' dir='ltr'><strong>σεο</strong></span> 
     </span>
    </p>
   </div>
   <div class='ocr_carea' id='block_1_73' title="bbox 1976 3445 3557 3523">
    <p class='ocr_par' dir='ltr' id='par_1_73' title="bbox 1976 3445 3557 3523">
     <span class='ocr_line' id='line_1_75' title="bbox 1976 3445 3557 3523; baseline 0.006 -23"><span class='ocrx_word' id='word_1_533' title='bbox 1976 3445 2336 3503; x_wconf 89' lang='lat' dir='ltr'><strong>validissimus</strong></span> <span class='ocrx_word' id='word_1_534' title='bbox 2358 3447 2615 3504; x_wconf 83' lang='lat' dir='ltr'><strong>Dominus</strong></span> <span class='ocrx_word' id='word_1_535' title='bbox 2636 3457 2819 3505; x_wconf 80' lang='lat' dir='ltr'><strong>noster</strong></span> <span class='ocrx_word' id='word_1_536' title='bbox 2839 3451 3001 3507; x_wconf 89' lang='lat' dir='ltr'><strong>totius</strong></span> <span class='ocrx_word' id='word_1_537' title='bbox 3023 3451 3360 3523; x_wconf 88' lang='lat' dir='ltr'><strong>turpitudinis</strong></span> <span class='ocrx_word' id='word_1_538' title='bbox 3380 3469 3557 3510; x_wconf 81' lang='lat' dir='ltr'><strong>emcn-</strong></span> 
     </span>
    </p>
   </div>
   <div class='ocr_carea' id='block_1_74' title="bbox 1979 3535 3555 3617">
    <p class='ocr_par' dir='ltr' id='par_1_74' title="bbox 1979 3535 3555 3617">
     <span class='ocr_line' id='line_1_76' title="bbox 1979 3535 3555 3617; baseline 0.006 -24"><span class='ocrx_word' id='word_1_539' title='bbox 1979 3535 2135 3594; x_wconf 90' lang='lat' dir='ltr'><strong>dator</strong></span> <span class='ocrx_word' id='word_1_540' title='bbox 2160 3538 2509 3611; x_wconf 88' lang='lat' dir='ltr'><strong>petulantiam</strong></span> <span class='ocrx_word' id='word_1_541' title='bbox 2549 3540 2902 3597; x_wconf 88' lang='lat' dir='ltr'><strong>humanorum</strong></span> <span class='ocrx_word' id='word_1_542' title='bbox 2944 3542 3174 3599; x_wconf 80' lang='lat' dir='ltr'><strong>refrenat</strong></span> <span class='ocrx_word' id='word_1_543' title='bbox 3223 3553 3555 3617; x_wconf 89' lang='lat' dir='ltr'><strong>aspectuum,</strong></span> 
     </span>
    </p>
   </div>
   <div class='ocr_carea' id='block_1_75' title="bbox 1982 3629 3556 3701">
    <p class='ocr_par' dir='ltr' id='par_1_75' title="bbox 1982 3629 3556 3701">
     <span class='ocr_line' id='line_1_77' title="bbox 1982 3629 3556 3701; baseline 0.006 -19"><span class='ocrx_word' id='word_1_544' title='bbox 1982 3636 2037 3683; x_wconf 91' lang='lat' dir='ltr'><strong>et</strong></span> <span class='ocrx_word' id='word_1_545' title='bbox 2056 3644 2163 3699; x_wconf 90' lang='lat' dir='ltr'><strong>quo</strong></span> <span class='ocrx_word' id='word_1_546' title='bbox 2194 3629 2452 3701; x_wconf 60' lang='lat' dir='ltr'><strong>praecipiti</strong></span> <span class='ocrx_word' id='word_1_547' title='bbox 2480 3631 2660 3701; x_wconf 88' lang='lat' dir='ltr'><strong>vigore</strong></span> <span class='ocrx_word' id='word_1_548' title='bbox 2703 3631 2971 3688; x_wconf 82' lang='lat' dir='ltr'><strong>incentiva</strong></span> <span class='ocrx_word' id='word_1_549' title='bbox 3018 3633 3234 3691; x_wconf 69' lang='lat' dir='ltr'><strong>lubrica:</strong></span> <span class='ocrx_word' id='word_1_550' title='bbox 3262 3636 3436 3691; x_wconf 88' lang='lat' dir='ltr'><strong>carnis</strong></span> <span class='ocrx_word' id='word_1_551' title='bbox 3462 3653 3556 3692; x_wconf 84' lang='lat' dir='ltr'><strong>an-</strong></span> 
     </span>
    </p>
   </div>
   <div class='ocr_carea' id='block_1_76' title="bbox 1982 3720 3589 3797">
    <p class='ocr_par' dir='ltr' id='par_1_76' title="bbox 1982 3720 3589 3797">
     <span class='ocr_line' id='line_1_78' title="bbox 1982 3720 3589 3797; baseline 0.006 -22"><span class='ocrx_word' id='word_1_552' title='bbox 1982 3720 2220 3786; x_wconf 89' lang='lat' dir='ltr'><strong>tevertit,</strong></span> <span class='ocrx_word' id='word_1_553' title='bbox 2252 3737 2321 3776; x_wconf 91' lang='lat' dir='ltr'><strong>ne</strong></span> <span class='ocrx_word' id='word_1_554' title='bbox 2361 3720 2559 3777; x_wconf 89' lang='lat' dir='ltr'><strong>malum</strong></span> <span class='ocrx_word' id='word_1_555' title='bbox 2590 3736 2807 3793; x_wconf 89' lang='lat' dir='ltr'><strong>germen</strong></span> <span class='ocrx_word' id='word_1_556' title='bbox 2842 3723 3044 3781; x_wconf 86' lang='lat' dir='ltr'><strong>fructus</strong></span> <span class='ocrx_word' id='word_1_557' title='bbox 3084 3725 3345 3797; x_wconf 88' lang='lat' dir='ltr'><strong>pessimus</strong></span> <span class='ocrx_word' id='word_1_558' title='bbox 3371 3727 3548 3783; x_wconf 87' lang='lat' dir='ltr'><strong>subse-</strong></span> <span class='ocrx_word' id='word_1_559' title='bbox 3582 3792 3589 3797; x_wconf 90' lang='lat'>_</span> 
     </span>
    </p>
   </div>
   <div class='ocr_carea' id='block_1_77' title="bbox 1981 3810 3608 3885">
    <p class='ocr_par' dir='ltr' id='par_1_77' title="bbox 1981 3810 3608 3885">
     <span class='ocr_line' id='line_1_79' title="bbox 1981 3810 3608 3885; baseline 0.006 -21"><span class='ocrx_word' id='word_1_560' title='bbox 1981 3810 2206 3881; x_wconf 89' lang='lat' dir='ltr'><strong>quatur!</strong></span> <span class='ocrx_word' id='word_1_561' title='bbox 2251 3826 2412 3881; x_wconf 91' lang='lat' dir='ltr'><strong>quam</strong></span> <span class='ocrx_word' id='word_1_562' title='bbox 2461 3811 2618 3883; x_wconf 89' lang='lat' dir='ltr'><strong>longe</strong></span> <span class='ocrx_word' id='word_1_563' title='bbox 2663 3829 2694 3868; x_wconf 92' lang='lat' dir='ltr'><strong>a</strong></span> <span class='ocrx_word' id='word_1_564' title='bbox 2736 3814 2899 3871; x_wconf 89' lang='lat' dir='ltr'><strong>corde</strong></span> <span class='ocrx_word' id='word_1_565' title='bbox 2942 3816 3174 3872; x_wconf 90' lang='lat' dir='ltr'><strong>hominis</strong></span> <span class='ocrx_word' id='word_1_566' title='bbox 3219 3816 3335 3871; x_wconf 90' lang='lat' dir='ltr'><strong>vult</strong></span> <span class='ocrx_word' id='word_1_567' title='bbox 3374 3817 3559 3873; x_wconf 88' lang='lat' dir='ltr'><strong>abesse</strong></span> <span class='ocrx_word' id='word_1_568' title='bbox 3603 3880 3608 3885; x_wconf 50' lang='grc'><em>,</em></span> 
     </span>
    </p>
   </div>
   <div class='ocr_carea' id='block_1_78' title="bbox 1982 3898 3560 3980">
    <p class='ocr_par' dir='ltr' id='par_1_78' title="bbox 1982 3898 3560 3980">
     <span class='ocr_line' id='line_1_80' title="bbox 1982 3898 3560 3980; baseline 0.005 -23"><span class='ocrx_word' id='word_1_569' title='bbox 1982 3903 2265 3970; x_wconf 81' lang='lat' dir='ltr'><strong>luxuriam,</strong></span> <span class='ocrx_word' id='word_1_570' title='bbox 2294 3904 2384 3975; x_wconf 85' lang='lat' dir='ltr'><strong>qui</strong></span> <span class='ocrx_word' id='word_1_571' title='bbox 2422 3912 2572 3960; x_wconf 88' lang='lat' dir='ltr'><strong>tanta</strong></span> <span class='ocrx_word' id='word_1_572' title='bbox 2607 3898 2814 3963; x_wconf 71' lang='lat' dir='ltr'><strong>cau&#39;tela</strong></span> <span class='ocrx_word' id='word_1_573' title='bbox 2860 3906 3198 3964; x_wconf 87' lang='lat' dir='ltr'><strong>lascivientcs</strong></span> <span class='ocrx_word' id='word_1_574' title='bbox 3234 3910 3476 3980; x_wconf 90' lang='lat' dir='ltr'><strong>reprimit</strong></span> <span class='ocrx_word' id='word_1_575' title='bbox 3504 3921 3560 3965; x_wconf 83' lang='lat' dir='ltr'><strong>et</strong></span> 
     </span>
    </p>
   </div>
   <div class='ocr_carea' id='block_1_79' title="bbox 1984 3996 3560 4069">
    <p class='ocr_par' dir='ltr' id='par_1_79' title="bbox 1984 3996 3560 4069">
     <span class='ocr_line' id='line_1_81' title="bbox 1984 3996 3560 4069; baseline 0.003 -18"><span class='ocrx_word' id='word_1_576' title='bbox 1984 3996 2208 4067; x_wconf 86' lang='lat' dir='ltr'><strong>castigat</strong></span> <span class='ocrx_word' id='word_1_577' title='bbox 2235 3997 2477 4053; x_wconf 86' lang='lat' dir='ltr'><strong>obtutus!</strong></span> <span class='ocrx_word' id='word_1_578' title='bbox 2508 3997 2571 4053; x_wconf 88' lang='lat' dir='ltr'><strong>Si</strong></span> <span class='ocrx_word' id='word_1_579' title='bbox 2597 4000 2728 4067; x_wconf 84' lang='lat' dir='ltr'><strong>quis,</strong></span> <span class='ocrx_word' id='word_1_580' title='bbox 2762 3998 2952 4069; x_wconf 86' lang='lat' dir='ltr'><strong>inquit,</strong></span> <span class='ocrx_word' id='word_1_581' title='bbox 2982 4001 3164 4055; x_wconf 79' lang='lat' dir='ltr'><strong>viderit</strong></span> <span class='ocrx_word' id='word_1_582' title='bbox 3198 4002 3460 4057; x_wconf 84' lang='lat' dir='ltr'><strong>mulierem</strong></span> <span class='ocrx_word' id='word_1_583' title='bbox 3490 4003 3560 4056; x_wconf 82' lang='lat' dir='ltr'><strong>ad</strong></span> 
     </span>
    </p>
   </div>
   <div class='ocr_carea' id='block_1_80' title="bbox 1986 4087 3563 4167">
    <p class='ocr_par' dir='ltr' id='par_1_80' title="bbox 1986 4087 3563 4167">
     <span class='ocr_line' id='line_1_82' title="bbox 1986 4087 3563 4167; baseline 0.004 -26"><span class='ocrx_word' id='word_1_584' title='bbox 1986 4087 2442 4160; x_wconf 76' lang='lat' dir='ltr'><strong>concupiscendum</strong></span> <span class='ocrx_word' id='word_1_585' title='bbox 2469 4105 2601 4157; x_wconf 88' lang='lat' dir='ltr'><strong>eam,</strong></span> <span class='ocrx_word' id='word_1_586' title='bbox 2621 4090 2736 4163; x_wconf 82' lang='lat' dir='ltr'><strong>jam</strong></span> <span class='ocrx_word' id='word_1_587' title='bbox 2775 4090 3052 4167; x_wconf 73' lang='lat' dir='ltr'><strong>mwchatus</strong></span> <span class='ocrx_word' id='word_1_588' title='bbox 3080 4100 3156 4145; x_wconf 86' lang='lat' dir='ltr'><strong>est</strong></span> <span class='ocrx_word' id='word_1_589' title='bbox 3188 4108 3301 4147; x_wconf 87' lang='lat' dir='ltr'><strong>eam</strong></span> <span class='ocrx_word' id='word_1_590' title='bbox 3330 4093 3382 4147; x_wconf 84' lang='lat' dir='ltr'><strong>in</strong></span> <span class='ocrx_word' id='word_1_591' title='bbox 3412 4093 3563 4147; x_wconf 86' lang='lat' dir='ltr'><strong>corde</strong></span> 
     </span>
    </p>
   </div>
   <div class='ocr_carea' id='block_1_81' title="bbox 1986 4179 3564 4253">
    <p class='ocr_par' dir='ltr' id='par_1_81' title="bbox 1986 4179 3564 4253">
     <span class='ocr_line' id='line_1_83' title="bbox 1986 4179 3564 4253; baseline 0.005 -18"><span class='ocrx_word' id='word_1_592' title='bbox 1986 4197 2098 4236; x_wconf 88' lang='lat' dir='ltr'><strong>suo.</strong></span> <span class='ocrx_word' id='word_1_593' title='bbox 2130 4179 2215 4249; x_wconf 85' lang='lat' dir='ltr'><strong>Et,</strong></span> <span class='ocrx_word' id='word_1_594' title='bbox 2248 4188 2307 4236; x_wconf 91' lang='lat' dir='ltr'><strong>ut</strong></span> <span class='ocrx_word' id='word_1_595' title='bbox 2339 4180 2592 4253; x_wconf 88' lang='lat' dir='ltr'><strong>arbitror,</strong></span> <span class='ocrx_word' id='word_1_596' title='bbox 2634 4182 2843 4239; x_wconf 89' lang='lat' dir='ltr'><strong>ratione</strong></span> <span class='ocrx_word' id='word_1_597' title='bbox 2885 4183 3141 4242; x_wconf 90' lang='lat' dir='ltr'><strong>Dominus</strong></span> <span class='ocrx_word' id='word_1_598' title='bbox 3183 4194 3289 4240; x_wconf 89' lang='lat' dir='ltr'><strong>tam</strong></span> <span class='ocrx_word' id='word_1_599' title='bbox 3338 4186 3564 4243; x_wconf 85' lang='lat' dir='ltr'><strong>sollicite</strong></span> 
     </span>
    </p>
   </div>
   <div class='ocr_carea' id='block_1_82' title="bbox 1988 4269 3561 4347">
    <p class='ocr_par' dir='ltr' id='par_1_82' title="bbox 1988 4269 3561 4347">
     <span class='ocr_line' id='line_1_84' title="bbox 1988 4269 3561 4347; baseline 0.005 -22"><span class='ocrx_word' id='word_1_600' title='bbox 1988 4269 2250 4327; x_wconf 87' lang='lat' dir='ltr'><strong>diabolica</strong></span> <span class='ocrx_word' id='word_1_601' title='bbox 2289 4279 2618 4330; x_wconf 86' lang='lat' dir='ltr'><strong>tentamenta</strong></span> <span class='ocrx_word' id='word_1_602' title='bbox 2661 4282 3020 4347; x_wconf 59' lang='lat' dir='ltr'><strong>praeoccupat,</strong></span> <span class='ocrx_word' id='word_1_603' title='bbox 3056 4284 3116 4331; x_wconf 89' lang='lat' dir='ltr'><strong>ut</strong></span> <span class='ocrx_word' id='word_1_604' title='bbox 3147 4275 3229 4330; x_wconf 91' lang='lat' dir='ltr'><strong>vir</strong></span> <span class='ocrx_word' id='word_1_605' title='bbox 3265 4275 3561 4346; x_wconf 88' lang='lat' dir='ltr'><strong>religiosus,</strong></span> 
     </span>
    </p>
   </div>
   <div class='ocr_carea' id='block_1_83' title="bbox 1988 4361 3565 4436">
    <p class='ocr_par' dir='ltr' id='par_1_83' title="bbox 1988 4361 3565 4436">
     <span class='ocr_line' id='line_1_85' title="bbox 1988 4361 3565 4436; baseline 0.001 -18"><span class='ocrx_word' id='word_1_606' title='bbox 1988 4361 2036 4418; x_wconf 88' lang='lat' dir='ltr'><strong>si</strong></span> <span class='ocrx_word' id='word_1_607' title='bbox 2057 4361 2243 4419; x_wconf 89' lang='lat' dir='ltr'><strong>oculos</strong></span> <span class='ocrx_word' id='word_1_608' title='bbox 2264 4362 2402 4419; x_wconf 91' lang='lat' dir='ltr'><strong>forte</strong></span> <span class='ocrx_word' id='word_1_609' title='bbox 2429 4380 2555 4420; x_wconf 90' lang='lat' dir='ltr'><strong>suos</strong></span> <span class='ocrx_word' id='word_1_610' title='bbox 2582 4372 2874 4436; x_wconf 87' lang='lat' dir='ltr'><strong>conspectu</strong></span> <span class='ocrx_word' id='word_1_611' title='bbox 2902 4365 3137 4420; x_wconf 90' lang='lat' dir='ltr'><strong>mulieris</strong></span> <span class='ocrx_word' id='word_1_612' title='bbox 3175 4363 3383 4419; x_wconf 66' lang='lat' dir='ltr'><strong>decorae</strong></span> <span class='ocrx_word' id='word_1_613' title='bbox 3416 4364 3565 4419; x_wconf 78' lang='lat' dir='ltr'><strong>laxa-</strong></span> 
     </span>
    </p>
   </div>
   <div class='ocr_carea' id='block_1_84' title="bbox 1989 4453 3567 4531">
    <p class='ocr_par' dir='ltr' id='par_1_84' title="bbox 1989 4453 3567 4531">
     <span class='ocr_line' id='line_1_86' title="bbox 1989 4453 3567 4531; baseline 0.002 -24"><span class='ocrx_word' id='word_1_614' title='bbox 1989 4453 2147 4521; x_wconf 85' lang='lat' dir='ltr'><strong>verit,</strong></span> <span class='ocrx_word' id='word_1_615' title='bbox 2176 4460 2301 4508; x_wconf 90' lang='lat' dir='ltr'><strong>ante</strong></span> <span class='ocrx_word' id='word_1_616' title='bbox 2345 4469 2403 4508; x_wconf 91' lang='lat' dir='ltr'><strong>se</strong></span> <span class='ocrx_word' id='word_1_617' title='bbox 2441 4453 2807 4524; x_wconf 88' lang='lat' dir='ltr'><strong>deprehendat</strong></span> <span class='ocrx_word' id='word_1_618' title='bbox 2834 4470 3057 4531; x_wconf 77' lang='lat' dir='ltr'><strong>peccare</strong></span> <span class='ocrx_word' id='word_1_619' title='bbox 3089 4470 3244 4523; x_wconf 86' lang='lat' dir='ltr'><strong>quam</strong></span> <span class='ocrx_word' id='word_1_620' title='bbox 3275 4461 3489 4525; x_wconf 89' lang='lat' dir='ltr'><strong>peccet,-</strong></span> <span class='ocrx_word' id='word_1_621' title='bbox 3512 4461 3567 4510; x_wconf 84' lang='lat' dir='ltr'><strong>et</strong></span> 
     </span>
    </p>
   </div>
   <div class='ocr_carea' id='block_1_85' title="bbox 298 4542 3641 4641">
    <p class='ocr_par' dir='ltr' id='par_1_85' title="bbox 298 4542 3641 4641">
     <span class='ocr_line' id='line_1_87' title="bbox 298 4542 3641 4641; baseline -0.001 -39"><span class='ocrx_word' id='word_1_622' title='bbox 298 4543 553 4602; x_wconf 86' lang='lat' dir='ltr'><strong>Ecclesia</strong></span> <span class='ocrx_word' id='word_1_623' title='bbox 581 4544 678 4601; x_wconf 89' lang='lat' dir='ltr'><strong>Dei</strong></span> <span class='ocrx_word' id='word_1_624' title='bbox 707 4562 841 4617; x_wconf 91' lang='lat' dir='ltr'><strong>pura</strong></span> <span class='ocrx_word' id='word_1_625' title='bbox 870 4564 933 4602; x_wconf 92' lang='lat' dir='ltr'><strong>ac</strong></span> <span class='ocrx_word' id='word_1_626' title='bbox 960 4563 1106 4602; x_wconf 89' lang='lat' dir='ltr'><strong>mera</strong></span> <span class='ocrx_word' id='word_1_627' title='bbox 1144 4550 1497 4604; x_wconf 91' lang='lat' dir='ltr'><strong>assertionum</strong></span> <span class='ocrx_word' id='word_1_628' title='bbox 1536 4564 1751 4604; x_wconf 90' lang='lat' dir='ltr'><strong>suarum</strong></span> <span class='ocrx_word' id='word_1_629' title='bbox 1794 4561 1888 4601; x_wconf 86' lang='lat' dir='ltr'><strong>ve-</strong></span> <span class='ocrx_word' id='word_1_630' title='bbox 1920 4580 1970 4641; x_wconf 68' lang='grc' dir='ltr'>υ</span> <span class='ocrx_word' id='word_1_631' title='bbox 1992 4542 2254 4611; x_wconf 89' lang='lat' dir='ltr'><strong>intelligat</strong></span> <span class='ocrx_word' id='word_1_632' title='bbox 2280 4542 2555 4599; x_wconf 88' lang='lat' dir='ltr'><strong>oculorum</strong></span> <span class='ocrx_word' id='word_1_633' title='bbox 2596 4559 2655 4599; x_wconf 92' lang='lat' dir='ltr'><strong>se</strong></span> <span class='ocrx_word' id='word_1_634' title='bbox 2691 4560 2908 4600; x_wconf 88' lang='lat' dir='ltr'><strong>suorum</strong></span> <span class='ocrx_word' id='word_1_635' title='bbox 2951 4544 3300 4616; x_wconf 90' lang='lat' dir='ltr'><strong>deprobatum</strong></span> <span class='ocrx_word' id='word_1_636' title='bbox 3329 4545 3568 4601; x_wconf 84' lang='lat' dir='ltr'><strong>ministe-</strong></span> <span class='ocrx_word' id='word_1_637' title='bbox 3626 4592 3641 4611; x_wconf 34' lang='lat' dir='ltr'><strong>.l</strong></span> 
     </span>
    </p>
   </div>
   <div class='ocr_carea' id='block_1_86' title="bbox 262 4633 1895 4715">
    <p class='ocr_par' dir='ltr' id='par_1_86' title="bbox 262 4633 1895 4715">
     <span class='ocr_line' id='line_1_88' title="bbox 262 4633 1895 4715; baseline -0.001 -22"><span class='ocrx_word' id='word_1_638' title='bbox 262 4705 280 4715; x_wconf 45' lang='grc'>,</span> <span class='ocrx_word' id='word_1_639' title='bbox 300 4636 468 4693; x_wconf 87' lang='lat' dir='ltr'><strong>ritate</strong></span> <span class='ocrx_word' id='word_1_640' title='bbox 493 4633 753 4693; x_wconf 83' lang='lat' dir='ltr'><strong>confutat.</strong></span> <span class='ocrx_word' id='word_1_641' title='bbox 787 4634 1164 4709; x_wconf 87' lang='lat' dir='ltr'><strong>Unusquisque</strong></span> <span class='ocrx_word' id='word_1_642' title='bbox 1188 4653 1419 4709; x_wconf 86' lang='lat' dir='ltr'><strong>namque</strong></span> <span class='ocrx_word' id='word_1_643' title='bbox 1446 4637 1677 4693; x_wconf 90' lang='lat' dir='ltr'><strong>ﬁdelium</strong></span> <span class='ocrx_word' id='word_1_644' title='bbox 1699 4636 1895 4691; x_wconf 74' lang='lat' dir='ltr'><strong>divina:</strong></span> 
     </span>
    </p>
   </div>
   <div class='ocr_carea' id='block_1_87' title="bbox 302 4725 1894 4802">
    <p class='ocr_par' dir='ltr' id='par_1_87' title="bbox 302 4725 1894 4802">
     <span class='ocr_line' id='line_1_89' title="bbox 302 4725 1894 4802; baseline 0.001 -19"><span class='ocrx_word' id='word_1_645' title='bbox 302 4725 444 4798; x_wconf 87' lang='lat' dir='ltr'><strong>legis</strong></span> <span class='ocrx_word' id='word_1_646' title='bbox 489 4727 857 4786; x_wconf 90' lang='lat' dir='ltr'><strong>admonitione</strong></span> <span class='ocrx_word' id='word_1_647' title='bbox 902 4730 1185 4800; x_wconf 89' lang='lat' dir='ltr'><strong>dignoscit,</strong></span> <span class='ocrx_word' id='word_1_648' title='bbox 1230 4747 1298 4787; x_wconf 91' lang='lat' dir='ltr'><strong>ne</strong></span> <span class='ocrx_word' id='word_1_649' title='bbox 1337 4729 1546 4802; x_wconf 90' lang='lat' dir='ltr'><strong>culpam</strong></span> <span class='ocrx_word' id='word_1_650' title='bbox 1586 4730 1796 4786; x_wconf 86' lang='lat' dir='ltr'><strong>nescius</strong></span> <span class='ocrx_word' id='word_1_651' title='bbox 1840 4738 1894 4785; x_wconf 90' lang='lat' dir='ltr'><strong>et</strong></span> 
     </span>
    </p>
   </div>
   <div class='ocr_carea' id='block_1_88' title="bbox 300 4818 1893 4894">
    <p class='ocr_par' dir='ltr' id='par_1_88' title="bbox 300 4818 1893 4894">
     <span class='ocr_line' id='line_1_90' title="bbox 300 4818 1893 4894; baseline 0.003 -21"><span class='ocrx_word' id='word_1_652' title='bbox 300 4818 530 4887; x_wconf 81' lang='lat' dir='ltr'><strong>ignarus</strong></span> <span class='ocrx_word' id='word_1_653' title='bbox 560 4818 819 4887; x_wconf 89' lang='lat' dir='ltr'><strong>incurrat,</strong></span> <span class='ocrx_word' id='word_1_654' title='bbox 852 4828 1012 4893; x_wconf 89' lang='lat' dir='ltr'><strong>atque</strong></span> <span class='ocrx_word' id='word_1_655' title='bbox 1059 4821 1228 4894; x_wconf 90' lang='lat' dir='ltr'><strong>ipsius</strong></span> <span class='ocrx_word' id='word_1_656' title='bbox 1275 4821 1562 4877; x_wconf 83' lang='lat' dir='ltr'><strong>severitate</strong></span> <span class='ocrx_word' id='word_1_657' title='bbox 1603 4828 1893 4890; x_wconf 90' lang='lat' dir='ltr'><strong>terremur,</strong></span> 
     </span>
    </p>
   </div>
   <div class='ocr_carea' id='block_1_89' title="bbox 304 4911 1896 4985">
    <p class='ocr_par' dir='ltr' id='par_1_89' title="bbox 304 4911 1896 4985">
     <span class='ocr_line' id='line_1_91' title="bbox 304 4911 1896 4985; baseline 0.001 -19"><span class='ocrx_word' id='word_1_658' title='bbox 304 4925 381 4967; x_wconf 87' lang='lat' dir='ltr'><strong>ne</strong></span> <span class='ocrx_word' id='word_1_659' title='bbox 408 4913 822 4985; x_wconf 65' lang='lat' dir='ltr'><strong>praesumptione</strong></span> <span class='ocrx_word' id='word_1_660' title='bbox 840 4911 1129 4969; x_wconf 91' lang='lat' dir='ltr'><strong>damnabili</strong></span> <span class='ocrx_word' id='word_1_661' title='bbox 1157 4913 1444 4970; x_wconf 88' lang='lat' dir='ltr'><strong>audeamus</strong></span> <span class='ocrx_word' id='word_1_662' title='bbox 1464 4914 1605 4984; x_wconf 90' lang='lat' dir='ltr'><strong>quod</strong></span> <span class='ocrx_word' id='word_1_663' title='bbox 1634 4929 1743 4970; x_wconf 93' lang='lat' dir='ltr'><strong>non</strong></span> <span class='ocrx_word' id='word_1_664' title='bbox 1767 4912 1896 4969; x_wconf 83' lang='lat' dir='ltr'><strong>licet</strong></span> 
     </span>
    </p>
   </div>
   <div class='ocr_carea' id='block_1_90' title="bbox 306 5002 1894 5077">
    <p class='ocr_par' dir='ltr' id='par_1_90' title="bbox 306 5002 1894 5077">
     <span class='ocr_line' id='line_1_92' title="bbox 306 5002 1894 5077; baseline 0.001 -19"><span class='ocrx_word' id='word_1_665' title='bbox 306 5011 645 5074; x_wconf 88' lang='lat' dir='ltr'><strong>perpetrare.</strong></span> <span class='ocrx_word' id='word_1_666' title='bbox 677 5003 847 5077; x_wconf 88' lang='lat' dir='ltr'><strong>lpsius</strong></span> <span class='ocrx_word' id='word_1_667' title='bbox 875 5002 1219 5062; x_wconf 81' lang='lat' dir='ltr'><strong>nihilominus</strong></span> <span class='ocrx_word' id='word_1_668' title='bbox 1246 5003 1602 5061; x_wconf 90' lang='lat' dir='ltr'><strong>insinuatione</strong></span> <span class='ocrx_word' id='word_1_669' title='bbox 1628 5002 1894 5060; x_wconf 90' lang='lat' dir='ltr'><strong>bonorum</strong></span> 
     </span>
    </p>
   </div>
   <div class='ocr_carea' id='block_1_91' title="bbox 305 5094 1893 5167">
    <p class='ocr_par' dir='ltr' id='par_1_91' title="bbox 305 5094 1893 5167">
     <span class='ocr_line' id='line_1_93' title="bbox 305 5094 1893 5167; baseline 0.001 -17"><span class='ocrx_word' id='word_1_670' title='bbox 305 5094 686 5167; x_wconf 87' lang='lat' dir='ltr'><strong>malorumque</strong></span> <span class='ocrx_word' id='word_1_671' title='bbox 744 5104 958 5154; x_wconf 88' lang='lat' dir='ltr'><strong>actuum</strong></span> <span class='ocrx_word' id='word_1_672' title='bbox 1023 5106 1327 5155; x_wconf 88' lang='lat' dir='ltr'><strong>nostrorum</strong></span> <span class='ocrx_word' id='word_1_673' title='bbox 1381 5095 1611 5152; x_wconf 91' lang='lat' dir='ltr'><strong>futurum</strong></span> <span class='ocrx_word' id='word_1_674' title='bbox 1658 5095 1893 5166; x_wconf 74' lang='lat' dir='ltr'><strong>iudicem</strong></span> 
     </span>
    </p>
   </div>
   <div class='ocr_carea' id='block_1_92' title="bbox 309 5184 1895 5254">
    <p class='ocr_par' dir='ltr' id='par_1_92' title="bbox 309 5184 1895 5254">
     <span class='ocr_line' id='line_1_94' title="bbox 309 5184 1895 5254; baseline -0.001 -9"><span class='ocrx_word' id='word_1_675' title='bbox 309 5184 575 5245; x_wconf 76' lang='lat' dir='ltr'><strong>sentimus</strong></span> <span class='ocrx_word' id='word_1_676' title='bbox 598 5184 789 5254; x_wconf 89' lang='lat' dir='ltr'><strong>Deum,</strong></span> <span class='ocrx_word' id='word_1_677' title='bbox 821 5195 879 5244; x_wconf 90' lang='lat' dir='ltr'><strong>et</strong></span> <span class='ocrx_word' id='word_1_678' title='bbox 904 5185 1223 5245; x_wconf 82' lang='lat' dir='ltr'><strong>conﬁtemur</strong></span> <span class='ocrx_word' id='word_1_679' title='bbox 1250 5188 1498 5245; x_wconf 88' lang='lat' dir='ltr'><strong>ultorem.</strong></span> <span class='ocrx_word' id='word_1_680' title='bbox 1522 5185 1649 5244; x_wconf 89' lang='lat' dir='ltr'><strong>Inde</strong></span> <span class='ocrx_word' id='word_1_681' title='bbox 1678 5188 1732 5243; x_wconf 92' lang='lat' dir='ltr'><strong>in</strong></span> <span class='ocrx_word' id='word_1_682' title='bbox 1760 5186 1895 5244; x_wconf 85' lang='lat' dir='ltr'><strong>Scri-</strong></span> 
     </span>
    </p>
   </div>
   <div class='ocr_carea' id='block_1_93' title="bbox 306 5278 1894 5351">
    <p class='ocr_par' dir='ltr' id='par_1_93' title="bbox 306 5278 1894 5351">
     <span class='ocr_line' id='line_1_95' title="bbox 306 5278 1894 5351; baseline -0.001 -17"><span class='ocrx_word' id='word_1_683' title='bbox 306 5278 488 5351; x_wconf 87' lang='lat' dir='ltr'><strong>pturis</strong></span> <span class='ocrx_word' id='word_1_684' title='bbox 514 5281 715 5336; x_wconf 89' lang='lat' dir='ltr'><strong>sanctis</strong></span> <span class='ocrx_word' id='word_1_685' title='bbox 735 5288 791 5336; x_wconf 88' lang='lat' dir='ltr'><strong>et</strong></span> <span class='ocrx_word' id='word_1_686' title='bbox 817 5278 1113 5337; x_wconf 89' lang='lat' dir='ltr'><strong>honestatis</strong></span> <span class='ocrx_word' id='word_1_687' title='bbox 1147 5281 1390 5337; x_wconf 76' lang='lat' dir='ltr'><strong>doctrina</strong></span> <span class='ocrx_word' id='word_1_688' title='bbox 1414 5288 1513 5346; x_wconf 89' lang='lat' dir='ltr'><strong>est,</strong></span> <span class='ocrx_word' id='word_1_689' title='bbox 1544 5288 1600 5335; x_wconf 90' lang='lat' dir='ltr'><strong>et</strong></span> <span class='ocrx_word' id='word_1_690' title='bbox 1627 5279 1894 5350; x_wconf 89' lang='lat' dir='ltr'><strong>correptio</strong></span> 
     </span>
    </p>
   </div>
   <div class='ocr_carea' id='block_1_94' title="bbox 312 5367 1895 5443">
    <p class='ocr_par' dir='ltr' id='par_1_94' title="bbox 312 5367 1895 5443">
     <span class='ocr_line' id='line_1_96' title="bbox 312 5367 1895 5443; baseline 0 -18"><span class='ocrx_word' id='word_1_691' title='bbox 312 5367 659 5438; x_wconf 89' lang='lat' dir='ltr'><strong>delictorum,</strong></span> <span class='ocrx_word' id='word_1_692' title='bbox 690 5378 746 5427; x_wconf 85' lang='lat' dir='ltr'><strong>et</strong></span> <span class='ocrx_word' id='word_1_693' title='bbox 771 5370 1005 5428; x_wconf 89' lang='lat' dir='ltr'><strong>eruditio</strong></span> <span class='ocrx_word' id='word_1_694' title='bbox 1043 5372 1304 5428; x_wconf 86' lang='lat' dir='ltr'><strong>veritatis.</strong></span> <span class='ocrx_word' id='word_1_695' title='bbox 1333 5369 1703 5443; x_wconf 87' lang='lat' dir='ltr'><strong>Opportunum</strong></span> <span class='ocrx_word' id='word_1_696' title='bbox 1743 5386 1895 5425; x_wconf 89' lang='lat' dir='ltr'><strong>nam-</strong></span> 
     </span>
    </p>
   </div>
   <div class='ocr_carea' id='block_1_95' title="bbox 311 5460 1896 5535">
    <p class='ocr_par' dir='ltr' id='par_1_95' title="bbox 311 5460 1896 5535">
     <span class='ocr_line' id='line_1_97' title="bbox 311 5460 1896 5535; baseline 0 -19"><span class='ocrx_word' id='word_1_697' title='bbox 311 5474 424 5532; x_wconf 86' lang='lat' dir='ltr'><strong>que</strong></span> <span class='ocrx_word' id='word_1_698' title='bbox 449 5468 536 5517; x_wconf 90' lang='lat' dir='ltr'><strong>est</strong></span> <span class='ocrx_word' id='word_1_699' title='bbox 562 5470 623 5516; x_wconf 90' lang='lat' dir='ltr'><strong>ut</strong></span> <span class='ocrx_word' id='word_1_700' title='bbox 647 5460 823 5533; x_wconf 90' lang='lat' dir='ltr'><strong>aliqua</strong></span> <span class='ocrx_word' id='word_1_701' title='bbox 849 5462 1060 5518; x_wconf 88' lang='lat' dir='ltr'><strong>caritati</strong></span> <span class='ocrx_word' id='word_1_702' title='bbox 1087 5471 1279 5520; x_wconf 79' lang='lat' dir='ltr'><strong>vestra:</strong></span> <span class='ocrx_word' id='word_1_703' title='bbox 1306 5462 1373 5518; x_wconf 91' lang='lat' dir='ltr'><strong>de</strong></span> <span class='ocrx_word' id='word_1_704' title='bbox 1416 5461 1685 5535; x_wconf 73' lang='lat' dir='ltr'><strong>pudicitia:</strong></span> <span class='ocrx_word' id='word_1_705' title='bbox 1711 5462 1896 5518; x_wconf 88' lang='lat' dir='ltr'><strong>obser-</strong></span> 
     </span>
    </p>
   </div>
   <div class='ocr_carea' id='block_1_96' title="bbox 311 5549 1899 5629">
    <p class='ocr_par' dir='ltr' id='par_1_96' title="bbox 311 5549 1899 5629">
     <span class='ocr_line' id='line_1_98' title="bbox 311 5549 1899 5629; baseline 0.001 -25"><span class='ocrx_word' id='word_1_706' title='bbox 311 5549 522 5618; x_wconf 71' lang='lat' dir='ltr'><strong>vantia,</strong></span> <span class='ocrx_word' id='word_1_707' title='bbox 569 5549 639 5609; x_wconf 91' lang='lat' dir='ltr'><strong>de</strong></span> <span class='ocrx_word' id='word_1_708' title='bbox 680 5553 942 5610; x_wconf 85' lang='lat' dir='ltr'><strong>castitatis</strong></span> <span class='ocrx_word' id='word_1_709' title='bbox 987 5553 1228 5610; x_wconf 89' lang='lat' dir='ltr'><strong>custodia</strong></span> <span class='ocrx_word' id='word_1_710' title='bbox 1274 5553 1675 5629; x_wconf 89' lang='lat' dir='ltr'><strong>proloquamur.</strong></span> <span class='ocrx_word' id='word_1_711' title='bbox 1728 5552 1899 5608; x_wconf 76' lang='lat' dir='ltr'><strong>Debet</strong></span> 
     </span>
    </p>
   </div>
   <div class='ocr_carea' id='block_1_97' title="bbox 313 5640 1898 5716">
    <p class='ocr_par' dir='ltr' id='par_1_97' title="bbox 313 5640 1898 5716">
     <span class='ocr_line' id='line_1_99' title="bbox 313 5640 1898 5716; baseline 0.001 -21"><span class='ocrx_word' id='word_1_712' title='bbox 313 5640 466 5696; x_wconf 83' lang='lat' dir='ltr'><strong>enim</strong></span> <span class='ocrx_word' id='word_1_713' title='bbox 493 5656 606 5712; x_wconf 61' lang='lat' dir='ltr'><strong>prae</strong></span> <span class='ocrx_word' id='word_1_714' title='bbox 632 5643 840 5701; x_wconf 65' lang='lat' dir='ltr'><strong>ceteris</strong></span> <span class='ocrx_word' id='word_1_715' title='bbox 885 5661 917 5700; x_wconf 92' lang='lat' dir='ltr'><strong>a</strong></span> <span class='ocrx_word' id='word_1_716' title='bbox 962 5642 1119 5701; x_wconf 89' lang='lat' dir='ltr'><strong>nobis</strong></span> <span class='ocrx_word' id='word_1_717' title='bbox 1153 5644 1438 5702; x_wconf 88' lang='lat' dir='ltr'><strong>virtutibus</strong></span> <span class='ocrx_word' id='word_1_718' title='bbox 1464 5647 1682 5712; x_wconf 73' lang='lat' dir='ltr'><strong>castitas</strong></span> <span class='ocrx_word' id='word_1_719' title='bbox 1708 5642 1898 5716; x_wconf 67' lang='lat' dir='ltr'><strong>praedi-</strong></span> 
     </span>
    </p>
   </div>
   <div class='ocr_carea' id='block_1_98' title="bbox 314 5731 1901 5809">
    <p class='ocr_par' dir='ltr' id='par_1_98' title="bbox 314 5731 1901 5809">
     <span class='ocr_line' id='line_1_100' title="bbox 314 5731 1901 5809; baseline -0.001 -18"><span class='ocrx_word' id='word_1_720' title='bbox 314 5731 456 5799; x_wconf 75' lang='lat' dir='ltr'><strong>cari,</strong></span> <span class='ocrx_word' id='word_1_721' title='bbox 501 5747 663 5804; x_wconf 88' lang='lat' dir='ltr'><strong>quam</strong></span> <span class='ocrx_word' id='word_1_722' title='bbox 708 5750 821 5807; x_wconf 68' lang='lat' dir='ltr'><strong>pra:</strong></span> <span class='ocrx_word' id='word_1_723' title='bbox 865 5737 1114 5793; x_wconf 90' lang='lat' dir='ltr'><strong>omnibus</strong></span> <span class='ocrx_word' id='word_1_724' title='bbox 1158 5737 1416 5808; x_wconf 88' lang='lat' dir='ltr'><strong>peculiari</strong></span> <span class='ocrx_word' id='word_1_725' title='bbox 1460 5738 1691 5809; x_wconf 90' lang='lat' dir='ltr'><strong>quadam</strong></span> <span class='ocrx_word' id='word_1_726' title='bbox 1730 5736 1901 5805; x_wconf 87' lang='lat' dir='ltr'><strong>gratia</strong></span> 
     </span>
    </p>
   </div>
   <div class='ocr_carea' id='block_1_99' title="bbox 313 5814 1905 5894">
    <p class='ocr_par' dir='ltr' id='par_1_99' title="bbox 313 5814 1905 5894">
     <span class='ocr_line' id='line_1_101' title="bbox 313 5814 1905 5894; baseline 0.002 -16"><span class='ocrx_word' id='word_1_727' title='bbox 313 5821 594 5880; x_wconf 74' lang='lat' dir='ltr'><strong>nascendo</strong></span> <span class='ocrx_word' id='word_1_728' title='bbox 619 5823 688 5881; x_wconf 88' lang='lat' dir='ltr'><strong>de</strong></span> <span class='ocrx_word' id='word_1_729' title='bbox 711 5825 916 5893; x_wconf 87' lang='lat' dir='ltr'><strong>virgine</strong></span> <span class='ocrx_word' id='word_1_730' title='bbox 938 5826 1180 5885; x_wconf 86' lang='lat' dir='ltr'><strong>Christus</strong></span> <span class='ocrx_word' id='word_1_731' title='bbox 1200 5828 1375 5894; x_wconf 77' lang='lat' dir='ltr'><strong>elegit.</strong></span> <span class='ocrx_word' id='word_1_732' title='bbox 1410 5826 1476 5884; x_wconf 85' lang='lat' dir='ltr'><strong>Et</strong></span> <span class='ocrx_word' id='word_1_733' title='bbox 1498 5814 1624 5887; x_wconf 86' lang='lat' dir='ltr'><strong>ideo</strong></span> <span class='ocrx_word' id='word_1_734' title='bbox 1648 5828 1705 5887; x_wconf 92' lang='lat' dir='ltr'><strong>S.</strong></span> <span class='ocrx_word' id='word_1_735' title='bbox 1728 5826 1905 5883; x_wconf 85' lang='lat' dir='ltr'><strong>Evan-</strong></span> 
     </span>
    </p>
   </div>
   <div class='ocr_carea' id='block_1_100' title="bbox 1993 4632 3569 4708">
    <p class='ocr_par' dir='ltr' id='par_1_100' title="bbox 1993 4632 3569 4708">
     <span class='ocr_line' id='line_1_102' title="bbox 1993 4632 3569 4708; baseline 0.003 -22"><span class='ocrx_word' id='word_1_736' title='bbox 1993 4633 2076 4687; x_wconf 90' lang='lat' dir='ltr'><strong>rio</strong></span> <span class='ocrx_word' id='word_1_737' title='bbox 2113 4640 2238 4687; x_wconf 89' lang='lat' dir='ltr'><strong>ante</strong></span> <span class='ocrx_word' id='word_1_738' title='bbox 2274 4632 2559 4688; x_wconf 88' lang='lat' dir='ltr'><strong>incurrisse</strong></span> <span class='ocrx_word' id='word_1_739' title='bbox 2587 4640 2795 4689; x_wconf 90' lang='lat' dir='ltr'><strong>reatum</strong></span> <span class='ocrx_word' id='word_1_740' title='bbox 2821 4650 2981 4704; x_wconf 90' lang='lat' dir='ltr'><strong>quam</strong></span> <span class='ocrx_word' id='word_1_741' title='bbox 3008 4643 3345 4706; x_wconf 90' lang='lat' dir='ltr'><strong>perpetrasse</strong></span> <span class='ocrx_word' id='word_1_742' title='bbox 3378 4653 3569 4708; x_wconf 83' lang='lat' dir='ltr'><strong>pecca-</strong></span> 
     </span>
    </p>
   </div>
   <div class='ocr_carea' id='block_1_101' title="bbox 1995 4720 3567 4790">
    <p class='ocr_par' dir='ltr' id='par_1_101' title="bbox 1995 4720 3567 4790">
     <span class='ocr_line' id='line_1_103' title="bbox 1995 4720 3567 4790; baseline 0.004 -15"><span class='ocrx_word' id='word_1_743' title='bbox 1995 4728 2127 4777; x_wconf 90' lang='lat' dir='ltr'><strong>tum.</strong></span> <span class='ocrx_word' id='word_1_744' title='bbox 2178 4720 2247 4777; x_wconf 88' lang='lat' dir='ltr'><strong>Et</strong></span> <span class='ocrx_word' id='word_1_745' title='bbox 2288 4723 2420 4787; x_wconf 62' lang='lat' dir='ltr'><strong>haec,</strong></span> <span class='ocrx_word' id='word_1_746' title='bbox 2465 4722 2741 4790; x_wconf 88' lang='lat' dir='ltr'><strong>carissimi,</strong></span> <span class='ocrx_word' id='word_1_747' title='bbox 2787 4739 2896 4779; x_wconf 92' lang='lat' dir='ltr'><strong>non</strong></span> <span class='ocrx_word' id='word_1_748' title='bbox 2936 4734 2996 4779; x_wconf 89' lang='lat' dir='ltr'><strong>ut</strong></span> <span class='ocrx_word' id='word_1_749' title='bbox 3036 4723 3355 4781; x_wconf 89' lang='lat' dir='ltr'><strong>miserabilis</strong></span> <span class='ocrx_word' id='word_1_750' title='bbox 3402 4725 3567 4782; x_wconf 82' lang='lat' dir='ltr'><strong>homo</strong></span> 
     </span>
    </p>
   </div>
   <div class='ocr_carea' id='block_1_102' title="bbox 1993 4810 3572 4887">
    <p class='ocr_par' dir='ltr' id='par_1_102' title="bbox 1993 4810 3572 4887">
     <span class='ocr_line' id='line_1_104' title="bbox 1993 4810 3572 4887; baseline 0.003 -20"><span class='ocrx_word' id='word_1_751' title='bbox 1993 4810 2356 4884; x_wconf 72' lang='lat' dir='ltr'><strong>prmjudicium</strong></span> <span class='ocrx_word' id='word_1_752' title='bbox 2380 4813 2741 4869; x_wconf 79' lang='lat' dir='ltr'><strong>damnationis</strong></span> <span class='ocrx_word' id='word_1_753' title='bbox 2768 4813 3026 4884; x_wconf 89' lang='lat' dir='ltr'><strong>incurrat,</strong></span> <span class='ocrx_word' id='word_1_754' title='bbox 3052 4813 3149 4871; x_wconf 90' lang='lat' dir='ltr'><strong>sed</strong></span> <span class='ocrx_word' id='word_1_755' title='bbox 3170 4821 3229 4869; x_wconf 91' lang='lat' dir='ltr'><strong>ut</strong></span> <span class='ocrx_word' id='word_1_756' title='bbox 3256 4816 3572 4887; x_wconf 83' lang='lat' dir='ltr'><strong>suspirantis</strong></span> 
     </span>
    </p>
   </div>
   <div class='ocr_carea' id='block_1_103' title="bbox 1998 4904 3573 4977">
    <p class='ocr_par' dir='ltr' id='par_1_103' title="bbox 1998 4904 3573 4977">
     <span class='ocr_line' id='line_1_105' title="bbox 1998 4904 3573 4977; baseline 0.003 -17"><span class='ocrx_word' id='word_1_757' title='bbox 1998 4904 2231 4977; x_wconf 88' lang='lat' dir='ltr'><strong>pectoris</strong></span> <span class='ocrx_word' id='word_1_758' title='bbox 2258 4905 2667 4977; x_wconf 90' lang='lat' dir='ltr'><strong>compunctione</strong></span> <span class='ocrx_word' id='word_1_759' title='bbox 2689 4905 2931 4977; x_wconf 91' lang='lat' dir='ltr'><strong>depulsa,</strong></span> <span class='ocrx_word' id='word_1_760' title='bbox 2954 4922 3062 4962; x_wconf 91' lang='lat' dir='ltr'><strong>non</strong></span> <span class='ocrx_word' id='word_1_761' title='bbox 3084 4906 3381 4965; x_wconf 90' lang='lat' dir='ltr'><strong>dissimulet</strong></span> <span class='ocrx_word' id='word_1_762' title='bbox 3405 4909 3573 4965; x_wconf 87' lang='lat' dir='ltr'><strong>vitare</strong></span> 
     </span>
    </p>
   </div>
   <div class='ocr_carea' id='block_1_104' title="bbox 1998 4994 3570 5070">
    <p class='ocr_par' dir='ltr' id='par_1_104' title="bbox 1998 4994 3570 5070">
     <span class='ocr_line' id='line_1_106' title="bbox 1998 4994 3570 5070; baseline 0.002 -18"><span class='ocrx_word' id='word_1_763' title='bbox 1998 5011 2159 5070; x_wconf 88' lang='lat' dir='ltr'><strong>quam</strong></span> <span class='ocrx_word' id='word_1_764' title='bbox 2186 4995 2436 5068; x_wconf 60' lang='lat' dir='ltr'><strong>praevidet</strong></span> <span class='ocrx_word' id='word_1_765' title='bbox 2464 4996 2694 5067; x_wconf 89' lang='lat' dir='ltr'><strong>culpam.</strong></span> <span class='ocrx_word' id='word_1_766' title='bbox 2726 4994 2806 5051; x_wconf 90' lang='lat' dir='ltr'><strong>Oh</strong></span> <span class='ocrx_word' id='word_1_767' title='bbox 2831 5013 2955 5054; x_wconf 88' lang='lat' dir='ltr'><strong>vere</strong></span> <span class='ocrx_word' id='word_1_768' title='bbox 2978 4997 3300 5055; x_wconf 90' lang='lat' dir='ltr'><strong>inﬁrmitatis</strong></span> <span class='ocrx_word' id='word_1_769' title='bbox 3323 4999 3570 5055; x_wconf 74' lang='lat' dir='ltr'><strong>humana:</strong></span> 
     </span>
    </p>
   </div>
   <div class='ocr_carea' id='block_1_105' title="bbox 2001 5087 3571 5156">
    <p class='ocr_par' dir='ltr' id='par_1_105' title="bbox 2001 5087 3571 5156">
     <span class='ocr_line' id='line_1_107' title="bbox 2001 5087 3571 5156; baseline 0.003 -12"><span class='ocrx_word' id='word_1_770' title='bbox 2001 5088 2241 5146; x_wconf 86' lang='lat' dir='ltr'><strong>medicus</strong></span> <span class='ocrx_word' id='word_1_771' title='bbox 2268 5087 2543 5145; x_wconf 83' lang='lat' dir='ltr'><strong>salutaris!</strong></span> <span class='ocrx_word' id='word_1_772' title='bbox 2577 5088 2676 5156; x_wconf 85' lang='lat' dir='ltr'><strong>Qui</strong></span> <span class='ocrx_word' id='word_1_773' title='bbox 2726 5106 2792 5147; x_wconf 90' lang='lat' dir='ltr'><strong>ne</strong></span> <span class='ocrx_word' id='word_1_774' title='bbox 2838 5090 3073 5147; x_wconf 87' lang='lat' dir='ltr'><strong>inveniat</strong></span> <span class='ocrx_word' id='word_1_775' title='bbox 3112 5091 3167 5147; x_wconf 90' lang='lat' dir='ltr'><strong>in</strong></span> <span class='ocrx_word' id='word_1_776' title='bbox 3206 5091 3422 5150; x_wconf 91' lang='lat' dir='ltr'><strong>homine</strong></span> <span class='ocrx_word' id='word_1_777' title='bbox 3449 5110 3571 5149; x_wconf 90' lang='lat' dir='ltr'><strong>cum</strong></span> 
     </span>
    </p>
   </div>
   <div class='ocr_carea' id='block_1_106' title="bbox 1999 5180 3574 5255">
    <p class='ocr_par' dir='ltr' id='par_1_106' title="bbox 1999 5180 3574 5255">
     <span class='ocr_line' id='line_1_108' title="bbox 1999 5180 3574 5255; baseline 0.003 -19"><span class='ocrx_word' id='word_1_778' title='bbox 1999 5180 2231 5236; x_wconf 87' lang='lat' dir='ltr'><strong>hominis</strong></span> <span class='ocrx_word' id='word_1_779' title='bbox 2260 5181 2474 5236; x_wconf 78' lang='lat' dir='ltr'><strong>laesione</strong></span> <span class='ocrx_word' id='word_1_780' title='bbox 2503 5180 2643 5250; x_wconf 90' lang='lat' dir='ltr'><strong>quod</strong></span> <span class='ocrx_word' id='word_1_781' title='bbox 2670 5191 2841 5249; x_wconf 89' lang='lat' dir='ltr'><strong>curet,</strong></span> <span class='ocrx_word' id='word_1_782' title='bbox 2871 5184 3145 5255; x_wconf 64' lang='lat' dir='ltr'><strong>praemittit</strong></span> <span class='ocrx_word' id='word_1_783' title='bbox 3171 5186 3376 5241; x_wconf 87' lang='lat' dir='ltr'><strong>vulneri</strong></span> <span class='ocrx_word' id='word_1_784' title='bbox 3407 5187 3574 5240; x_wconf 83' lang='lat' dir='ltr'><strong>medi—</strong></span> 
     </span>
    </p>
   </div>
   <div class='ocr_carea' id='block_1_107' title="bbox 2002 5268 3573 5342">
    <p class='ocr_par' dir='ltr' id='par_1_107' title="bbox 2002 5268 3573 5342">
     <span class='ocr_line' id='line_1_109' title="bbox 2002 5268 3573 5342; baseline 0.001 -15"><span class='ocrx_word' id='word_1_785' title='bbox 2002 5272 2196 5328; x_wconf 90' lang='lat' dir='ltr'><strong>cinam.</strong></span> <span class='ocrx_word' id='word_1_786' title='bbox 2226 5268 2293 5326; x_wconf 86' lang='lat' dir='ltr'><strong>Et</strong></span> <span class='ocrx_word' id='word_1_787' title='bbox 2319 5271 2441 5342; x_wconf 88' lang='lat' dir='ltr'><strong>quia</strong></span> <span class='ocrx_word' id='word_1_788' title='bbox 2473 5272 2675 5327; x_wconf 88' lang='lat' dir='ltr'><strong>nullum</strong></span> <span class='ocrx_word' id='word_1_789' title='bbox 2705 5273 2818 5329; x_wconf 89' lang='lat' dir='ltr'><strong>vult</strong></span> <span class='ocrx_word' id='word_1_790' title='bbox 2844 5273 3177 5331; x_wconf 88' lang='lat' dir='ltr'><strong>credentium</strong></span> <span class='ocrx_word' id='word_1_791' title='bbox 3198 5290 3415 5329; x_wconf 88' lang='lat' dir='ltr'><strong>suorum</strong></span> <span class='ocrx_word' id='word_1_792' title='bbox 3439 5290 3573 5328; x_wconf 79' lang='lat' dir='ltr'><strong>mor-</strong></span> 
     </span>
    </p>
   </div>
   <div class='ocr_carea' id='block_1_108' title="bbox 2001 5363 3580 5437">
    <p class='ocr_par' dir='ltr' id='par_1_108' title="bbox 2001 5363 3580 5437">
     <span class='ocr_line' id='line_1_110' title="bbox 2001 5363 3580 5437; baseline -0.001 -18"><span class='ocrx_word' id='word_1_793' title='bbox 2001 5363 2173 5421; x_wconf 89' lang='lat' dir='ltr'><strong>tiferis</strong></span> <span class='ocrx_word' id='word_1_794' title='bbox 2196 5372 2537 5436; x_wconf 88' lang='lat' dir='ltr'><strong>peccatorum</strong></span> <span class='ocrx_word' id='word_1_795' title='bbox 2565 5364 2800 5421; x_wconf 90' lang='lat' dir='ltr'><strong>febribus</strong></span> <span class='ocrx_word' id='word_1_796' title='bbox 2826 5377 3073 5433; x_wconf 67' lang='lat' dir='ltr'><strong>aestuare,</strong></span> <span class='ocrx_word' id='word_1_797' title='bbox 3101 5376 3335 5437; x_wconf 65' lang='lat' dir='ltr'><strong>paternae</strong></span> <span class='ocrx_word' id='word_1_798' title='bbox 3363 5366 3580 5435; x_wconf 79' lang='lat' dir='ltr'><strong>pietatis</strong></span> 
     </span>
    </p>
   </div>
   <div class='ocr_carea' id='block_1_109' title="bbox 2002 5456 3578 5532">
    <p class='ocr_par' dir='ltr' id='par_1_109' title="bbox 2002 5456 3578 5532">
     <span class='ocr_line' id='line_1_111' title="bbox 2002 5456 3578 5532; baseline -0.003 -17"><span class='ocrx_word' id='word_1_799' title='bbox 2002 5459 2207 5516; x_wconf 89' lang='lat' dir='ltr'><strong>medela</strong></span> <span class='ocrx_word' id='word_1_800' title='bbox 2235 5456 2358 5516; x_wconf 84' lang='lat' dir='ltr'><strong>ante</strong></span> <span class='ocrx_word' id='word_1_801' title='bbox 2386 5468 2541 5516; x_wconf 89' lang='lat' dir='ltr'><strong>sanat</strong></span> <span class='ocrx_word' id='word_1_802' title='bbox 2562 5475 2719 5530; x_wconf 91' lang='lat' dir='ltr'><strong>quam</strong></span> <span class='ocrx_word' id='word_1_803' title='bbox 2745 5461 2997 5532; x_wconf 90' lang='lat' dir='ltr'><strong>subrepat</strong></span> <span class='ocrx_word' id='word_1_804' title='bbox 3024 5458 3321 5524; x_wconf 87' lang='lat' dir='ltr'><strong>inﬁrmitas,</strong></span> <span class='ocrx_word' id='word_1_805' title='bbox 3344 5457 3483 5513; x_wconf 91' lang='lat' dir='ltr'><strong>sicut</strong></span> <span class='ocrx_word' id='word_1_806' title='bbox 3503 5458 3578 5511; x_wconf 88' lang='lat' dir='ltr'><strong>ait</strong></span> 
     </span>
    </p>
   </div>
   <div class='ocr_carea' id='block_1_110' title="bbox 1998 5546 3577 5623">
    <p class='ocr_par' dir='ltr' id='par_1_110' title="bbox 1998 5546 3577 5623">
     <span class='ocr_line' id='line_1_112' title="bbox 1998 5546 3577 5623; baseline -0.004 -18"><span class='ocrx_word' id='word_1_807' title='bbox 1998 5548 2191 5606; x_wconf 86' lang='lat' dir='ltr'><strong>beatus</strong></span> <span class='ocrx_word' id='word_1_808' title='bbox 2213 5550 2473 5623; x_wconf 84' lang='lat' dir='ltr'><strong>propheta</strong></span> <span class='ocrx_word' id='word_1_809' title='bbox 2501 5548 2671 5605; x_wconf 86' lang='lat' dir='ltr'><strong>David</strong></span> <span class='ocrx_word' id='word_1_810' title='bbox 2701 5568 2713 5603; x_wconf 92' lang='lat'><strong>:</strong></span> <span class='ocrx_word' id='word_1_811' title='bbox 2742 5549 2880 5604; x_wconf 86' lang='lat' dir='ltr'><strong>Deus</strong></span> <span class='ocrx_word' id='word_1_812' title='bbox 2907 5566 3066 5615; x_wconf 85' lang='lat' dir='ltr'><strong>meus,</strong></span> <span class='ocrx_word' id='word_1_813' title='bbox 3095 5546 3445 5602; x_wconf 84' lang='lat' dir='ltr'><strong>misericordia</strong></span> <span class='ocrx_word' id='word_1_814' title='bbox 3466 5548 3577 5618; x_wconf 79' lang='lat' dir='ltr'><strong>ejus</strong></span> 
     </span>
    </p>
   </div>
   <div class='ocr_carea' id='block_1_111' title="bbox 2001 5638 3576 5716">
    <p class='ocr_par' dir='ltr' id='par_1_111' title="bbox 2001 5638 3576 5716">
     <span class='ocr_line' id='line_1_113' title="bbox 2001 5638 3576 5716; baseline -0.004 -18"><span class='ocrx_word' id='word_1_815' title='bbox 2001 5644 2273 5716; x_wconf 75' lang='lat' dir='ltr'><strong>prreveniet</strong></span> <span class='ocrx_word' id='word_1_816' title='bbox 2296 5660 2376 5698; x_wconf 87' lang='lat' dir='ltr'><strong>me</strong></span> <span class='ocrx_word' id='word_1_817' title='bbox 2402 5641 2574 5715; x_wconf 87' lang='lat' dir='ltr'><strong>(Psal.</strong></span> <span class='ocrx_word' id='word_1_818' title='bbox 2606 5642 2772 5712; x_wconf 78' lang='lat' dir='ltr'><strong>tvm).</strong></span> <span class='ocrx_word' id='word_1_819' title='bbox 2803 5640 3013 5709; x_wconf 89' lang='lat' dir='ltr'><strong>Optime</strong></span> <span class='ocrx_word' id='word_1_820' title='bbox 3041 5654 3269 5708; x_wconf 89' lang='lat' dir='ltr'><strong>namque</strong></span> <span class='ocrx_word' id='word_1_821' title='bbox 3300 5638 3448 5693; x_wconf 91' lang='lat' dir='ltr'><strong>novit</strong></span> <span class='ocrx_word' id='word_1_822' title='bbox 3473 5639 3576 5694; x_wconf 88' lang='lat' dir='ltr'><strong>hu-</strong></span> 
     </span>
    </p>
   </div>
   <div class='ocr_carea' id='block_1_112' title="bbox 2006 5728 3578 5803">
    <p class='ocr_par' dir='ltr' id='par_1_112' title="bbox 2006 5728 3578 5803">
     <span class='ocr_line' id='line_1_114' title="bbox 2006 5728 3578 5803; baseline -0.003 -14"><span class='ocrx_word' id='word_1_823' title='bbox 2006 5735 2149 5789; x_wconf 89' lang='lat' dir='ltr'><strong>mani</strong></span> <span class='ocrx_word' id='word_1_824' title='bbox 2176 5734 2387 5803; x_wconf 88' lang='lat' dir='ltr'><strong>generis</strong></span> <span class='ocrx_word' id='word_1_825' title='bbox 2414 5733 2556 5789; x_wconf 89' lang='lat' dir='ltr'><strong>salus</strong></span> <span class='ocrx_word' id='word_1_826' title='bbox 2583 5746 2734 5787; x_wconf 68' lang='lat' dir='ltr'><strong>smvze</strong></span> <span class='ocrx_word' id='word_1_827' title='bbox 2752 5728 3120 5799; x_wconf 83' lang='lat' dir='ltr'><strong>conceptionis</strong></span> <span class='ocrx_word' id='word_1_828' title='bbox 3149 5729 3309 5784; x_wconf 81' lang='lat' dir='ltr'><strong>noxia</strong></span> <span class='ocrx_word' id='word_1_829' title='bbox 3328 5744 3578 5785; x_wconf 88' lang='lat' dir='ltr'><strong>resecare</strong></span> 
     </span>
    </p>
   </div>
   <div class='ocr_carea' id='block_1_113' title="bbox 2007 5818 3579 5896">
    <p class='ocr_par' dir='ltr' id='par_1_113' title="bbox 2007 5818 3579 5896">
     <span class='ocr_line' id='line_1_115' title="bbox 2007 5818 3579 5896; baseline -0.001 -16"><span class='ocrx_word' id='word_1_830' title='bbox 2007 5824 2315 5896; x_wconf 88' lang='lat' dir='ltr'><strong>primordia,</strong></span> <span class='ocrx_word' id='word_1_831' title='bbox 2338 5823 2429 5894; x_wconf 90' lang='lat' dir='ltr'><strong>qui</strong></span> <span class='ocrx_word' id='word_1_832' title='bbox 2458 5824 2511 5879; x_wconf 93' lang='lat' dir='ltr'><strong>in</strong></span> <span class='ocrx_word' id='word_1_833' title='bbox 2538 5824 2659 5894; x_wconf 85' lang='lat' dir='ltr'><strong>ipsa</strong></span> <span class='ocrx_word' id='word_1_834' title='bbox 2675 5819 2928 5894; x_wconf 88' lang='lat' dir='ltr'><strong>peccandi</strong></span> <span class='ocrx_word' id='word_1_835' title='bbox 2952 5818 3116 5890; x_wconf 71' lang='lat' dir='ltr'><strong>ianua</strong></span> <span class='ocrx_word' id='word_1_836' title='bbox 3138 5820 3439 5891; x_wconf 71' lang='lat' dir='ltr'><strong>ingressum</strong></span> <span class='ocrx_word' id='word_1_837' title='bbox 3465 5821 3579 5881; x_wconf 78' lang='lat' dir='ltr'><strong>dia-</strong></span> 
     </span>
    </p>
   </div>
  </div>
