4052 6330
493 396 596 456 751
1558 392 1615 449 s.
1655 364 1901 447 maxum
1938 389 2239 448 EPISCOPI
2279 389 2726 448 TAURINENSIS
3651 390 3756 447 752

492 512 603 569 boli
628 508 970 580 subripientis
1005 504 1261 563 excludit.
1307 502 1454 560 Unus
1496 503 1641 559 enim
1687 481 1934 574 idemque
1971 502 2069 557 Dei
2094 508 2144 565 Α
2172 509 2258 556 tus
2310 509 2577 571 aspectus.
2613 499 2809 556 Oculos
2849 513 3080 569 namque
3127 500 3430 572 accepimus
3470 508 3531 556 ut
3575 500 3755 559 lumen

492 603 657 659 Filius
685 610 891 657 natum
918 609 1114 656 nostra:
1141 598 1398 654 Dominus
1426 606 1481 652 et
1517 597 1769 665 magister
1795 605 1878 652 est
1903 595 2067 651 casti-
2171 595 2385 666 corpori
2405 594 2697 665 prmbeant,
2722 606 2831 648 non
2858 600 2919 647 ut
2945 590 3138 648 animae
3173 594 3406 650 inferant
3433 595 3753 652 czecitatem.

490 698 631 754 tatis.
665 696 734 751 Et
759 694 887 766 quid
916 695 1091 751 dicam
1118 691 1379 748 castitatis
1408 690 1677 759 magister,
1709 703 1831 745 cum
1861 688 1974 759 ipse
2000 687 2070 741 sit
2170 688 2331 759 681
2354 686 2424 743 Et
2451 695 2575 758 post
2602 687 2782 742 omnia
2824 687 3083 743 ministris
3118 688 3249 743 lucis
3276 688 3623 744 tenebrarum
3646 704 3759 746 non

490 790 799 859 incorrupta
828 787 1107 859 pudicitia,
1138 786 1253 855 ipse
1278 784 1527 839 inviolata
1556 783 1625 837 sit
1651 782 1907 838 castitas?
1935 780 2068 835 Nam
2169 778 2368 835 debent
2411 795 2530 836 esse
2578 779 2838 845 leviores;
2867 780 2946 834 ait
2988 780 3130 835 enim
3164 779 3422 838 Dominus
3453 782 3526 838 ad
3559 798 3758 838 unum-

490 881 544 936 in
573 880 726 950 cujus
750 895 847 935 ore
868 879 1024 935 dolus
1054 893 1159 933 non
1188 884 1272 932 est
1296 875 1561 939 inventus,
1586 872 1737 942 cujus
1757 888 1851 928 cor
1869 879 1924 926 et
1940 886 2068 927 caro
2172 885 2439 942 quemque
2467 881 2706 927 nostrum
2736 890 2749 924 :
2782 872 2845 928 Si
2873 872 3041 927 lumen
3078 873 3215 945 quod
3246 875 3302 929 in
3341 883 3392 929 te
3427 882 3508 930 est
3537 873 3761 931 teneer

489 975 895 1030 exsultaverunt
906 973 958 1027 in
969 972 1135 1027 Deum
1152 970 1348 1034 vivum,
1364 983 1431 1022 ne
1446 967 1498 1022 in
1510 966 1677 1021 oculis
1686 964 1898 1034 quidem
1914 963 2067 1018 vesti-

489 1068 637 1137 gium
651 1066 828 1137 potuit
839 1064 1039 1119 habere
1049 1062 1247 1118 delicti.
1263 1060 1426 1129 Ergo,
1439 1060 1649 1123 fratres,
1665 1056 1789 1125 quia
1805 1054 2066 1123 fragilita—

488 1166 601 1214 tem
615 1164 854 1213 nostram
875 1152 1190 1210 multimoda
1208 1158 1430 1223 peccata
1449 1155 1816 1218 corrumpunt,
1844 1152 2068 1202 nostraa-

488 1265 595 1322 que
603 1250 728 1305 vita
740 1247 1076 1304 tremendum
1092 1245 1221 1301 illud
1227 1242 1488 1314 judicium
1500 1246 1849 1312 praeparatur,
1861 1237 2069 1293 cautius

488 1340 832 1411 aspiciamus,
860 1337 1100 1395 sanctius
1133 1336 1447 1404 cogitemus,
1487 1347 1555 1387 ne
1596 1330 1856 1400 subripiat
1894 1329 2070 1384 otioso

488 1430 637 1489 cordi
663 1440 851 1488 nostro
878 1426 1388 1498 circumvagantium
1416 1422 1679 1479 luminum
1707 1419 2072 1490 indisciplina-

2174 973 2312 1029 sunt,
2342 964 2470 1034 ipsa?
2492 964 2712 1019 tenebris
2736 972 2944 1037 quanta
2968 974 3117 1019 erunt
3138 964 3348 1036 (Matth.
3379 965 3486 1035 v1)!
3516 964 3589 1021 Et
3616 964 3757 1032 ideo.

2175 1056 2454 1119 carissimi,
2496 1056 2690 1126 saepius
2729 1058 2885 1112 nobis
2933 1056 3210 1128 Scriptura
3244 1066 3429 1115 sancta
3455 1067 3543 1115 est
3568 1074 3760 1116 recen-

2176 1144 2360 1211 senda,
2402 1160 2502 1216 per
2541 1148 2706 1218 682
2732 1162 2894 1217 quam
2920 1148 3187 1218 possimus
3227 1150 3513 1206 honestate
3549 1150 3757 1214 doceri,

2175 1237 2416 1292 coerceri
2456 1238 2715 1304 avaritiis,
2763 1247 2819 1294 et
2861 1240 3183 1297 salutaribus
3224 1257 3366 1297 verre
3394 1240 3519 1298 ﬁdei
3564 1243 3765 1311 regulis

2176 1328 2394 1393 erudiri,
2419 1330 2561 1386 idem
2587 1332 2729 1388 sicut
2749 1332 2879 1388 dicit
2898 1333 3187 1405 Apostolus
3212 1352 3225 1388 :
3251 1334 3563 1392 Dilatamini
3580 1346 3632 1391 et
3653 1353 3763 1404 eos,

2175 1427 2224 1473 et
2252 1419 2412 1475 nolite
2429 1420 2614 1494 jugum
2643 1423 2826 1479 ducere
2853 1440 2968 1479 cum
3002 1425 3299 1495 inﬁdelibus
3326 1426 3380 1497 (1
3407 1427 3528 1483 Cor.
3555 1427 3653 1497 γι).

1880 1529 2149 1592 SERMO
2191 1531 2356 1595 CXI.

1719 1631 1912 1687 Contra
1942 1631 2182 1703 loquendi
2209 1634 2533 1694 pravitatem.

1930 1719 2321 1777 ADMONITIO.

558 1832 616 1889 ιη
645 1829 835 1887 eodem
864 1828 1051 1902 codice
1077 1842 1153 1902 xu
1179 1816 1477 1902 ςρείηθὴείν
1521 1831 1643 1902 pas-
1672 1814 1800 1899 ξδ’»
1829 1813 2594 1902 esse}-histsuﬁusnsra'is.
2611 1833 2788 1875 εεηηο
2822 1821 3092 1902 expressis
3122 1823 3300 1902 verus
3326 1839 3447 1902 cu!“
3486 1826 3541 1880 in
3587 1826 3766 1902 mula.

492 1883 954 1969 tum'in'm-argine
981 1898 1151 1953 sancti
1192 1894 1408 1949 Maximi
1451 1883 1687 1971 episcopi
1729 1886 1946 1967 nomine
1973 1883 2272 2008 insignitus.
2305 1883 2444 1967 Nulli
2473 1886 2689 1943 dubium
2715 1905 2833 1946 esse
2860 1883 3038 1961 potest
3064 1908 3129 1948 ex
3159 1895 3347 1950 eodem
3376 1894 3545 1961 fonte,
3572 1904 3635 1951 ut
3658 1883 3768 1951 diu;

493 1973 798 2008 cunni-inp“
846 1968 1109 2008 nrnrliiecp
1148 1981 1268 2008 num
1299 1964 1487 2008 eadem
1522 1961 1612 2008 hic
1632 1956 1844 2008 dicendi
1885 1963 2024 2008 ratio
2049 1969 2065 2007 l
2104 1969 2296 2008 emoue
2319 1954 2714 2008 Scrmturarum
2750 1977 2877 2008 usus
2907 1962 2959 2008 in
2989 1979 3096 2008 mm
3115 1963 3170 2008 S-
3202 1964 3465 2008 Maximus
3492 1968 3768 2008 nm-inna

493 1956 1131 2043 supcrioresjrodiisse,
1148 1981 1270 2022 cum
1299 1956 1501 2019 eadem'
1522 1960 1612 2015 hic
1632 1956 1844 2014 dicendi
1885 1956 2024 2011 ratio
2049 1956 2065 2007 i

499 2039 769 2105 excelluit,
798 2039 1118 2096 inveniatur.

2104 1969 2296 2024 emque
2319 1954 2714 2026 Scripturarum
2750 1954 2877 2017 usus
2907 1962 2960 2016 in
2989 1979 3096 2034 quo
3115 1963 3171 2019 S.
3201 1964 3465 2021 Maximus
3492 1954 3769 2037 praecipue

494 2132 863 2192 Ancuussruu
912 2162 984 2173 —
1010 2126 1138 2199 Cum
1163 2127 1219 2179 in
1247 2120 1772 2199 superioriconcione
1908 2114 2085 2199 Maxi-_
2112 2118 2161 2178 Β
2185 2116 2429 2187 sterium,
2462 2126 2519 2174 et
2545 2121 2722 2179 nullus
2748 2122 3076 2194 simplicibus
3100 2126 3231 2184 viris
3256 2126 3508 2183 tendetur
3542 2128 3771 2199 laqueus

562 2187 676 2275 mus
700 2202 882 2275 ﬁdeles
909 2200 977 2253 ad
1005 2198 1173 2275 cordis
1212 2187 1607 2275 sanctimoniam
1644 2206 1750 2275 per.
1769 2187 2085 2275 diligentem

563 2255 824 2331 munitam
864 2269 1150 2324 custodiam
1185 2266 1488 2339 adhortatus
1524 2255 1697 2335 fuerit,
1730 2259 1810 2339 ltic
1838 2255 2076 2339 loquendi

562 2346 824 2400 licentiam
850 2339 1134 2411 redarguit,
1175 2336 1499 2406 corruptique
1525 2331 1788 2387 sermonis
1827 2331 2073 2400 pessimos

565 2415 775 2484 effectus
804 2412 1127 2482 manifestat.

562 2504 868 2573 Congruum
915 2501 1071 2556 nobis
1119 2507 1203 2554 est
1252 2512 1317 2552 ac
1363 2494 1742 2559 necessarium,
1773 2490 1984 2555 fratres,
2010 2487 2077 2571 ad

495 2596 850 2654 eruditionem
879 2591 1388 2661 correptionemque
1414 2598 1753 2642 communem
1781 2580 2077 2653 apostolica

496 2687 699 2743 monita
742 2697 1048 2750 recensere,
1077 2689 1132 2736 et
1168 2681 1223 2734 in
1263 2679 1439 2734 verbis
1466 2674 1795 2748 simplicibus
1822 2672 2075 2727 salutaria

494 2776 745 2833 mandata
785 2772 987 2839 rimari,
1027 2772 1166 2826 sicut
1201 2770 1460 2840 scriptum
1487 2775 1573 2824 est
1600 2786 1613 2821 :
1641 2766 1787 2821 Beati
1813 2765 1900 2838 qui
1931 2779 2077 2818 scru-

496 2877 671 2922 tantur
701 2863 992 2920 testirnonia
1036 2863 1165 2934 ejus,
1208 2863 1279 2915 in.
1303 2869 1408 2916 toto
1456 2859 1608 2914 corde
1650 2856 1924 2928 exquirunt
1962 2870 2077 2908 eum

496 2958 669 3030 (Psal.
701 2956 871 3028 xvm).
905 2955 995 3010 Ait
1020 2969 1149 3023 ergo
1187 2951 1604 3022 gloriosissimus
1630 2949 1824 3005 Paulus
1854 2967 1867 3002 ε
1893 2946 2077 3004 Omnis

490 3064 658 3103 sermo
697 3046 863 3125 malus
889 3063 955 3101 ex
994 3062 1082 3100 ore
1108 3053 1273 3099 vestro
1307 3060 1411 3097 non
1453 3043 1696 3115 procedat
1725 3040 1939 3113 (Ephes.
1978 3042 2072 3109 Iv).

491 3140 664 3208 Quam
698 3140 921 3212 pulchre
952 3152 1221 3209 quamque
1257 3134 1538 3206 magnifice
1577 3135 1875 3191 caelestium
1918 3132 2075 3187 disci-

438 3256 449 3260 -
490 3233 757 3304 plinarum
802 3229 1230 3302 speciosissimus
1276 3228 1468 3283 doctor
1509 3227 1666 3283 unius
1715 3240 1853 3296 pene
1897 3224 2074 3293 rigore

488 3322 769 3378 sententiae
823 3319 1188 3377 eﬂrenationis
1235 3318 1529 3385 maliloquii
1579 3324 1633 3371 et
1679 3316 2071 3371 contumaciam

487 3413 681 3483 lingua:
726 3412 1017 3484 petulantis
1060 3409 1337 3474 emendat!
1389 3405 1619 3481 Propter
1671 3407 1817 3478 quod
1866 3408 2065 3469 videte,

2179 2209 2529 2269 adulantium.
2555 2212 2707 2269 Tolle
2747 2214 2939 2284 linguae
2964 2214 3182 2273 artificis
3212 2217 3493 2286 fabricam,
3520 2227 3581 2276 et
3607 2221 3768 2275 mali-

2178 2300 2251 2355 tia
2274 2303 2535 2358 scelerum
2564 2320 2730 2361 vacua
2755 2307 3053 2363 remanebit
3076 2318 3101 2345 ει
3123 2310 3345 2364 avaritia
3370 2329 3385 2365 :
3413 2326 3593 2381 neque
3620 2311 3768 2367 enin

2177 2391 2315 2446 avidi
2344 2394 2521 2451 cordis
2560 2395 2727 2452 fames
2771 2397 2959 2452 insana
2994 2400 3251 2469 pascitur,
3279 2401 3385 2455 nisi
3428 2402 3484 2456 in
3521 2402 3767 2473 praedam

2175 2483 2438 2553 malignus
2483 2502 2661 2544 sermo
2700 2493 3041 2559 processerit.
3076 2488 3258 2547 Omnis
3287 2511 3455 2549 sermo
3490 2495 3664 2550 malus
3697 2512 3766 2551 ex

2176 2592 2267 2630 ore
2294 2586 2458 2633 vestro
2486 2596 2588 2635 non
2616 2582 2878 2652 procedat.
2910 2583 3081 2650 Quam
3125 2585 3285 2655 longe
3327 2602 3427 2641 nos
3464 2584 3580 2643 ﬁeri
3608 2587 3765 2642 malis

2176 2666 2244 2721 ab
2279 2669 2533 2737 operibus
2571 2674 2841 2742 convenit,
2871 2675 3064 2745 quibus
3091 2676 3403 2746 delinquere
3431 2694 3535 2733 nec
3562 2678 3615 2733 in
3643 2694 3761 2733 ser-

2176 2770 2337 2812 mone
2382 2760 2737 2828 permittitur!
2770 2761 2859 2816 Ait
2885 2764 3027 2818 enim
3058 2764 3111 2819 in
3139 2766 3597 2835 consequentibus
3634 2767 3767 2822 bea-

2179 2848 2414 2905 tissimus
2440 2848 2637 2909 Paulus
2662 2871 2675 2905 :
2705 2851 3008 2910 Fornicatio
3036 2866 3085 2911 et
3109 2858 3435 2913 immunditia
3467 2877 3560 2915 nec
3589 2863 3766 2917 nomi—

2177 2952 2324 2995 netur
2349 2944 2405 2996 in
2439 2943 2601 3012 vobis,
2631 2950 2719 2998 aut
2758 2948 3142 3019 turpiloquium,
3177 2959 3267 3004 aut
3307 2953 3617 3019 scurrilitas,
3647 2969 3766 3024 qua:

2176 3033 2245 3086 ad
2272 3050 2379 3087 rem
2407 3052 2510 3091 non
2534 3038 2753 3106 pertinet
2774 3036 2987 3109 (Ep/tes.
3018 3038 3113 3113 ιν).
3142 3039 3348 3098 Idcirco
3372 3043 3625 3098 nimirum
3645 3044 3766 3102 hac

2175 3126 2353 3180 omnia
2382 3127 2522 3182 inter
2552 3128 2734 3184 tideles
2772 3129 2977 3186 inhibet
3015 3130 3305 3202 Apostolus
3340 3135 3660 3205 nuncupari,
3692 3150 3766 3192 ne

2174 3224 2267 3269 aut
2295 3217 2347 3270 in
2377 3232 2511 3287 opus
2538 3220 2830 3288 pessimum
2859 3221 3153 3292 maliloquii
3181 3225 3515 3281 consuetudo
3543 3225 3763 3281 demer-

2173 3317 2282 3377 gat,
2314 3318 2406 3364 aut
2434 3313 2665 3381 turpium
2714 3314 3044 3371 obscenitate
3090 3331 3398 3372 sermonum
3444 3318 3622 3374 dicata
3664 3318 3764 3376 Dei

2176 3397 2419 3455 laudibus
2446 3409 2753 3458 sanctorum
2794 3404 2972 3474 lingua
3017 3404 3311 3462 sordescat.
3344 3407 3476 3474 Quis
3502 3409 3651 3464 enim
3677 3406 3763 3465 fe-

487 3504 679 3559 fratres
714 3504 993 3569 carissimi,
1040 3502 1490 3572 quemadmodum
1532 3502 1785 3571 magister
1826 3501 2063 3570 gentium
2092 3487 2140 3555 C
2170 3498 2255 3545 Pal
2284 3505 2360 3573 ex.
2381 3506 2488 3547 uno
2516 3493 2814 3565 cudetuun
2853 3511 2948 3551 ore
2974 3511 3116 3551 nunc
3143 3497 3320 3551 divina
3348 3498 3583 3569 eloquia,
3615 3487 3761 3553 nunc

489 3604 544 3649 et
570 3596 851 3651 dominicae
890 3596 1061 3650 vineae
1100 3602 1318 3664 putator
1344 3596 1589 3663 egregius
1618 3608 1805 3649 arsura
1833 3592 2070 3647 omnium
2176 3584 2482 3640 daemonum
2508 3587 2671 3642 verba
2700 3588 2949 3659 prodire?
2977 3588 3106 3656 Quis
3134 3588 3269 3645 ferat
3297 3605 3457 3645 unam
3486 3590 3760 3647 eamdem-

487 3695 756 3739 sarmenta
796 3685 1048 3740 vitiorum
1088 3686 1341 3756 praecepti
1385 3685 1467 3739 sui
1514 3684 1651 3740 falce
1692 3684 1932 3740 succidit.
1974 3682 2069 3737 Di-
2172 3690 2278 3746 Que
2307 3678 2538 3749 linguam
2567 3679 2678 3736 Deo
2706 3681 2935 3752 psallere
2972 3692 3028 3737 et
3055 3691 3274 3739 cantare
3297 3684 3553 3740 diabolo?
3576 3684 3759 3756 Atque

459 3774 659 3830 'cendo
688 3775 829 3829 enim
864 3793 875 3827 :
908 3773 1091 3828 Omnis
1127 3792 1295 3830 sermo
1335 3774 1501 3830 malus
1535 3792 1601 3830 ea:
1640 3792 1728 3830 ore
1767 3785 1933 3830 uestro
1964 3790 2069 3830 non
2172 3777 2230 3822 ut
2249 3768 2898 3845 pleltiusqumquantaque
2914 3775 3019 3830 sint
3038 3776 3253 3846 maligni
3273 3779 3538 3834 sermonis
3559 3780 3755 3836 incen—

486 3868 749 3940 procedat,
781 3868 1026 3924 universa
1067 3868 1220 3923 simul
1248 3869 1425 3924 cordis
1452 3876 1615 3938 atque
1643 3868 1754 3924 oris
1778 3868 1949 3923 nostri
1970 3883 2069 3923 no-
2171 3860 2277 3914 liva
2298 3855 2693 3933 dignoscamus,
2723 3875 3028 3922 sanctarum
3047 3866 3445 3939 Scripturarum
3468 3869 3555 3925 vel
3582 3884 3760 3940 pauca

489 3959 574 4013 xia
612 3967 960 4028 purgamenta
999 3958 1247 4030 detergit.
1275 3958 1400 4030 Agit
1427 3959 1570 4014 enim
1600 3967 1657 4013 ut
1685 3959 1730 4013 si
1753 3958 2067 4030 cujusquam
2142 3968 2507 4012 'recurramus
2535 3960 2799 4029 exempla.
2831 3958 3000 4015 Malus
3028 3960 3170 4015 enim
3197 3976 3375 4017 sermo
3409 3960 3548 4030 Magi
3575 3960 3759 4019 Simo-

485 4066 581 4106 cor
607 4050 805 4105 malitia
847 4049 986 4105 forte
1024 4050 1220 4120 aliqua,
1246 4051 1459 4107 diabolo
1484 4051 1795 4122 inspirante,
1820 4052 2069 4123 pulsave-
2168 4048 2251 4102 nis
2292 4048 2359 4103 de
2408 4065 2503 4104 ore
2546 4052 2825 4120 processit,
2873 4067 2995 4108 cum
3045 4052 3226 4107 oblato
3271 4052 3531 4123 apostolis
3575 4054 3757 4124 pretio

486 4139 575 4205 rit,
606 4156 718 4193 non
745 4139 980 4193 inveniat
1005 4140 1059 4194 in
1093 4156 1160 4196 eo
1198 4143 1460 4198 sermonis
1493 4144 1769 4212 operantis
1794 4142 2062 4199 ellectum.
2166 4140 2462 4196 venunda‘ri
2508 4140 2608 4197 sibi
2655 4141 2749 4197 Dei
2795 4143 3021 4212 gratiam
3066 4142 3320 4213 postulat.
3362 4142 3534 4199 Malus
3571 4159 3756 4202 senm

483 4228 672 4285 Omnia
719 4246 913 4300 nempe
961 4231 1289 4286 occultarum
1334 4233 1720 4302 cogitationum
1762 4248 1983 4299 venena,
2017 4233 2065 4289 si
2167 4228 2432 4303 Egyptia:
2472 4233 2710 4288 mulieris
2737 4233 2804 4288 de
2830 4250 2925 4290 ore
2966 4234 3243 4304 processit,
3271 4249 3390 4306 qua:
3416 4242 3624 4290 castum
3651 4234 3751 4292 Jo-

483 4338 592 4378 non
620 4324 960 4393 proferantur
986 4324 1039 4378 in
1068 4324 1249 4390 verba,
1275 4326 1418 4379 velut
1452 4324 1657 4381 defecta
1684 4326 1906 4394 viribus,
1932 4343 2063 4398 pro-
2164 4322 2297 4391 seph
2340 4322 2393 4376 in
2440 4322 2780 4378 concubitum
2817 4340 2971 4380 suum
3003 4324 3142 4395 turpi
3170 4324 3494 4380 allocutione
3518 4338 3749 4381 succen-

481 4413 627 4497 tinus
651 4424 998 4471 evanescunt.
1030 4415 1106 4471 Ita
1144 4418 1286 4473 enim
1316 4417 1386 4473 ad
1414 4419 1818 4489 exprimendum
1847 4422 2063 4490 maligni

2172 4410 2343 4467 debat.
2377 4411 2547 4468 Malus
2593 4428 2773 4470 sermo
2816 4416 3112 4471 avarissimi
3157 4416 3301 4486 regis
3342 4415 3520 4473 Achar
3548 4417 3616 4472 de
3654 4431 3750 4473 ore

480 4507 658 4563 cordis
696 4510 1029 4579 propositum
1055 4509 1123 4565 de
1150 4510 1335 4579 iniquo
1363 4510 1596 4579 quodam
1623 4527 1802 4567 sermo
1828 4515 2061 4585 propbe-
2164 4507 2444 4577 processit.
2472 4508 2633 4580 683
2671 4509 2762 4579 qui
2800 4507 3011 4564 ﬂamma
3051 4525 3262 4566 vesana:
3305 4509 3614 4581 cupiditatis
3653 4525 3745 4566 ac-

480 4598 617 4654 ticus
642 4608 988 4669 protestetur,
1021 4600 1204 4657 dicens
1236 4619 1247 4652 :
1280 4599 1523 4672 Concepit
1556 4600 1804 4668 dolorem,
1829 4611 1877 4656 et
1903 4620 2061 4675 pepe-
2162 4614 2354 4656 census
2381 4601 2675 4671 impudenti
2696 4601 2875 4670 lingua
2899 4602 3107 4658 vineam
3134 4602 3390 4673 poscebat
3415 4602 3668 4667 alienam,
3691 4608 3744 4658 et

478 4692 547 4745 rit
588 4692 910 4762 iniquitatem
940 4692 1111 4761 (Psal.
1156 4693 1249 4766 vn)
1285 4711 1296 4746 :
1330 4692 1382 4747 id
1420 4702 1523 4763 est,
1564 4694 1727 4750 homo
1774 4695 1968 4766 impius
2005 4702 2062 4751 et
2159 4706 2273 4746 rem
2319 4690 2422 4747 sibi
2465 4690 2774 4758 indebitam,
2805 4690 3019 4747 Iezabel
3064 4694 3249 4749 uxoris
3280 4708 3391 4749 suae
3429 4694 3739 4764 maliloquio

479 4780 707 4850 injustus
759 4784 1016 4838 malitiam
1062 4799 1246 4851 suam,
1293 4800 1451 4854 quam
1499 4784 1661 4840 corde
1707 4794 2057 4857 conceperat,
2094 4856 2105 4857 ί
2160 4783 2519 4852 ministrante,
2550 4784 2713 4839 occisi
2752 4784 3003 4855 pauperis
3050 4793 3223 4841 morte
3268 4785 3525 4855 possedit.
3574 4786 3740 4841 Malus

478 4871 634 4928 labiis
678 4876 1006 4944 parturierit.
1048 4874 1199 4930 Tolle
1246 4891 1434 4930 revera
1474 4876 1817 4945 malignitatis
1844 4856 2058 4948 partum
2082 4856 2136 4919 D
2160 4888 2338 4929 sermo
2367 4873 2636 4928 traditoris
2660 4871 2814 4929 Judze
2841 4873 2909 4929 de
2936 4888 3032 4930 ore
3058 4874 3337 4945 processit,
3364 4890 3490 4931 cum
3509 4875 3738 4931 domini-

478 4964 761 5027 sermonis,
792 4973 847 5017 et
873 4979 1201 5034 quaecunque
1247 4965 1301 5019 in
1336 4966 1498 5021 corde
1533 4966 1763 5021 hominis
1796 4964 2056 5040 concepta
2160 4981 2282 5021 cum
2321 4965 2635 5035 sanguinem
2662 4962 2967 5020 Iudaeorum
2996 4965 3325 5037 principibus
3363 4966 3529 5036 impia
3570 4965 3735 5021 collo-

476 5051 639 5108 fuerit
666 5054 941 5118 mmstitia,
972 5054 1116 5109 velut
1144 5055 1442 5110 abortivum
1487 5056 1759 5126 quoddam
1802 5058 2056 5114 nascendi
2159 5057 2376 5114 cutione
2422 5056 2709 5112 vendebat.
2760 5055 2955 5112 Audite
2995 5055 3193 5126 adhuc,
3229 5055 3510 5123 carissimi,
3542 5063 3734 5126 quanta

474 5142 769 5200 efficaciam
816 5160 924 5199 non
970 5145 1208 5209 habebit,
1250 5148 1452 5217 Quaque
1496 5163 1621 5202 mox
1666 5148 1804 5202 intra
1847 5148 2055 5204 viscera
2160 5149 2214 5204 in
2241 5149 2457 5204 homine
2483 5163 2580 5218 per
2605 5146 2788 5201 divina
2816 5145 3031 5217 eloquia
3058 5161 3169 5202 non
3204 5147 3377 5203 solum
3407 5146 3536 5213 oris,
3568 5146 3659 5202 sed
3680 5150 3733 5201 et

474 5237 755 5291 morietur.
788 5233 970 5290 Omnis
1006 5253 1128 5308 ergo
1156 5252 1321 5292 sermo
1350 5237 1514 5293 malus
1544 5255 1608 5292 ea:
1639 5254 1727 5293 ore
1757 5248 1921 5293 vestro
1949 5255 2054 5293 non
2158 5238 2435 5295 oculorum
2463 5235 2742 5307 disciplina
2761 5234 3047 5316 formatur.
3065 5235 3173 5314 .Ait
3197 5236 3399 5308 quippe
3423 5236 3728 5308 Apostolus,

470 5330 733 5402 procedat,
758 5331 883 5400 quia
905 5346 1023 5401 prot
1038 5331 1091 5385 ul
1115 5329 1275 5385 dubio
1296 5330 1437 5385 malo
1462 5331 1515 5385 in
1541 5347 1790 5387 sermone
1810 5332 2056 5403 blasphe—
2155 5332 2292 5387 sicut
2316 5331 2516 5387 dictum
2541 5338 2624 5385 est
2649 5348 2661 5383 :
2696 5328 2877 5384 Omnis
2903 5344 3027 5402 ergo
3055 5345 3222 5385 sermo
3248 5330 3418 5385 malus
3443 5348 3509 5385 ea:
3537 5348 3624 5386 ore
3647 5346 3731 5384 re-

469 5424 576 5478 mia
621 5434 723 5481 est.
772 5423 1011 5480 Remove
1058 5425 1240 5493 itaque
1282 5423 1587 5493 iniquorum
1628 5425 2049 5480 susurrationem
2153 5432 2261 5479 stro
2287 5440 2391 5479 non
2417 5422 2663 5495 procedat
2704 5420 2919 5494 (Ephes.
2960 5420 3058 5493 tv).
3102 5421 3192 5476 Ait
3216 5429 3274 5478 et
3298 5421 3557 5480 Dominus
3588 5441 3601 5476 :
3632 5418 3731 5485 Qui

468 5514 774 5582 verborum,
825 5523 881 5571 et
926 5516 1249 5573 incentivmn
1300 5514 1645 5583 malignitatis
1696 5529 1806 5570 suae
1853 5516 2052 5571 invidia
2154 5517 2335 5571 viderit
2361 5516 2627 5571 mulierem
2654 5514 2724 5570 ad
2750 5514 3209 5586 concupiscendum
3227 5530 3362 5582 earn,
3378 5515 3497 5587 jam
3516 5515 3730 5571 macha-

466 5616 578 5662 non
603 5604 839 5662 habebit.
872 5604 1112 5664 Remove
1153 5604 1398 5661 mollium
1437 5603 1702 5660 labiorum
1733 5615 1892 5678 turpe
1929 5623 2051 5671 my-
2153 5614 2235 5662 tus
2272 5617 2350 5664 est
2383 5607 2440 5662 in
2485 5606 2637 5663 corde
2675 5621 2766 5660 suo
2793 5603 3010 5677 (Matth.
3042 5602 3119 5676 v).
3158 5602 3489 5677 Perspicitis,
3520 5605 3726 5671 fratres,

542 5818 567 5846 ⁸
593 5805 671 5865 Ita
701 5812 753 5866 in
778 5812 982 5869 codice.
1076 5784 1088 5794 .
