4052 6330
270 370 367 427 155

1669 361 1896 421 SERMO
1931 362 2086 419 CXII.

3411 352 3521 418 754

262 489 463 554 quanta
490 495 616 535 cura
648 489 702 537 et
727 490 929 553 quanta
967 477 1326 536 sollicitudine
1367 477 1717 548 prohibemur
1756 476 1841 532 vel
1868 479 1918 539 Α
1944 477 2012 531 ad
2043 475 2296 531 interiora
2326 476 2559 547 pectoris
2588 477 2755 533 nostri
2780 477 2948 548 possit
2968 484 3183 546 patrare
3208 483 3520 548 peccatum;

264 573 409 643 loqui
428 572 632 643 turpia,
662 573 749 628 vel
774 572 939 645 684
965 571 1180 636 videre;
1215 577 1417 640 quanto
1448 576 1839 641 praeceptorum

262 679 533 723 consensu
560 664 735 720 bonus
763 663 1019 720 Dominus
1046 670 1102 718 et
1133 676 1319 718 servus
1343 660 1513 717 fidelis
1539 667 1844 715 nostrorum

265 755 551 811 destruunt
575 769 773 824 organa
802 761 1168 826 peccatorum.
1196 752 1292 808 llle
1318 753 1461 808 enim
1488 751 1674 807 oculos
1694 766 1848 807 coer-

264 854 374 914 cet,
404 845 495 901 hic
522 845 776 914 linguam,
806 846 930 915 quia
957 860 1056 915 per
1082 844 1268 900 oculos
1299 845 1352 898 in
1378 858 1473 899 cor
1499 842 1733 898 hominis
1776 843 1848 898 ir-

263 937 408 1006 repit
453 936 639 1003 libido,
678 944 735 991 et
775 936 1203 1007 concupiscentia
1230 934 1407 991 cordis
1441 934 1738 990 ministerio
1768 935 1848 989 lu-

262 1026 403 1085 brici
450 1029 710 1084 sermonis
755 1028 1023 1099 impletur.
1054 1026 1158 1083 Per
1194 1028 1308 1083 haec
1345 1042 1474 1097 ergo
1512 1027 1765 1082 mandata
1793 1036 1847 1084 et

264 1117 516 1179 Christus
559 1121 865 1180 sordentem
892 1127 1086 1195 purgat
1112 1127 1408 1192 aspectum,
1439 1134 1509 1176 ne
1534 1135 1634 1191 per
1659 1120 1845 1175 oculos

1944 576 2001 624 et
2022 567 2255 637 linguam
2280 575 2519 624 nostram
2546 570 2794 624 emendat
2817 569 3123 640 Apostolus,
3153 583 3222 623 ne
3246 576 3402 639 turpe
3426 566 3524 626 de-

1950 661 2205 717 siderium
2248 661 2456 731 turpior
2492 676 2669 717 sermo
2704 660 2960 732 perficiat.
2990 659 3218 732 Propter
3243 660 3412 731 quod,
3438 661 3523 717 di-

1949 753 2243 820 lectissimi,
2276 754 2422 808 omni
2450 769 2572 811 cum
2600 754 2870 824 vigilantia
2909 770 3193 811 caveamus
3232 769 3298 809 ne
3345 769 3524 810 sermo

1951 846 2123 901 malus
2159 855 2252 900 aut
2290 845 2457 915 turpis
2504 854 2690 900 nostro
2717 845 2784 900 de
2820 861 2916 901 ore
2950 849 3224 917 procedat,
3258 854 3309 901 ut
3339 860 3528 915 preces

1951 945 2184 1005 nostras,
2213 951 2348 1005 quas
2374 936 2571 1007 suscipi
2600 951 2816 994 oramus
2840 938 2893 992 in
2913 939 3070 1006 coelo,
3095 946 3241 995 casta
3271 938 3337 992 ad
3359 936 3527 993 Deum
3583 932 3592 942 ’

1949 1029 2125 1098 lingua
2152 1028 2496 1085 transmittat.

1643 1212 1911 1276 SERMO
1952 1214 2144 1278 CXII.

1406 1314 1482 1371 De
1505 1331 1651 1372 serva
1674 1318 1984 1373 centurionis
2012 1319 2066 1373 in
2097 1316 2396 1391 Evangelia.

3410 1299 3441 1315 δ

1706 1408 2097 1467 ADMONITIO.

343 1500 677 1578 Benedictini
698 1501 952 1578 monachi
976 1512 1228 1569 congreg.
1257 1498 1516 1578 S.__Mauri
1543 1515 1669 1571 opp.
1701 1500 1757 1557 S.
1790 1500 2056 1578 Ambrosii
2084 1504 2337 1578 editores,
2369 1506 2470 1561 etsi
2501 1507 2700 1578 apertis
2733 1508 2909 1578 verbis
2941 1508 3288 1566 indicaverint
3315 1512 3536 1569 concio-

268 1588 398 1629 nem
428 1573 572 1649 hanc
594 1571 883 1649 _Al_lli_)l‘05l0_
908 1586 1162 1649 non__esse
1189 1570 1591 1649 ascribendam,’
1623 1579 1860 1649 attamen
1890 1573 2132 1649 eamdem
2172 1576 2225 1629 in
2252 1573 2372 1649 .ﬂne
2408 1570 2714 1649 sermonum
2756 1577 2871 1645 ejus
2898 1594 3044 1633 num.
3075 1579 3144 1649 65
3170 1582 3534 1649 collocarunt;

311 1658 436 1698 nam
464 1643 618 1697 veriti
646 1642 841 1698 fuimus
869 1642 923 1697 in
951 1641 1325 1697 collectionem
1355 1648 1596 1696 nostram
1626 1642 1928 1708 traducere,
1958 1643 2133 1698 donec
2163 1647 2361 1701 nostris
2401 1648 2568 1701 oculis
2598 1641 2825 1703 vidimus
2851 1649 2903 1702 in
2934 1649 3035 1704 cod
3088 1648 3156 1702 99
3183 1649 3239 1705 S.
3272 1650 3455 1708 Crucis
3483 1641 3539 1707 in

303 1710 571 1787 erusalem
599 1712 815 1768 nomine
842 1710 899 1766 S.
931 1710 1400 1787 Maximijelatam
1426 1727 1577 1787 n_um._
1603 1710 1694 1787 9i,
1717 1719 1772 1765 et
1791 1711 2049 1787 judicium
2074 1715 2236 1769 etiam
2262 1716 2554 1771 doctissimi
2584 1718 2869 1787 cardinalis
2894 1719 3111 1774 Besutii.
3143 1720 3193 1776 ls
3221 1722 3379 1787 igitur
3403 1723 3540 1778 scri-

268 1783 352 1858 bit
382 1800 397 1836 :
428 1783 727 1858 Postremus
754 1798 942 1858 sermo,
973 1798 1124 1858 quem
1149 1780 1216 1858 S._
1242 1779 1465 1858 Maximi
1492 1781 1748 1858 existimo,
1780 1792 1856 1836 est
1972 1801 2115 1839 servo
2158 1787 2470 1841 centurionis
2509 1789 2573 1858 in,
2602 1786 2915 1858 Evangelia;
2945 1790 2998 1843 in
3045 1779 3368 1845 dedicatione
3398 1791 3541 1846 basi-

270 1853 411 1930 licae,
444 1852 588 1930 cujus
616 1852 925 1930 principium
951 1850 1067 1930 est;
1093 1850 1332 1930 Legimus
1377 1852 1435 1930 in
1472 1862 1651 1905 sancto
1696 1850 1994 1930 Evangelia,
2032 1863 2138 1930 ctc_.
2267 1895 2280 1907 .
2326 1858 2415 1928 qui
2452 1857 2653 1930 quidem
2683 1850 2785 1912 non
2815 1850 3010 1929 est'pro
3040 1862 3169 1930 festa
3198 1860 3543 1930 Dedicatianis

270 1920 525 2012 sese:
541 1920 2479 2012 ,ιίξζηιέηεζξτῑῖνξρῖεηιξςιξςὶῑτξξε,,ξεάιςξε,ξςτπξίῖξι,ίέ,ῐξρηξιιιέπξ,ἰτίθίτυξνζαιπί
2516 1928 2580 1981 de
2768 1946 2806 2012 ,τι
2837 1920 3049 2012 certe:
3065 1932 3149 2012 συί
3175 1929 3545 2012 insanimu-

267 1993 483 2068 rataris
495 1994 699 2049 nomine
720 2009 985 2068 comesque
1012 1988 1388 2068 appellabatur,
1420 1989 1634 2068 basilica
1664 1988 1955 2068 constructa
1996 1995 2113 2065 fuit.
2148 1988 2355 2068 Laudat
2380 2013 2575 2068 quoque
2602 1999 2655 2051 in
2683 1998 2858 2068 eodem
2879 1999 3007 2053 duos
3027 1988 3188 2065 viros,
3230 1988 3544 2055 Vitalianum

270 2071 329 2142 et
365 2062 661 2142 Majanum,
690 2063 794 2142 qui,
820 2061 921 2142 etsi
948 2061 1229 2142 mediocres
1257 2061 1550 2142 .inﬂsazcula
1586 2063 1928 2142 fortunisque
1934 2061 2139 2142 1m“,
2171 2061 2552 2121 tabernaculum
2592 2078 2762 2122 tamen
2803 2067 3031 2124 basilica:
3058 2061 3285 2125 construi
3313 2072 3543 2142 fecerint.

274 2130 501 2189 Accedit
521 2133 683 2187 etiam
701 2130 1077 2188 testimonium
1098 2131 1301 2187 codicis
1328 2130 1689 2199 Sangallensis
1718 2130 1864 2189 num.
1897 2132 1984 2187 75.

275 2248 670 2304 Ancuuerrruu.
702 2279 773 2290 —
801 2245 940 2311 Quid
966 2243 1231 2317 Maximus
1268 2245 1366 2317 hac
1394 2245 1449 2317 in
1478 2252 1864 2317 sermonertra-
1896 2248 1946 2309 Β
1973 2247 2162 2315 vatori,
2196 2256 2251 2302 et
2276 2255 2533 2317 quantum
2568 2248 2782 2305 festinat
2818 2248 2883 2304 de
2919 2249 3150 2305 hostium
3182 2251 3426 2305 manibus
3451 2265 3544 2306 ca-

351 2319 564 2372 ctaverit
589 2318 716 2372 satis
743 2333 810 2371 ea:
840 2316 1091 2388 superiori
1126 2315 1515 2371 eminentissimi
1546 2314 1739 2369 Besutii
1771 2315 1863 2385 ju-

355 2389 493 2443 dicio
519 2388 843 2459 exploratum
868 2398 964 2442 est.

355 2520 609 2590 Legimus
636 2521 688 2575 in
716 2518 775 2574 S.
816 2517 1130 2591 Evangelia,
1159 2534 1279 2576 cum
1323 2518 1871 2589 centurioniscujus-

276 2610 409 2667 dam
436 2625 623 2665 servus
650 2609 742 2681 qui
770 2618 889 2665 erat
928 2609 1003 2664 illi
1038 2609 1343 2680 pretiosior,
1376 2624 1408 2665 e
1435 2609 1583 2678 gravi
1613 2609 1873 2680 paralysis

277 2701 603 2770 aegritudine
649 2701 941 2766 laboraret,
973 2708 1028 2756 et
1055 2717 1154 2773 per
1181 2701 1422 2757 seniores
1448 2699 1756 2756 Judaaorum
1786 2701 1875 2756 ille

277 2792 533 2849 centurio
561 2799 776 2861 rogaret
801 2791 1135 2847 Salvatorem
1164 2800 1223 2847 ut
1252 2792 1368 2862 ejus
1394 2791 1668 2847 doloribus
1689 2793 1873 2847 mede-

286 2891 446 2940 retur
490 2884 624 2952 (erat
665 2884 821 2951 enim,
852 2890 910 2938 ut
948 2884 1024 2937 ait
1068 2881 1361 2952 Scriptura,
1388 2882 1708 2953 moriturus),
1737 2883 1877 2938 inter

279 2985 486 3032 caetera
512 2976 579 3031 ad
609 2976 867 3047 majorem
898 2975 1378 3031 commendationis
1414 2977 1636 3045 gratiam
1667 2992 1874 3032 sermo-

280 3068 373 3122 nis
398 3066 703 3123 Judaeorum
730 3066 927 3122 dixisse
952 3066 1181 3123 Domino
1215 3086 1227 3121 :
1262 3067 1487 3139 Dignum
1513 3077 1589 3122 est
1611 3068 1779 3122 uthac
1800 3068 1876 3123 illi

278 3168 503 3233 prastes
544 3176 563 3215 :
603 3159 772 3232 diligit
807 3161 942 3215 enim
972 3170 1172 3233 gentem
1202 3171 1453 3228 nostram,
1484 3171 1534 3215 et
1560 3179 1877 3234 synagogam

278 3254 403 3323 ipse
429 3252 703 3323 adiﬁeavit
724 3253 873 3307 nobis
905 3251 1053 3324 (Luc.
1088 3269 1159 3308 vn
1187 3262 1237 3307 et
1263 3254 1448 3325 seqq.).
1478 3252 1536 3308 Si
1564 3267 1692 3322 ergo
1730 3268 1913 3308 com--

280 3343 579 3399 mandatur
608 3342 837 3398 Domino
867 3345 958 3413 qui
984 3343 1265 3399 aedificavit
1299 3359 1645 3416 synagogam,
1676 3354 1879 3413 quanto

282 3443 379 3491 est
415 3436 841 3491 commendatior
876 3437 969 3505 qui
1010 3435 1292 3491 aedificavit
1320 3436 1640 3491 ecclesiam?
1668 3435 1735 3489 Et
1763 3436 1807 3491 si
1834 3435 1880 3492 is

283 3533 535 3584 meretur
561 3528 785 3598 gratiam
815 3529 905 3598 qui
935 3529 1227 3600 impietatis
1256 3530 1652 3601 receptaculum
1681 3530 1882 3599 prtesti-

1968 2340 2147 2409 ptivos
2185 2354 2393 2406 eruere,
2426 2347 2577 2395 tanta
2620 2342 2784 2413 685
2828 2340 2998 2408 magis
3026 2340 3239 2396 festinat
3278 2358 3309 2396 a
3347 2341 3546 2399 diaboli

1972 2447 2028 2488 se
2055 2432 2333 2501 sacrilegio
2361 2432 2606 2487 liberare.
2654 2429 2735 2487 lbi
2774 2433 3020 2489 inimicos
3053 2437 3251 2490 terreni
3286 2438 3427 2508 regis
3462 2437 3545 2492 in-

1973 2521 2184 2588 terficit,
2217 2522 2305 2578 hic
2333 2522 2669 2579 adversarios
2710 2522 2918 2578 Domini
2956 2525 3189 2582 caelestis
3217 2527 3545 2598 insequitur;

1973 2615 2046 2670 ibi
2075 2616 2332 2673 barbaros
2370 2618 2556 2683 vincit,
2584 2617 2672 2673 hic
2700 2617 2987 2674 daemones.
3030 2618 3272 2689 Sapiens,
3312 2620 3549 2688 inquam,

1973 2705 2063 2775 qui
2093 2707 2231 2762 sicut
2259 2721 2441 2762 comes
2468 2708 2807 2778 imperatoris
2835 2717 2935 2773 est,
2968 2709 3040 2763 ita
3065 2716 3119 2764 et
3146 2724 3329 2765 comes
3353 2708 3550 2765 Christi

1975 2813 2096 2853 esse
2124 2797 2411 2854 desiderat.
2444 2798 2578 2853 Nam
2605 2799 2745 2854 bene
2769 2791 2952 2869 ntiq'ue
2976 2806 3031 2855 et
3057 2800 3305 2869 religiose
3325 2800 3551 2869 agendo,

1976 2889 2289 2958 dignitatem
2330 2904 2484 2950 suam
2526 2891 2673 2960 cupit
2718 2894 2837 2946 eSse
2880 2900 3211 2962 perpetuam,
3261 2891 3552 2947 secundum

1976 2981 2119 3050 quod
2148 2981 2403 3052 scriptum
2426 2989 2509 3036 est
2537 2982 2588 3036 in
2619 2981 2879 3052 propheta
2914 3000 2926 3035 :
2958 2981 3031 3035 Et
3057 2998 3163 3048 vos,
3186 2999 3216 3037 ο
3244 2984 3362 3037 boni
3391 3000 3552 3054 reges,

1978 3072 2141 3126 bonas
2170 3073 2326 3144 facile
2353 3074 2462 3127 vias
2488 3072 2681 3127 vestras
2704 3083 2754 3126 et
2778 3073 2952 3127 studia
2978 3082 3162 3137 rastra,
3189 3055 3238 3127 et
3269 3075 3443 3127 audite
3466 3091 3555 3128 vo~

1978 3180 2086 3218 cem
2126 3163 2337 3219 Domini
2384 3163 2481 3219 Dei
2529 3165 2699 3231 vestri,
2737 3175 2786 3217 et
2821 3164 3078 3235 pwnitebit
3116 3163 3394 3219 Dominum
3434 3166 3556 3219 mali

1979 3255 2117 3327 quod
2143 3256 2340 3309 locutus
2367 3264 2441 3308 est
2470 3254 2736 3309 adversum
2764 3271 2849 3308 vos
2874 3253 3049 3318 (Prov.
3077 3255 3241 3325 xxv1).
3270 3253 3410 3324 Ergo
3438 3270 3557 3309 Clllll

1981 3346 2225 3401 centurio
2246 3354 2461 3416 rogaret
2481 3346 2761 3400 Dominum
2787 3354 2843 3399 ut
2871 3344 2938 3399 de
2965 3354 3137 3400 morte
3160 3353 3373 3400 erueret
3396 3358 3559 3411 aegro-

1982 3444 2212 3503 tantem,
2251 3445 2305 3490 et
2340 3436 2504 3491 vellet
2550 3435 2808 3489 Dominus
2856 3435 2922 3489 ad
2967 3435 3182 3491 domum
3234 3435 3562 3490 centurionis

1984 3544 2229 3601 pergere,
2260 3531 2312 3585 in
2341 3544 2447 3599 qua
2484 3529 2727 3585 servulus
2761 3526 3129 3590 decumbchat,
3161 3528 3235 3582 ait
3270 3528 3513 3583 centurio
3545 3544 3559 3578 :

281 3622 383 3688 tit,
415 3630 617 3690 quanto
660 3622 921 3690 majorem
967 3633 1207 3677 meretur
1243 3623 1468 3691 gratiam
1507 3623 1597 3692 qui
1636 3622 1880 3691 religioni
1907 3613 1954 3677 C
1984 3621 2224 3687 Domine,
2256 3638 2359 3676 non
2389 3637 2502 3674 sum
2530 3620 2711 3691 dignus
2740 3629 2796 3673 ut
2824 3620 2983 3673 intres
3022 3617 3113 3672 sub
3152 3627 3337 3671 tectum
3373 3632 3562 3671 meum.

284 3712 625 3769 domicilium
645 3714 999 3783 prmparavit?
1019 3712 1087 3767 Et
1114 3714 1159 3769 si
1182 3714 1269 3768 ille
1289 3714 1496 3769 caelesti
1517 3714 1881 3769 misericordia

285 3804 546 3859 visitatur
572 3804 664 3872 qui
699 3804 996 3859 construxit
1034 3804 1211 3859 locum
1255 3804 1344 3859 ubi
1382 3801 1626 3859 Christus
1672 3819 1885 3875 semper

290 3902 544 3963 negatur,
575 3902 775 3966 quanto
822 3897 990 3965 magis
1028 3896 1323 3952 visitandus
1351 3904 1433 3952 est
1463 3906 1489 3935 ι
1511 3897 1603 3967 (ιυί
1636 3897 1887 3953 fabricari

290 3986 427 4042 fecit
447 3986 846 4043 tabernaculum
877 3988 967 4043 ubi
995 3986 1237 4043 Christus
1266 3988 1504 4060 quotidie
1534 3988 1887 4059 praedicatur?

290 4077 362 4133 In
388 4078 701 4133 centurione
730 4078 870 4132 enim
898 4077 1156 4134 Dominus
1182 4095 1290 4135 non
1320 4080 1447 4150 quid
1476 4081 1653 4151 operis
1678 4079 1883 4146 fecerit,

292 4169 400 4225 sed
426 4182 532 4238 qua
558 4176 740 4224 mente
767 4178 1020 4240 operatus
1046 4171 1116 4225 sit
1142 4171 1530 4242 comprobavit.
1558 4171 1687 4225 Nam
1717 4171 1808 4242 qui
1832 4171 1886 4226 id

295 4251 562 4330 temporis
589 4276 697 4331 quo
732 4260 969 4315 nondum
1006 4258 1297 4317 Christiani
1330 4270 1485 4318 erant
1527 4262 1757 4318 sollicite
1796 4278 1886 4334 sy-

299 4364 571 4420 nagogam
600 4348 754 4416 fecit,
800 4352 845 4406 si
872 4349 1096 4408 fuissent
1129 4354 1312 4422 utique
1343 4352 1652 4416 Christiani,
1686 4353 1889 4408 intelli-

299 4443 452 4513 gitur
478 4441 621 4512 quod
667 4442 837 4498 multo
882 4443 1163 4499 sollicitius
1203 4442 1415 4500 fecisset
1449 4445 1750 4500 ecclesiam.
1783 4444 1891 4500 Sed

300 4542 491 4589 tamen
520 4533 645 4589 licet
671 4548 994 4605 synagogam
1021 4534 1268 4598 aedificet,
1300 4533 1570 4589 Christum
1603 4533 1888 4605 prredicat;

303 4625 367 4680 in
395 4625 512 4695 ipso
541 4625 683 4679 enim
712 4640 876 4695 opere
903 4633 1208 4681 commonet
1235 4623 1536 4680 Pharisaeos
1555 4625 1751 4680 debere
1771 4624 1893 4680 illos

306 4715 587 4787 suscipere
631 4713 987 4783 Salvatorem,
1034 4722 1089 4770 et
1130 4716 1465 4770 demonstrat
1506 4723 1792 4785 propterea
1835 4730 1892 4769 se

304 4807 717 4862 tabernaculum
755 4807 981 4878 amplius
1008 4805 1291 4872 addidisse,
1320 4812 1381 4860 ut
1418 4804 1782 4874 multipliciter
1819 4804 1892 4859 ibi

308 4898 527 4954 Domini
551 4899 774 4968 gloriam
802 4899 1167 4970 loquerentur.
1192 4895 1252 4951 Si
1283 4896 1427 4951 enim
1454 4894 1625 4951 credit
1650 4896 1704 4950 in
1733 4894 1891 4950 Chri-

1986 3710 2221 3766 Excusat
2249 3711 2411 3779 igitur
2438 3710 2702 3775 centurio,
2736 3717 2791 3762 et
2816 3724 2882 3762 ne
2911 3708 3015 3762 sub
3032 3716 3226 3763 tectum
3253 3706 3368 3776 ejus
3389 3707 3563 3774 ingre-

1986 3802 2164 3857 diatur
2204 3801 2459 3855 Dominus
2499 3800 2769 3867 indignum
2814 3810 2872 3854 se
2900 3800 3046 3854 dicit.
3093 3797 3231 3853 Ecce
3264 3796 3455 3866 dignus
3483 3804 3566 3852 est

1986 3883 2399 3959 comes'noster,
2436 3890 2536 3946 sub
2566 3891 2716 3960 cujus
2742 3898 2941 3945 tectum
2988 3889 3144 3944 hodie
3190 3888 3439 3943 Salvator
3484 3888 3568 3943 in-

1987 3984 2243 4053 greditur.
2272 3982 2557 4038 Videamus
2587 3984 2700 4052 ipsa
2740 3981 3070 4037 centurionis
3108 3979 3382 4035 excusatio
3403 3993 3568 4048 quam

1988 4074 2181 4129 haheat
2200 4074 2453 4142 gratiam;
2476 4073 2551 4127 ait
2575 4072 2719 4127 enim
2750 4090 2763 4124 :
2792 4070 3027 4135 Domine,
3052 4088 3154 4125 non
3176 4086 3286 4125 sum
3308 4069 3495 4143 dignus
3512 4076 3569 4124 ut

1986 4167 2145 4220 intres
2169 4165 2260 4219 sub
2291 4173 2473 4218 tectum
2499 4180 2684 4229 meum,
2708 4161 2735 4200 δ
2766 4163 2856 4217 sed
2885 4170 3085 4216 tantum
3112 4161 3193 4215 dic
3215 4161 3385 4229 verba,
3409 4175 3540 4214 sana

1991 4242 2126 4312 bitur
2154 4274 2278 4328 puer
2305 4274 2449 4311 meus
2473 4255 2686 4330 (Matth.
2710 4256 2844 4327 vni).
2876 4253 2920 4309 Ο
2950 4252 3429 4318 fides'Christiana,
3452 4268 3570 4323 quae

1990 4365 2112 4405 cum
2155 4349 2455 4404 humilitate
2502 4357 2672 4403 totum
2704 4348 2991 4417 impetrare
3037 4344 3380 4400 consuevisti.
3431 4341 3572 4397 Ecce

1990 4443 2273 4511 religiosus
2314 4442 2557 4526 centurio
2594 4440 2662 4494 ad
2703 4437 3065 4507 accipiendam
3105 4436 3331 4491 salutem
3360 4434 3572 4503 dignior

1992 4534 2080 4597 fit,
2113 4533 2238 4586 dum
2267 4547 2325 4586 se
2354 4523 2635 4601 profitetur
2677 4528 2977 4595 indignum;
3010 4534 3064 4579 et
3102 4524 3228 4579 dum
3266 4523 3407 4577 mdes
3448 4535 3574 4577 suas

1994 4624 2274 4691 injuriosas
2294 4630 2467 4693 putat,
2491 4621 2659 4689 magis
2681 4608 2775 4673 eas
2794 4617 3117 4673 honorificas
3141 4614 3267 4669 fecit
3294 4622 3350 4669 et
3372 4620 3569 4681 gratas.

1993 4714 2196 4782 Magna:
2224 4716 2366 4769 enim
2403 4721 2459 4768 et
2502 4711 2752 4784 perfectae
2802 4709 2924 4766 ﬁdei
2972 4710 3071 4778 vir,
3122 4708 3212 4780 qui
3254 4707 3574 4775 intelligeret

1993 4806 2263 4860 Christum
2292 4806 2574 4860 Dominum
2600 4804 2857 4860 caelorum
2884 4817 3020 4865 esse,
3052 4800 3176 4856 dum
3199 4801 3484 4855 verebatur
3505 4812 3575 4853 ne

1997 4896 2212 4966 hospitii
2238 4897 2319 4952 sui
2347 4912 2467 4951 eum
2498 4904 2721 4964 angusta
2747 4894 2912 4966 386
2945 4908 3052 4948 non
3082 4892 3406 4962 acciperent.
3432 4888 3575 4957 Ergo

310 4999 457 5047 stum
480 4991 728 5046 conditor
763 5004 1066 5062 synagogas,
1094 4988 1263 5044 multo
1293 4988 1461 5056 magis
1488 4987 1709 5043 credere
1736 4987 1896 5042 debet
1922 4984 1974 5047 D
1999 4985 2407 5043 contradicente
2435 4986 2770 5050 centurione,
2802 5000 2911 5040 non
2940 4983 3113 5054 pergit
3139 4982 3205 5036 ad
3233 4982 3449 5037 domum
3478 4979 3577 5035 Do-

311 5083 589 5139 habitator
621 5083 788 5154 ipsius
826 5094 1128 5155 synagoga).
1156 5079 1596 5148 Centurioergo,
1625 5078 1671 5134 si
1692 5077 1890 5148 justiti-

315 5182 471 5230 catus
496 5182 579 5228 est
614 5180 836 5244 propter
862 5186 998 5242 opus
1036 5170 1223 5240 fragile
1256 5170 1341 5226 vel
1382 5177 1675 5236 terrenum,
1700 5165 1894 5237 justiti-

317 5265 523 5341 candns
548 5265 704 5336 plane
734 5265 816 5320 vir
840 5264 1167 5320 clarissimus
1194 5271 1249 5319 et
1280 5261 1776 5333 providentissimus
1800 5274 1893 5315 co-

315 5373 434 5413 mes
462 5366 645 5413 noster
671 5362 892 5427 propter
909 5371 1045 5426 opus
1066 5366 1174 5409 tam
1198 5363 1513 5425 perpetuum
1532 5353 1619 5408 vel
1639 5352 1853 5429 cmleste
1876 5370 1890 5406 :

318 5448 412 5519 qui
442 5443 644 5515 comes,
673 5447 814 5502 sicut
847 5440 1282 5502 est.centurione
1308 5443 1566 5513 dignitate
1592 5442 1792 5512 potior,
1820 5442 1895 5495 ita

318 5548 379 5598 et
406 5540 511 5596 ﬁde
537 5539 697 5596 debet
724 5553 844 5596 esse
868 5537 1132 5595 devotior.
1174 5535 1401 5606 Sapiens
1426 5535 1510 5589 vir
1535 5541 1591 5589 et
1616 5533 1899 5600 religiosus

320 5647 526 5698 comes,
556 5631 649 5703 qui
686 5637 946 5700 quantum
973 5629 1028 5683 in
1056 5627 1197 5683 bello
1224 5625 1534 5697 imperatori
1563 5624 1755 5678 militat
1781 5622 1899 5677 Sal-

397 5754 424 5784 ι
616 5743 676 5799 S.
703 5743 888 5817 crucis
916 5742 969 5797 in
997 5740 1106 5798 Jer.
1128 5739 1258 5813 legit
1285 5757 1299 5791 :
1330 5739 1417 5810 qui
1439 5736 1708 5810 {abrefecit
1731 5736 1901 5791 taber-

397 5831 454 5870 cn
478 5831 583 5869 um.
844 5863 851 5870 .

319 5828 583 5870 statutum.

2000 5078 2194 5132 minus.
2241 5076 2357 5132 Non
2387 5076 2561 5147 pergit
2589 5075 2862 5140 Dominus,
2892 5073 2986 5130 sed
3020 5073 3197 5145 pergit
3220 5072 3430 5127 Domini
3456 5086 3577 5126 me-

1999 5168 2207 5234 dicina;
2259 5183 2365 5222 non
2416 5167 2597 5222 visitat
2637 5175 2894 5234 aegrotum
2942 5163 3208 5231 Salvator,
3261 5163 3354 5219 sed
3400 5161 3578 5217 visitat

2000 5260 2201 5314 sanitas
2238 5257 2553 5314 Salvatoris.
2596 5256 2674 5312 De
2715 5255 2966 5312 fratribus
2993 5272 3121 5311 vero
3148 5256 3347 5310 nostris
3374 5252 3579 5307 sanctis

2003 5350 2131 5405 viris
2160 5349 2426 5405 Vitaliano
2454 5357 2510 5404 et
2535 5347 2744 5419 Majano
2771 5348 2899 5418 quid
2928 5347 3136 5402 dicam?
3164 5344 3287 5398 Scio
3317 5343 3435 5397 illos
3462 5343 3579 5411 glo-

2003 5441 2135 5495 riam
2181 5440 2249 5494 ab
2292 5440 2598 5495 hominibus
2631 5455 2738 5493 non
2776 5452 3034 5509 quau-ere,
3067 5434 3167 5487 nisi
3202 5447 3233 5486 a
3271 5431 3388 5486 solo
3417 5431 3530 5485 Deo
3562 5449 3576 5484 :

2002 5530 2100 5586 sed
2124 5539 2300 5586 tamen
2325 5530 2534 5593 laudem
2555 5545 2760 5594 eorum,
2785 5529 2887 5583 etsi
2906 5540 3007 5593 ego
3029 5534 3251 5589 taceam,
3276 5522 3387 5589 ipsa
3412 5536 3576 5590 apera

2005 5623 2327 5694 loquuntur;
2368 5624 2437 5678 ad
2476 5606 2709 5693 ipsorum
2739 5619 2880 5674 enim
2912 5614 3119 5669 laudem
3159 5612 3391 5682 pertinet
3417 5610 3577 5681 quid-

2078 5735 2104 5774 δ
2134 5736 2267 5792 Cod.
2293 5735 2349 5790 S.
2382 5734 2565 5790 Crucis
2592 5735 2642 5787 in
2671 5730 2781 5784 Jer.
2809 5729 2970 5796 legit:
3002 5726 3093 5783 sed
3129 5735 3323 5782 tantum
3352 5726 3439 5782 dis
3466 5743 3579 5783 ver-

2004 5805 2143 5874 bum,
2171 5815 2221 5860 et
2248 5803 2534 5860 sanabitur.
2567 5803 2613 5856 ο
2640 5801 2789 5871 ﬁdes,
2817 5805 2922 5854 etc.
