4052 6330
480 341 596 433 rso

1537 362 1594 420 s.
1635 360 1878 417 MAXIMI
1915 357 2216 416 EPISCOPI
2255 317 2706 418 rwninmvsrs

3630 366 3750 427 156

483 485 610 564 quid
635 485 688 541 in
716 483 836 540 aliis
860 483 1020 555 paulo
1048 487 1173 536 ante
1201 477 1552 535 laudavimus.
1583 475 1717 531 Nam
1744 475 1849 531 hoc
1877 473 2058 528 taber-
2090 479 2130 536 Α
2161 474 2515 531 substantiam
2549 482 2606 530 et
2643 474 2698 530 in
2733 473 2893 545 hujus
2933 475 3196 536 facturam
3238 479 3422 552 operis
3463 480 3752 552 expende—

483 578 750 644 uaculum,
781 576 882 632 etsi
919 574 1131 646 plurimi
1155 578 1591 638 construxerunt,
1623 570 1677 628 hi
1705 577 1886 624 tamen
1913 581 2061 622 suin-

482 677 576 743 ptu
599 668 806 741 operati
831 674 956 724 sunt
975 682 1083 722 uno
1111 680 1350 720 assensu.
1370 663 1439 718 Et
1458 677 1566 733 quo
1589 661 1800 717 tandem
1823 665 2052 730 sumptu,

483 775 606 818 cum
632 761 739 816 sint
765 759 819 814 in
847 758 1040 814 saeculo
1069 756 1368 811 mediocres
1396 762 1452 809 et
1479 755 1702 809 tenues?
1729 752 1826 807 lllo
1854 749 2062 807 scilicet

484 852 550 908 de
577 867 684 922 quo
709 851 786 906 ait
812 848 1119 920 Apostolus,
1150 847 1468 902 abundantia
1496 845 1620 919 ﬁdei
1645 853 1694 899 et
1721 843 1912 898 diuitiis
1930 843 2056 896 sim-

484 943 730 1015 plieitatis
761 939 850 1013 (II
878 939 997 996 Cor.
1025 938 1159 1010 vni).
1186 937 1282 992 Est
1307 938 1449 992 enim
1479 935 1678 993 sanctis
1705 935 1831 990 viris
1850 947 2062 1004 semper

487 1031 634 1088 dives
663 1032 774 1102 ipsa
804 1037 1111 1100 paupertas.
1157 1027 1310 1083 Unde
1347 1027 1508 1109 credo
1555 1027 1654 1082 hos
1697 1025 1885 1080 beatos
1922 1023 2063 1078 hanc

489 1123 768 1178 ecclesiam
816 1138 923 1177 non
973 1122 1150 1176 minus
1195 1119 1526 1175 orationibus
1573 1133 1733 1189 quam
1785 1113 2068 1186 impendiis

489 1212 810 1280 fabricasse;
841 1214 919 1268 sic
945 1213 1086 1268 enim
1113 1213 1396 1283 oportebat
1424 1220 1482 1266 ut
1507 1226 1641 1282 opus
1665 1208 1862 1265 Christi
1890 1207 2067 1279 preci-

492 1304 606 1360 bus-
635 1303 804 1373 magis
850 1311 1120 1360 cresceret
1162 1318 1326 1373 quam
1371 1303 1662 1358 carmentis.
1707 1300 1898 1356 Totam
1927 1299 2069 1353 enim

2163 575 2308 636 runt,
2337 574 2394 622 et
2420 567 2552 638 ipsis
2575 573 2725 623 certe
2750 567 2884 622 nihil
2921 567 3091 626 deest.
3120 569 3239 642 Ipsa
3266 569 3428 642 plane
3469 579 3576 636 est,
3607 572 3756 630 sicut

2163 656 2415 724 diximus,
2445 656 2595 712 dives
2619 655 2966 728 locuplesque
3007 667 3316 729 paupertas,
3345 675 3467 730 quae
3491 661 3760 730 expendit

2163 749 2346 808 omnia
2374 757 2432 805 et
2456 747 2698 821 possidet
2724 749 2924 806 omnia.
2970 748 3079 806 Sed
3113 751 3227 808 haec
3258 766 3291 808 a
3324 751 3439 808 Deo
3461 751 3756 810 benedicta

2165 850 2266 909 est,
2293 842 2432 899 sicut
2458 841 2546 898 illa
2572 841 2732 897 vidua
2760 841 2828 897 de
2855 857 2963 914 qua
2991 841 3121 898 dicit
3165 842 3426 901 Dominus
3467 844 3526 900 in
3567 842 3756 899 Evan-

2165 935 2306 1005 gelio
2326 935 2516 1007 (Marc.
2546 933 2642 1006 ιιι)
2667 951 2681 988 :
2704 933 2894 992 Mulier
2912 935 3028 991 haec
3045 933 3206 992 vidua
3225 950 3432 1007 pauper
3445 935 3570 1007 plus
3587 951 3758 1007 quam

2169 1040 2357 1081 omnes
2378 1025 2552 1091 misit;
2587 1039 2710 1080 nam
2737 1040 2926 1081 omnes
2952 1024 3008 1080 bi
3033 1039 3106 1081 ex
3135 1009 3426 1082 abundanti
3452 1025 3560 1082 sibi
3586 1025 3758 1082 mise-

2169 1123 2296 1174 runt
2321 1117 2374 1172 in
2398 1130 2619 1172 munera
2647 1115 2764 1182 Dei,
2805 1116 2922 1174 hac
2959 1123 3142 1174 autem
3169 1123 3344 1174 totum
3369 1117 3572 1178 victum
3595 1128 3764 1176 suum

2171 1224 2330 1280 quem
2344 1200 2544 1264 ‘habuit
2569 1207 2734 1265 misit.

1853 1409 2120 1474 SERMO
2159 1407 2361 1474 CXIII

753 1538 832 1594 De
856 1554 917 1594 eo
940 1538 1076 1612 quod
1098 1538 1344 1610 scriptum
1369 1544 1484 1593 est:
1517 1534 1699 1591 Venite
1720 1535 1789 1590 ad
1814 1551 1914 1601 me,
1947 1545 2122 1588 omnes
2149 1530 2237 1602 qui
2265 1529 2514 1586 laboratis
2541 1535 2592 1585 et
2619 1531 2822 1586 onerati
2845 1531 2990 1588 estis.
3021 1509 3214 1591 Matth.
3244 1549 3354 1610 cap.
3388 1548 3467 1597 τι.

1913 1644 2309 1706 ADMONITIO.
2358 1660 2366 1666 '

563 1749 644 1806 Ex
671 1748 960 1806 Anecdotis
987 1748 1266 1805 Mnratorii
1293 1756 1426 1805 tom.
1457 1749 1548 1816 IV,
1577 1761 1701 1820 pag.
1735 1745 1860 1820 409,
1891 1744 2036 1799 hunc
2061 1754 2364 1820 sermonem
2404 1741 2673 1810 mutilum,
2703 1749 2763 1798 ut
2785 1741 2930 1812 jacet
2953 1743 3008 1799 in
3037 1744 3222 1802 codice
3250 1743 3641 1804 Ambrosianol
3664 1758 3768 1800 au-

497 1820 679 1886 simus,
706 1820 1061 1890 fragmentum
1081 1835 1296 1891 quoque
1319 1810 1567 1877 eumdem
1582 1810 1942 1873 "Maratori'um
1971 1810 2141 1868 secuti
2169 1810 2522 1880 publicamus.

496 1957 968 2013 Aacnnerrrun.—
987 1956 1219 2011 Christus
1264 1953 1516 2010 Dominus
1552 1953 1818 2024 discipulis
1838 1950 1966 2026 suis
2013 1947 2069 2000 in
2103 1947 2146 2005 Β
2174 1945 2370 2000 mentis
2398 1945 2753 2016 proficiscitur
2780 1948 3031 2020 puritate,
3063 1963 3169 2005 non
3197 1965 3317 2020 qua:
3343 1951 3414 2010 de
3439 1952 3640 2010 vitioso
3666 1970 3760 2026 pe-

562 2029 834 2096 semetipso
859 2026 1118 2082 imitanda
1135 2026 1385 2080 doctrina
1415 2035 1611 2080 sancta
1633 2023 1872 2095 proponit
1899 2033 2073 2075 exent-

497 2142 500 2146 .
564 2099 671 2169 pla.
701 2095 867 2162 Quale
895 2099 963 2152 sit
991 2097 1130 2151 illius
1155 2096 1337 2168 jugum
1365 2103 1416 2149 et
1444 2111 1593 2150 onus.

565 2233 699 2288 Cum
727 2231 1108 2302 omnipotentis
1135 2230 1229 2296 Dei
1255 2228 1571 2298 Unigenitus
1596 2227 1714 2298 quis
1741 2232 2078 2295 quantusque

497 2330 639 2380 esset
675 2319 1020 2377 manifestare
1062 2319 1367 2376 hominibus
1393 2320 1554 2376 vellet
1589 2327 1650 2378 et
1685 2316 1942 2372 bonitatis
1969 2329 2078 2368 suae

498 2411 697 2469 fontem
721 2413 1088 2484 proposuisset
1112 2411 1322 2482 aperire
1347 2410 1680 2474 mortalibus,
1706 2409 1784 2464 sic
1813 2409 1888 2462 ait
1910 2425 1923 2460 ;
1953 2405 2080 2460 0m-

499 2504 585 2559 rtia
605 2503 730 2558 mihi
752 2502 943 2558 tradita
965 2509 1084 2558 sunt
1104 2519 1136 2556 a
1157 2501 1318 2557 Patre
1337 2518 1468 2566 meo,
1489 2511 1538 2555 et
1558 2517 1704 2554 nemo
1725 2500 1864 2554 novit
1885 2495 1930 2551 Ρ
1933 2497 2080 2552 ilium

499 2597 601 2652 nisi
629 2595 807 2662 Pater,
837 2611 996 2667 neque
1022 2593 1235 2649 Patrem
1262 2594 1374 2666 quis
1403 2593 1540 2648 norit
1572 2593 1672 2647 nisi
1703 2590 1751 2644 F
1754 2591 1895 2659 ilius,
1923 2598 1972 2644 et
1999 2590 2081 2643 cui

503 2688 714 2743 voluerit
732 2685 902 2740 Filius
929 2687 1154 2740 reuelare
1182 2683 1396 2752 (Matth.
1413 2680 1678 2754 xr)?H'.ec,
1697 2681 1978 2747 carissimi,
2003 2680 2082 2735 al-

503 2785 656 2834 terna
683 2778 856 2832 Patris
881 2777 1108 2846 Filiique
1134 2777 1368 2846 cognitio
1399 2791 1556 2832 unam
1584 2776 1700 2831 sine
1727 2774 1892 2830 dubio
1920 2783 2082 2844 atque

505 2867 784 2922 indivisam
812 2865 1048 2922 ostendit
1074 2882 1193 2922 esse
1219 2868 1594 2922 substantiam.
1624 2865 1918 2922 Sollicitius
1942 2880 2083 2920 nunc

507 2958 785 3026 intendite,
815 2959 1028 3028 fratres,
1057 2973 1176 3028 qua:
1200 2967 1505 3028 quantaque
1532 2958 1603 3014 sit
1630 2959 1768 3028 apud
1798 2957 2081 3013 Dominum

505 3067 568 3106 ac
597 3049 1010 3120 Redemptorem
1039 3052 1286 3106 nostrum’
1309 3049 1504 3105 divina:
1527 3051 1694 3104 virtus
1725 3058 1944 3114 natur-te,
1975 3063 2082 3105 cas-

507 3141 762 3214 lestisque
797 3140 1056 3198 doctrinae
1095 3141 1383 3213 sapientia,
1423 3150 1478 3198 et
1521 3141 1920 3198 clementissimi
1967 3141 2084 3211 ejus

506 3233 739 3306 pectoris
760 3233 1202 3306 incomprehensa
1226 3233 1546 3302 benignitas.
1568 3231 1858 3302 Postquam
1879 3232 2022 3288 enim
2049 3247 2080 3287 a

2177 2044 2326 2092 ctore
2355 2037 2684 2093 conscientia
2724 2037 3026 2110 trepidante
3065 2039 3362 2098 descendit.
3407 2039 3628 2111 Discite,
3670 2046 3765 2116 sic

2175 2151 2210 2188 α
2228 2151 2328 2199 me,
2357 2135 2481 2206 quia
2507 2135 2647 2190 mitis
2667 2150 2783 2191 sunt
2809 2144 2860 2191 et
2886 2137 3093 2194 Acutilio
3112 2137 3284 2194 corde.
3305 2137 3481 2206 Quam
3501 2139 3644 2196 bene
3662 2141 3769 2195 do-

2177 2234 2266 2282 cet
2301 2226 2423 2282 talis
2463 2227 2734 2295 magister,
2765 2229 2858 2299 qui
2897 2227 3173 2302 discipulis
3213 2231 3326 2287 suis
3370 2231 3424 2288 in
3469 2233 3768 2304 semetipso

2179 2317 2434 2374 imitanda
2461 2317 2720 2376 doctrina:
2740 2315 2942 2376 sanctae
2966 2322 3220 2392 proponit
3245 2325 3515 2394 exerupla.
3538 2324 3652 2380 Vos
3670 2339 3771 2380 ιιι-

2179 2417 2312 2478 tem,
2342 2409 2626 2478 carissimi,
2653 2426 2759 2466 non
2789 2411 2858 2466 ad
2884 2411 3170 2468 humanam
3193 2413 3552 2483 fragilitatem,
3575 2414 3672 2470 sed
3698 2416 3772 2472 ad

2180 2501 2329 2558 illum
2353 2488 2566 2572 semper
2591 2502 2846 2559 intendite
2873 2504 2965 2574 qui
3003 2521 3121 2575 quae
3153 2505 3386 2562 faciebat
3427 2507 3772 2576 loquebatur,

2179 2600 2235 2648 et
2261 2607 2380 2663 quae
2408 2593 2617 2648 locutus
2641 2601 2724 2648 est
2752 2592 2896 2650 fecit.
2931 2594 3134 2662 Tollite,
3163 2597 3259 2662 ait,
3276 2599 3460 2670 jugum
3491 2615 3664 2654 meum
3680 2615 3772 2654 su-

2179 2701 2272 2755 per
2311 2700 2420 2750 vos,
2459 2685 2578 2754 quia
2605 2685 2771 2758 688
2791 2686 2978 2757 jagum
3017 2703 3184 2741 meum
3227 2704 3382 2742 suave
3415 2696 3512 2752 est,
3553 2696 3604 2744 et
3641 2705 3773 2746 onus

2181 2791 2348 2829 meum
2385 2775 2506 2830 leve.
2547 2773 2739 2844 Jugum
2775 2775 2992 2843 Christi,
3038 2775 3251 2844 fratres,
3290 2780 3470 2836 omnia
3513 2779 3777 2840 diabolici

2175 2867 2290 2938 jugi
2317 2867 2692 2936 colligamenta
2718 2867 2982 2926 dissolvit.
3014 2869 3204 2939 iugum
3233 2869 3434 2927 Christi
3461 2887 3572 2928 non
3600 2873 3774 2932 inurit

2183 2957 2344 3026 colla,
2373 2957 2466 3013 sed
2495 2967 2670 3013 emat.
2711 2957 2904 3028 Jugum
2949 2959 3146 3016 Christi
3178 2977 3285 3017 non
3314 2961 3568 3033 deprimit
3589 2965 3773 3034 capita

2183 3057 2385 3115 nostra,
2415 3048 2510 3104 sed
2537 3049 2798 3104 continet.
2831 3049 3021 3120 iugum
3048 3049 3247 3107 Christi
3275 3052 3519 3110 sulcante
3543 3071 3772 3113 vomere

2184 3141 2326 3210 ﬁlei,
2355 3140 2604 3195 vitiorum
2647 3139 2886 3197 omnium
2923 3141 3163 3211 gramina
3191 3151 3480 3214 sentesque
3517 3145 3769 3202 succidit.

2183 3232 2374 3303 Jugu‘m
2406 3229 2611 3288 Christi
2627 3232 2985 3290 concordibus
3012 3233 3251 3288 caritatis
3278 3233 3500 3291 vinculis
3525 3237 3582 3292 in
3605 3246 3773 3294 aeter-

507 3327 616 3382 Deo
644 3321 802 3380 Patre
823 3341 941 3392 suo,
971 3324 1110 3381 sicut
1137 3325 1477 3396 evangelicus
1499 3342 1676 3382 sermo
1701 3334 1948 3395 testatur,
1979 3335 2087 3381 tra-
2111 3309 2158 3373 C
2190 3338 2312 3377 nam
2341 3323 2654 3378 societatem
2683 3321 2850 3378 Deum
2881 3323 3266 3393 hominumque
3293 3324 3589 3396 coniungit.
3635 3326 3776 3393 Quid

507 3416 616 3472 dita
653 3415 756 3472 sibi
797 3415 1044 3471 universa
1089 3414 1363 3485 professus
1399 3425 1500 3481 est,
1541 3431 1736 3486 neque,
1775 3423 1882 3472 etc.
1921 3415 2080 3488 637

507 3507 685 3583 (Deest
731 3511 940 3581 pagina.
1000 3508 1243 3581 Sequitur
1292 3511 1685 3582 fragmentum.)
1729 3550 1743 3564 .
1787 3550 1800 3563 .
1845 3549 1858 3563 .
1902 3549 1916 3562 .
1960 3550 1974 3564 .
2015 3509 2086 3566 de

508 3599 706 3656 dolosis
733 3599 1022 3671 simplices,
1047 3597 1124 3654 'de
1160 3598 1427 3654 iracundis
1464 3597 1726 3670 placidos,
1759 3597 1986 3654 humiles
2020 3597 2088 3654 de

509 3693 769 3766 superbis.
801 3691 994 3750 Relicit
1015 3707 1162 3763 ergo.
1196 3689 1306 3750 imo
1333 3690 1522 3748 refacit
1557 3689 1940 3757 nos'Christus,
1965 3706 2088 3748 cum

511 3796 599 3842 aut
625 3784 982 3843 severioribus
1024 3785 1243 3840 monitis
1279 3783 1659 3840 committenda
1687 3783 1944 3854 pnevenit
1968 3798 2088 3838 sce-

510 3874 640 3944 lera,
665 3883 758 3932 aut
779 3875 1118 3945 indulgentim
1136 3891 1245 3930 sua:
1268 3890 1489 3931 munere
1515 3882 1821 3946 perpetrata
1841 3874 2088 3930 remittit.

511 3967 715 4038 Tollite,
746 3951 837 4035 ait,
853 3969 1037 4040 jugum
1057 3984 1224 4022 meum
1246 3983 1397 4039 super
1416 3983 1523 4036 vos,
1552 3977 1602 4020 et
1620 3965 1800 4022 discite
1819 3983 1850 4020 a
1873 3984 1953 4021 me
1970 3967 2090 4040 quia

513 4060 651 4115 mitis
679 4077 791 4115 sum
818 4070 868 4114 et
891 4060 1098 4114 humilis
1125 4060 1278 4116 corde
1314 4059 1526 4134 (Matth.
1548 4061 1646 4133 ιι).
1676 4059 1816 4116 Vere
1841 4060 1986 4116 mitis
2009 4067 2092 4116 est

516 4151 777 4215 Christus,
808 4153 933 4222 quia
961 4153 1030 4208 ob
1059 4153 1164 4210 hoc
1190 4152 1468 4208 descendit
1493 4153 1560 4208 de
1588 4154 1749 4222 coelo,
1781 4161 1836 4208 ut
1864 4169 1962 4224 per
1989 4169 2089 4224 op-

515 4243 730 4313 probria
755 4241 1079 4316 iniuriasque
1105 4259 1228 4299 suas
1250 4243 1591 4314 peccantibus
1614 4257 1827 4314 semper
1851 4243 2106 4300 mortali-'

514 4333 615 4390 bus
643 4334 1022 4404 indulgentiam
1051 4335 1352 4404 largiretur.
1377 4331 1445 4389 Et
1471 4350 1594 4390 vere
1620 4342 1702 4408 est
1739 4335 1972 4402 humilis,
2001 4334 2092 4404 qui

515 4433 576 4480 ut
603 4425 737 4481 mori
783 4441 884 4497 pro
926 4425 1152 4480 mortuis
1193 4433 1396 4496 posset,
1425 4425 1692 4482 carnalem
1721 4427 1820 4482 sibi
1848 4426 2094 4496 dignatus

511 4526 596 4573 est
622 4519 935 4574 consociare
959 4527 1225 4574 naturam.
1258 4517 1402 4575 Mitis
1431 4537 1563 4584 sum,
1595 4519 1784 4590 inquit,
1815 4529 1864 4574 et
1891 4520 2094 4574 Immitis

514 4611 685 4668 corde.
727 4609 904 4668 Corde
939 4627 998 4668 se
1042 4628 1161 4668 esse
1204 4612 1460 4668 humilem
1499 4610 1755 4668 Dominus
1794 4611 2092 4682 profitetur,

2187 3411 2350 3467 etiam
2386 3411 2454 3466 de
2499 3426 2664 3467 onere
2710 3411 2989 3467 Dominico
3027 3427 3346 3484 prosequar,
3377 3415 3522 3485 quod
3558 3415 3776 3486 quidem

2187 3502 2488 3572 hujusmodi
2515 3511 2616 3568 est,
2648 3511 2707 3558 ut
2728 3503 3025 3561 cervicibus
3051 3505 3248 3560 nostris
3275 3516 3625 3576 peccatorum
3652 3525 3775 3564 om—

2188 3596 2332 3650 nium
2368 3595 2578 3668 pondus
2612 3597 2850 3651 avertat?
2893 3594 3040 3654 Onus
3079 3599 3221 3653 enim
3265 3597 3466 3654 Christi
3506 3599 3775 3671 pudicitia

2189 3698 2289 3756 est,
2317 3705 2452 3745 onus
2477 3687 2674 3747 Christi
2703 3689 2976 3744 humilitas
2997 3699 3098 3758 est,
3127 3707 3264 3748 onus
3283 3689 3483 3748 Christi
3511 3693 3775 3764 patientia

2191 3791 2290 3850 est,
2318 3799 2452 3839 onus
2474 3779 2673 3838 Christi
2710 3790 3053 3854 contemptus
3079 3791 3163 3839 est
3191 3784 3396 3852 mundi,
3427 3795 3482 3840 et
3511 3800 3610 3856 pro
3637 3800 3776 3842 con-

2191 3874 2420 3930 fessione
2465 3873 2697 3928 nominis
2726 3871 2842 3943 ejus
2869 3873 3018 3928 beati
3062 3881 3328 3930 tormenta
3358 3875 3621 3947 martyrii.
3651 3873 3774 3934 Habe

2191 3968 2365 4037 nobis,
2394 3966 2606 4034 fratres,
2631 3966 2987 4022 saluberrima
3027 3967 3151 4023 vita:
3198 3982 3364 4024 onera
3393 3967 3643 4024 Salvator
3671 3969 3775 4023 ἰω-

2191 4059 2362 4131 ponit,
2390 4073 2457 4112 ne
2485 4056 2775 4112 mortiferis
2816 4055 3000 4112 mundi
3028 4056 3187 4130 hujus
3223 4057 3551 4128 ponderibus
3573 4059 3775 4114 οὕτως

2193 4164 2330 4203 mur.
2365 4145 2538 4216 Atque
2580 4143 2700 4200 ideo
2741 4143 3106 4200 devotioribus
3143 4145 3334 4203 studiis
3372 4147 3552 4217 capita
3590 4155 3774 4204 nostra

2187 4241 2316 4311 jngo
2335 4235 2640 4315 evangelise
2662 4235 3054 4303 submittamus,
3080 4237 3424 4307 subjiciamus
3446 4247 3503 4294 et
3521 4238 3772 4297 humeros

2193 4342 2406 4390 nostros
2421 4333 2823 4390 delectabilibus
2841 4340 3039 4388 sancun
3053 4331 3478 4388 conversationis
3497 4333 3771 4397 oneribus,

2193 4435 2453 4497 quatenus
2499 4425 2839 4496 omnipotens
2886 4439 2985 4480 nos
3029 4425 3170 4481 Deus
3208 4433 3393 4482 noster
3429 4440 3460 4480 a
3487 4424 3771 4481 durissimo

2193 4518 2469 4578 diabolica:
2493 4517 2815 4588 captivitatis
2837 4517 2970 4588 jugo
3005 4526 3062 4572 et
3100 4515 3168 4572 ab
3200 4529 3368 4572 onere
3407 4515 3619 4572 misera:
3657 4530 3770 4570 ser-

2195 4611 2377 4666 vitutis
2394 4652 2410 4677 ,
2433 4615 2494 4664 ut
2519 4623 2647 4664 vere
2669 4609 2842 4665 bonus
2870 4615 2927 4664 et
2953 4616 3012 4664 ut
3035 4623 3160 4666 vere
3181 4607 3326 4664 mitis
3345 4621 3540 4664 eruere
3557 4615 3614 4664 et
3637 4606 3769 4663 libe-
3833 4645 3852 4658 .

515 4701 636 4772 quia
666 4702 755 4758 illa
789 4718 918 4760 vere
943 4703 1212 4759 humilitas
1240 4712 1427 4760 sancta
1455 4712 1555 4771 est,
1583 4718 1701 4774 quae
1729 4702 1798 4760 de
1824 4703 2086 4772 religiosae
2115 4697 2166 4756 Β
2192 4717 2310 4757 rare
2335 4690 2599 4771 dignetur.

1863 4835 2136 4900 SERMO
2175 4835 2394 4902 CXIV.

793 4955 963 5028 Super
983 4957 1078 5014 illa
1105 4958 1254 5014 verba
1283 4957 1589 5034 Evangelii:
1623 4957 1748 5025 Quis
1776 4969 1924 5031 putas
1954 4975 2124 5030 major
2149 4951 2247 5014 erit
2275 4977 2327 5014 ιη
2345 4975 2500 5031 regno
2521 4957 2798 5013 caelorum?
2822 4965 2927 5014 etc.
2955 4955 3146 5013 Matta.
3178 4975 3306 5033 cap.
3327 4975 3472 5018 xvm.

1943 5068 2332 5126 ADMONITIO.

445 5195 450 5206 ‘
562 5179 646 5237 'In
689 5175 831 5236 hunc
867 5178 1369 5256 Evangeliilocum
1391 5184 1644 5250 humilius,
1689 5185 2094 5256 cujusinitium
2117 5191 2206 5256 est
2237 5203 2251 5256 ς
2284 5185 2347 5240 Si
2375 5149 2648 5256 diligenter
2684 5185 2906 5240 audistis
2945 5202 3076 5241 evan

513 5266 675 5323 quam
705 5267 852 5306 num.
884 5249 1106 5323 85,_c’ol.
1138 5252 1244 5308 285
1282 5254 1438 5323 hujus
1466 5249 2067 5321 voluminis'edidimns,
2109 5254 2166 5310 S.
2209 5249 2501 5323 Maximum
2535 5265 2809 5312 auctorem
2838 5270 2958 5312 esse
2987 5249 3180 5312 ibidem
3220 5257 3570 5314 ostendimus.

3177 5202 3294 5240 cam
3314 5173 3613 5252 lectionem,
3639 5195 3760 5254 etc,

3615 5257 3760 5327 Igitur

514 5318 568 5400 έι
598 5321 685 5378 hic
712 5335 892 5400 sermo
921 5321 1098 5400 eidem
1127 5318 1576 5400 tribuendusest;
1607 5324 1754 5400 quod
1784 5318 2063 5400 heminam
2087 5341 2208 5400 cum
2239 5318 2586 5400 inscriptione
2615 5347 2627 5380 :
2661 5323 2794 5381 Item
2833 5325 2970 5382 unde
3004 5345 3182 5400 supra,
3224 5327 3278 5382 in
3318 5325 3537 5384 laudato
3582 5318 3758 5384 ibiddm

513 5391 865 5449 Casanatensi
889 5393 1076 5450 codice
1101 5404 1378 5466 sequatur,
1406 5391 1672 5466 similique
1700 5397 1770 5452 sit
1795 5393 2063 5452 scribendi
2091 5396 2302 5452 ratione
2331 5391 2629 5453 confectus.

513 5551 1208 5613 Annianum—Statua
1233 5565 1289 5612 in
1317 5556 1484 5611 medio
1505 5571 1682 5626 puero,
1711 5552 1964 5626 Dentium
1986 5555 2094 5608 uult

483 5681 492 5686 .
585 5635 643 5681 ut
677 5627 835 5682 simili
863 5629 1096 5697 exemplo
1135 5628 1249 5682 sine
1275 5626 1476 5697 malitia
1506 5623 1568 5697 et
1598 5626 1708 5678 sine
1749 5623 1867 5678 dolo
1889 5625 1958 5697 “in
1991 5641 2093 5697 διε-ς

587 5697 966 5816 ευιῧρνωδεηιὶ
996 5691 1239 5752 uincimus.
1275 5695 1595 5749 Patriarchar
1621 5704 1668 5747 et
1697 5691 1916 5764 apostoli
1949 5695 2092 5762 pueri

589 5780 623 5815 α
712 5767 882 5816 omine
923 5768 1272 5816 amllanmr.
1309 5781 1524 5816 atrorum
1569 5763 1857 5816 omnium
1897 5763 2092 5816 imitari

589 5780 626 5840 tt
899 5768 1272 5840 _a'ppellaruur,
1309 5781 1524 5840 quorum
1569 5763 2092 5840 exemplumjmitari

592 5831 844 5890 debemus.
889 5831 969 5889 De
993 5831 1149 5892 'mola
1187 5831 1423 5893 asinaria
1461 5831 1821 5900 suspendenda
1863 5833 1919 5889 in
1957 5831 2093 5890 collo

2260 5555 2887 5683 facientium
2900 5571 2919 5622 ;
2940 5553 3296 5610 harem
3311 5555 3609 5640 W5.
3625 5564 3755 5626 atque

2417 5644 2582 5687 orum.

2261 5740 2576 5808 lgnerantes
2602 5739 2778 5794 adhuc
2803 5737 3048 5808 discipuli
3080 5743 3280 5806 quanta
3312 5745 3458 5793 esset
3483 5735 3646 5807 gloria
3667 5733 3750 5788 hu-

2194 5831 2452 5892 militatis.
2481 5829 2548 5889 de
2577 5829 2754 5887 meriti
2787 5829 2871 5886 sui
2902 5829 2984 5886 vel
3012 5827 3234 5888 honoris
3259 5827 3573 5892 praelatioue
3595 5829 3749 5882 certa-
