  <div class='ocr_page' id='page_1' title='image "/cluster/home/n/w/nwhite01/storage/ocr_20150623/57/hvd.32044015471618/384.png"; bbox 0 0 4052 6330; ppageno 0'>
   <div class='ocr_carea' id='block_1_1' title="bbox 275 342 380 401">
    <p class='ocr_par' dir='ltr' id='par_1_1' title="bbox 275 342 380 401">
     <span class='ocr_line' id='line_1_1' title="bbox 275 342 380 401; baseline -0.019 0"><span class='ocrx_word' id='word_1_1' title='bbox 275 342 380 401; x_wconf 83' lang='lat'><strong>757</strong></span> 
     </span>
    </p>
   </div>
   <div class='ocr_carea' id='block_1_2' title="bbox 1664 327 1854 388">
    <p class='ocr_par' dir='ltr' id='par_1_2' title="bbox 1664 333 1854 388">
     <span class='ocr_line' id='line_1_2' title="bbox 1664 333 1854 388; baseline -0.032 -1"><span class='ocrx_word' id='word_1_2' title='bbox 1664 333 1854 388; x_wconf 59' lang='lat' dir='ltr'><strong>SERM!</strong></span> 
     </span>
    </p>
   </div>
   <div class='ocr_carea' id='block_1_3' title="bbox 1957 327 3516 388">
    <p class='ocr_par' dir='ltr' id='par_1_3' title="bbox 1957 327 3516 385">
     <span class='ocr_line' id='line_1_3' title="bbox 1957 327 3516 385; baseline -0.003 0"><span class='ocrx_word' id='word_1_3' title='bbox 1957 329 2106 385; x_wconf 73' lang='lat' dir='ltr'><strong>iXIV.</strong></span> <span class='ocrx_word' id='word_1_4' title='bbox 3412 327 3516 383; x_wconf 57' lang='grc' dir='ltr'><strong>ηδε</strong></span> 
     </span>
    </p>
   </div>
   <div class='ocr_carea' id='block_1_4' title="bbox 276 406 3516 519">
    <p class='ocr_par' dir='ltr' id='par_1_4' title="bbox 276 406 3516 519">
     <span class='ocr_line' id='line_1_4' title="bbox 276 406 3516 519; baseline -0.004 -9"><span class='ocrx_word' id='word_1_5' title='bbox 276 456 422 518; x_wconf 68' lang='lat' dir='ltr'><strong>tinuit,</strong></span> <span class='ocrx_word' id='word_1_6' title='bbox 453 453 692 511; x_wconf 83' lang='lat' dir='ltr'><strong>dicentes</strong></span> <span class='ocrx_word' id='word_1_7' title='bbox 719 452 786 506; x_wconf 84' lang='lat' dir='ltr'><strong>ad</strong></span> <span class='ocrx_word' id='word_1_8' title='bbox 815 451 1094 508; x_wconf 65' lang='lat' dir='ltr'><strong>iniminum</strong></span> <span class='ocrx_word' id='word_1_9' title='bbox 1126 470 1136 503; x_wconf 91' lang='lat'>:</span> <span class='ocrx_word' id='word_1_10' title='bbox 1171 450 1295 514; x_wconf 77' lang='lat' dir='ltr'><strong>Quis</strong></span> <span class='ocrx_word' id='word_1_11' title='bbox 1335 461 1482 519; x_wconf 80' lang='lat' dir='ltr'><strong>putus</strong></span> <span class='ocrx_word' id='word_1_12' title='bbox 1514 450 1681 518; x_wconf 84' lang='lat' dir='ltr'><strong><em>major</em></strong></span> <span class='ocrx_word' id='word_1_13' title='bbox 1701 456 1776 499; x_wconf 89' lang='lat' dir='ltr'><strong>est</strong></span> <span class='ocrx_word' id='word_1_14' title='bbox 1799 448 1851 499; x_wconf 85' lang='lat' dir='ltr'><strong>in</strong></span> <span class='ocrx_word' id='word_1_15' title='bbox 1881 447 1928 505; x_wconf 83' lang='grc' dir='ltr'><strong>Α</strong></span> <span class='ocrx_word' id='word_1_16' title='bbox 1957 446 2070 515; x_wconf 82' lang='lat' dir='ltr'><strong>ejus</strong></span> <span class='ocrx_word' id='word_1_17' title='bbox 2099 443 2251 514; x_wconf 82' lang='lat' dir='ltr'><strong>(Isai‘.</strong></span> <span class='ocrx_word' id='word_1_18' title='bbox 2283 406 2378 515; x_wconf 68' lang='lat' dir='ltr'><strong>lxi.</strong></span> <span class='ocrx_word' id='word_1_19' title='bbox 2410 443 2537 500; x_wconf 88' lang='lat' dir='ltr'><strong>Inde</strong></span> <span class='ocrx_word' id='word_1_20' title='bbox 2565 458 2795 514; x_wconf 84' lang='lat' dir='ltr'><strong>namque</strong></span> <span class='ocrx_word' id='word_1_21' title='bbox 2822 445 2984 500; x_wconf 86' lang='lat' dir='ltr'><strong>etiam</strong></span> <span class='ocrx_word' id='word_1_22' title='bbox 3006 442 3103 499; x_wconf 80' lang='lat' dir='ltr'><strong>SS.</strong></span> <span class='ocrx_word' id='word_1_23' title='bbox 3136 451 3458 514; x_wconf 73' lang='lat' dir='ltr'><strong>patriarcnze</strong></span> <span class='ocrx_word' id='word_1_24' title='bbox 3496 457 3516 489; x_wconf 79' lang='grc' dir='ltr'><strong>ι</strong></span> 
     </span>
    </p>
   </div>
   <div class='ocr_carea' id='block_1_5' title="bbox 273 535 1854 615">
    <p class='ocr_par' dir='ltr' id='par_1_5' title="bbox 273 535 1854 615">
     <span class='ocr_line' id='line_1_5' title="bbox 273 535 1854 615; baseline -0.007 -16"><span class='ocrx_word' id='word_1_25' title='bbox 273 559 433 615; x_wconf 77' lang='lat' dir='ltr'><strong>regno</strong></span> <span class='ocrx_word' id='word_1_26' title='bbox 461 542 700 598; x_wconf 74' lang='lat' dir='ltr'><strong>castorum</strong></span> <span class='ocrx_word' id='word_1_27' title='bbox 728 539 940 611; x_wconf 64' lang='grc' dir='ltr'><strong>(Βοιώ.</strong></span> <span class='ocrx_word' id='word_1_28' title='bbox 967 541 1149 610; x_wconf 77' lang='lat' dir='ltr'><strong>xvut)?</strong></span> <span class='ocrx_word' id='word_1_29' title='bbox 1170 539 1580 596; x_wconf 87' lang='lat' dir='ltr'><strong>Contentionem</strong></span> <span class='ocrx_word' id='word_1_30' title='bbox 1609 535 1854 605; x_wconf 81' lang='lat' dir='ltr'><strong>discipuli</strong></span> 
     </span>
    </p>
   </div>
   <div class='ocr_carea' id='block_1_6' title="bbox 273 626 1853 700">
    <p class='ocr_par' dir='ltr' id='par_1_6' title="bbox 273 626 1853 700">
     <span class='ocr_line' id='line_1_6' title="bbox 273 626 1853 700; baseline -0.006 -12"><span class='ocrx_word' id='word_1_31' title='bbox 273 631 547 688; x_wconf 79' lang='lat' dir='ltr'><strong>habebant</strong></span> <span class='ocrx_word' id='word_1_32' title='bbox 582 630 704 700; x_wconf 81' lang='lat' dir='ltr'><strong>quis</strong></span> <span class='ocrx_word' id='word_1_33' title='bbox 741 626 912 698; x_wconf 83' lang='lat' dir='ltr'><strong>major</strong></span> <span class='ocrx_word' id='word_1_34' title='bbox 947 637 1092 684; x_wconf 85' lang='lat' dir='ltr'><strong>esset</strong></span> <span class='ocrx_word' id='word_1_35' title='bbox 1128 629 1182 684; x_wconf 91' lang='lat' dir='ltr'><strong>in</strong></span> <span class='ocrx_word' id='word_1_36' title='bbox 1221 643 1388 698; x_wconf 81' lang='lat' dir='ltr'><strong>regno</strong></span> <span class='ocrx_word' id='word_1_37' title='bbox 1426 628 1702 692; x_wconf 64' lang='lat' dir='ltr'><strong>calorum,</strong></span> <span class='ocrx_word' id='word_1_38' title='bbox 1731 641 1853 681; x_wconf 91' lang='lat' dir='ltr'><strong>cum</strong></span> 
     </span>
    </p>
   </div>
   <div class='ocr_carea' id='block_1_7' title="bbox 275 718 1851 790">
    <p class='ocr_par' dir='ltr' id='par_1_7' title="bbox 275 718 1851 790">
     <span class='ocr_line' id='line_1_7' title="bbox 275 718 1851 790; baseline -0.007 -9"><span class='ocrx_word' id='word_1_39' title='bbox 275 723 395 788; x_wconf 79' lang='lat' dir='ltr'><strong>sine</strong></span> <span class='ocrx_word' id='word_1_40' title='bbox 416 721 579 779; x_wconf 82' lang='lat' dir='ltr'><strong>dubio</strong></span> <span class='ocrx_word' id='word_1_41' title='bbox 609 721 747 790; x_wconf 80' lang='lat' dir='ltr'><strong>apud</strong></span> <span class='ocrx_word' id='word_1_42' title='bbox 779 720 944 778; x_wconf 86' lang='lat' dir='ltr'><strong>Deum</strong></span> <span class='ocrx_word' id='word_1_43' title='bbox 973 720 1062 776; x_wconf 90' lang='lat' dir='ltr'><strong>ille</strong></span> <span class='ocrx_word' id='word_1_44' title='bbox 1087 720 1262 789; x_wconf 84' lang='lat' dir='ltr'><strong>major</strong></span> <span class='ocrx_word' id='word_1_45' title='bbox 1285 720 1544 775; x_wconf 75' lang='lat' dir='ltr'><strong>habeatur</strong></span> <span class='ocrx_word' id='word_1_46' title='bbox 1561 720 1652 787; x_wconf 88' lang='lat' dir='ltr'><strong>qui</strong></span> <span class='ocrx_word' id='word_1_47' title='bbox 1673 718 1851 772; x_wconf 86' lang='lat' dir='ltr'><strong>humi-</strong></span> 
     </span>
    </p>
   </div>
   <div class='ocr_carea' id='block_1_8' title="bbox 274 811 1852 884">
    <p class='ocr_par' dir='ltr' id='par_1_8' title="bbox 274 811 1852 884">
     <span class='ocr_line' id='line_1_8' title="bbox 274 811 1852 884; baseline -0.004 -12"><span class='ocrx_word' id='word_1_48' title='bbox 274 815 378 872; x_wconf 88' lang='lat' dir='ltr'><strong>lior</strong></span> <span class='ocrx_word' id='word_1_49' title='bbox 405 815 586 882; x_wconf 82' lang='lat' dir='ltr'><strong>fuerit,</strong></span> <span class='ocrx_word' id='word_1_50' title='bbox 615 815 824 873; x_wconf 80' lang='lat' dir='ltr'><strong>dicente</strong></span> <span class='ocrx_word' id='word_1_51' title='bbox 851 815 966 884; x_wconf 89' lang='lat' dir='ltr'><strong>ipso</strong></span> <span class='ocrx_word' id='word_1_52' title='bbox 989 832 1003 870; x_wconf 87' lang='lat'><strong>:</strong></span> <span class='ocrx_word' id='word_1_53' title='bbox 1030 811 1130 878; x_wconf 83' lang='lat' dir='ltr'><strong>Qui</strong></span> <span class='ocrx_word' id='word_1_54' title='bbox 1155 831 1209 869; x_wconf 84' lang='lat' dir='ltr'><strong>se</strong></span> <span class='ocrx_word' id='word_1_55' title='bbox 1226 814 1530 869; x_wconf 67' lang='lat' dir='ltr'><strong>excitauerit</strong></span> <span class='ocrx_word' id='word_1_56' title='bbox 1557 812 1852 866; x_wconf 78' lang='lat' dir='ltr'><strong>ttumiliabi-</strong></span> 
     </span>
    </p>
   </div>
   <div class='ocr_carea' id='block_1_9' title="bbox 276 902 1850 976">
    <p class='ocr_par' dir='ltr' id='par_1_9' title="bbox 276 902 1850 976">
     <span class='ocr_line' id='line_1_9' title="bbox 276 902 1850 976; baseline -0.001 -16"><span class='ocrx_word' id='word_1_57' title='bbox 276 915 376 972; x_wconf 86' lang='lat' dir='ltr'><strong>tur,</strong></span> <span class='ocrx_word' id='word_1_58' title='bbox 394 914 444 960; x_wconf 86' lang='lat' dir='ltr'><strong>et</strong></span> <span class='ocrx_word' id='word_1_59' title='bbox 457 907 540 976; x_wconf 89' lang='lat' dir='ltr'><strong>qui</strong></span> <span class='ocrx_word' id='word_1_60' title='bbox 561 923 614 959; x_wconf 87' lang='lat' dir='ltr'><strong>se</strong></span> <span class='ocrx_word' id='word_1_61' title='bbox 636 905 972 960; x_wconf 85' lang='lat' dir='ltr'><strong>ltumiliaverit</strong></span> <span class='ocrx_word' id='word_1_62' title='bbox 991 904 1214 959; x_wconf 75' lang='lat' dir='ltr'><strong>exaltabi</strong></span> <span class='ocrx_word' id='word_1_63' title='bbox 1220 915 1302 960; x_wconf 88' lang='lat' dir='ltr'><strong>tur</strong></span> <span class='ocrx_word' id='word_1_64' title='bbox 1317 904 1529 976; x_wconf 83' lang='lat' dir='ltr'><strong>(Matth.</strong></span> <span class='ocrx_word' id='word_1_65' title='bbox 1550 904 1698 976; x_wconf 77' lang='lat' dir='ltr'><strong>xxm)</strong></span> <span class='ocrx_word' id='word_1_66' title='bbox 1709 946 1721 960; x_wconf 93' lang='lat'><strong>.</strong></span> <span class='ocrx_word' id='word_1_67' title='bbox 1737 902 1850 958; x_wconf 87' lang='lat' dir='ltr'><strong>Un-</strong></span> 
     </span>
    </p>
   </div>
   <div class='ocr_carea' id='block_1_10' title="bbox 271 997 1852 1067">
    <p class='ocr_par' dir='ltr' id='par_1_10' title="bbox 271 997 1852 1067">
     <span class='ocr_line' id='line_1_10' title="bbox 271 997 1852 1067; baseline -0.001 -15"><span class='ocrx_word' id='word_1_68' title='bbox 271 999 340 1052; x_wconf 90' lang='lat' dir='ltr'><strong>de</strong></span> <span class='ocrx_word' id='word_1_69' title='bbox 367 1014 474 1052; x_wconf 91' lang='lat' dir='ltr'><strong>non</strong></span> <span class='ocrx_word' id='word_1_70' title='bbox 504 999 771 1053; x_wconf 82' lang='lat' dir='ltr'><strong>immerito</strong></span> <span class='ocrx_word' id='word_1_71' title='bbox 797 999 861 1052; x_wconf 89' lang='lat' dir='ltr'><strong>ad</strong></span> <span class='ocrx_word' id='word_1_72' title='bbox 888 997 1264 1067; x_wconf 88' lang='lat' dir='ltr'><strong>amputandam</strong></span> <span class='ocrx_word' id='word_1_73' title='bbox 1294 997 1599 1066; x_wconf 88' lang='lat' dir='ltr'><strong>hujusmodi</strong></span> <span class='ocrx_word' id='word_1_74' title='bbox 1622 997 1852 1066; x_wconf 86' lang='lat' dir='ltr'><strong>discipu-</strong></span> 
     </span>
    </p>
   </div>
   <div class='ocr_carea' id='block_1_11' title="bbox 272 1089 1850 1147">
    <p class='ocr_par' dir='ltr' id='par_1_11' title="bbox 272 1089 1850 1147">
     <span class='ocr_line' id='line_1_11' title="bbox 272 1089 1850 1147; baseline 0 -3"><span class='ocrx_word' id='word_1_75' title='bbox 272 1089 446 1145; x_wconf 87' lang='lat' dir='ltr'><strong>lorum</strong></span> <span class='ocrx_word' id='word_1_76' title='bbox 474 1107 692 1147; x_wconf 82' lang='lat' dir='ltr'><strong>SllOl‘lllll</strong></span> <span class='ocrx_word' id='word_1_77' title='bbox 717 1107 821 1147; x_wconf 90' lang='lat' dir='ltr'><strong>non</strong></span> <span class='ocrx_word' id='word_1_78' title='bbox 848 1091 1202 1146; x_wconf 68' lang='lat' dir='ltr'><strong>necessariam</strong></span> <span class='ocrx_word' id='word_1_79' title='bbox 1226 1092 1654 1146; x_wconf 86' lang='lat' dir='ltr'><strong>contentionem:</strong></span> <span class='ocrx_word' id='word_1_80' title='bbox 1679 1090 1850 1146; x_wconf 82' lang='lat' dir='ltr'><strong>Voca-</strong></span> 
     </span>
    </p>
   </div>
   <div class='ocr_carea' id='block_1_12' title="bbox 271 1182 1860 1253">
    <p class='ocr_par' dir='ltr' id='par_1_12' title="bbox 271 1182 1860 1253">
     <span class='ocr_line' id='line_1_12' title="bbox 271 1182 1860 1253; baseline 0.001 -19"><span class='ocrx_word' id='word_1_81' title='bbox 271 1183 361 1247; x_wconf 74' lang='lat' dir='ltr'><strong>vit,</strong></span> <span class='ocrx_word' id='word_1_82' title='bbox 397 1182 583 1252; x_wconf 89' lang='lat' dir='ltr'><strong>inquit,</strong></span> <span class='ocrx_word' id='word_1_83' title='bbox 614 1182 765 1236; x_wconf 81' lang='lat' dir='ltr'><strong>Jesus</strong></span> <span class='ocrx_word' id='word_1_84' title='bbox 797 1199 1024 1253; x_wconf 84' lang='lat' dir='ltr'><strong>puerum,</strong></span> <span class='ocrx_word' id='word_1_85' title='bbox 1055 1191 1104 1236; x_wconf 87' lang='lat' dir='ltr'><strong>et</strong></span> <span class='ocrx_word' id='word_1_86' title='bbox 1133 1183 1310 1235; x_wconf 87' lang='lat' dir='ltr'><strong>statuit</strong></span> <span class='ocrx_word' id='word_1_87' title='bbox 1338 1199 1452 1235; x_wconf 90' lang='lat' dir='ltr'><strong>eum</strong></span> <span class='ocrx_word' id='word_1_88' title='bbox 1480 1184 1531 1235; x_wconf 84' lang='lat' dir='ltr'><strong>in</strong></span> <span class='ocrx_word' id='word_1_89' title='bbox 1561 1183 1728 1238; x_wconf 79' lang='lat' dir='ltr'><strong>medio</strong></span> <span class='ocrx_word' id='word_1_90' title='bbox 1766 1200 1860 1236; x_wconf 79' lang='lat' dir='ltr'><strong>eo-</strong></span> 
     </span>
    </p>
   </div>
   <div class='ocr_carea' id='block_1_13' title="bbox 269 1276 1852 1347">
    <p class='ocr_par' dir='ltr' id='par_1_13' title="bbox 269 1276 1852 1347">
     <span class='ocr_line' id='line_1_13' title="bbox 269 1276 1852 1347; baseline -0.001 -17"><span class='ocrx_word' id='word_1_91' title='bbox 269 1293 386 1331; x_wconf 85' lang='lat' dir='ltr'><strong>rum</strong></span> <span class='ocrx_word' id='word_1_92' title='bbox 414 1285 464 1330; x_wconf 86' lang='lat' dir='ltr'><strong>et</strong></span> <span class='ocrx_word' id='word_1_93' title='bbox 489 1276 658 1332; x_wconf 70' lang='lat' dir='ltr'><strong>dixit:</strong></span> <span class='ocrx_word' id='word_1_94' title='bbox 688 1277 849 1334; x_wconf 77' lang='lat' dir='ltr'><strong>Amen</strong></span> <span class='ocrx_word' id='word_1_95' title='bbox 870 1276 986 1336; x_wconf 74' lang='lat' dir='ltr'><strong>dice</strong></span> <span class='ocrx_word' id='word_1_96' title='bbox 1007 1277 1165 1340; x_wconf 68' lang='lat' dir='ltr'><strong>vobis,</strong></span> <span class='ocrx_word' id='word_1_97' title='bbox 1190 1278 1292 1334; x_wconf 60' lang='lat' dir='ltr'><strong>nisi</strong></span> <span class='ocrx_word' id='word_1_98' title='bbox 1320 1276 1552 1333; x_wconf 78' lang='lat' dir='ltr'><strong>conuersi</strong></span> <span class='ocrx_word' id='word_1_99' title='bbox 1582 1277 1782 1347; x_wconf 77' lang='lat' dir='ltr'><strong>{ueritis</strong></span> <span class='ocrx_word' id='word_1_100' title='bbox 1803 1284 1852 1328; x_wconf 87' lang='lat' dir='ltr'><strong>et</strong></span> 
     </span>
    </p>
   </div>
   <div class='ocr_carea' id='block_1_14' title="bbox 267 1370 1850 1440">
    <p class='ocr_par' dir='ltr' id='par_1_14' title="bbox 267 1370 1850 1440">
     <span class='ocr_line' id='line_1_14' title="bbox 267 1370 1850 1440; baseline -0.001 -16"><span class='ocrx_word' id='word_1_101' title='bbox 267 1370 576 1440; x_wconf 78' lang='lat' dir='ltr'><strong>efficiamiui</strong></span> <span class='ocrx_word' id='word_1_102' title='bbox 603 1370 734 1434; x_wconf 76' lang='lat' dir='ltr'><strong>sicut</strong></span> <span class='ocrx_word' id='word_1_103' title='bbox 752 1371 918 1437; x_wconf 76' lang='lat' dir='ltr'><strong>pueri,</strong></span> <span class='ocrx_word' id='word_1_104' title='bbox 943 1387 1049 1426; x_wconf 77' lang='lat' dir='ltr'><strong>non</strong></span> <span class='ocrx_word' id='word_1_105' title='bbox 1068 1371 1328 1426; x_wconf 77' lang='lat' dir='ltr'><strong>intrabitis</strong></span> <span class='ocrx_word' id='word_1_106' title='bbox 1350 1371 1406 1426; x_wconf 85' lang='lat' dir='ltr'><strong>in</strong></span> <span class='ocrx_word' id='word_1_107' title='bbox 1425 1386 1581 1440; x_wconf 80' lang='lat' dir='ltr'><strong>regno</strong></span> <span class='ocrx_word' id='word_1_108' title='bbox 1611 1371 1850 1426; x_wconf 67' lang='lat' dir='ltr'><strong>certorum</strong></span> 
     </span>
    </p>
   </div>
   <div class='ocr_carea' id='block_1_15' title="bbox 271 1461 1849 1534">
    <p class='ocr_par' dir='ltr' id='par_1_15' title="bbox 271 1461 1849 1534">
     <span class='ocr_line' id='line_1_15' title="bbox 271 1461 1849 1534; baseline 0.002 -18"><span class='ocrx_word' id='word_1_109' title='bbox 271 1461 489 1534; x_wconf 77' lang='lat' dir='ltr'><strong>(Matth.</strong></span> <span class='ocrx_word' id='word_1_110' title='bbox 517 1463 684 1532; x_wconf 79' lang='lat' dir='ltr'><strong>xvut).</strong></span> <span class='ocrx_word' id='word_1_111' title='bbox 717 1462 928 1520; x_wconf 88' lang='lat' dir='ltr'><strong>Statuto</strong></span> <span class='ocrx_word' id='word_1_112' title='bbox 958 1465 1010 1520; x_wconf 92' lang='lat' dir='ltr'><strong>in</strong></span> <span class='ocrx_word' id='word_1_113' title='bbox 1047 1465 1224 1524; x_wconf 85' lang='lat' dir='ltr'><strong>medio</strong></span> <span class='ocrx_word' id='word_1_114' title='bbox 1252 1480 1420 1534; x_wconf 90' lang='lat' dir='ltr'><strong>puero</strong></span> <span class='ocrx_word' id='word_1_115' title='bbox 1449 1465 1516 1519; x_wconf 90' lang='lat' dir='ltr'><strong>ad</strong></span> <span class='ocrx_word' id='word_1_116' title='bbox 1544 1465 1849 1534; x_wconf 79' lang='lat' dir='ltr'><strong>exemplum</strong></span> 
     </span>
    </p>
   </div>
   <div class='ocr_carea' id='block_1_16' title="bbox 269 1553 1852 1625">
    <p class='ocr_par' dir='ltr' id='par_1_16' title="bbox 269 1553 1852 1625">
     <span class='ocr_line' id='line_1_16' title="bbox 269 1553 1852 1625; baseline 0.001 -16"><span class='ocrx_word' id='word_1_117' title='bbox 269 1555 439 1625; x_wconf 73' lang='lat' dir='ltr'><strong>ipsius</strong></span> <span class='ocrx_word' id='word_1_118' title='bbox 465 1553 724 1613; x_wconf 78' lang='lat' dir='ltr'><strong>Dominus</strong></span> <span class='ocrx_word' id='word_1_119' title='bbox 743 1555 1029 1625; x_wconf 80' lang='lat' dir='ltr'><strong>discipulos</strong></span> <span class='ocrx_word' id='word_1_120' title='bbox 1047 1555 1378 1621; x_wconf 81' lang='lat' dir='ltr'><strong>adhortatur,</strong></span> <span class='ocrx_word' id='word_1_121' title='bbox 1403 1557 1688 1613; x_wconf 86' lang='lat' dir='ltr'><strong>ostendens</strong></span> <span class='ocrx_word' id='word_1_122' title='bbox 1709 1557 1852 1625; x_wconf 91' lang='lat' dir='ltr'><strong>quod</strong></span> 
     </span>
    </p>
   </div>
   <div class='ocr_carea' id='block_1_17' title="bbox 266 1630 1848 1717">
    <p class='ocr_par' dir='ltr' id='par_1_17' title="bbox 266 1630 1848 1717">
     <span class='ocr_line' id='line_1_17' title="bbox 266 1630 1848 1717; baseline -0.001 -15"><span class='ocrx_word' id='word_1_123' title='bbox 266 1647 315 1703; x_wconf 91' lang='lat' dir='ltr'><strong>si</strong></span> <span class='ocrx_word' id='word_1_124' title='bbox 334 1647 695 1717; x_wconf 89' lang='lat' dir='ltr'><strong>unusquisque</strong></span> <span class='ocrx_word' id='word_1_125' title='bbox 717 1649 855 1703; x_wconf 88' lang='lat' dir='ltr'><strong>sicut</strong></span> <span class='ocrx_word' id='word_1_126' title='bbox 870 1662 1000 1716; x_wconf 86' lang='lat' dir='ltr'><strong>puer</strong></span> <span class='ocrx_word' id='word_1_127' title='bbox 1020 1630 1244 1704; x_wconf 78' lang='lat' dir='ltr'><strong>ell’ectus</strong></span> <span class='ocrx_word' id='word_1_128' title='bbox 1254 1663 1362 1702; x_wconf 91' lang='lat' dir='ltr'><strong>non</strong></span> <span class='ocrx_word' id='word_1_129' title='bbox 1385 1645 1562 1709; x_wconf 88' lang='lat' dir='ltr'><strong>fuerit,</strong></span> <span class='ocrx_word' id='word_1_130' title='bbox 1582 1647 1780 1702; x_wconf 88' lang='lat' dir='ltr'><strong>intrare</strong></span> <span class='ocrx_word' id='word_1_131' title='bbox 1797 1648 1848 1701; x_wconf 91' lang='lat' dir='ltr'><strong>in</strong></span> 
     </span>
    </p>
   </div>
   <div class='ocr_carea' id='block_1_18' title="bbox 267 1737 1850 1808">
    <p class='ocr_par' dir='ltr' id='par_1_18' title="bbox 267 1737 1850 1808">
     <span class='ocr_line' id='line_1_18' title="bbox 267 1737 1850 1808; baseline -0.003 -14"><span class='ocrx_word' id='word_1_132' title='bbox 267 1753 492 1806; x_wconf 87' lang='lat' dir='ltr'><strong>regnum</strong></span> <span class='ocrx_word' id='word_1_133' title='bbox 517 1739 772 1794; x_wconf 77' lang='lat' dir='ltr'><strong>cmlorum</strong></span> <span class='ocrx_word' id='word_1_134' title='bbox 796 1754 903 1794; x_wconf 88' lang='lat' dir='ltr'><strong>non</strong></span> <span class='ocrx_word' id='word_1_135' title='bbox 923 1739 1108 1808; x_wconf 82' lang='lat' dir='ltr'><strong>possit.</strong></span> <span class='ocrx_word' id='word_1_136' title='bbox 1127 1737 1232 1794; x_wconf 86' lang='lat' dir='ltr'><strong>Sed</strong></span> <span class='ocrx_word' id='word_1_137' title='bbox 1255 1754 1360 1794; x_wconf 88' lang='lat' dir='ltr'><strong>non</strong></span> <span class='ocrx_word' id='word_1_138' title='bbox 1376 1738 1572 1794; x_wconf 89' lang='lat' dir='ltr'><strong>idcirco</strong></span> <span class='ocrx_word' id='word_1_139' title='bbox 1594 1737 1850 1792; x_wconf 86' lang='lat' dir='ltr'><strong>Dominus</strong></span> 
     </span>
    </p>
   </div>
   <div class='ocr_carea' id='block_1_19' title="bbox 1957 533 3514 607">
    <p class='ocr_par' dir='ltr' id='par_1_19' title="bbox 1957 533 3514 607">
     <span class='ocr_line' id='line_1_19' title="bbox 1957 533 3514 607; baseline 0.003 -20"><span class='ocrx_word' id='word_1_140' title='bbox 1957 534 2186 603; x_wconf 87' lang='lat' dir='ltr'><strong>apostoli</strong></span> <span class='ocrx_word' id='word_1_141' title='bbox 2215 549 2246 588; x_wconf 88' lang='lat' dir='ltr'><strong>a</strong></span> <span class='ocrx_word' id='word_1_142' title='bbox 2286 533 2510 590; x_wconf 91' lang='lat' dir='ltr'><strong>Domino</strong></span> <span class='ocrx_word' id='word_1_143' title='bbox 2555 536 2708 605; x_wconf 90' lang='lat' dir='ltr'><strong>pueri</strong></span> <span class='ocrx_word' id='word_1_144' title='bbox 2735 536 3026 607; x_wconf 89' lang='lat' dir='ltr'><strong>nuncupati</strong></span> <span class='ocrx_word' id='word_1_145' title='bbox 3051 541 3209 600; x_wconf 89' lang='lat' dir='ltr'><strong>sunt,</strong></span> <span class='ocrx_word' id='word_1_146' title='bbox 3237 533 3514 591; x_wconf 72' lang='lat' dir='ltr'><strong>secundm!</strong></span> 
     </span>
    </p>
   </div>
   <div class='ocr_carea' id='block_1_20' title="bbox 1953 625 3575 702">
    <p class='ocr_par' dir='ltr' id='par_1_20' title="bbox 1953 625 3575 702">
     <span class='ocr_line' id='line_1_20' title="bbox 1953 625 3575 702; baseline -0.001 -21"><span class='ocrx_word' id='word_1_147' title='bbox 1953 626 2099 702; x_wconf 83' lang='lat' dir='ltr'><strong>quod</strong></span> <span class='ocrx_word' id='word_1_148' title='bbox 2139 627 2398 697; x_wconf 81' lang='lat' dir='ltr'><strong>scriptum</strong></span> <span class='ocrx_word' id='word_1_149' title='bbox 2425 627 2493 682; x_wconf 87' lang='lat' dir='ltr'><strong>de</strong></span> <span class='ocrx_word' id='word_1_150' title='bbox 2519 628 2650 697; x_wconf 86' lang='lat' dir='ltr'><strong>ipsis</strong></span> <span class='ocrx_word' id='word_1_151' title='bbox 2694 627 2917 696; x_wconf 87' lang='lat' dir='ltr'><strong>legimus</strong></span> <span class='ocrx_word' id='word_1_152' title='bbox 2947 645 2960 679; x_wconf 88' lang='lat'><strong>:</strong></span> <span class='ocrx_word' id='word_1_153' title='bbox 2992 625 3126 681; x_wconf 85' lang='lat' dir='ltr'><strong>Ecce</strong></span> <span class='ocrx_word' id='word_1_154' title='bbox 3162 643 3254 698; x_wconf 83' lang='lat' dir='ltr'><strong>ego</strong></span> <span class='ocrx_word' id='word_1_155' title='bbox 3297 635 3348 680; x_wconf 79' lang='lat' dir='ltr'><strong>et</strong></span> <span class='ocrx_word' id='word_1_156' title='bbox 3382 643 3512 697; x_wconf 82' lang='lat' dir='ltr'><strong>puer</strong></span> <span class='ocrx_word' id='word_1_157' title='bbox 3569 641 3575 658; x_wconf 69' lang='grc' dir='ltr'><em>υ</em></span> 
     </span>
    </p>
   </div>
   <div class='ocr_carea' id='block_1_21' title="bbox 1953 719 3518 793">
    <p class='ocr_par' dir='ltr' id='par_1_21' title="bbox 1953 719 3518 793">
     <span class='ocr_line' id='line_1_21' title="bbox 1953 719 3518 793; baseline -0.001 -19"><span class='ocrx_word' id='word_1_158' title='bbox 1953 738 2080 793; x_wconf 81' lang='lat' dir='ltr'><strong>quos</strong></span> <span class='ocrx_word' id='word_1_159' title='bbox 2113 720 2254 775; x_wconf 82' lang='lat' dir='ltr'><strong>dedit</strong></span> <span class='ocrx_word' id='word_1_160' title='bbox 2300 721 2426 775; x_wconf 73' lang='lat' dir='ltr'><strong>mihi</strong></span> <span class='ocrx_word' id='word_1_161' title='bbox 2469 719 2720 775; x_wconf 84' lang='lat' dir='ltr'><strong>Dominus</strong></span> <span class='ocrx_word' id='word_1_162' title='bbox 2751 720 2906 791; x_wconf 81' lang='lat' dir='ltr'><strong>(lsai.</strong></span> <span class='ocrx_word' id='word_1_163' title='bbox 2933 720 3078 792; x_wconf 80' lang='lat' dir='ltr'><strong>vni),</strong></span> <span class='ocrx_word' id='word_1_164' title='bbox 3107 720 3230 789; x_wconf 85' lang='lat' dir='ltr'><strong>quia</strong></span> <span class='ocrx_word' id='word_1_165' title='bbox 3271 725 3518 790; x_wconf 87' lang='lat' dir='ltr'><strong>tanquam</strong></span> 
     </span>
    </p>
   </div>
   <div class='ocr_carea' id='block_1_22' title="bbox 1953 811 3520 884">
    <p class='ocr_par' dir='ltr' id='par_1_22' title="bbox 1953 811 3520 884">
     <span class='ocr_line' id='line_1_22' title="bbox 1953 811 3520 884; baseline -0.001 -16"><span class='ocrx_word' id='word_1_166' title='bbox 1953 813 2105 884; x_wconf 88' lang='lat' dir='ltr'><strong>pueri</strong></span> <span class='ocrx_word' id='word_1_167' title='bbox 2135 811 2250 869; x_wconf 82' lang='lat' dir='ltr'><strong>sine</strong></span> <span class='ocrx_word' id='word_1_168' title='bbox 2273 813 2418 877; x_wconf 84' lang='lat' dir='ltr'><strong>dolo,</strong></span> <span class='ocrx_word' id='word_1_169' title='bbox 2442 813 2557 868; x_wconf 86' lang='lat' dir='ltr'><strong>sine</strong></span> <span class='ocrx_word' id='word_1_170' title='bbox 2576 814 2778 868; x_wconf 89' lang='lat' dir='ltr'><strong>malitia</strong></span> <span class='ocrx_word' id='word_1_171' title='bbox 2801 821 3229 884; x_wconf 90' lang='lat' dir='ltr'><strong>permanserunt.</strong></span> <span class='ocrx_word' id='word_1_172' title='bbox 3251 811 3520 866; x_wconf 82' lang='lat' dir='ltr'><strong>imitemur</strong></span> 
     </span>
    </p>
   </div>
   <div class='ocr_carea' id='block_1_23' title="bbox 1955 889 3520 976">
    <p class='ocr_par' dir='ltr' id='par_1_23' title="bbox 1955 889 3520 976">
     <span class='ocr_line' id='line_1_23' title="bbox 1955 889 3520 976; baseline -0.001 -17"><span class='ocrx_word' id='word_1_173' title='bbox 1955 905 2115 973; x_wconf 83' lang='lat' dir='ltr'><strong>igitur</strong></span> <span class='ocrx_word' id='word_1_174' title='bbox 2141 889 2442 973; x_wconf 83' lang='lat' dir='ltr'><strong>hujusmodi</strong></span> <span class='ocrx_word' id='word_1_175' title='bbox 2473 920 2763 975; x_wconf 89' lang='lat' dir='ltr'><strong>puerorum</strong></span> <span class='ocrx_word' id='word_1_176' title='bbox 2788 907 3109 976; x_wconf 84' lang='lat' dir='ltr'><strong>exemplum,</strong></span> <span class='ocrx_word' id='word_1_177' title='bbox 3164 904 3218 960; x_wconf 88' lang='lat' dir='ltr'><strong>id</strong></span> <span class='ocrx_word' id='word_1_178' title='bbox 3271 910 3352 958; x_wconf 91' lang='lat' dir='ltr'><strong>est</strong></span> <span class='ocrx_word' id='word_1_179' title='bbox 3403 919 3520 958; x_wconf 83' lang='lat' dir='ltr'><strong>om-</strong></span> 
     </span>
    </p>
   </div>
   <div class='ocr_carea' id='block_1_24' title="bbox 1954 996 3520 1064">
    <p class='ocr_par' dir='ltr' id='par_1_24' title="bbox 1954 996 3520 1064">
     <span class='ocr_line' id='line_1_24' title="bbox 1954 996 3520 1064; baseline -0.001 -12"><span class='ocrx_word' id='word_1_180' title='bbox 1954 999 2100 1052; x_wconf 89' lang='lat' dir='ltr'><strong>nium</strong></span> <span class='ocrx_word' id='word_1_181' title='bbox 2125 1004 2459 1064; x_wconf 87' lang='lat' dir='ltr'><strong>sanctorum,</strong></span> <span class='ocrx_word' id='word_1_182' title='bbox 2486 1005 2544 1051; x_wconf 90' lang='lat' dir='ltr'><strong>ut</strong></span> <span class='ocrx_word' id='word_1_183' title='bbox 2573 999 2624 1050; x_wconf 91' lang='lat' dir='ltr'><strong>in</strong></span> <span class='ocrx_word' id='word_1_184' title='bbox 2679 1011 2845 1063; x_wconf 87' lang='lat' dir='ltr'><strong>regno</strong></span> <span class='ocrx_word' id='word_1_185' title='bbox 2873 997 3128 1052; x_wconf 66' lang='lat' dir='ltr'><strong>malorum</strong></span> <span class='ocrx_word' id='word_1_186' title='bbox 3167 996 3367 1050; x_wconf 88' lang='lat' dir='ltr'><strong>intrare</strong></span> <span class='ocrx_word' id='word_1_187' title='bbox 3401 1009 3520 1051; x_wconf 85' lang='lat' dir='ltr'><strong>cum</strong></span> 
     </span>
    </p>
   </div>
   <div class='ocr_carea' id='block_1_25' title="bbox 1953 1086 3520 1159">
    <p class='ocr_par' dir='ltr' id='par_1_25' title="bbox 1953 1086 3520 1159">
     <span class='ocr_line' id='line_1_25' title="bbox 1953 1086 3520 1159; baseline -0.003 -16"><span class='ocrx_word' id='word_1_188' title='bbox 1953 1089 2082 1159; x_wconf 86' lang='lat' dir='ltr'><strong>ipsis</strong></span> <span class='ocrx_word' id='word_1_189' title='bbox 2109 1104 2426 1143; x_wconf 89' lang='lat' dir='ltr'><strong>mereamur.</strong></span> <span class='ocrx_word' id='word_1_190' title='bbox 2448 1088 2720 1143; x_wconf 87' lang='lat' dir='ltr'><strong>imitemur</strong></span> <span class='ocrx_word' id='word_1_191' title='bbox 2736 1089 2900 1157; x_wconf 87' lang='lat' dir='ltr'><strong>ipsius</strong></span> <span class='ocrx_word' id='word_1_192' title='bbox 2917 1088 3124 1142; x_wconf 87' lang='lat' dir='ltr'><strong>Domini</strong></span> <span class='ocrx_word' id='word_1_193' title='bbox 3145 1086 3520 1154; x_wconf 82' lang='lat' dir='ltr'><strong>humilitatem,</strong></span> 
     </span>
    </p>
   </div>
   <div class='ocr_carea' id='block_1_26' title="bbox 1952 1181 3521 1252">
    <p class='ocr_par' dir='ltr' id='par_1_26' title="bbox 1952 1181 3521 1252">
     <span class='ocr_line' id='line_1_26' title="bbox 1952 1181 3521 1252; baseline -0.003 -16"><span class='ocrx_word' id='word_1_194' title='bbox 1952 1183 2043 1252; x_wconf 86' lang='lat' dir='ltr'><strong>qui</strong></span> <span class='ocrx_word' id='word_1_195' title='bbox 2073 1182 2257 1236; x_wconf 88' lang='lat' dir='ltr'><strong>salutis</strong></span> <span class='ocrx_word' id='word_1_196' title='bbox 2285 1190 2481 1236; x_wconf 71' lang='lat' dir='ltr'><strong>nostra:</strong></span> <span class='ocrx_word' id='word_1_197' title='bbox 2511 1197 2672 1235; x_wconf 88' lang='lat' dir='ltr'><strong>causa</strong></span> <span class='ocrx_word' id='word_1_198' title='bbox 2713 1197 2847 1251; x_wconf 89' lang='lat' dir='ltr'><strong>puer</strong></span> <span class='ocrx_word' id='word_1_199' title='bbox 2867 1196 2983 1236; x_wconf 89' lang='lat' dir='ltr'><strong>esse</strong></span> <span class='ocrx_word' id='word_1_200' title='bbox 3012 1181 3284 1248; x_wconf 87' lang='lat' dir='ltr'><strong>dignatus,</strong></span> <span class='ocrx_word' id='word_1_201' title='bbox 3318 1187 3377 1234; x_wconf 90' lang='lat' dir='ltr'><strong>ut</strong></span> <span class='ocrx_word' id='word_1_202' title='bbox 3403 1194 3521 1233; x_wconf 90' lang='lat' dir='ltr'><strong>cum</strong></span> 
     </span>
    </p>
   </div>
   <div class='ocr_carea' id='block_1_27' title="bbox 1954 1268 3521 1347">
    <p class='ocr_par' dir='ltr' id='par_1_27' title="bbox 1954 1268 3521 1347">
     <span class='ocr_line' id='line_1_27' title="bbox 1954 1268 3521 1347; baseline -0.002 -17"><span class='ocrx_word' id='word_1_203' title='bbox 1954 1277 2070 1345; x_wconf 91' lang='lat' dir='ltr'><strong>ipso</strong></span> <span class='ocrx_word' id='word_1_204' title='bbox 2093 1289 2317 1343; x_wconf 86' lang='lat' dir='ltr'><strong>regnare</strong></span> <span class='ocrx_word' id='word_1_205' title='bbox 2336 1277 2500 1347; x_wconf 72' lang='lat'><strong>690</strong></span> <span class='ocrx_word' id='word_1_206' title='bbox 2525 1276 2812 1346; x_wconf 87' lang='lat' dir='ltr'><strong>possimus.</strong></span> <span class='ocrx_word' id='word_1_207' title='bbox 2847 1273 2912 1327; x_wconf 89' lang='lat' dir='ltr'><strong>Et</strong></span> <span class='ocrx_word' id='word_1_208' title='bbox 2939 1275 3130 1328; x_wconf 87' lang='lat' dir='ltr'><strong>merito</strong></span> <span class='ocrx_word' id='word_1_209' title='bbox 3155 1273 3356 1328; x_wconf 87' lang='lat' dir='ltr'><strong>addidit</strong></span> <span class='ocrx_word' id='word_1_210' title='bbox 3380 1291 3393 1326; x_wconf 74' lang='grc' dir='ltr'><em>τ</em></span> <span class='ocrx_word' id='word_1_211' title='bbox 3420 1268 3521 1337; x_wconf 84' lang='lat' dir='ltr'><strong>Qui</strong></span> 
     </span>
    </p>
   </div>
   <div class='ocr_carea' id='block_1_28' title="bbox 1951 1365 3518 1438">
    <p class='ocr_par' dir='ltr' id='par_1_28' title="bbox 1951 1365 3518 1438">
     <span class='ocr_line' id='line_1_28' title="bbox 1951 1365 3518 1438; baseline 0 -18"><span class='ocrx_word' id='word_1_212' title='bbox 1951 1376 2120 1421; x_wconf 87' lang='lat' dir='ltr'><strong>autem</strong></span> <span class='ocrx_word' id='word_1_213' title='bbox 2159 1369 2347 1438; x_wconf 85' lang='lat' dir='ltr'><strong>accipit</strong></span> <span class='ocrx_word' id='word_1_214' title='bbox 2374 1383 2534 1420; x_wconf 86' lang='lat' dir='ltr'><strong>unum</strong></span> <span class='ocrx_word' id='word_1_215' title='bbox 2585 1367 2739 1422; x_wconf 85' lang='lat' dir='ltr'><strong>talem</strong></span> <span class='ocrx_word' id='word_1_216' title='bbox 2778 1383 2991 1438; x_wconf 84' lang='lat' dir='ltr'><strong>puerum</strong></span> <span class='ocrx_word' id='word_1_217' title='bbox 3026 1365 3081 1419; x_wconf 87' lang='lat' dir='ltr'><strong>in</strong></span> <span class='ocrx_word' id='word_1_218' title='bbox 3125 1367 3332 1420; x_wconf 82' lang='lat' dir='ltr'><strong>nomine</strong></span> <span class='ocrx_word' id='word_1_219' title='bbox 3366 1381 3476 1420; x_wconf 84' lang='lat' dir='ltr'><strong>meo</strong></span> <span class='ocrx_word' id='word_1_220' title='bbox 3503 1405 3518 1430; x_wconf 91' lang='lat'><strong>,</strong></span> 
     </span>
    </p>
   </div>
   <div class='ocr_carea' id='block_1_29' title="bbox 1951 1453 3521 1528">
    <p class='ocr_par' dir='ltr' id='par_1_29' title="bbox 1951 1453 3521 1528">
     <span class='ocr_line' id='line_1_29' title="bbox 1951 1453 3521 1528; baseline -0.002 -16"><span class='ocrx_word' id='word_1_221' title='bbox 1951 1476 2033 1512; x_wconf 90' lang='lat' dir='ltr'><strong>me</strong></span> <span class='ocrx_word' id='word_1_222' title='bbox 2052 1459 2267 1528; x_wconf 82' lang='lat' dir='ltr'><strong>accipit;</strong></span> <span class='ocrx_word' id='word_1_223' title='bbox 2298 1457 2585 1512; x_wconf 89' lang='lat' dir='ltr'><strong>ostendens</strong></span> <span class='ocrx_word' id='word_1_224' title='bbox 2611 1456 2754 1526; x_wconf 91' lang='lat' dir='ltr'><strong>quod</strong></span> <span class='ocrx_word' id='word_1_225' title='bbox 2781 1458 3086 1527; x_wconf 89' lang='lat' dir='ltr'><strong>quicunque</strong></span> <span class='ocrx_word' id='word_1_226' title='bbox 3113 1471 3324 1511; x_wconf 88' lang='lat' dir='ltr'><strong>servum</strong></span> <span class='ocrx_word' id='word_1_227' title='bbox 3355 1453 3521 1509; x_wconf 81' lang='lat' dir='ltr'><strong>fideli-</strong></span> 
     </span>
    </p>
   </div>
   <div class='ocr_carea' id='block_1_30' title="bbox 1953 1547 3524 1618">
    <p class='ocr_par' dir='ltr' id='par_1_30' title="bbox 1953 1547 3524 1618">
     <span class='ocr_line' id='line_1_30' title="bbox 1953 1547 3524 1618; baseline -0.002 -14"><span class='ocrx_word' id='word_1_228' title='bbox 1953 1559 2035 1606; x_wconf 85' lang='lat' dir='ltr'><strong>ter</strong></span> <span class='ocrx_word' id='word_1_229' title='bbox 2056 1551 2365 1605; x_wconf 81' lang='lat' dir='ltr'><strong>credentem</strong></span> <span class='ocrx_word' id='word_1_230' title='bbox 2394 1552 2446 1604; x_wconf 90' lang='lat' dir='ltr'><strong>in</strong></span> <span class='ocrx_word' id='word_1_231' title='bbox 2492 1549 2725 1614; x_wconf 89' lang='lat' dir='ltr'><strong>Christo,</strong></span> <span class='ocrx_word' id='word_1_232' title='bbox 2757 1559 2812 1604; x_wconf 89' lang='lat' dir='ltr'><strong>et</strong></span> <span class='ocrx_word' id='word_1_233' title='bbox 2855 1548 3145 1605; x_wconf 88' lang='lat' dir='ltr'><strong>secundum</strong></span> <span class='ocrx_word' id='word_1_234' title='bbox 3184 1548 3338 1618; x_wconf 91' lang='lat' dir='ltr'><strong>pueri</strong></span> <span class='ocrx_word' id='word_1_235' title='bbox 3365 1547 3524 1601; x_wconf 91' lang='lat' dir='ltr'><strong>inno-</strong></span> 
     </span>
    </p>
   </div>
   <div class='ocr_carea' id='block_1_31' title="bbox 1952 1640 3523 1712">
    <p class='ocr_par' dir='ltr' id='par_1_31' title="bbox 1952 1640 3523 1712">
     <span class='ocr_line' id='line_1_31' title="bbox 1952 1640 3523 1712; baseline -0.001 -16"><span class='ocrx_word' id='word_1_236' title='bbox 1952 1644 2181 1696; x_wconf 86' lang='lat' dir='ltr'><strong>centiam</strong></span> <span class='ocrx_word' id='word_1_237' title='bbox 2211 1643 2478 1696; x_wconf 83' lang='lat' dir='ltr'><strong>viventem</strong></span> <span class='ocrx_word' id='word_1_238' title='bbox 2515 1645 2750 1712; x_wconf 88' lang='lat' dir='ltr'><strong>recepit,</strong></span> <span class='ocrx_word' id='word_1_239' title='bbox 2775 1659 2833 1697; x_wconf 88' lang='lat' dir='ltr'><strong>se</strong></span> <span class='ocrx_word' id='word_1_240' title='bbox 2873 1643 3112 1712; x_wconf 86' lang='lat' dir='ltr'><strong>recipiat.</strong></span> <span class='ocrx_word' id='word_1_241' title='bbox 3145 1641 3200 1695; x_wconf 91' lang='lat' dir='ltr'><strong>In</strong></span> <span class='ocrx_word' id='word_1_242' title='bbox 3226 1640 3376 1708; x_wconf 87' lang='lat' dir='ltr'><strong>cujus</strong></span> <span class='ocrx_word' id='word_1_243' title='bbox 3401 1654 3523 1695; x_wconf 90' lang='lat' dir='ltr'><strong>sus-</strong></span> 
     </span>
    </p>
   </div>
   <div class='ocr_carea' id='block_1_32' title="bbox 1951 1732 3523 1805">
    <p class='ocr_par' dir='ltr' id='par_1_32' title="bbox 1951 1732 3523 1805">
     <span class='ocr_line' id='line_1_32' title="bbox 1951 1732 3523 1805; baseline -0.003 -16"><span class='ocrx_word' id='word_1_244' title='bbox 1951 1735 2200 1803; x_wconf 84' lang='lat' dir='ltr'><strong>ceptione</strong></span> <span class='ocrx_word' id='word_1_245' title='bbox 2226 1734 2426 1789; x_wconf 90' lang='lat' dir='ltr'><strong>idcirco</strong></span> <span class='ocrx_word' id='word_1_246' title='bbox 2455 1749 2513 1789; x_wconf 86' lang='lat' dir='ltr'><strong>se</strong></span> <span class='ocrx_word' id='word_1_247' title='bbox 2542 1735 2705 1805; x_wconf 88' lang='lat' dir='ltr'><strong>recipi</strong></span> <span class='ocrx_word' id='word_1_248' title='bbox 2730 1735 2984 1788; x_wconf 90' lang='lat' dir='ltr'><strong>Dominus</strong></span> <span class='ocrx_word' id='word_1_249' title='bbox 3013 1733 3166 1795; x_wconf 82' lang='lat' dir='ltr'><strong>dixit,</strong></span> <span class='ocrx_word' id='word_1_250' title='bbox 3203 1748 3269 1787; x_wconf 92' lang='lat' dir='ltr'><strong>ne</strong></span> <span class='ocrx_word' id='word_1_251' title='bbox 3292 1732 3523 1801; x_wconf 84' lang='lat' dir='ltr'><strong>aliquem</strong></span> 
     </span>
    </p>
   </div>
   <div class='ocr_carea' id='block_1_33' title="bbox 266 1817 3522 1901">
    <p class='ocr_par' dir='ltr' id='par_1_33' title="bbox 266 1817 3522 1901">
     <span class='ocr_line' id='line_1_33' title="bbox 266 1817 3522 1901; baseline -0.002 -16"><span class='ocrx_word' id='word_1_252' title='bbox 266 1831 574 1901; x_wconf 79' lang='lat' dir='ltr'><strong>exemplum</strong></span> <span class='ocrx_word' id='word_1_253' title='bbox 603 1844 892 1901; x_wconf 86' lang='lat' dir='ltr'><strong>puerorum</strong></span> <span class='ocrx_word' id='word_1_254' title='bbox 925 1829 1122 1894; x_wconf 88' lang='lat' dir='ltr'><strong>attulit,</strong></span> <span class='ocrx_word' id='word_1_255' title='bbox 1155 1829 1238 1884; x_wconf 89' lang='lat' dir='ltr'><strong>vel</strong></span> <span class='ocrx_word' id='word_1_256' title='bbox 1267 1829 1388 1885; x_wconf 87' lang='lat' dir='ltr'><strong>ideo</strong></span> <span class='ocrx_word' id='word_1_257' title='bbox 1423 1828 1562 1884; x_wconf 82' lang='lat' dir='ltr'><strong>efﬁci</strong></span> <span class='ocrx_word' id='word_1_258' title='bbox 1601 1844 1700 1884; x_wconf 88' lang='lat' dir='ltr'><strong>nos</strong></span> <span class='ocrx_word' id='word_1_259' title='bbox 1730 1839 1845 1884; x_wconf 87' lang='lat' dir='ltr'><strong>tan-</strong></span> <span class='ocrx_word' id='word_1_260' title='bbox 1879 1817 1924 1878; x_wconf 81' lang='grc' dir='ltr'><strong>Β</strong></span> <span class='ocrx_word' id='word_1_261' title='bbox 1953 1827 2255 1895; x_wconf 90' lang='lat' dir='ltr'><strong>hujusmodi</strong></span> <span class='ocrx_word' id='word_1_262' title='bbox 2285 1843 2496 1882; x_wconf 87' lang='lat' dir='ltr'><strong>servum</strong></span> <span class='ocrx_word' id='word_1_263' title='bbox 2522 1828 2616 1881; x_wconf 88' lang='lat' dir='ltr'><strong>Dei</strong></span> <span class='ocrx_word' id='word_1_264' title='bbox 2645 1828 2917 1882; x_wconf 88' lang='lat' dir='ltr'><strong>humiliter</strong></span> <span class='ocrx_word' id='word_1_265' title='bbox 2943 1829 3211 1882; x_wconf 78' lang='lat' dir='ltr'><strong>viventem</strong></span> <span class='ocrx_word' id='word_1_266' title='bbox 3241 1834 3522 1896; x_wconf 84' lang='lat' dir='ltr'><strong>eontemp-</strong></span> 
     </span>
    </p>
   </div>
   <div class='ocr_carea' id='block_1_34' title="bbox 265 1919 1846 1990">
    <p class='ocr_par' dir='ltr' id='par_1_34' title="bbox 265 1919 1846 1990">
     <span class='ocr_line' id='line_1_34' title="bbox 265 1919 1846 1990; baseline 0.004 -18"><span class='ocrx_word' id='word_1_267' title='bbox 265 1935 430 1990; x_wconf 90' lang='lat' dir='ltr'><strong>quam</strong></span> <span class='ocrx_word' id='word_1_268' title='bbox 472 1935 666 1990; x_wconf 88' lang='lat' dir='ltr'><strong>pueros</strong></span> <span class='ocrx_word' id='word_1_269' title='bbox 692 1919 862 1988; x_wconf 88' lang='lat' dir='ltr'><strong>jubet,</strong></span> <span class='ocrx_word' id='word_1_270' title='bbox 895 1928 953 1973; x_wconf 92' lang='lat' dir='ltr'><strong>ut</strong></span> <span class='ocrx_word' id='word_1_271' title='bbox 979 1927 1136 1974; x_wconf 77' lang='lat' dir='ltr'><strong>mtate</strong></span> <span class='ocrx_word' id='word_1_272' title='bbox 1165 1921 1345 1990; x_wconf 89' lang='lat' dir='ltr'><strong>pueris</strong></span> <span class='ocrx_word' id='word_1_273' title='bbox 1380 1921 1696 1989; x_wconf 85' lang='lat' dir='ltr'><strong>similemur,</strong></span> <span class='ocrx_word' id='word_1_274' title='bbox 1723 1939 1846 1978; x_wconf 91' lang='lat' dir='ltr'><strong>cum</strong></span> 
     </span>
    </p>
   </div>
   <div class='ocr_carea' id='block_1_35' title="bbox 263 2013 1846 2085">
    <p class='ocr_par' dir='ltr' id='par_1_35' title="bbox 263 2013 1846 2085">
     <span class='ocr_line' id='line_1_35' title="bbox 263 2013 1846 2085; baseline 0.002 -17"><span class='ocrx_word' id='word_1_275' title='bbox 263 2015 436 2085; x_wconf 80' lang='lat'><strong>689</strong></span> <span class='ocrx_word' id='word_1_276' title='bbox 462 2023 592 2068; x_wconf 68' lang='lat' dir='ltr'><strong>tetas</strong></span> <span class='ocrx_word' id='word_1_277' title='bbox 609 2013 719 2082; x_wconf 89' lang='lat' dir='ltr'><strong>jam</strong></span> <span class='ocrx_word' id='word_1_278' title='bbox 739 2014 918 2069; x_wconf 87' lang='lat' dir='ltr'><strong>senior</strong></span> <span class='ocrx_word' id='word_1_279' title='bbox 942 2030 1154 2069; x_wconf 90' lang='lat' dir='ltr'><strong>rursum</strong></span> <span class='ocrx_word' id='word_1_280' title='bbox 1177 2016 1243 2069; x_wconf 90' lang='lat' dir='ltr'><strong>ad</strong></span> <span class='ocrx_word' id='word_1_281' title='bbox 1265 2014 1519 2070; x_wconf 80' lang='lat' dir='ltr'><strong>infantem</strong></span> <span class='ocrx_word' id='word_1_282' title='bbox 1540 2015 1716 2069; x_wconf 89' lang='lat' dir='ltr'><strong>redire</strong></span> <span class='ocrx_word' id='word_1_283' title='bbox 1740 2033 1846 2071; x_wconf 91' lang='lat' dir='ltr'><strong>non</strong></span> 
     </span>
    </p>
   </div>
   <div class='ocr_carea' id='block_1_36' title="bbox 264 2105 1846 2176">
    <p class='ocr_par' dir='ltr' id='par_1_36' title="bbox 264 2105 1846 2176">
     <span class='ocr_line' id='line_1_36' title="bbox 264 2105 1846 2176; baseline 0.003 -18"><span class='ocrx_word' id='word_1_284' title='bbox 264 2105 468 2174; x_wconf 86' lang='lat' dir='ltr'><strong>possit;</strong></span> <span class='ocrx_word' id='word_1_285' title='bbox 515 2105 612 2160; x_wconf 90' lang='lat' dir='ltr'><strong>sed</strong></span> <span class='ocrx_word' id='word_1_286' title='bbox 657 2113 714 2160; x_wconf 91' lang='lat' dir='ltr'><strong>ut</strong></span> <span class='ocrx_word' id='word_1_287' title='bbox 762 2105 1040 2160; x_wconf 81' lang='lat' dir='ltr'><strong>infantiam</strong></span> <span class='ocrx_word' id='word_1_288' title='bbox 1088 2121 1379 2176; x_wconf 89' lang='lat' dir='ltr'><strong>puerorum</strong></span> <span class='ocrx_word' id='word_1_289' title='bbox 1403 2116 1458 2162; x_wconf 91' lang='lat' dir='ltr'><strong>et</strong></span> <span class='ocrx_word' id='word_1_290' title='bbox 1485 2108 1846 2166; x_wconf 83' lang='lat' dir='ltr'><strong>innocentiam</strong></span> 
     </span>
    </p>
   </div>
   <div class='ocr_carea' id='block_1_37' title="bbox 263 2195 1846 2270">
    <p class='ocr_par' dir='ltr' id='par_1_37' title="bbox 263 2195 1846 2270">
     <span class='ocr_line' id='line_1_37' title="bbox 263 2195 1846 2270; baseline 0.003 -20"><span class='ocrx_word' id='word_1_291' title='bbox 263 2195 561 2252; x_wconf 87' lang='lat' dir='ltr'><strong>imitemur.</strong></span> <span class='ocrx_word' id='word_1_292' title='bbox 605 2196 760 2253; x_wconf 88' lang='lat' dir='ltr'><strong>Novit</strong></span> <span class='ocrx_word' id='word_1_293' title='bbox 819 2198 1009 2253; x_wconf 88' lang='lat' dir='ltr'><strong>beatus</strong></span> <span class='ocrx_word' id='word_1_294' title='bbox 1062 2198 1351 2269; x_wconf 82' lang='lat' dir='ltr'><strong>Apostolus</strong></span> <span class='ocrx_word' id='word_1_295' title='bbox 1398 2199 1846 2270; x_wconf 85' lang='lat' dir='ltr'><strong>quemadmodum</strong></span> 
     </span>
    </p>
   </div>
   <div class='ocr_carea' id='block_1_38' title="bbox 263 2287 1850 2360">
    <p class='ocr_par' dir='ltr' id='par_1_38' title="bbox 263 2287 1850 2360">
     <span class='ocr_line' id='line_1_38' title="bbox 263 2287 1850 2360; baseline 0.005 -21"><span class='ocrx_word' id='word_1_296' title='bbox 263 2287 426 2360; x_wconf 82' lang='lat' dir='ltr'><strong>pueri</strong></span> <span class='ocrx_word' id='word_1_297' title='bbox 454 2303 570 2343; x_wconf 90' lang='lat' dir='ltr'><strong>esse</strong></span> <span class='ocrx_word' id='word_1_298' title='bbox 616 2303 647 2342; x_wconf 89' lang='lat' dir='ltr'><strong>a</strong></span> <span class='ocrx_word' id='word_1_299' title='bbox 690 2288 916 2344; x_wconf 90' lang='lat' dir='ltr'><strong>Domino</strong></span> <span class='ocrx_word' id='word_1_300' title='bbox 939 2288 1225 2359; x_wconf 87' lang='lat' dir='ltr'><strong>jubeamur</strong></span> <span class='ocrx_word' id='word_1_301' title='bbox 1270 2305 1392 2346; x_wconf 90' lang='lat' dir='ltr'><strong>cum</strong></span> <span class='ocrx_word' id='word_1_302' title='bbox 1447 2290 1574 2345; x_wconf 81' lang='lat' dir='ltr'><strong>dicit</strong></span> <span class='ocrx_word' id='word_1_303' title='bbox 1613 2309 1624 2344; x_wconf 93' lang='lat'><strong>:</strong></span> <span class='ocrx_word' id='word_1_304' title='bbox 1670 2289 1850 2346; x_wconf 81' lang='lat' dir='ltr'><strong>Nolite</strong></span> 
     </span>
    </p>
   </div>
   <div class='ocr_carea' id='block_1_39' title="bbox 264 2380 1848 2452">
    <p class='ocr_par' dir='ltr' id='par_1_39' title="bbox 264 2380 1848 2452">
     <span class='ocr_line' id='line_1_39' title="bbox 264 2380 1848 2452; baseline 0.003 -19"><span class='ocrx_word' id='word_1_305' title='bbox 264 2380 418 2451; x_wconf 83' lang='lat' dir='ltr'><strong>pueri</strong></span> <span class='ocrx_word' id='word_1_306' title='bbox 445 2381 570 2451; x_wconf 62' lang='lat' dir='ltr'><strong>efﬁci</strong></span> <span class='ocrx_word' id='word_1_307' title='bbox 592 2381 842 2447; x_wconf 75' lang='lat' dir='ltr'><strong>sensibus,</strong></span> <span class='ocrx_word' id='word_1_308' title='bbox 872 2381 963 2437; x_wconf 81' lang='lat' dir='ltr'><strong>sed</strong></span> <span class='ocrx_word' id='word_1_309' title='bbox 983 2381 1188 2438; x_wconf 81' lang='lat' dir='ltr'><strong>malitia</strong></span> <span class='ocrx_word' id='word_1_310' title='bbox 1215 2382 1411 2452; x_wconf 81' lang='lat' dir='ltr'><strong>parvuli</strong></span> <span class='ocrx_word' id='word_1_311' title='bbox 1437 2392 1616 2447; x_wconf 87' lang='lat' dir='ltr'><strong>estote,</strong></span> <span class='ocrx_word' id='word_1_312' title='bbox 1646 2392 1702 2437; x_wconf 91' lang='lat' dir='ltr'><strong>ut</strong></span> <span class='ocrx_word' id='word_1_313' title='bbox 1733 2399 1848 2438; x_wconf 86' lang='lat' dir='ltr'><strong>sen-</strong></span> 
     </span>
    </p>
   </div>
   <div class='ocr_carea' id='block_1_40' title="bbox 263 2472 1845 2546">
    <p class='ocr_par' dir='ltr' id='par_1_40' title="bbox 263 2472 1845 2546">
     <span class='ocr_line' id='line_1_40' title="bbox 263 2472 1845 2546; baseline 0.003 -19"><span class='ocrx_word' id='word_1_314' title='bbox 263 2472 412 2527; x_wconf 82' lang='lat' dir='ltr'><strong>sibus</strong></span> <span class='ocrx_word' id='word_1_315' title='bbox 430 2474 642 2543; x_wconf 78' lang='lat' dir='ltr'><strong>perfecti</strong></span> <span class='ocrx_word' id='word_1_316' title='bbox 661 2474 775 2528; x_wconf 81' lang='lat' dir='ltr'><strong>sitis</strong></span> <span class='ocrx_word' id='word_1_317' title='bbox 803 2475 822 2546; x_wconf 92' lang='lat'>(</span> <span class='ocrx_word' id='word_1_318' title='bbox 843 2472 871 2528; x_wconf 86' lang='lat' dir='ltr'><strong><em>I</em></strong></span> <span class='ocrx_word' id='word_1_319' title='bbox 897 2473 1015 2532; x_wconf 88' lang='lat' dir='ltr'><strong>Cor.</strong></span> <span class='ocrx_word' id='word_1_320' title='bbox 1041 2477 1172 2543; x_wconf 70' lang='lat' dir='ltr'><strong>xxv).</strong></span> <span class='ocrx_word' id='word_1_321' title='bbox 1198 2473 1338 2530; x_wconf 87' lang='lat' dir='ltr'><strong>Puer</strong></span> <span class='ocrx_word' id='word_1_322' title='bbox 1364 2476 1508 2531; x_wconf 87' lang='lat' dir='ltr'><strong>enim</strong></span> <span class='ocrx_word' id='word_1_323' title='bbox 1538 2476 1622 2530; x_wconf 89' lang='lat' dir='ltr'><strong>vel</strong></span> <span class='ocrx_word' id='word_1_324' title='bbox 1651 2492 1845 2545; x_wconf 88' lang='lat' dir='ltr'><strong>parvu-</strong></span> 
     </span>
    </p>
   </div>
   <div class='ocr_carea' id='block_1_41' title="bbox 257 2563 1848 2639">
    <p class='ocr_par' dir='ltr' id='par_1_41' title="bbox 257 2563 1848 2639">
     <span class='ocr_line' id='line_1_41' title="bbox 257 2563 1848 2639; baseline 0.003 -22"><span class='ocrx_word' id='word_1_325' title='bbox 257 2563 356 2618; x_wconf 74' lang='lat' dir='ltr'><strong>‘lus</strong></span> <span class='ocrx_word' id='word_1_326' title='bbox 385 2563 644 2618; x_wconf 84' lang='lat' dir='ltr'><strong>malitiam</strong></span> <span class='ocrx_word' id='word_1_327' title='bbox 677 2565 858 2620; x_wconf 63' lang='lat' dir='ltr'><strong>saeculi</strong></span> <span class='ocrx_word' id='word_1_328' title='bbox 898 2581 1003 2620; x_wconf 90' lang='lat' dir='ltr'><strong>non</strong></span> <span class='ocrx_word' id='word_1_329' title='bbox 1035 2567 1201 2630; x_wconf 85' lang='lat' dir='ltr'><strong>novit,</strong></span> <span class='ocrx_word' id='word_1_330' title='bbox 1236 2573 1520 2636; x_wconf 89' lang='lat' dir='ltr'><strong>peccatum</strong></span> <span class='ocrx_word' id='word_1_331' title='bbox 1548 2566 1730 2639; x_wconf 79' lang='lat' dir='ltr'><strong>facere</strong></span> <span class='ocrx_word' id='word_1_332' title='bbox 1755 2583 1848 2622; x_wconf 91' lang='lat' dir='ltr'><strong>ne-</strong></span> 
     </span>
    </p>
   </div>
   <div class='ocr_carea' id='block_1_42' title="bbox 262 2654 1850 2728">
    <p class='ocr_par' dir='ltr' id='par_1_42' title="bbox 262 2654 1850 2728">
     <span class='ocr_line' id='line_1_42' title="bbox 262 2654 1850 2728; baseline 0.003 -18"><span class='ocrx_word' id='word_1_333' title='bbox 262 2654 391 2720; x_wconf 77' lang='lat' dir='ltr'><strong>scit,</strong></span> <span class='ocrx_word' id='word_1_334' title='bbox 424 2656 668 2724; x_wconf 78' lang='lat' dir='ltr'><strong>proximo</strong></span> <span class='ocrx_word' id='word_1_335' title='bbox 697 2657 895 2711; x_wconf 91' lang='lat' dir='ltr'><strong>malum</strong></span> <span class='ocrx_word' id='word_1_336' title='bbox 926 2673 1032 2712; x_wconf 92' lang='lat' dir='ltr'><strong>non</strong></span> <span class='ocrx_word' id='word_1_337' title='bbox 1060 2667 1334 2728; x_wconf 86' lang='lat' dir='ltr'><strong>operatur,</strong></span> <span class='ocrx_word' id='word_1_338' title='bbox 1367 2659 1498 2712; x_wconf 86' lang='lat' dir='ltr'><strong>iram</strong></span> <span class='ocrx_word' id='word_1_339' title='bbox 1529 2676 1635 2714; x_wconf 90' lang='lat' dir='ltr'><strong>non</strong></span> <span class='ocrx_word' id='word_1_340' title='bbox 1679 2669 1850 2725; x_wconf 87' lang='lat' dir='ltr'><strong>tenet,-</strong></span> 
     </span>
    </p>
   </div>
   <div class='ocr_carea' id='block_1_43' title="bbox 263 2747 1846 2818">
    <p class='ocr_par' dir='ltr' id='par_1_43' title="bbox 263 2747 1846 2818">
     <span class='ocr_line' id='line_1_43' title="bbox 263 2747 1846 2818; baseline 0.004 -19"><span class='ocrx_word' id='word_1_341' title='bbox 263 2747 545 2800; x_wconf 83' lang='lat' dir='ltr'><strong>neminem</strong></span> <span class='ocrx_word' id='word_1_342' title='bbox 575 2747 705 2810; x_wconf 87' lang='lat' dir='ltr'><strong>odit,</strong></span> <span class='ocrx_word' id='word_1_343' title='bbox 756 2747 967 2802; x_wconf 86' lang='lat' dir='ltr'><strong>divitias</strong></span> <span class='ocrx_word' id='word_1_344' title='bbox 1013 2765 1121 2804; x_wconf 90' lang='lat' dir='ltr'><strong>non</strong></span> <span class='ocrx_word' id='word_1_345' title='bbox 1162 2750 1380 2818; x_wconf 75' lang='lat' dir='ltr'><strong>qumrit,</strong></span> <span class='ocrx_word' id='word_1_346' title='bbox 1413 2750 1636 2818; x_wconf 77' lang='lat' dir='ltr'><strong>gloriam</strong></span> <span class='ocrx_word' id='word_1_347' title='bbox 1666 2752 1846 2805; x_wconf 87' lang='lat' dir='ltr'><strong>mundi</strong></span> 
     </span>
    </p>
   </div>
   <div class='ocr_carea' id='block_1_44' title="bbox 264 2837 1848 2912">
    <p class='ocr_par' dir='ltr' id='par_1_44' title="bbox 264 2837 1848 2912">
     <span class='ocr_line' id='line_1_44' title="bbox 264 2837 1848 2912; baseline 0.006 -22"><span class='ocrx_word' id='word_1_348' title='bbox 264 2837 439 2906; x_wconf 74' lang='lat' dir='ltr'><strong>ipsius</strong></span> <span class='ocrx_word' id='word_1_349' title='bbox 468 2854 576 2892; x_wconf 89' lang='lat' dir='ltr'><strong>non</strong></span> <span class='ocrx_word' id='word_1_350' title='bbox 598 2840 839 2905; x_wconf 85' lang='lat' dir='ltr'><strong>miratur,</strong></span> <span class='ocrx_word' id='word_1_351' title='bbox 881 2849 1084 2911; x_wconf 85' lang='lat' dir='ltr'><strong>patrem</strong></span> <span class='ocrx_word' id='word_1_352' title='bbox 1105 2857 1316 2912; x_wconf 89' lang='lat' dir='ltr'><strong>semper</strong></span> <span class='ocrx_word' id='word_1_353' title='bbox 1335 2844 1593 2912; x_wconf 88' lang='lat' dir='ltr'><strong>sequitur,</strong></span> <span class='ocrx_word' id='word_1_354' title='bbox 1625 2859 1654 2898; x_wconf 93' lang='lat' dir='ltr'><strong>a</strong></span> <span class='ocrx_word' id='word_1_355' title='bbox 1677 2853 1848 2900; x_wconf 89' lang='lat' dir='ltr'><strong>matre</strong></span> 
     </span>
    </p>
   </div>
   <div class='ocr_carea' id='block_1_45' title="bbox 265 2934 1848 3005">
    <p class='ocr_par' dir='ltr' id='par_1_45' title="bbox 265 2934 1848 3005">
     <span class='ocr_line' id='line_1_45' title="bbox 265 2934 1848 3005; baseline 0.005 -18"><span class='ocrx_word' id='word_1_356' title='bbox 265 2949 383 2988; x_wconf 87' lang='lat' dir='ltr'><strong>non</strong></span> <span class='ocrx_word' id='word_1_357' title='bbox 423 2934 640 2989; x_wconf 88' lang='lat' dir='ltr'><strong>recedit.</strong></span> <span class='ocrx_word' id='word_1_358' title='bbox 675 2934 785 2990; x_wconf 84' lang='lat' dir='ltr'><strong>Hac</strong></span> <span class='ocrx_word' id='word_1_359' title='bbox 831 2951 958 3005; x_wconf 82' lang='lat' dir='ltr'><strong>ergo</strong></span> <span class='ocrx_word' id='word_1_360' title='bbox 999 2937 1066 2992; x_wconf 89' lang='lat' dir='ltr'><strong>de</strong></span> <span class='ocrx_word' id='word_1_361' title='bbox 1111 2953 1270 2992; x_wconf 87' lang='lat' dir='ltr'><strong>causa</strong></span> <span class='ocrx_word' id='word_1_362' title='bbox 1298 2939 1412 2993; x_wconf 83' lang='lat' dir='ltr'><strong>vult</strong></span> <span class='ocrx_word' id='word_1_363' title='bbox 1449 2955 1548 2994; x_wconf 90' lang='lat' dir='ltr'><strong>nos</strong></span> <span class='ocrx_word' id='word_1_364' title='bbox 1592 2939 1848 2995; x_wconf 90' lang='lat' dir='ltr'><strong>Dominus</strong></span> 
     </span>
    </p>
   </div>
   <div class='ocr_carea' id='block_1_46' title="bbox 264 3029 1847 3100">
    <p class='ocr_par' dir='ltr' id='par_1_46' title="bbox 264 3029 1847 3100">
     <span class='ocr_line' id='line_1_46' title="bbox 264 3029 1847 3100; baseline 0.006 -20"><span class='ocrx_word' id='word_1_365' title='bbox 264 3035 528 3096; x_wconf 87' lang='lat' dir='ltr'><strong>tanquam</strong></span> <span class='ocrx_word' id='word_1_366' title='bbox 555 3044 750 3098; x_wconf 90' lang='lat' dir='ltr'><strong>pueros</strong></span> <span class='ocrx_word' id='word_1_367' title='bbox 776 3029 932 3096; x_wconf 83' lang='lat' dir='ltr'><strong>efﬁci,</strong></span> <span class='ocrx_word' id='word_1_368' title='bbox 958 3040 1015 3085; x_wconf 90' lang='lat' dir='ltr'><strong>ut</strong></span> <span class='ocrx_word' id='word_1_369' title='bbox 1041 3032 1199 3090; x_wconf 87' lang='lat' dir='ltr'><strong>simili</strong></span> <span class='ocrx_word' id='word_1_370' title='bbox 1228 3033 1473 3100; x_wconf 74' lang='lat' dir='ltr'><strong>exemplo</strong></span> <span class='ocrx_word' id='word_1_371' title='bbox 1501 3033 1616 3088; x_wconf 88' lang='lat' dir='ltr'><strong>sine</strong></span> <span class='ocrx_word' id='word_1_372' title='bbox 1645 3035 1847 3089; x_wconf 86' lang='lat' dir='ltr'><strong>malitia</strong></span> 
     </span>
    </p>
   </div>
   <div class='ocr_carea' id='block_1_47' title="bbox 263 3117 1844 3192">
    <p class='ocr_par' dir='ltr' id='par_1_47' title="bbox 263 3117 1844 3192">
     <span class='ocr_line' id='line_1_47' title="bbox 263 3117 1844 3192; baseline 0.005 -20"><span class='ocrx_word' id='word_1_373' title='bbox 263 3125 328 3172; x_wconf 87' lang='lat' dir='ltr'><strong>et</strong></span> <span class='ocrx_word' id='word_1_374' title='bbox 357 3117 472 3172; x_wconf 88' lang='lat' dir='ltr'><strong>sine</strong></span> <span class='ocrx_word' id='word_1_375' title='bbox 501 3117 624 3173; x_wconf 90' lang='lat' dir='ltr'><strong>dolo</strong></span> <span class='ocrx_word' id='word_1_376' title='bbox 655 3121 706 3174; x_wconf 88' lang='lat' dir='ltr'><strong>in</strong></span> <span class='ocrx_word' id='word_1_377' title='bbox 751 3121 947 3176; x_wconf 70' lang='lat' dir='ltr'><strong>satculo</strong></span> <span class='ocrx_word' id='word_1_378' title='bbox 987 3124 1234 3192; x_wconf 65' lang='lat' dir='ltr'><strong>pratsenti</strong></span> <span class='ocrx_word' id='word_1_379' title='bbox 1263 3124 1520 3180; x_wconf 83' lang='lat' dir='ltr'><strong>vivamus.</strong></span> <span class='ocrx_word' id='word_1_380' title='bbox 1555 3123 1844 3181; x_wconf 86' lang='lat' dir='ltr'><strong>Peccatum</strong></span> 
     </span>
    </p>
   </div>
   <div class='ocr_carea' id='block_1_48' title="bbox 265 3198 1922 3286">
    <p class='ocr_par' dir='ltr' id='par_1_48' title="bbox 265 3198 1922 3286">
     <span class='ocr_line' id='line_1_48' title="bbox 265 3198 1922 3286; baseline 0.007 -25"><span class='ocrx_word' id='word_1_381' title='bbox 265 3206 560 3276; x_wconf 80' lang='lat' dir='ltr'><strong>fugiamus,</strong></span> <span class='ocrx_word' id='word_1_382' title='bbox 584 3212 778 3266; x_wconf 88' lang='lat' dir='ltr'><strong>malum</strong></span> <span class='ocrx_word' id='word_1_383' title='bbox 810 3215 1055 3283; x_wconf 81' lang='lat' dir='ltr'><strong>proximo</strong></span> <span class='ocrx_word' id='word_1_384' title='bbox 1085 3231 1191 3270; x_wconf 91' lang='lat' dir='ltr'><strong>non</strong></span> <span class='ocrx_word' id='word_1_385' title='bbox 1221 3231 1543 3286; x_wconf 86' lang='lat' dir='ltr'><strong>operemur;</strong></span> <span class='ocrx_word' id='word_1_386' title='bbox 1585 3219 1717 3274; x_wconf 90' lang='lat' dir='ltr'><strong>iram</strong></span> <span class='ocrx_word' id='word_1_387' title='bbox 1741 3235 1846 3272; x_wconf 91' lang='lat' dir='ltr'><strong>non</strong></span> <span class='ocrx_word' id='word_1_388' title='bbox 1877 3198 1922 3261; x_wconf 60' lang='grc' dir='ltr'><strong>(ἶ</strong></span> 
     </span>
    </p>
   </div>
   <div class='ocr_carea' id='block_1_49' title="bbox 265 3306 1851 3381">
    <p class='ocr_par' dir='ltr' id='par_1_49' title="bbox 265 3306 1851 3381">
     <span class='ocr_line' id='line_1_49' title="bbox 265 3306 1851 3381; baseline 0.006 -26"><span class='ocrx_word' id='word_1_389' title='bbox 265 3310 578 3368; x_wconf 59' lang='lat' dir='ltr'><strong>teneamus,</strong></span> <span class='ocrx_word' id='word_1_390' title='bbox 611 3322 716 3360; x_wconf 93' lang='lat' dir='ltr'><strong>non</strong></span> <span class='ocrx_word' id='word_1_391' title='bbox 745 3306 974 3371; x_wconf 87' lang='lat' dir='ltr'><strong>divitias,</strong></span> <span class='ocrx_word' id='word_1_392' title='bbox 1008 3323 1113 3362; x_wconf 89' lang='lat' dir='ltr'><strong>non</strong></span> <span class='ocrx_word' id='word_1_393' title='bbox 1143 3308 1364 3376; x_wconf 80' lang='lat' dir='ltr'><strong>gloriam</strong></span> <span class='ocrx_word' id='word_1_394' title='bbox 1402 3312 1582 3365; x_wconf 70' lang='lat' dir='ltr'><strong>smculi</strong></span> <span class='ocrx_word' id='word_1_395' title='bbox 1610 3313 1851 3381; x_wconf 81' lang='lat' dir='ltr'><strong>requira-</strong></span> 
     </span>
    </p>
   </div>
   <div class='ocr_carea' id='block_1_50' title="bbox 265 3392 1853 3471">
    <p class='ocr_par' dir='ltr' id='par_1_50' title="bbox 265 3392 1853 3471">
     <span class='ocr_line' id='line_1_50' title="bbox 265 3392 1853 3471; baseline 0.004 -21"><span class='ocrx_word' id='word_1_396' title='bbox 265 3409 416 3450; x_wconf 90' lang='lat' dir='ltr'><strong>mus.</strong></span> <span class='ocrx_word' id='word_1_397' title='bbox 451 3392 664 3462; x_wconf 86' lang='lat' dir='ltr'><strong>Patrem</strong></span> <span class='ocrx_word' id='word_1_398' title='bbox 711 3413 920 3467; x_wconf 84' lang='lat' dir='ltr'><strong>semper</strong></span> <span class='ocrx_word' id='word_1_399' title='bbox 949 3413 1254 3467; x_wconf 85' lang='lat' dir='ltr'><strong>sequamur,</strong></span> <span class='ocrx_word' id='word_1_400' title='bbox 1302 3400 1353 3454; x_wconf 91' lang='lat' dir='ltr'><strong>id</strong></span> <span class='ocrx_word' id='word_1_401' title='bbox 1377 3408 1458 3454; x_wconf 90' lang='lat' dir='ltr'><strong>est</strong></span> <span class='ocrx_word' id='word_1_402' title='bbox 1487 3401 1675 3468; x_wconf 91' lang='lat' dir='ltr'><strong>Deum,</strong></span> <span class='ocrx_word' id='word_1_403' title='bbox 1703 3403 1853 3471; x_wconf 88' lang='lat' dir='ltr'><strong>cujus</strong></span> 
     </span>
    </p>
   </div>
   <div class='ocr_carea' id='block_1_51' title="bbox 267 3484 1849 3562">
    <p class='ocr_par' dir='ltr' id='par_1_51' title="bbox 267 3484 1849 3562">
     <span class='ocr_line' id='line_1_51' title="bbox 267 3484 1849 3562; baseline 0.007 -24"><span class='ocrx_word' id='word_1_404' title='bbox 267 3484 373 3538; x_wconf 86' lang='lat' dir='ltr'><strong>ﬁlii</strong></span> <span class='ocrx_word' id='word_1_405' title='bbox 405 3501 502 3556; x_wconf 90' lang='lat' dir='ltr'><strong>per</strong></span> <span class='ocrx_word' id='word_1_406' title='bbox 522 3487 859 3558; x_wconf 74' lang='lat' dir='ltr'><strong>adoptibnem</strong></span> <span class='ocrx_word' id='word_1_407' title='bbox 887 3505 1004 3543; x_wconf 88' lang='lat' dir='ltr'><strong>esse</strong></span> <span class='ocrx_word' id='word_1_408' title='bbox 1028 3489 1140 3558; x_wconf 90' lang='lat' dir='ltr'><strong>jam</strong></span> <span class='ocrx_word' id='word_1_409' title='bbox 1185 3492 1463 3562; x_wconf 72' lang='lat' dir='ltr'><strong>cmpimus,</strong></span> <span class='ocrx_word' id='word_1_410' title='bbox 1490 3509 1518 3546; x_wconf 93' lang='lat' dir='ltr'><strong>a</strong></span> <span class='ocrx_word' id='word_1_411' title='bbox 1549 3502 1720 3548; x_wconf 85' lang='lat' dir='ltr'><strong>matre</strong></span> <span class='ocrx_word' id='word_1_412' title='bbox 1745 3510 1849 3549; x_wconf 89' lang='lat' dir='ltr'><strong>non</strong></span> 
     </span>
    </p>
   </div>
   <div class='ocr_carea' id='block_1_52' title="bbox 268 3577 1852 3657">
    <p class='ocr_par' dir='ltr' id='par_1_52' title="bbox 268 3577 1852 3657">
     <span class='ocr_line' id='line_1_52' title="bbox 268 3577 1852 3657; baseline 0.006 -26"><span class='ocrx_word' id='word_1_413' title='bbox 268 3577 616 3650; x_wconf 83' lang='lat' dir='ltr'><strong>recedamus,</strong></span> <span class='ocrx_word' id='word_1_414' title='bbox 640 3579 690 3634; x_wconf 87' lang='lat' dir='ltr'><strong>id</strong></span> <span class='ocrx_word' id='word_1_415' title='bbox 739 3589 819 3634; x_wconf 91' lang='lat' dir='ltr'><strong>est</strong></span> <span class='ocrx_word' id='word_1_416' title='bbox 852 3581 918 3635; x_wconf 89' lang='lat' dir='ltr'><strong>ab</strong></span> <span class='ocrx_word' id='word_1_417' title='bbox 945 3580 1200 3648; x_wconf 87' lang='lat' dir='ltr'><strong>Ecclesia,</strong></span> <span class='ocrx_word' id='word_1_418' title='bbox 1233 3599 1330 3653; x_wconf 91' lang='lat' dir='ltr'><strong>per</strong></span> <span class='ocrx_word' id='word_1_419' title='bbox 1353 3600 1512 3654; x_wconf 92' lang='lat' dir='ltr'><strong>quam</strong></span> <span class='ocrx_word' id='word_1_420' title='bbox 1551 3585 1662 3641; x_wconf 90' lang='lat' dir='ltr'><strong>Deo</strong></span> <span class='ocrx_word' id='word_1_421' title='bbox 1693 3587 1852 3657; x_wconf 89' lang='lat' dir='ltr'><strong>spiri-</strong></span> 
     </span>
    </p>
   </div>
   <div class='ocr_carea' id='block_1_53' title="bbox 267 3669 1853 3750">
    <p class='ocr_par' dir='ltr' id='par_1_53' title="bbox 267 3669 1853 3750">
     <span class='ocr_line' id='line_1_53' title="bbox 267 3669 1853 3750; baseline 0.008 -27"><span class='ocrx_word' id='word_1_422' title='bbox 267 3669 498 3724; x_wconf 89' lang='lat' dir='ltr'><strong>tualiter</strong></span> <span class='ocrx_word' id='word_1_423' title='bbox 517 3671 626 3724; x_wconf 90' lang='lat' dir='ltr'><strong>nati</strong></span> <span class='ocrx_word' id='word_1_424' title='bbox 655 3687 855 3727; x_wconf 88' lang='lat' dir='ltr'><strong>sumus.</strong></span> <span class='ocrx_word' id='word_1_425' title='bbox 881 3672 938 3727; x_wconf 84' lang='lat' dir='ltr'><strong>In</strong></span> <span class='ocrx_word' id='word_1_426' title='bbox 961 3674 1116 3743; x_wconf 91' lang='lat' dir='ltr'><strong>hujus</strong></span> <span class='ocrx_word' id='word_1_427' title='bbox 1139 3675 1325 3729; x_wconf 87' lang='lat' dir='ltr'><strong>matris</strong></span> <span class='ocrx_word' id='word_1_428' title='bbox 1345 3678 1567 3744; x_wconf 84' lang='lat' dir='ltr'><strong>gremio,</strong></span> <span class='ocrx_word' id='word_1_429' title='bbox 1599 3673 1853 3750; x_wconf 84' lang='lat' dir='ltr'><strong>tanquam</strong></span> 
     </span>
    </p>
   </div>
   <div class='ocr_carea' id='block_1_54' title="bbox 269 3763 1848 3839">
    <p class='ocr_par' dir='ltr' id='par_1_54' title="bbox 269 3763 1848 3839">
     <span class='ocr_line' id='line_1_54' title="bbox 269 3763 1848 3839; baseline 0.008 -24"><span class='ocrx_word' id='word_1_430' title='bbox 269 3763 491 3833; x_wconf 81' lang='lat' dir='ltr'><strong>parvuli</strong></span> <span class='ocrx_word' id='word_1_431' title='bbox 521 3765 638 3818; x_wconf 91' lang='lat' dir='ltr'><strong>sinu</strong></span> <span class='ocrx_word' id='word_1_432' title='bbox 669 3767 833 3834; x_wconf 89' lang='lat' dir='ltr'><strong>patris</strong></span> <span class='ocrx_word' id='word_1_433' title='bbox 861 3767 1074 3837; x_wconf 90' lang='lat' dir='ltr'><strong>proprie</strong></span> <span class='ocrx_word' id='word_1_434' title='bbox 1112 3769 1388 3823; x_wconf 88' lang='lat' dir='ltr'><strong>constituti</strong></span> <span class='ocrx_word' id='word_1_435' title='bbox 1431 3771 1848 3839; x_wconf 88' lang='lat' dir='ltr'><strong>requiescamus.</strong></span> 
     </span>
    </p>
   </div>
   <div class='ocr_carea' id='block_1_55' title="bbox 269 3852 1854 3929">
    <p class='ocr_par' dir='ltr' id='par_1_55' title="bbox 269 3852 1854 3929">
     <span class='ocr_line' id='line_1_55' title="bbox 269 3852 1854 3929; baseline 0.006 -21"><span class='ocrx_word' id='word_1_436' title='bbox 269 3852 450 3921; x_wconf 78' lang='lat' dir='ltr'><strong>Hujus</strong></span> <span class='ocrx_word' id='word_1_437' title='bbox 475 3855 671 3910; x_wconf 86' lang='lat' dir='ltr'><strong>salubri</strong></span> <span class='ocrx_word' id='word_1_438' title='bbox 716 3857 958 3920; x_wconf 80' lang='lat' dir='ltr'><strong>doctrina</strong></span> <span class='ocrx_word' id='word_1_439' title='bbox 987 3859 1224 3928; x_wconf 83' lang='lat' dir='ltr'><strong>quotidie</strong></span> <span class='ocrx_word' id='word_1_440' title='bbox 1270 3859 1666 3929; x_wconf 89' lang='lat' dir='ltr'><strong>denutriamur,</strong></span> <span class='ocrx_word' id='word_1_441' title='bbox 1695 3871 1753 3917; x_wconf 92' lang='lat' dir='ltr'><strong>ut</strong></span> <span class='ocrx_word' id='word_1_442' title='bbox 1800 3864 1854 3918; x_wconf 91' lang='lat' dir='ltr'><strong>in</strong></span> 
     </span>
    </p>
   </div>
   <div class='ocr_carea' id='block_1_56' title="bbox 271 3945 1855 4026">
    <p class='ocr_par' dir='ltr' id='par_1_56' title="bbox 271 3945 1855 4026">
     <span class='ocr_line' id='line_1_56' title="bbox 271 3945 1855 4026; baseline 0.007 -27"><span class='ocrx_word' id='word_1_443' title='bbox 271 3945 388 4000; x_wconf 80' lang='lat' dir='ltr'><strong>fids</strong></span> <span class='ocrx_word' id='word_1_444' title='bbox 438 3953 493 4002; x_wconf 92' lang='lat' dir='ltr'><strong>et</strong></span> <span class='ocrx_word' id='word_1_445' title='bbox 535 3948 705 4015; x_wconf 82' lang='lat' dir='ltr'><strong>gratia</strong></span> <span class='ocrx_word' id='word_1_446' title='bbox 747 3948 995 4020; x_wconf 86' lang='lat' dir='ltr'><strong>baptismi</strong></span> <span class='ocrx_word' id='word_1_447' title='bbox 1025 3967 1354 4019; x_wconf 83' lang='lat' dir='ltr'><strong>crescamus;</strong></span> <span class='ocrx_word' id='word_1_448' title='bbox 1385 3955 1675 4010; x_wconf 87' lang='lat' dir='ltr'><strong>secundum</strong></span> <span class='ocrx_word' id='word_1_449' title='bbox 1710 3956 1855 4026; x_wconf 89' lang='lat' dir='ltr'><strong>quod</strong></span> 
     </span>
    </p>
   </div>
   <div class='ocr_carea' id='block_1_57' title="bbox 269 4038 1850 4119">
    <p class='ocr_par' dir='ltr' id='par_1_57' title="bbox 269 4038 1850 4119">
     <span class='ocr_line' id='line_1_57' title="bbox 269 4038 1850 4119; baseline 0.005 -27"><span class='ocrx_word' id='word_1_450' title='bbox 269 4038 474 4100; x_wconf 81' lang='lat' dir='ltr'><strong>Petrus</strong></span> <span class='ocrx_word' id='word_1_451' title='bbox 503 4039 554 4094; x_wconf 87' lang='lat' dir='ltr'><strong>in</strong></span> <span class='ocrx_word' id='word_1_452' title='bbox 577 4038 808 4109; x_wconf 85' lang='lat' dir='ltr'><strong>Epistola</strong></span> <span class='ocrx_word' id='word_1_453' title='bbox 837 4057 932 4096; x_wconf 89' lang='lat' dir='ltr'><strong>sua</strong></span> <span class='ocrx_word' id='word_1_454' title='bbox 963 4051 1188 4098; x_wconf 87' lang='lat' dir='ltr'><strong>testatus</strong></span> <span class='ocrx_word' id='word_1_455' title='bbox 1209 4053 1308 4110; x_wconf 90' lang='lat' dir='ltr'><strong>est,</strong></span> <span class='ocrx_word' id='word_1_456' title='bbox 1333 4045 1516 4100; x_wconf 90' lang='lat' dir='ltr'><strong>dicens</strong></span> <span class='ocrx_word' id='word_1_457' title='bbox 1541 4064 1552 4098; x_wconf 94' lang='lat'>:</span> <span class='ocrx_word' id='word_1_458' title='bbox 1588 4045 1850 4119; x_wconf 78' lang='lat' dir='ltr'><strong>Infantes,</strong></span> 
     </span>
    </p>
   </div>
   <div class='ocr_carea' id='block_1_58' title="bbox 271 4132 1854 4208">
    <p class='ocr_par' dir='ltr' id='par_1_58' title="bbox 271 4132 1854 4208">
     <span class='ocr_line' id='line_1_58' title="bbox 271 4132 1854 4208; baseline 0.003 -20"><span class='ocrx_word' id='word_1_459' title='bbox 271 4134 364 4188; x_wconf 81' lang='lat' dir='ltr'><strong>lac</strong></span> <span class='ocrx_word' id='word_1_460' title='bbox 407 4132 662 4200; x_wconf 82' lang='lat' dir='ltr'><strong>adamate,</strong></span> <span class='ocrx_word' id='word_1_461' title='bbox 693 4141 750 4186; x_wconf 89' lang='lat' dir='ltr'><strong>ut</strong></span> <span class='ocrx_word' id='word_1_462' title='bbox 795 4136 851 4188; x_wconf 87' lang='lat' dir='ltr'><strong>in</strong></span> <span class='ocrx_word' id='word_1_463' title='bbox 879 4151 938 4189; x_wconf 82' lang='lat' dir='ltr'><strong>eo</strong></span> <span class='ocrx_word' id='word_1_464' title='bbox 986 4137 1227 4190; x_wconf 75' lang='lat' dir='ltr'><strong>crescetis</strong></span> <span class='ocrx_word' id='word_1_465' title='bbox 1254 4136 1308 4208; x_wconf 89' lang='grc' dir='ltr'><strong>(Ι</strong></span> <span class='ocrx_word' id='word_1_466' title='bbox 1349 4136 1463 4192; x_wconf 85' lang='lat' dir='ltr'><strong>Pet.</strong></span> <span class='ocrx_word' id='word_1_467' title='bbox 1496 4138 1576 4208; x_wconf 85' lang='lat' dir='ltr'><strong>il).</strong></span> <span class='ocrx_word' id='word_1_468' title='bbox 1607 4136 1854 4194; x_wconf 84' lang='lat' dir='ltr'><strong>Ostendit</strong></span> 
     </span>
    </p>
   </div>
   <div class='ocr_carea' id='block_1_59' title="bbox 273 4223 1857 4298">
    <p class='ocr_par' dir='ltr' id='par_1_59' title="bbox 273 4223 1857 4298">
     <span class='ocr_line' id='line_1_59' title="bbox 273 4223 1857 4298; baseline 0.004 -18"><span class='ocrx_word' id='word_1_469' title='bbox 273 4223 439 4280; x_wconf 87' lang='lat' dir='ltr'><strong>nobis</strong></span> <span class='ocrx_word' id='word_1_470' title='bbox 485 4232 540 4280; x_wconf 89' lang='lat' dir='ltr'><strong>et</strong></span> <span class='ocrx_word' id='word_1_471' title='bbox 592 4233 805 4280; x_wconf 89' lang='lat' dir='ltr'><strong>sanctus</strong></span> <span class='ocrx_word' id='word_1_472' title='bbox 847 4224 1080 4283; x_wconf 85' lang='lat' dir='ltr'><strong>Joannes</strong></span> <span class='ocrx_word' id='word_1_473' title='bbox 1136 4230 1187 4284; x_wconf 89' lang='lat' dir='ltr'><strong>in</strong></span> <span class='ocrx_word' id='word_1_474' title='bbox 1215 4227 1454 4298; x_wconf 84' lang='lat' dir='ltr'><strong>Epistola</strong></span> <span class='ocrx_word' id='word_1_475' title='bbox 1501 4244 1597 4284; x_wconf 91' lang='lat' dir='ltr'><strong>sua</strong></span> <span class='ocrx_word' id='word_1_476' title='bbox 1625 4230 1857 4298; x_wconf 90' lang='lat' dir='ltr'><strong>qualiter</strong></span> 
     </span>
    </p>
   </div>
   <div class='ocr_carea' id='block_1_60' title="bbox 275 4317 1853 4394">
    <p class='ocr_par' dir='ltr' id='par_1_60' title="bbox 275 4317 1853 4394">
     <span class='ocr_line' id='line_1_60' title="bbox 275 4317 1853 4394; baseline 0.006 -25"><span class='ocrx_word' id='word_1_477' title='bbox 275 4317 438 4388; x_wconf 83' lang='lat' dir='ltr'><strong>pueri</strong></span> <span class='ocrx_word' id='word_1_478' title='bbox 466 4317 922 4381; x_wconf 53' lang='lat' dir='ltr'><strong>esu-debeamus,</strong></span> <span class='ocrx_word' id='word_1_479' title='bbox 947 4335 1067 4374; x_wconf 89' lang='lat' dir='ltr'><strong>cum</strong></span> <span class='ocrx_word' id='word_1_480' title='bbox 1096 4320 1223 4376; x_wconf 86' lang='lat' dir='ltr'><strong>dicit</strong></span> <span class='ocrx_word' id='word_1_481' title='bbox 1249 4339 1261 4374; x_wconf 91' lang='lat'><strong>:</strong></span> <span class='ocrx_word' id='word_1_482' title='bbox 1295 4320 1476 4377; x_wconf 74' lang='lat' dir='ltr'><strong>Scriba</strong></span> <span class='ocrx_word' id='word_1_483' title='bbox 1503 4321 1663 4391; x_wconf 77' lang='lat' dir='ltr'><strong>vobis,</strong></span> <span class='ocrx_word' id='word_1_484' title='bbox 1687 4326 1853 4394; x_wconf 85' lang='lat' dir='ltr'><strong>pueri,</strong></span> 
     </span>
    </p>
   </div>
   <div class='ocr_carea' id='block_1_61' title="bbox 273 4411 1856 4487">
    <p class='ocr_par' dir='ltr' id='par_1_61' title="bbox 273 4411 1856 4487">
     <span class='ocr_line' id='line_1_61' title="bbox 273 4411 1856 4487; baseline 0.007 -25"><span class='ocrx_word' id='word_1_485' title='bbox 273 4411 406 4481; x_wconf 79' lang='lat' dir='ltr'><strong>quia</strong></span> <span class='ocrx_word' id='word_1_486' title='bbox 423 4411 729 4479; x_wconf 85' lang='lat' dir='ltr'><strong>cognovistis</strong></span> <span class='ocrx_word' id='word_1_487' title='bbox 755 4411 1017 4482; x_wconf 85' lang='lat' dir='ltr'><strong>patrem(l</strong></span> <span class='ocrx_word' id='word_1_488' title='bbox 1043 4414 1197 4468; x_wconf 86' lang='lat' dir='ltr'><strong>Joau.</strong></span> <span class='ocrx_word' id='word_1_489' title='bbox 1225 4416 1303 4486; x_wconf 83' lang='grc' dir='ltr'><strong>ιι).</strong></span> <span class='ocrx_word' id='word_1_490' title='bbox 1337 4415 1394 4469; x_wconf 84' lang='grc' dir='ltr'><strong>1η</strong></span> <span class='ocrx_word' id='word_1_491' title='bbox 1425 4416 1528 4472; x_wconf 92' lang='lat' dir='ltr'><strong>hoc</strong></span> <span class='ocrx_word' id='word_1_492' title='bbox 1556 4431 1684 4486; x_wconf 82' lang='lat' dir='ltr'><strong>ergo</strong></span> <span class='ocrx_word' id='word_1_493' title='bbox 1704 4418 1856 4487; x_wconf 90' lang='lat' dir='ltr'><strong>pueri</strong></span> 
     </span>
    </p>
   </div>
   <div class='ocr_carea' id='block_1_62' title="bbox 276 4500 1857 4574">
    <p class='ocr_par' dir='ltr' id='par_1_62' title="bbox 276 4500 1857 4574">
     <span class='ocr_line' id='line_1_62' title="bbox 276 4500 1857 4574; baseline 0.005 -20"><span class='ocrx_word' id='word_1_494' title='bbox 276 4514 407 4554; x_wconf 88' lang='lat' dir='ltr'><strong>esse</strong></span> <span class='ocrx_word' id='word_1_495' title='bbox 457 4500 815 4570; x_wconf 72' lang='lat' dir='ltr'><strong>prmcipimur,</strong></span> <span class='ocrx_word' id='word_1_496' title='bbox 869 4509 925 4557; x_wconf 91' lang='lat' dir='ltr'><strong>ut</strong></span> <span class='ocrx_word' id='word_1_497' title='bbox 970 4514 1173 4573; x_wconf 86' lang='lat' dir='ltr'><strong>patrem</strong></span> <span class='ocrx_word' id='word_1_498' title='bbox 1203 4520 1583 4574; x_wconf 80' lang='lat' dir='ltr'><strong>agnoscamus;</strong></span> <span class='ocrx_word' id='word_1_499' title='bbox 1615 4517 1673 4563; x_wconf 87' lang='lat' dir='ltr'><strong>ut</strong></span> <span class='ocrx_word' id='word_1_500' title='bbox 1702 4509 1857 4564; x_wconf 65' lang='lat' dir='ltr'><strong>iuno-</strong></span> 
     </span>
    </p>
   </div>
   <div class='ocr_carea' id='block_1_63' title="bbox 1954 1916 3524 1988">
    <p class='ocr_par' dir='ltr' id='par_1_63' title="bbox 1954 1916 3524 1988">
     <span class='ocr_line' id='line_1_63' title="bbox 1954 1916 3524 1988; baseline -0.001 -16"><span class='ocrx_word' id='word_1_501' title='bbox 1954 1920 2029 1972; x_wconf 91' lang='lat' dir='ltr'><strong>tui</strong></span> <span class='ocrx_word' id='word_1_502' title='bbox 2056 1919 2388 1974; x_wconf 87' lang='lat' dir='ltr'><strong>haberemus.</strong></span> <span class='ocrx_word' id='word_1_503' title='bbox 2421 1916 2714 1988; x_wconf 87' lang='lat' dir='ltr'><strong>Propterea</strong></span> <span class='ocrx_word' id='word_1_504' title='bbox 2737 1919 2936 1973; x_wconf 88' lang='lat' dir='ltr'><strong>addidit</strong></span> <span class='ocrx_word' id='word_1_505' title='bbox 2975 1918 3195 1974; x_wconf 88' lang='lat' dir='ltr'><strong>dicens:</strong></span> <span class='ocrx_word' id='word_1_506' title='bbox 3224 1917 3524 1987; x_wconf 77' lang='lat' dir='ltr'><strong>Quicunque</strong></span> 
     </span>
    </p>
   </div>
   <div class='ocr_carea' id='block_1_64' title="bbox 1950 2011 3525 2084">
    <p class='ocr_par' dir='ltr' id='par_1_64' title="bbox 1950 2011 3525 2084">
     <span class='ocr_line' id='line_1_64' title="bbox 1950 2011 3525 2084; baseline -0.001 -18"><span class='ocrx_word' id='word_1_507' title='bbox 1950 2012 2378 2067; x_wconf 72' lang='lat' dir='ltr'><strong>scandalizarerit</strong></span> <span class='ocrx_word' id='word_1_508' title='bbox 2422 2030 2580 2067; x_wconf 85' lang='lat' dir='ltr'><strong>unum</strong></span> <span class='ocrx_word' id='word_1_509' title='bbox 2625 2014 2691 2066; x_wconf 85' lang='lat' dir='ltr'><strong>de</strong></span> <span class='ocrx_word' id='word_1_510' title='bbox 2719 2013 2918 2084; x_wconf 77' lang='lat' dir='ltr'><strong>pusillis</strong></span> <span class='ocrx_word' id='word_1_511' title='bbox 2959 2013 3093 2066; x_wconf 72' lang='lat' dir='ltr'><strong>istis</strong></span> <span class='ocrx_word' id='word_1_512' title='bbox 3116 2013 3200 2084; x_wconf 81' lang='lat' dir='ltr'><strong>qui</strong></span> <span class='ocrx_word' id='word_1_513' title='bbox 3229 2011 3443 2065; x_wconf 84' lang='lat' dir='ltr'><strong>credunt</strong></span> <span class='ocrx_word' id='word_1_514' title='bbox 3471 2012 3525 2064; x_wconf 89' lang='lat' dir='ltr'><strong>in</strong></span> 
     </span>
    </p>
   </div>
   <div class='ocr_carea' id='block_1_65' title="bbox 1951 2103 3524 2173">
    <p class='ocr_par' dir='ltr' id='par_1_65' title="bbox 1951 2103 3524 2173">
     <span class='ocr_line' id='line_1_65' title="bbox 1951 2103 3524 2173; baseline -0.003 -13"><span class='ocrx_word' id='word_1_515' title='bbox 1951 2121 2046 2168; x_wconf 84' lang='lat' dir='ltr'><strong>me,</strong></span> <span class='ocrx_word' id='word_1_516' title='bbox 2079 2104 2283 2172; x_wconf 60' lang='lat' dir='ltr'><strong>estpedit</strong></span> <span class='ocrx_word' id='word_1_517' title='bbox 2304 2106 2349 2158; x_wconf 84' lang='lat' dir='ltr'><strong>ei</strong></span> <span class='ocrx_word' id='word_1_518' title='bbox 2377 2114 2432 2157; x_wconf 92' lang='lat' dir='ltr'><strong>ut</strong></span> <span class='ocrx_word' id='word_1_519' title='bbox 2458 2105 2800 2173; x_wconf 84' lang='lat' dir='ltr'><strong>suspemlutur</strong></span> <span class='ocrx_word' id='word_1_520' title='bbox 2837 2105 2972 2157; x_wconf 83' lang='lat' dir='ltr'><strong>mola</strong></span> <span class='ocrx_word' id='word_1_521' title='bbox 3016 2105 3247 2157; x_wconf 86' lang='lat' dir='ltr'><strong>asinaria</strong></span> <span class='ocrx_word' id='word_1_522' title='bbox 3294 2104 3348 2155; x_wconf 86' lang='lat' dir='ltr'><strong>in</strong></span> <span class='ocrx_word' id='word_1_523' title='bbox 3393 2103 3524 2156; x_wconf 85' lang='lat' dir='ltr'><strong>collo</strong></span> 
     </span>
    </p>
   </div>
   <div class='ocr_carea' id='block_1_66' title="bbox 1949 2195 3525 2268">
    <p class='ocr_par' dir='ltr' id='par_1_66' title="bbox 1949 2195 3525 2268">
     <span class='ocr_line' id='line_1_66' title="bbox 1949 2195 3525 2268; baseline -0.004 -16"><span class='ocrx_word' id='word_1_524' title='bbox 1949 2199 2082 2266; x_wconf 80' lang='lat' dir='ltr'><strong>ejus,</strong></span> <span class='ocrx_word' id='word_1_525' title='bbox 2112 2206 2159 2250; x_wconf 88' lang='lat' dir='ltr'><strong>et</strong></span> <span class='ocrx_word' id='word_1_526' title='bbox 2187 2197 2510 2267; x_wconf 82' lang='lat' dir='ltr'><strong>demergatur</strong></span> <span class='ocrx_word' id='word_1_527' title='bbox 2538 2199 2588 2250; x_wconf 88' lang='lat' dir='ltr'><strong>in</strong></span> <span class='ocrx_word' id='word_1_528' title='bbox 2612 2197 2925 2268; x_wconf 76' lang='lat' dir='ltr'><strong>profundum</strong></span> <span class='ocrx_word' id='word_1_529' title='bbox 2951 2198 3128 2249; x_wconf 83' lang='lat' dir='ltr'><strong>muris.</strong></span> <span class='ocrx_word' id='word_1_530' title='bbox 3161 2195 3390 2249; x_wconf 82' lang='lat' dir='ltr'><strong>Necesse</strong></span> <span class='ocrx_word' id='word_1_531' title='bbox 3408 2201 3525 2247; x_wconf 85' lang='lat' dir='ltr'><strong>erat</strong></span> 
     </span>
    </p>
   </div>
   <div class='ocr_carea' id='block_1_67' title="bbox 1951 2286 3526 2369">
    <p class='ocr_par' dir='ltr' id='par_1_67' title="bbox 1951 2286 3526 2369">
     <span class='ocr_line' id='line_1_67' title="bbox 1951 2286 3526 2369; baseline -0.002 -25"><span class='ocrx_word' id='word_1_532' title='bbox 1951 2298 2009 2344; x_wconf 91' lang='lat' dir='ltr'><strong>ut</strong></span> <span class='ocrx_word' id='word_1_533' title='bbox 2041 2298 2160 2359; x_wconf 89' lang='lat' dir='ltr'><strong>post</strong></span> <span class='ocrx_word' id='word_1_534' title='bbox 2188 2291 2462 2369; x_wconf 55' lang='lat' dir='ltr'><strong>praemium</strong></span> <span class='ocrx_word' id='word_1_535' title='bbox 2478 2289 2686 2345; x_wconf 68' lang='lat' dir='ltr'><strong>devotae</strong></span> <span class='ocrx_word' id='word_1_536' title='bbox 2707 2289 2826 2345; x_wconf 85' lang='lat' dir='ltr'><strong>fidei</strong></span> <span class='ocrx_word' id='word_1_537' title='bbox 2857 2287 3224 2344; x_wconf 82' lang='lat' dir='ltr'><strong>inﬁdelitatem</strong></span> <span class='ocrx_word' id='word_1_538' title='bbox 3251 2286 3526 2342; x_wconf 88' lang='lat' dir='ltr'><strong>damnatio</strong></span> 
     </span>
    </p>
   </div>
   <div class='ocr_carea' id='block_1_68' title="bbox 1949 2375 3526 2448">
    <p class='ocr_par' dir='ltr' id='par_1_68' title="bbox 1949 2375 3526 2448">
     <span class='ocr_line' id='line_1_68' title="bbox 1949 2375 3526 2448; baseline -0.004 -13"><span class='ocrx_word' id='word_1_539' title='bbox 1949 2389 2283 2448; x_wconf 88' lang='lat' dir='ltr'><strong>sequeretur.</strong></span> <span class='ocrx_word' id='word_1_540' title='bbox 2313 2380 2480 2435; x_wconf 88' lang='lat' dir='ltr'><strong>Sicuti</strong></span> <span class='ocrx_word' id='word_1_541' title='bbox 2514 2381 2654 2435; x_wconf 90' lang='lat' dir='ltr'><strong>enim</strong></span> <span class='ocrx_word' id='word_1_542' title='bbox 2686 2379 2933 2434; x_wconf 88' lang='lat' dir='ltr'><strong>lidelibus</strong></span> <span class='ocrx_word' id='word_1_543' title='bbox 2962 2378 3265 2433; x_wconf 88' lang='lat' dir='ltr'><strong>hominibus</strong></span> <span class='ocrx_word' id='word_1_544' title='bbox 3296 2375 3526 2431; x_wconf 82' lang='lat' dir='ltr'><strong>scanda-</strong></span> 
     </span>
    </p>
   </div>
   <div class='ocr_carea' id='block_1_69' title="bbox 1951 2473 3526 2544">
    <p class='ocr_par' dir='ltr' id='par_1_69' title="bbox 1951 2473 3526 2544">
     <span class='ocr_line' id='line_1_69' title="bbox 1951 2473 3526 2544; baseline -0.003 -16"><span class='ocrx_word' id='word_1_545' title='bbox 1951 2475 2059 2529; x_wconf 89' lang='lat' dir='ltr'><strong>lum</strong></span> <span class='ocrx_word' id='word_1_546' title='bbox 2091 2474 2406 2529; x_wconf 80' lang='lat' dir='ltr'><strong>facientibus</strong></span> <span class='ocrx_word' id='word_1_547' title='bbox 2427 2489 2582 2544; x_wconf 78' lang='lat' dir='ltr'><strong>ptena</strong></span> <span class='ocrx_word' id='word_1_548' title='bbox 2609 2473 2859 2537; x_wconf 88' lang='lat' dir='ltr'><strong>debetur,</strong></span> <span class='ocrx_word' id='word_1_549' title='bbox 2889 2481 2943 2526; x_wconf 91' lang='lat' dir='ltr'><strong>et</strong></span> <span class='ocrx_word' id='word_1_550' title='bbox 2969 2487 3126 2541; x_wconf 89' lang='lat' dir='ltr'><strong>quam</strong></span> <span class='ocrx_word' id='word_1_551' title='bbox 3155 2483 3315 2538; x_wconf 86' lang='lat' dir='ltr'><strong>grave</strong></span> <span class='ocrx_word' id='word_1_552' title='bbox 3333 2483 3526 2540; x_wconf 86' lang='lat' dir='ltr'><strong>pecca-</strong></span> 
     </span>
    </p>
   </div>
   <div class='ocr_carea' id='block_1_70' title="bbox 1953 2563 3526 2634">
    <p class='ocr_par' dir='ltr' id='par_1_70' title="bbox 1953 2563 3526 2634">
     <span class='ocr_line' id='line_1_70' title="bbox 1953 2563 3526 2634; baseline -0.003 -14"><span class='ocrx_word' id='word_1_553' title='bbox 1953 2575 2064 2622; x_wconf 90' lang='lat' dir='ltr'><strong>tum</strong></span> <span class='ocrx_word' id='word_1_554' title='bbox 2093 2568 2162 2622; x_wconf 92' lang='lat' dir='ltr'><strong>sit</strong></span> <span class='ocrx_word' id='word_1_555' title='bbox 2189 2567 2497 2622; x_wconf 88' lang='lat' dir='ltr'><strong>scandalum</strong></span> <span class='ocrx_word' id='word_1_556' title='bbox 2536 2567 2730 2632; x_wconf 88' lang='lat' dir='ltr'><strong>facere,</strong></span> <span class='ocrx_word' id='word_1_557' title='bbox 2759 2581 2823 2620; x_wconf 87' lang='lat' dir='ltr'><strong>ex</strong></span> <span class='ocrx_word' id='word_1_558' title='bbox 2850 2566 2955 2620; x_wconf 86' lang='lat' dir='ltr'><strong>hoc</strong></span> <span class='ocrx_word' id='word_1_559' title='bbox 2995 2565 3110 2634; x_wconf 91' lang='lat' dir='ltr'><strong>ipso</strong></span> <span class='ocrx_word' id='word_1_560' title='bbox 3131 2563 3526 2632; x_wconf 76' lang='lat' dir='ltr'><strong>cognoscimus,</strong></span> 
     </span>
    </p>
   </div>
   <div class='ocr_carea' id='block_1_71' title="bbox 1949 2655 3527 2730">
    <p class='ocr_par' dir='ltr' id='par_1_71' title="bbox 1949 2655 3527 2730">
     <span class='ocr_line' id='line_1_71' title="bbox 1949 2655 3527 2730; baseline -0.005 -13"><span class='ocrx_word' id='word_1_561' title='bbox 1949 2678 2069 2725; x_wconf 87' lang='lat' dir='ltr'><strong>cum</strong></span> <span class='ocrx_word' id='word_1_562' title='bbox 2120 2663 2374 2716; x_wconf 89' lang='lat' dir='ltr'><strong>Dominus</strong></span> <span class='ocrx_word' id='word_1_563' title='bbox 2401 2661 2654 2730; x_wconf 78' lang='lat' dir='ltr'><strong>expedire</strong></span> <span class='ocrx_word' id='word_1_564' title='bbox 2694 2659 2835 2714; x_wconf 88' lang='lat' dir='ltr'><strong>dicat</strong></span> <span class='ocrx_word' id='word_1_565' title='bbox 2864 2657 3167 2727; x_wconf 88' lang='lat' dir='ltr'><strong>hujusmodi</strong></span> <span class='ocrx_word' id='word_1_566' title='bbox 3213 2655 3437 2723; x_wconf 89' lang='lat' dir='ltr'><strong>homini,</strong></span> <span class='ocrx_word' id='word_1_567' title='bbox 3465 2663 3527 2710; x_wconf 89' lang='lat' dir='ltr'><strong>ut</strong></span> 
     </span>
    </p>
   </div>
   <div class='ocr_carea' id='block_1_72' title="bbox 1952 2748 3524 2824">
    <p class='ocr_par' dir='ltr' id='par_1_72' title="bbox 1952 2748 3524 2824">
     <span class='ocr_line' id='line_1_72' title="bbox 1952 2748 3524 2824; baseline -0.004 -15"><span class='ocrx_word' id='word_1_568' title='bbox 1952 2757 2092 2809; x_wconf 88' lang='lat' dir='ltr'><strong>mola</strong></span> <span class='ocrx_word' id='word_1_569' title='bbox 2123 2757 2353 2809; x_wconf 89' lang='lat' dir='ltr'><strong>asinaria</strong></span> <span class='ocrx_word' id='word_1_570' title='bbox 2384 2770 2642 2824; x_wconf 82' lang='lat' dir='ltr'><strong>suspensa</strong></span> <span class='ocrx_word' id='word_1_571' title='bbox 2684 2753 2734 2807; x_wconf 92' lang='lat' dir='ltr'><strong>in</strong></span> <span class='ocrx_word' id='word_1_572' title='bbox 2765 2749 2904 2808; x_wconf 89' lang='lat' dir='ltr'><strong>collo</strong></span> <span class='ocrx_word' id='word_1_573' title='bbox 2951 2753 3067 2820; x_wconf 87' lang='lat' dir='ltr'><strong>ejus</strong></span> <span class='ocrx_word' id='word_1_574' title='bbox 3117 2751 3170 2804; x_wconf 92' lang='lat' dir='ltr'><strong>in</strong></span> <span class='ocrx_word' id='word_1_575' title='bbox 3199 2748 3524 2820; x_wconf 86' lang='lat' dir='ltr'><strong>profundum</strong></span> 
     </span>
    </p>
   </div>
   <div class='ocr_carea' id='block_1_73' title="bbox 1951 2840 3528 2917">
    <p class='ocr_par' dir='ltr' id='par_1_73' title="bbox 1951 2840 3528 2917">
     <span class='ocr_line' id='line_1_73' title="bbox 1951 2840 3528 2917; baseline -0.004 -15"><span class='ocrx_word' id='word_1_576' title='bbox 1951 2850 2114 2903; x_wconf 88' lang='lat' dir='ltr'><strong>maris</strong></span> <span class='ocrx_word' id='word_1_577' title='bbox 2137 2849 2497 2917; x_wconf 87' lang='lat' dir='ltr'><strong>demergatur,</strong></span> <span class='ocrx_word' id='word_1_578' title='bbox 2519 2863 2680 2916; x_wconf 89' lang='lat' dir='ltr'><strong>quam</strong></span> <span class='ocrx_word' id='word_1_579' title='bbox 2701 2855 2759 2901; x_wconf 89' lang='lat' dir='ltr'><strong>ut</strong></span> <span class='ocrx_word' id='word_1_580' title='bbox 2786 2861 2950 2901; x_wconf 90' lang='lat' dir='ltr'><strong>unum</strong></span> <span class='ocrx_word' id='word_1_581' title='bbox 2971 2845 3040 2899; x_wconf 87' lang='lat' dir='ltr'><strong>de</strong></span> <span class='ocrx_word' id='word_1_582' title='bbox 3061 2844 3266 2914; x_wconf 89' lang='lat' dir='ltr'><strong>pusillis</strong></span> <span class='ocrx_word' id='word_1_583' title='bbox 3293 2843 3345 2897; x_wconf 90' lang='lat' dir='ltr'><strong>in</strong></span> <span class='ocrx_word' id='word_1_584' title='bbox 3375 2840 3528 2897; x_wconf 85' lang='lat' dir='ltr'><strong>Chri-</strong></span> 
     </span>
    </p>
   </div>
   <div class='ocr_carea' id='block_1_74' title="bbox 1950 2935 3528 3008">
    <p class='ocr_par' dir='ltr' id='par_1_74' title="bbox 1950 2935 3528 3008">
     <span class='ocr_line' id='line_1_74' title="bbox 1950 2935 3528 3008; baseline -0.005 -14"><span class='ocrx_word' id='word_1_585' title='bbox 1950 2950 2034 2994; x_wconf 86' lang='lat' dir='ltr'><strong>sto</strong></span> <span class='ocrx_word' id='word_1_586' title='bbox 2055 2937 2393 2995; x_wconf 83' lang='lat' dir='ltr'><strong>credentihns</strong></span> <span class='ocrx_word' id='word_1_587' title='bbox 2413 2939 2754 2995; x_wconf 75' lang='lat' dir='ltr'><strong>scandalizet.</strong></span> <span class='ocrx_word' id='word_1_588' title='bbox 2777 2936 2846 2991; x_wconf 92' lang='lat' dir='ltr'><strong>Ut</strong></span> <span class='ocrx_word' id='word_1_589' title='bbox 2865 2943 3138 3008; x_wconf 62' lang='lat' dir='ltr'><strong>praevento</strong></span> <span class='ocrx_word' id='word_1_590' title='bbox 3151 2935 3356 3006; x_wconf 87' lang='lat' dir='ltr'><strong>peccati</strong></span> <span class='ocrx_word' id='word_1_591' title='bbox 3379 2948 3528 2988; x_wconf 78' lang='lat' dir='ltr'><strong>scan-</strong></span> 
     </span>
    </p>
   </div>
   <div class='ocr_carea' id='block_1_75' title="bbox 1950 3027 3528 3102">
    <p class='ocr_par' dir='ltr' id='par_1_75' title="bbox 1950 3027 3528 3102">
     <span class='ocr_line' id='line_1_75' title="bbox 1950 3027 3528 3102; baseline -0.005 -16"><span class='ocrx_word' id='word_1_592' title='bbox 1950 3032 2072 3086; x_wconf 91' lang='lat' dir='ltr'><strong>dan</strong></span> <span class='ocrx_word' id='word_1_593' title='bbox 2101 3032 2427 3101; x_wconf 87' lang='lat' dir='ltr'><strong>hujusmodi,</strong></span> <span class='ocrx_word' id='word_1_594' title='bbox 2457 3033 2501 3085; x_wconf 87' lang='lat' dir='ltr'><strong>si</strong></span> <span class='ocrx_word' id='word_1_595' title='bbox 2531 3031 2645 3086; x_wconf 82' lang='lat' dir='ltr'><strong>fieri</strong></span> <span class='ocrx_word' id='word_1_596' title='bbox 2665 3038 2859 3101; x_wconf 89' lang='lat' dir='ltr'><strong>potest,</strong></span> <span class='ocrx_word' id='word_1_597' title='bbox 2885 3030 2984 3084; x_wconf 89' lang='lat' dir='ltr'><strong>hac</strong></span> <span class='ocrx_word' id='word_1_598' title='bbox 3003 3027 3354 3102; x_wconf 86' lang='lat' dir='ltr'><strong>sententia,in</strong></span> <span class='ocrx_word' id='word_1_599' title='bbox 3385 3040 3528 3095; x_wconf 70' lang='lat' dir='ltr'><strong>prae-</strong></span> 
     </span>
    </p>
   </div>
   <div class='ocr_carea' id='block_1_76' title="bbox 1951 3116 3527 3189">
    <p class='ocr_par' dir='ltr' id='par_1_76' title="bbox 1951 3116 3527 3189">
     <span class='ocr_line' id='line_1_76' title="bbox 1951 3116 3527 3189; baseline -0.005 -11"><span class='ocrx_word' id='word_1_600' title='bbox 1951 3126 2088 3179; x_wconf 90' lang='lat' dir='ltr'><strong>senti</strong></span> <span class='ocrx_word' id='word_1_601' title='bbox 2117 3125 2224 3178; x_wconf 90' lang='lat' dir='ltr'><strong>vita</strong></span> <span class='ocrx_word' id='word_1_602' title='bbox 2247 3126 2362 3179; x_wconf 87' lang='lat' dir='ltr'><strong>sine</strong></span> <span class='ocrx_word' id='word_1_603' title='bbox 2410 3124 2666 3178; x_wconf 80' lang='lat' dir='ltr'><strong>seandalo</strong></span> <span class='ocrx_word' id='word_1_604' title='bbox 2693 3124 2901 3185; x_wconf 85' lang='lat' dir='ltr'><strong>vivere,</strong></span> <span class='ocrx_word' id='word_1_605' title='bbox 2932 3136 3091 3189; x_wconf 90' lang='lat' dir='ltr'><strong>quam</strong></span> <span class='ocrx_word' id='word_1_606' title='bbox 3122 3119 3242 3174; x_wconf 80' lang='lat' dir='ltr'><strong>cuin</strong></span> <span class='ocrx_word' id='word_1_607' title='bbox 3269 3116 3527 3172; x_wconf 86' lang='lat' dir='ltr'><strong>seandalo</strong></span> 
     </span>
    </p>
   </div>
   <div class='ocr_carea' id='block_1_77' title="bbox 1955 3209 3528 3287">
    <p class='ocr_par' dir='ltr' id='par_1_77' title="bbox 1955 3209 3528 3287">
     <span class='ocr_line' id='line_1_77' title="bbox 1955 3209 3528 3287; baseline -0.004 -16"><span class='ocrx_word' id='word_1_608' title='bbox 1955 3233 2165 3287; x_wconf 78' lang='lat' dir='ltr'><strong>pmnam</strong></span> <span class='ocrx_word' id='word_1_609' title='bbox 2185 3226 2440 3271; x_wconf 67' lang='lat' dir='ltr'><strong>aeternam</strong></span> <span class='ocrx_word' id='word_1_610' title='bbox 2489 3217 2626 3270; x_wconf 89' lang='lat' dir='ltr'><strong>illius</strong></span> <span class='ocrx_word' id='word_1_611' title='bbox 2664 3218 2852 3270; x_wconf 89' lang='lat' dir='ltr'><strong>mortis</strong></span> <span class='ocrx_word' id='word_1_612' title='bbox 2885 3215 3130 3268; x_wconf 87' lang='lat' dir='ltr'><strong>malimus</strong></span> <span class='ocrx_word' id='word_1_613' title='bbox 3155 3214 3442 3266; x_wconf 87' lang='lat' dir='ltr'><strong>incurrere.</strong></span> <span class='ocrx_word' id='word_1_614' title='bbox 3469 3209 3528 3265; x_wconf 91' lang='lat' dir='ltr'><strong>Si</strong></span> 
     </span>
    </p>
   </div>
   <div class='ocr_carea' id='block_1_78' title="bbox 1954 3303 3528 3376">
    <p class='ocr_par' dir='ltr' id='par_1_78' title="bbox 1954 3303 3528 3376">
     <span class='ocr_line' id='line_1_78' title="bbox 1954 3303 3528 3376; baseline -0.004 -14"><span class='ocrx_word' id='word_1_615' title='bbox 1954 3310 2116 3376; x_wconf 87' lang='lat' dir='ltr'><strong>igitur</strong></span> <span class='ocrx_word' id='word_1_616' title='bbox 2143 3309 2244 3362; x_wconf 92' lang='lat' dir='ltr'><strong>hoc</strong></span> <span class='ocrx_word' id='word_1_617' title='bbox 2273 3307 2527 3362; x_wconf 89' lang='lat' dir='ltr'><strong>Dominus</strong></span> <span class='ocrx_word' id='word_1_618' title='bbox 2555 3306 2623 3360; x_wconf 88' lang='lat' dir='ltr'><strong>de</strong></span> <span class='ocrx_word' id='word_1_619' title='bbox 2648 3321 2714 3360; x_wconf 91' lang='lat' dir='ltr'><strong>eo</strong></span> <span class='ocrx_word' id='word_1_620' title='bbox 2754 3307 2843 3375; x_wconf 89' lang='lat' dir='ltr'><strong>qui</strong></span> <span class='ocrx_word' id='word_1_621' title='bbox 2894 3321 3053 3359; x_wconf 90' lang='lat' dir='ltr'><strong>unum</strong></span> <span class='ocrx_word' id='word_1_622' title='bbox 3094 3304 3418 3359; x_wconf 81' lang='lat' dir='ltr'><strong>scandalizat</strong></span> <span class='ocrx_word' id='word_1_623' title='bbox 3459 3303 3528 3357; x_wconf 88' lang='lat' dir='ltr'><strong>de</strong></span> 
     </span>
    </p>
   </div>
   <div class='ocr_carea' id='block_1_79' title="bbox 1954 3396 3530 3473">
    <p class='ocr_par' dir='ltr' id='par_1_79' title="bbox 1954 3396 3530 3473">
     <span class='ocr_line' id='line_1_79' title="bbox 1954 3396 3530 3473; baseline -0.004 -17"><span class='ocrx_word' id='word_1_624' title='bbox 1954 3403 2159 3473; x_wconf 86' lang='lat' dir='ltr'><strong>pusillis</strong></span> <span class='ocrx_word' id='word_1_625' title='bbox 2207 3401 2459 3470; x_wconf 88' lang='lat' dir='ltr'><strong>loquitur,</strong></span> <span class='ocrx_word' id='word_1_626' title='bbox 2491 3416 2651 3470; x_wconf 87' lang='lat' dir='ltr'><strong>quam</strong></span> <span class='ocrx_word' id='word_1_627' title='bbox 2701 3407 2950 3470; x_wconf 86' lang='lat' dir='ltr'><strong>putamus</strong></span> <span class='ocrx_word' id='word_1_628' title='bbox 2999 3412 3212 3467; x_wconf 65' lang='lat' dir='ltr'><strong>poenam</strong></span> <span class='ocrx_word' id='word_1_629' title='bbox 3251 3396 3530 3450; x_wconf 89' lang='lat' dir='ltr'><strong>habituros</strong></span> 
     </span>
    </p>
   </div>
   <div class='ocr_carea' id='block_1_80' title="bbox 1955 3488 3530 3562">
    <p class='ocr_par' dir='ltr' id='par_1_80' title="bbox 1955 3488 3530 3562">
     <span class='ocr_line' id='line_1_80' title="bbox 1955 3488 3530 3562; baseline -0.005 -14"><span class='ocrx_word' id='word_1_630' title='bbox 1955 3493 2254 3556; x_wconf 76' lang='lat' dir='ltr'><strong>hzereticos,</strong></span> <span class='ocrx_word' id='word_1_631' title='bbox 2281 3493 2372 3561; x_wconf 86' lang='lat' dir='ltr'><strong>qui</strong></span> <span class='ocrx_word' id='word_1_632' title='bbox 2394 3507 2491 3561; x_wconf 89' lang='lat' dir='ltr'><strong>per</strong></span> <span class='ocrx_word' id='word_1_633' title='bbox 2511 3507 2728 3562; x_wconf 89' lang='lat' dir='ltr'><strong>pravam</strong></span> <span class='ocrx_word' id='word_1_634' title='bbox 2751 3499 2806 3545; x_wconf 90' lang='lat' dir='ltr'><strong>et</strong></span> <span class='ocrx_word' id='word_1_635' title='bbox 2826 3489 3082 3560; x_wconf 84' lang='lat' dir='ltr'><strong>perﬁdam</strong></span> <span class='ocrx_word' id='word_1_636' title='bbox 3099 3488 3395 3544; x_wconf 90' lang='lat' dir='ltr'><strong>doctrinam</strong></span> <span class='ocrx_word' id='word_1_637' title='bbox 3421 3502 3530 3541; x_wconf 89' lang='lat' dir='ltr'><strong>non</strong></span> 
     </span>
    </p>
   </div>
   <div class='ocr_carea' id='block_1_81' title="bbox 1955 3577 3530 3651">
    <p class='ocr_par' dir='ltr' id='par_1_81' title="bbox 1955 3577 3530 3651">
     <span class='ocr_line' id='line_1_81' title="bbox 1955 3577 3530 3651; baseline -0.004 -13"><span class='ocrx_word' id='word_1_638' title='bbox 1955 3584 2067 3649; x_wconf 88' lang='lat' dir='ltr'><strong>uni,</strong></span> <span class='ocrx_word' id='word_1_639' title='bbox 2117 3583 2209 3637; x_wconf 91' lang='lat' dir='ltr'><strong>sed</strong></span> <span class='ocrx_word' id='word_1_640' title='bbox 2265 3583 2483 3651; x_wconf 65' lang='lat' dir='ltr'><strong>integrae</strong></span> <span class='ocrx_word' id='word_1_641' title='bbox 2533 3581 2784 3637; x_wconf 82' lang='lat' dir='ltr'><strong>Ecclesiae</strong></span> <span class='ocrx_word' id='word_1_642' title='bbox 2833 3581 3142 3636; x_wconf 86' lang='lat' dir='ltr'><strong>scandalum</strong></span> <span class='ocrx_word' id='word_1_643' title='bbox 3197 3579 3432 3634; x_wconf 89' lang='lat' dir='ltr'><strong>faciunt?</strong></span> <span class='ocrx_word' id='word_1_644' title='bbox 3462 3577 3530 3632; x_wconf 87' lang='lat' dir='ltr'><strong>Et</strong></span> 
     </span>
    </p>
   </div>
   <div class='ocr_carea' id='block_1_82' title="bbox 1957 3671 3530 3747">
    <p class='ocr_par' dir='ltr' id='par_1_82' title="bbox 1957 3671 3530 3747">
     <span class='ocr_line' id='line_1_82' title="bbox 1957 3671 3530 3747; baseline -0.005 -16"><span class='ocrx_word' id='word_1_645' title='bbox 1957 3677 2200 3747; x_wconf 86' lang='lat' dir='ltr'><strong>quamvis</strong></span> <span class='ocrx_word' id='word_1_646' title='bbox 2225 3676 2423 3731; x_wconf 90' lang='lat' dir='ltr'><strong>dictum</strong></span> <span class='ocrx_word' id='word_1_647' title='bbox 2453 3676 2556 3729; x_wconf 91' lang='lat' dir='ltr'><strong>hoc</strong></span> <span class='ocrx_word' id='word_1_648' title='bbox 2585 3675 2795 3729; x_wconf 91' lang='lat' dir='ltr'><strong>Domini</strong></span> <span class='ocrx_word' id='word_1_649' title='bbox 2825 3674 2892 3727; x_wconf 90' lang='lat' dir='ltr'><strong>de</strong></span> <span class='ocrx_word' id='word_1_650' title='bbox 2932 3672 3076 3726; x_wconf 88' lang='lat' dir='ltr'><strong>mola</strong></span> <span class='ocrx_word' id='word_1_651' title='bbox 3104 3671 3336 3726; x_wconf 88' lang='lat' dir='ltr'><strong>asinaria</strong></span> <span class='ocrx_word' id='word_1_652' title='bbox 3364 3671 3530 3725; x_wconf 85' lang='lat' dir='ltr'><strong>etiam</strong></span> 
     </span>
    </p>
   </div>
   <div class='ocr_carea' id='block_1_83' title="bbox 1955 3764 3529 3841">
    <p class='ocr_par' dir='ltr' id='par_1_83' title="bbox 1955 3764 3529 3841">
     <span class='ocr_line' id='line_1_83' title="bbox 1955 3764 3529 3841; baseline -0.005 -17"><span class='ocrx_word' id='word_1_653' title='bbox 1955 3770 2266 3838; x_wconf 88' lang='lat' dir='ltr'><strong>simpliciter</strong></span> <span class='ocrx_word' id='word_1_654' title='bbox 2288 3770 2455 3841; x_wconf 89' lang='lat' dir='ltr'><strong>possit.</strong></span> <span class='ocrx_word' id='word_1_655' title='bbox 2481 3769 2720 3838; x_wconf 81' lang='lat' dir='ltr'><strong>intelligi,</strong></span> <span class='ocrx_word' id='word_1_656' title='bbox 2739 3774 2916 3820; x_wconf 87' lang='lat' dir='ltr'><strong>tamen</strong></span> <span class='ocrx_word' id='word_1_657' title='bbox 2937 3765 3225 3820; x_wconf 87' lang='lat' dir='ltr'><strong>secundum</strong></span> <span class='ocrx_word' id='word_1_658' title='bbox 3251 3764 3529 3835; x_wconf 84' lang='lat' dir='ltr'><strong>mysticam</strong></span> 
     </span>
    </p>
   </div>
   <div class='ocr_carea' id='block_1_84' title="bbox 1958 3852 3532 3929">
    <p class='ocr_par' dir='ltr' id='par_1_84' title="bbox 1958 3852 3532 3929">
     <span class='ocr_line' id='line_1_84' title="bbox 1958 3852 3532 3929; baseline -0.004 -12"><span class='ocrx_word' id='word_1_659' title='bbox 1958 3863 2219 3917; x_wconf 88' lang='lat' dir='ltr'><strong>rationem</strong></span> <span class='ocrx_word' id='word_1_660' title='bbox 2249 3863 2302 3916; x_wconf 91' lang='lat' dir='ltr'><strong>in</strong></span> <span class='ocrx_word' id='word_1_661' title='bbox 2331 3859 2718 3929; x_wconf 79' lang='lat' dir='ltr'><strong>significatione</strong></span> <span class='ocrx_word' id='word_1_662' title='bbox 2743 3857 2899 3914; x_wconf 70' lang='lat' dir='ltr'><strong>molae</strong></span> <span class='ocrx_word' id='word_1_663' title='bbox 2922 3857 3164 3918; x_wconf 66' lang='lat' dir='ltr'><strong>asinariae</strong></span> <span class='ocrx_word' id='word_1_664' title='bbox 3185 3856 3303 3926; x_wconf 84' lang='lat' dir='ltr'><strong>plus</strong></span> <span class='ocrx_word' id='word_1_665' title='bbox 3332 3852 3532 3924; x_wconf 86' lang='lat' dir='ltr'><strong>aliquid</strong></span> 
     </span>
    </p>
   </div>
   <div class='ocr_carea' id='block_1_85' title="bbox 1957 3945 3532 4022">
    <p class='ocr_par' dir='ltr' id='par_1_85' title="bbox 1957 3945 3532 4022">
     <span class='ocr_line' id='line_1_85' title="bbox 1957 3945 3532 4022; baseline -0.006 -15"><span class='ocrx_word' id='word_1_666' title='bbox 1957 3961 2136 4022; x_wconf 90' lang='lat' dir='ltr'><strong>potest</strong></span> <span class='ocrx_word' id='word_1_667' title='bbox 2163 3951 2407 4020; x_wconf 86' lang='lat' dir='ltr'><strong>intelligi.</strong></span> <span class='ocrx_word' id='word_1_668' title='bbox 2433 3950 2692 4004; x_wconf 85' lang='lat' dir='ltr'><strong>Animalia</strong></span> <span class='ocrx_word' id='word_1_669' title='bbox 2714 3965 2832 4020; x_wconf 68' lang='lat' dir='ltr'><strong>quae</strong></span> <span class='ocrx_word' id='word_1_670' title='bbox 2858 3949 2926 4002; x_wconf 81' lang='lat' dir='ltr'><strong>ad</strong></span> <span class='ocrx_word' id='word_1_671' title='bbox 2947 3948 3142 4002; x_wconf 88' lang='lat' dir='ltr'><strong>molam</strong></span> <span class='ocrx_word' id='word_1_672' title='bbox 3163 3946 3311 4016; x_wconf 78' lang='lat' dir='ltr'><strong>iungi</strong></span> <span class='ocrx_word' id='word_1_673' title='bbox 3334 3945 3532 4011; x_wconf 84' lang='lat' dir='ltr'><strong>solent,</strong></span> 
     </span>
    </p>
   </div>
   <div class='ocr_carea' id='block_1_86' title="bbox 1959 4036 3536 4098">
    <p class='ocr_par' dir='ltr' id='par_1_86' title="bbox 1959 4036 3536 4098">
     <span class='ocr_line' id='line_1_86' title="bbox 1959 4036 3536 4098; baseline -0.004 0"><span class='ocrx_word' id='word_1_674' title='bbox 1959 4044 2169 4098; x_wconf 88' lang='lat' dir='ltr'><strong>clausos</strong></span> <span class='ocrx_word' id='word_1_675' title='bbox 2199 4043 2383 4096; x_wconf 88' lang='lat' dir='ltr'><strong>oculos</strong></span> <span class='ocrx_word' id='word_1_676' title='bbox 2405 4043 2602 4096; x_wconf 90' lang='lat' dir='ltr'><strong>habere</strong></span> <span class='ocrx_word' id='word_1_677' title='bbox 2637 4047 3049 4096; x_wconf 86' lang='lat' dir='ltr'><strong>consueverunt.</strong></span> <span class='ocrx_word' id='word_1_678' title='bbox 3082 4036 3234 4094; x_wconf 89' lang='lat' dir='ltr'><strong>Unde</strong></span> <span class='ocrx_word' id='word_1_679' title='bbox 3272 4037 3430 4092; x_wconf 72' lang='lat' dir='ltr'><strong>mola:</strong></span> <span class='ocrx_word' id='word_1_680' title='bbox 3458 4037 3536 4092; x_wconf 87' lang='lat' dir='ltr'><strong>si-</strong></span> 
     </span>
    </p>
   </div>
   <div class='ocr_carea' id='block_1_87' title="bbox 1959 4129 3535 4204">
    <p class='ocr_par' dir='ltr' id='par_1_87' title="bbox 1959 4129 3535 4204">
     <span class='ocr_line' id='line_1_87' title="bbox 1959 4129 3535 4204; baseline -0.003 -16"><span class='ocrx_word' id='word_1_681' title='bbox 1959 4135 2300 4204; x_wconf 84' lang='lat' dir='ltr'><strong>gnificatione</strong></span> <span class='ocrx_word' id='word_1_682' title='bbox 2325 4133 2477 4188; x_wconf 89' lang='lat' dir='ltr'><strong>labor</strong></span> <span class='ocrx_word' id='word_1_683' title='bbox 2516 4134 2634 4188; x_wconf 70' lang='lat' dir='ltr'><strong>vita:</strong></span> <span class='ocrx_word' id='word_1_684' title='bbox 2663 4133 2940 4204; x_wconf 64' lang='lat' dir='ltr'><strong>praesentis</strong></span> <span class='ocrx_word' id='word_1_685' title='bbox 2960 4131 3275 4204; x_wconf 83' lang='lat' dir='ltr'><strong>ostenditur.</strong></span> <span class='ocrx_word' id='word_1_686' title='bbox 3302 4129 3358 4184; x_wconf 87' lang='lat' dir='ltr'><strong>la</strong></span> <span class='ocrx_word' id='word_1_687' title='bbox 3383 4129 3535 4184; x_wconf 89' lang='lat' dir='ltr'><strong>asino</strong></span> 
     </span>
    </p>
   </div>
   <div class='ocr_carea' id='block_1_88' title="bbox 1960 4222 3536 4297">
    <p class='ocr_par' dir='ltr' id='par_1_88' title="bbox 1960 4222 3536 4297">
     <span class='ocr_line' id='line_1_88' title="bbox 1960 4222 3536 4297; baseline -0.006 -13"><span class='ocrx_word' id='word_1_688' title='bbox 1960 4245 2091 4284; x_wconf 91' lang='lat' dir='ltr'><strong>vero</strong></span> <span class='ocrx_word' id='word_1_689' title='bbox 2120 4229 2334 4297; x_wconf 84' lang='lat' dir='ltr'><strong>gentilis</strong></span> <span class='ocrx_word' id='word_1_690' title='bbox 2375 4227 2538 4282; x_wconf 87' lang='lat' dir='ltr'><strong>homo</strong></span> <span class='ocrx_word' id='word_1_691' title='bbox 2566 4235 2914 4292; x_wconf 87' lang='lat' dir='ltr'><strong>monstratur,</strong></span> <span class='ocrx_word' id='word_1_692' title='bbox 2962 4226 3054 4296; x_wconf 85' lang='lat' dir='ltr'><strong>qui</strong></span> <span class='ocrx_word' id='word_1_693' title='bbox 3081 4226 3199 4279; x_wconf 82' lang='lat' dir='ltr'><strong>sine</strong></span> <span class='ocrx_word' id='word_1_694' title='bbox 3227 4222 3536 4291; x_wconf 88' lang='lat' dir='ltr'><strong>cognitione</strong></span> 
     </span>
    </p>
   </div>
   <div class='ocr_carea' id='block_1_89' title="bbox 1963 4311 3583 4388">
    <p class='ocr_par' dir='ltr' id='par_1_89' title="bbox 1963 4311 3583 4388">
     <span class='ocr_line' id='line_1_89' title="bbox 1963 4311 3583 4388; baseline -0.006 -13"><span class='ocrx_word' id='word_1_695' title='bbox 1963 4321 2058 4376; x_wconf 85' lang='lat' dir='ltr'><strong>Dei</strong></span> <span class='ocrx_word' id='word_1_696' title='bbox 2087 4329 2142 4376; x_wconf 91' lang='lat' dir='ltr'><strong>et</strong></span> <span class='ocrx_word' id='word_1_697' title='bbox 2175 4321 2373 4376; x_wconf 91' lang='lat' dir='ltr'><strong>lumine</strong></span> <span class='ocrx_word' id='word_1_698' title='bbox 2398 4319 2522 4374; x_wconf 88' lang='lat' dir='ltr'><strong>lidei</strong></span> <span class='ocrx_word' id='word_1_699' title='bbox 2546 4327 2797 4388; x_wconf 87' lang='lat' dir='ltr'><strong>tanquam</strong></span> <span class='ocrx_word' id='word_1_700' title='bbox 2827 4333 3026 4373; x_wconf 81' lang='lat' dir='ltr'><strong>caecum</strong></span> <span class='ocrx_word' id='word_1_701' title='bbox 3049 4316 3247 4372; x_wconf 90' lang='lat' dir='ltr'><strong>animal</strong></span> <span class='ocrx_word' id='word_1_702' title='bbox 3278 4316 3327 4369; x_wconf 89' lang='lat' dir='ltr'><strong>in</strong></span> <span class='ocrx_word' id='word_1_703' title='bbox 3351 4315 3538 4368; x_wconf 86' lang='lat' dir='ltr'><strong>labore</strong></span> <span class='ocrx_word' id='word_1_704' title='bbox 3577 4311 3583 4320; x_wconf 89' lang='grc'><em>’</em></span> 
     </span>
    </p>
   </div>
   <div class='ocr_carea' id='block_1_90' title="bbox 1962 4405 3537 4476">
    <p class='ocr_par' dir='ltr' id='par_1_90' title="bbox 1962 4405 3537 4476">
     <span class='ocr_line' id='line_1_90' title="bbox 1962 4405 3537 4476; baseline -0.007 -8"><span class='ocrx_word' id='word_1_705' title='bbox 1962 4413 2141 4468; x_wconf 75' lang='lat' dir='ltr'><strong>smculi</strong></span> <span class='ocrx_word' id='word_1_706' title='bbox 2164 4412 2310 4465; x_wconf 91' lang='lat' dir='ltr'><strong>vivit.</strong></span> <span class='ocrx_word' id='word_1_707' title='bbox 2337 4409 2664 4465; x_wconf 82' lang='lat' dir='ltr'><strong>Profundum</strong></span> <span class='ocrx_word' id='word_1_708' title='bbox 2693 4425 2819 4464; x_wconf 86' lang='lat' dir='ltr'><strong>vero</strong></span> <span class='ocrx_word' id='word_1_709' title='bbox 2849 4409 3012 4462; x_wconf 89' lang='lat' dir='ltr'><strong>maris</strong></span> <span class='ocrx_word' id='word_1_710' title='bbox 3039 4405 3357 4476; x_wconf 88' lang='lat' dir='ltr'><strong>profundum</strong></span> <span class='ocrx_word' id='word_1_711' title='bbox 3385 4418 3537 4458; x_wconf 87' lang='lat' dir='ltr'><strong>erro-</strong></span> 
     </span>
    </p>
   </div>
   <div class='ocr_carea' id='block_1_91' title="bbox 1962 4495 3538 4567">
    <p class='ocr_par' dir='ltr' id='par_1_91' title="bbox 1962 4495 3538 4567">
     <span class='ocr_line' id='line_1_91' title="bbox 1962 4495 3538 4567; baseline -0.007 -10"><span class='ocrx_word' id='word_1_712' title='bbox 1962 4519 2074 4558; x_wconf 90' lang='lat' dir='ltr'><strong>rem</strong></span> <span class='ocrx_word' id='word_1_713' title='bbox 2105 4503 2307 4557; x_wconf 89' lang='lat' dir='ltr'><strong>mundi.</strong></span> <span class='ocrx_word' id='word_1_714' title='bbox 2333 4501 2399 4554; x_wconf 88' lang='lat' dir='ltr'><strong>Et</strong></span> <span class='ocrx_word' id='word_1_715' title='bbox 2427 4501 2546 4556; x_wconf 91' lang='lat' dir='ltr'><strong>ideo</strong></span> <span class='ocrx_word' id='word_1_716' title='bbox 2570 4500 2706 4554; x_wconf 89' lang='lat' dir='ltr'><strong>bene</strong></span> <span class='ocrx_word' id='word_1_717' title='bbox 2733 4499 2868 4554; x_wconf 81' lang='lat' dir='ltr'><strong>dixit</strong></span> <span class='ocrx_word' id='word_1_718' title='bbox 2887 4497 3140 4567; x_wconf 83' lang='lat' dir='ltr'><strong>expedire</strong></span> <span class='ocrx_word' id='word_1_719' title='bbox 3162 4496 3254 4549; x_wconf 86' lang='lat' dir='ltr'><strong>tali</strong></span> <span class='ocrx_word' id='word_1_720' title='bbox 3280 4495 3370 4564; x_wconf 89' lang='lat' dir='ltr'><strong>qui</strong></span> <span class='ocrx_word' id='word_1_721' title='bbox 3389 4509 3538 4548; x_wconf 87' lang='lat' dir='ltr'><strong>scan-</strong></span> 
     </span>
    </p>
   </div>
   <div class='ocr_carea' id='block_1_92' title="bbox 276 4568 3538 4661">
    <p class='ocr_par' dir='ltr' id='par_1_92' title="bbox 276 4568 3538 4661">
     <span class='ocr_line' id='line_1_92' title="bbox 276 4568 3538 4661; baseline -0.001 -16"><span class='ocrx_word' id='word_1_722' title='bbox 276 4598 471 4646; x_wconf 83' lang='lat' dir='ltr'><strong>centes</strong></span> <span class='ocrx_word' id='word_1_723' title='bbox 499 4597 556 4648; x_wconf 85' lang='lat' dir='ltr'><strong>et</strong></span> <span class='ocrx_word' id='word_1_724' title='bbox 583 4591 850 4661; x_wconf 75' lang='lat' dir='ltr'><strong>simplices</strong></span> <span class='ocrx_word' id='word_1_725' title='bbox 877 4594 1016 4648; x_wconf 90' lang='lat' dir='ltr'><strong>sicut</strong></span> <span class='ocrx_word' id='word_1_726' title='bbox 1042 4588 1306 4652; x_wconf 68' lang='lat' dir='ltr'><strong>columba:</strong></span> <span class='ocrx_word' id='word_1_727' title='bbox 1335 4598 1387 4650; x_wconf 89' lang='lat' dir='ltr'><strong>in</strong></span> <span class='ocrx_word' id='word_1_728' title='bbox 1415 4599 1517 4651; x_wconf 91' lang='lat' dir='ltr'><strong>hoc</strong></span> <span class='ocrx_word' id='word_1_729' title='bbox 1550 4599 1750 4653; x_wconf 88' lang='lat' dir='ltr'><strong>mundo</strong></span> <span class='ocrx_word' id='word_1_730' title='bbox 1779 4602 1859 4654; x_wconf 87' lang='lat' dir='ltr'><strong>vi-</strong></span> <span class='ocrx_word' id='word_1_731' title='bbox 1883 4568 1939 4630; x_wconf 77' lang='lat' dir='ltr'><strong>D</strong></span> <span class='ocrx_word' id='word_1_732' title='bbox 1963 4596 2142 4650; x_wconf 91' lang='lat' dir='ltr'><strong>dalum</strong></span> <span class='ocrx_word' id='word_1_733' title='bbox 2175 4595 2298 4648; x_wconf 83' lang='lat' dir='ltr'><strong>facit</strong></span> <span class='ocrx_word' id='word_1_734' title='bbox 2327 4595 2526 4648; x_wconf 90' lang='lat' dir='ltr'><strong>molam</strong></span> <span class='ocrx_word' id='word_1_735' title='bbox 2557 4592 2842 4646; x_wconf 87' lang='lat' dir='ltr'><strong>asinariam</strong></span> <span class='ocrx_word' id='word_1_736' title='bbox 2882 4588 3140 4659; x_wconf 84' lang='lat' dir='ltr'><strong>suspendi</strong></span> <span class='ocrx_word' id='word_1_737' title='bbox 3180 4591 3231 4642; x_wconf 92' lang='lat' dir='ltr'><strong>in</strong></span> <span class='ocrx_word' id='word_1_738' title='bbox 3261 4587 3401 4643; x_wconf 91' lang='lat' dir='ltr'><strong>collo</strong></span> <span class='ocrx_word' id='word_1_739' title='bbox 3422 4587 3538 4657; x_wconf 88' lang='lat' dir='ltr'><strong>ejus</strong></span> 
     </span>
    </p>
   </div>
   <div class='ocr_carea' id='block_1_93' title="bbox 275 4682 1860 4758">
    <p class='ocr_par' dir='ltr' id='par_1_93' title="bbox 275 4682 1860 4758">
     <span class='ocr_line' id='line_1_93' title="bbox 275 4682 1860 4758; baseline 0.007 -23"><span class='ocrx_word' id='word_1_740' title='bbox 275 4696 494 4736; x_wconf 72' lang='lat' dir='ltr'><strong>vatis.</strong></span> <span class='ocrx_word' id='word_1_741' title='bbox 529 4682 726 4738; x_wconf 77' lang='lat' dir='ltr'><strong>Valens</strong></span> <span class='ocrx_word' id='word_1_742' title='bbox 771 4685 928 4752; x_wconf 88' lang='lat' dir='ltr'><strong>igitur</strong></span> <span class='ocrx_word' id='word_1_743' title='bbox 971 4687 1224 4742; x_wconf 86' lang='lat' dir='ltr'><strong>Dominus</strong></span> <span class='ocrx_word' id='word_1_744' title='bbox 1252 4689 1550 4758; x_wconf 87' lang='lat' dir='ltr'><strong>hujusmodi</strong></span> <span class='ocrx_word' id='word_1_745' title='bbox 1605 4691 1657 4745; x_wconf 88' lang='lat' dir='ltr'><strong>in</strong></span> <span class='ocrx_word' id='word_1_746' title='bbox 1707 4693 1860 4746; x_wconf 87' lang='lat' dir='ltr'><strong>nobis</strong></span> 
     </span>
    </p>
   </div>
   <div class='ocr_carea' id='block_1_94' title="bbox 279 4776 1859 4852">
    <p class='ocr_par' dir='ltr' id='par_1_94' title="bbox 279 4776 1859 4852">
     <span class='ocr_line' id='line_1_94' title="bbox 279 4776 1859 4852; baseline 0.008 -24"><span class='ocrx_word' id='word_1_747' title='bbox 279 4790 408 4828; x_wconf 83' lang='lat' dir='ltr'><strong>esse</strong></span> <span class='ocrx_word' id='word_1_748' title='bbox 433 4776 834 4832; x_wconf 88' lang='lat' dir='ltr'><strong>similitudinem</strong></span> <span class='ocrx_word' id='word_1_749' title='bbox 864 4794 1294 4849; x_wconf 88' lang='lat' dir='ltr'><strong>puerorum,non</strong></span> <span class='ocrx_word' id='word_1_750' title='bbox 1324 4782 1590 4837; x_wconf 73' lang='lat' dir='ltr'><strong>imuierito</strong></span> <span class='ocrx_word' id='word_1_751' title='bbox 1607 4785 1859 4852; x_wconf 65' lang='lat' dir='ltr'><strong>praesenti</strong></span> 
     </span>
    </p>
   </div>
   <div class='ocr_carea' id='block_1_95' title="bbox 278 4865 1864 4943">
    <p class='ocr_par' dir='ltr' id='par_1_95' title="bbox 278 4865 1864 4943">
     <span class='ocr_line' id='line_1_95' title="bbox 278 4865 1864 4943; baseline 0.006 -23"><span class='ocrx_word' id='word_1_752' title='bbox 278 4867 408 4920; x_wconf 90' lang='lat' dir='ltr'><strong>loco</strong></span> <span class='ocrx_word' id='word_1_753' title='bbox 439 4867 511 4922; x_wconf 89' lang='lat' dir='ltr'><strong>ait</strong></span> <span class='ocrx_word' id='word_1_754' title='bbox 543 4886 554 4920; x_wconf 92' lang='lat'><strong>:</strong></span> <span class='ocrx_word' id='word_1_755' title='bbox 591 4865 710 4922; x_wconf 79' lang='lat' dir='ltr'><strong>Nisi</strong></span> <span class='ocrx_word' id='word_1_756' title='bbox 732 4872 958 4924; x_wconf 81' lang='lat' dir='ltr'><strong>conversi</strong></span> <span class='ocrx_word' id='word_1_757' title='bbox 985 4872 1272 4940; x_wconf 74' lang='lat' dir='ltr'><strong>e/ﬁciamiui</strong></span> <span class='ocrx_word' id='word_1_758' title='bbox 1302 4875 1432 4926; x_wconf 85' lang='lat' dir='ltr'><strong>sicut</strong></span> <span class='ocrx_word' id='word_1_759' title='bbox 1459 4876 1622 4943; x_wconf 86' lang='lat' dir='ltr'><strong>pueri,</strong></span> <span class='ocrx_word' id='word_1_760' title='bbox 1652 4892 1752 4928; x_wconf 86' lang='lat' dir='ltr'><strong>non</strong></span> <span class='ocrx_word' id='word_1_761' title='bbox 1784 4879 1864 4929; x_wconf 85' lang='lat' dir='ltr'><strong>in-</strong></span> 
     </span>
    </p>
   </div>
   <div class='ocr_carea' id='block_1_96' title="bbox 276 4957 1867 5042">
    <p class='ocr_par' dir='ltr' id='par_1_96' title="bbox 276 4957 1867 5042">
     <span class='ocr_line' id='line_1_96' title="bbox 276 4957 1867 5042; baseline 0.006 -30"><span class='ocrx_word' id='word_1_762' title='bbox 276 4957 489 5013; x_wconf 72' lang='lat' dir='ltr'><strong>trabitis</strong></span> <span class='ocrx_word' id='word_1_763' title='bbox 534 4960 587 5013; x_wconf 84' lang='lat' dir='ltr'><strong>in</strong></span> <span class='ocrx_word' id='word_1_764' title='bbox 616 4976 828 5032; x_wconf 79' lang='lat' dir='ltr'><strong>regnum</strong></span> <span class='ocrx_word' id='word_1_765' title='bbox 855 4965 1113 5017; x_wconf 66' lang='lat' dir='ltr'><strong>calorum.</strong></span> <span class='ocrx_word' id='word_1_766' title='bbox 1151 4962 1446 5042; x_wconf 78' lang='lat' dir='ltr'><strong>Quicunque</strong></span> <span class='ocrx_word' id='word_1_767' title='bbox 1474 4983 1593 5036; x_wconf 87' lang='lat' dir='ltr'><strong>ergo</strong></span> <span class='ocrx_word' id='word_1_768' title='bbox 1624 4967 1867 5022; x_wconf 81' lang='lat' dir='ltr'><strong>humilia-</strong></span> 
     </span>
    </p>
   </div>
   <div class='ocr_carea' id='block_1_97' title="bbox 276 5051 1863 5130">
    <p class='ocr_par' dir='ltr' id='par_1_97' title="bbox 276 5051 1863 5130">
     <span class='ocr_line' id='line_1_97' title="bbox 276 5051 1863 5130; baseline 0.007 -26"><span class='ocrx_word' id='word_1_769' title='bbox 276 5051 415 5104; x_wconf 77' lang='lat' dir='ltr'><strong>verit</strong></span> <span class='ocrx_word' id='word_1_770' title='bbox 451 5068 503 5104; x_wconf 85' lang='lat' dir='ltr'><strong>se</strong></span> <span class='ocrx_word' id='word_1_771' title='bbox 549 5051 678 5106; x_wconf 71' lang='lat' dir='ltr'><strong>sicut</strong></span> <span class='ocrx_word' id='word_1_772' title='bbox 705 5071 832 5122; x_wconf 82' lang='lat' dir='ltr'><strong>puer</strong></span> <span class='ocrx_word' id='word_1_773' title='bbox 858 5055 987 5121; x_wconf 84' lang='lat' dir='ltr'><strong>iste,</strong></span> <span class='ocrx_word' id='word_1_774' title='bbox 1017 5057 1098 5109; x_wconf 80' lang='lat' dir='ltr'><strong>ltic</strong></span> <span class='ocrx_word' id='word_1_775' title='bbox 1131 5057 1297 5127; x_wconf 88' lang='lat' dir='ltr'><strong>major</strong></span> <span class='ocrx_word' id='word_1_776' title='bbox 1323 5067 1396 5111; x_wconf 86' lang='lat' dir='ltr'><strong>est</strong></span> <span class='ocrx_word' id='word_1_777' title='bbox 1422 5058 1476 5112; x_wconf 87' lang='lat' dir='ltr'><strong>in</strong></span> <span class='ocrx_word' id='word_1_778' title='bbox 1524 5077 1682 5130; x_wconf 83' lang='lat' dir='ltr'><strong>regno</strong></span> <span class='ocrx_word' id='word_1_779' title='bbox 1711 5062 1863 5115; x_wconf 66' lang='lat' dir='ltr'><strong>calo-</strong></span> 
     </span>
    </p>
   </div>
   <div class='ocr_carea' id='block_1_98' title="bbox 275 5141 1862 5216">
    <p class='ocr_par' dir='ltr' id='par_1_98' title="bbox 275 5141 1862 5216">
     <span class='ocr_line' id='line_1_98' title="bbox 275 5141 1862 5216; baseline 0.004 -16"><span class='ocrx_word' id='word_1_780' title='bbox 275 5161 422 5200; x_wconf 72' lang='lat' dir='ltr'><strong>rum.</strong></span> <span class='ocrx_word' id='word_1_781' title='bbox 447 5141 582 5200; x_wconf 76' lang='lat' dir='ltr'><strong>Eum</strong></span> <span class='ocrx_word' id='word_1_782' title='bbox 619 5159 748 5213; x_wconf 79' lang='lat' dir='ltr'><strong>ergo</strong></span> <span class='ocrx_word' id='word_1_783' title='bbox 775 5145 1034 5214; x_wconf 84' lang='lat' dir='ltr'><strong>majorem</strong></span> <span class='ocrx_word' id='word_1_784' title='bbox 1062 5148 1115 5200; x_wconf 90' lang='lat' dir='ltr'><strong>in</strong></span> <span class='ocrx_word' id='word_1_785' title='bbox 1143 5161 1310 5216; x_wconf 83' lang='lat' dir='ltr'><strong>regno</strong></span> <span class='ocrx_word' id='word_1_786' title='bbox 1334 5151 1592 5205; x_wconf 71' lang='lat' dir='ltr'><strong>cmlorum</strong></span> <span class='ocrx_word' id='word_1_787' title='bbox 1629 5153 1862 5206; x_wconf 89' lang='lat' dir='ltr'><strong>futurum</strong></span> 
     </span>
    </p>
   </div>
   <div class='ocr_carea' id='block_1_99' title="bbox 274 5234 1862 5310">
    <p class='ocr_par' dir='ltr' id='par_1_99' title="bbox 274 5234 1862 5310">
     <span class='ocr_line' id='line_1_99' title="bbox 274 5234 1862 5310; baseline 0.007 -23"><span class='ocrx_word' id='word_1_788' title='bbox 274 5234 566 5289; x_wconf 85' lang='lat' dir='ltr'><strong>evidenter</strong></span> <span class='ocrx_word' id='word_1_789' title='bbox 605 5236 861 5290; x_wconf 85' lang='lat' dir='ltr'><strong>Dominus</strong></span> <span class='ocrx_word' id='word_1_790' title='bbox 889 5237 1212 5304; x_wconf 78' lang='lat' dir='ltr'><strong>manifestat,</strong></span> <span class='ocrx_word' id='word_1_791' title='bbox 1245 5239 1546 5310; x_wconf 90' lang='lat' dir='ltr'><strong>quicunque</strong></span> <span class='ocrx_word' id='word_1_792' title='bbox 1592 5243 1862 5298; x_wconf 87' lang='lat' dir='ltr'><strong>humilita-</strong></span> 
     </span>
    </p>
   </div>
   <div class='ocr_carea' id='block_1_100' title="bbox 276 5326 1863 5406">
    <p class='ocr_par' dir='ltr' id='par_1_100' title="bbox 276 5326 1863 5406">
     <span class='ocr_line' id='line_1_100' title="bbox 276 5326 1863 5406; baseline 0.007 -27"><span class='ocrx_word' id='word_1_793' title='bbox 276 5331 396 5380; x_wconf 82' lang='lat' dir='ltr'><strong>tem</strong></span> <span class='ocrx_word' id='word_1_794' title='bbox 429 5334 483 5381; x_wconf 91' lang='lat' dir='ltr'><strong>et</strong></span> <span class='ocrx_word' id='word_1_795' title='bbox 529 5326 887 5386; x_wconf 87' lang='lat' dir='ltr'><strong>innocentiam</strong></span> <span class='ocrx_word' id='word_1_796' title='bbox 936 5331 1085 5401; x_wconf 89' lang='lat' dir='ltr'><strong>pueri</strong></span> <span class='ocrx_word' id='word_1_797' title='bbox 1134 5331 1296 5388; x_wconf 86' lang='lat' dir='ltr'><strong>fuerit</strong></span> <span class='ocrx_word' id='word_1_798' title='bbox 1322 5334 1578 5392; x_wconf 85' lang='lat' dir='ltr'><strong>imitatus.</strong></span> <span class='ocrx_word' id='word_1_799' title='bbox 1623 5335 1863 5406; x_wconf 90' lang='lat' dir='ltr'><strong>Denique</strong></span> 
     </span>
    </p>
   </div>
   <div class='ocr_carea' id='block_1_101' title="bbox 279 5418 1866 5496">
    <p class='ocr_par' dir='ltr' id='par_1_101' title="bbox 279 5418 1866 5496">
     <span class='ocr_line' id='line_1_101' title="bbox 279 5418 1866 5496; baseline 0.006 -24"><span class='ocrx_word' id='word_1_800' title='bbox 279 5419 406 5488; x_wconf 90' lang='lat' dir='ltr'><strong>ipse</strong></span> <span class='ocrx_word' id='word_1_801' title='bbox 435 5418 706 5486; x_wconf 67' lang='lat' dir='ltr'><strong>Dominus,</strong></span> <span class='ocrx_word' id='word_1_802' title='bbox 729 5430 790 5477; x_wconf 85' lang='lat' dir='ltr'><strong>ut</strong></span> <span class='ocrx_word' id='word_1_803' title='bbox 811 5423 964 5478; x_wconf 84' lang='lat' dir='ltr'><strong>nobis</strong></span> <span class='ocrx_word' id='word_1_804' title='bbox 991 5423 1233 5493; x_wconf 70' lang='lat' dir='ltr'><strong>perfecte</strong></span> <span class='ocrx_word' id='word_1_805' title='bbox 1259 5439 1328 5478; x_wconf 73' lang='lat' dir='ltr'><strong>ex</strong></span> <span class='ocrx_word' id='word_1_806' title='bbox 1356 5440 1415 5479; x_wconf 81' lang='lat' dir='ltr'><strong>se</strong></span> <span class='ocrx_word' id='word_1_807' title='bbox 1436 5426 1736 5496; x_wconf 79' lang='lat' dir='ltr'><strong>exemplum</strong></span> <span class='ocrx_word' id='word_1_808' title='bbox 1763 5427 1866 5481; x_wconf 88' lang='lat' dir='ltr'><strong>hu-</strong></span> 
     </span>
    </p>
   </div>
   <div class='ocr_carea' id='block_1_102' title="bbox 279 5510 1866 5587">
    <p class='ocr_par' dir='ltr' id='par_1_102' title="bbox 279 5510 1866 5587">
     <span class='ocr_line' id='line_1_102' title="bbox 279 5510 1866 5587; baseline 0.005 -23"><span class='ocrx_word' id='word_1_809' title='bbox 279 5510 533 5564; x_wconf 85' lang='lat' dir='ltr'><strong>militatis</strong></span> <span class='ocrx_word' id='word_1_810' title='bbox 560 5512 886 5580; x_wconf 75' lang='lat' dir='ltr'><strong>ostenderet,</strong></span> <span class='ocrx_word' id='word_1_811' title='bbox 917 5513 1076 5567; x_wconf 85' lang='lat' dir='ltr'><strong>etiam</strong></span> <span class='ocrx_word' id='word_1_812' title='bbox 1100 5514 1213 5584; x_wconf 90' lang='lat' dir='ltr'><strong>ipse</strong></span> <span class='ocrx_word' id='word_1_813' title='bbox 1241 5523 1514 5587; x_wconf 88' lang='lat' dir='ltr'><strong>assumpta</strong></span> <span class='ocrx_word' id='word_1_814' title='bbox 1537 5533 1699 5574; x_wconf 88' lang='lat' dir='ltr'><strong>carne</strong></span> <span class='ocrx_word' id='word_1_815' title='bbox 1728 5518 1866 5574; x_wconf 85' lang='lat' dir='ltr'><strong>effici</strong></span> 
     </span>
    </p>
   </div>
   <div class='ocr_carea' id='block_1_103' title="bbox 281 5601 1866 5679">
    <p class='ocr_par' dir='ltr' id='par_1_103' title="bbox 281 5601 1866 5679">
     <span class='ocr_line' id='line_1_103' title="bbox 281 5601 1866 5679; baseline 0.007 -25"><span class='ocrx_word' id='word_1_816' title='bbox 281 5616 428 5672; x_wconf 87' lang='lat' dir='ltr'><strong>puer</strong></span> <span class='ocrx_word' id='word_1_817' title='bbox 454 5601 706 5670; x_wconf 86' lang='lat' dir='ltr'><strong>dignatus</strong></span> <span class='ocrx_word' id='word_1_818' title='bbox 734 5613 835 5668; x_wconf 90' lang='lat' dir='ltr'><strong>est,</strong></span> <span class='ocrx_word' id='word_1_819' title='bbox 867 5604 1158 5659; x_wconf 90' lang='lat' dir='ltr'><strong>secundum</strong></span> <span class='ocrx_word' id='word_1_820' title='bbox 1187 5608 1331 5675; x_wconf 92' lang='lat' dir='ltr'><strong>quod</strong></span> <span class='ocrx_word' id='word_1_821' title='bbox 1382 5608 1639 5679; x_wconf 88' lang='lat' dir='ltr'><strong>scriptum</strong></span> <span class='ocrx_word' id='word_1_822' title='bbox 1687 5610 1753 5664; x_wconf 91' lang='lat' dir='ltr'><strong>de</strong></span> <span class='ocrx_word' id='word_1_823' title='bbox 1800 5625 1866 5664; x_wconf 89' lang='lat' dir='ltr'><strong>eo</strong></span> 
     </span>
    </p>
   </div>
   <div class='ocr_carea' id='block_1_104' title="bbox 281 5692 1860 5772">
    <p class='ocr_par' dir='ltr' id='par_1_104' title="bbox 281 5692 1860 5772">
     <span class='ocr_line' id='line_1_104' title="bbox 281 5692 1860 5772; baseline 0.004 -22"><span class='ocrx_word' id='word_1_824' title='bbox 281 5694 554 5760; x_wconf 81' lang='lat' dir='ltr'><strong>legimus:</strong></span> <span class='ocrx_word' id='word_1_825' title='bbox 581 5692 839 5762; x_wconf 72' lang='lat' dir='ltr'><strong>Quoniam</strong></span> <span class='ocrx_word' id='word_1_826' title='bbox 858 5713 982 5767; x_wconf 72' lang='lat' dir='ltr'><strong>pler</strong></span> <span class='ocrx_word' id='word_1_827' title='bbox 1011 5706 1159 5755; x_wconf 68' lang='lat' dir='ltr'><strong>natus</strong></span> <span class='ocrx_word' id='word_1_828' title='bbox 1179 5708 1255 5753; x_wconf 77' lang='lat' dir='ltr'><strong>cst</strong></span> <span class='ocrx_word' id='word_1_829' title='bbox 1278 5699 1442 5766; x_wconf 75' lang='lat' dir='ltr'><strong>nobis,</strong></span> <span class='ocrx_word' id='word_1_830' title='bbox 1469 5709 1520 5755; x_wconf 84' lang='lat' dir='ltr'><strong>et</strong></span> <span class='ocrx_word' id='word_1_831' title='bbox 1547 5702 1686 5772; x_wconf 78' lang='lat' dir='ltr'><strong>ﬁlius</strong></span> <span class='ocrx_word' id='word_1_832' title='bbox 1709 5702 1860 5756; x_wconf 83' lang='lat' dir='ltr'><strong>datus</strong></span> 
     </span>
    </p>
   </div>
   <div class='ocr_carea' id='block_1_105' title="bbox 277 5790 1859 5864">
    <p class='ocr_par' dir='ltr' id='par_1_105' title="bbox 277 5790 1859 5864">
     <span class='ocr_line' id='line_1_105' title="bbox 277 5790 1859 5864; baseline 0.003 -18"><span class='ocrx_word' id='word_1_833' title='bbox 277 5797 372 5846; x_wconf 83' lang='lat' dir='ltr'><strong>cst</strong></span> <span class='ocrx_word' id='word_1_834' title='bbox 418 5790 589 5856; x_wconf 87' lang='lat' dir='ltr'><strong>nobis,</strong></span> <span class='ocrx_word' id='word_1_835' title='bbox 629 5792 773 5859; x_wconf 80' lang='lat' dir='ltr'><strong>cujus</strong></span> <span class='ocrx_word' id='word_1_836' title='bbox 800 5793 1069 5860; x_wconf 75' lang='lat' dir='ltr'><strong>imperium</strong></span> <span class='ocrx_word' id='word_1_837' title='bbox 1097 5794 1292 5864; x_wconf 74' lang='lat' dir='ltr'><strong>factum</strong></span> <span class='ocrx_word' id='word_1_838' title='bbox 1319 5801 1396 5847; x_wconf 86' lang='lat' dir='ltr'><strong>est</strong></span> <span class='ocrx_word' id='word_1_839' title='bbox 1425 5812 1578 5863; x_wconf 86' lang='lat' dir='ltr'><strong>super</strong></span> <span class='ocrx_word' id='word_1_840' title='bbox 1624 5797 1859 5851; x_wconf 82' lang='lat' dir='ltr'><strong>humeros</strong></span> 
     </span>
    </p>
   </div>
   <div class='ocr_carea' id='block_1_106' title="bbox 1963 4680 3540 4757">
    <p class='ocr_par' dir='ltr' id='par_1_106' title="bbox 1963 4680 3540 4757">
     <span class='ocr_line' id='line_1_106' title="bbox 1963 4680 3540 4757; baseline -0.006 -12"><span class='ocrx_word' id='word_1_841' title='bbox 1963 4697 2018 4745; x_wconf 87' lang='lat' dir='ltr'><strong>et</strong></span> <span class='ocrx_word' id='word_1_842' title='bbox 2047 4689 2281 4757; x_wconf 82' lang='lat' dir='ltr'><strong>demergi</strong></span> <span class='ocrx_word' id='word_1_843' title='bbox 2308 4687 2360 4741; x_wconf 89' lang='lat' dir='ltr'><strong>in</strong></span> <span class='ocrx_word' id='word_1_844' title='bbox 2403 4685 2721 4756; x_wconf 88' lang='lat' dir='ltr'><strong>profundum</strong></span> <span class='ocrx_word' id='word_1_845' title='bbox 2750 4684 2933 4738; x_wconf 90' lang='lat' dir='ltr'><strong>maris.</strong></span> <span class='ocrx_word' id='word_1_846' title='bbox 2963 4682 3019 4737; x_wconf 92' lang='lat' dir='ltr'><strong>ln</strong></span> <span class='ocrx_word' id='word_1_847' title='bbox 3047 4698 3155 4751; x_wconf 93' lang='lat' dir='ltr'><strong>quo</strong></span> <span class='ocrx_word' id='word_1_848' title='bbox 3184 4681 3414 4736; x_wconf 81' lang='lat' dir='ltr'><strong>maxime</strong></span> <span class='ocrx_word' id='word_1_849' title='bbox 3442 4680 3540 4736; x_wconf 85' lang='lat' dir='ltr'><strong>Ju-</strong></span> 
     </span>
    </p>
   </div>
   <div class='ocr_carea' id='block_1_107' title="bbox 1964 4773 3540 4848">
    <p class='ocr_par' dir='ltr' id='par_1_107' title="bbox 1964 4773 3540 4848">
     <span class='ocr_line' id='line_1_107' title="bbox 1964 4773 3540 4848; baseline -0.006 -10"><span class='ocrx_word' id='word_1_850' title='bbox 1964 4785 2137 4839; x_wconf 63' lang='lat' dir='ltr'><strong>daeum</strong></span> <span class='ocrx_word' id='word_1_851' title='bbox 2184 4779 2486 4848; x_wconf 84' lang='lat' dir='ltr'><strong>significare</strong></span> <span class='ocrx_word' id='word_1_852' title='bbox 2517 4780 2765 4847; x_wconf 87' lang='lat' dir='ltr'><strong>&#39;videtur,</strong></span> <span class='ocrx_word' id='word_1_853' title='bbox 2811 4777 2902 4846; x_wconf 92' lang='lat' dir='ltr'><strong>qui</strong></span> <span class='ocrx_word' id='word_1_854' title='bbox 2933 4777 2999 4831; x_wconf 88' lang='lat' dir='ltr'><strong>de</strong></span> <span class='ocrx_word' id='word_1_855' title='bbox 3035 4790 3194 4830; x_wconf 86' lang='lat' dir='ltr'><strong>cruce</strong></span> <span class='ocrx_word' id='word_1_856' title='bbox 3222 4773 3440 4838; x_wconf 86' lang='lat' dir='ltr'><strong>Christi,</strong></span> <span class='ocrx_word' id='word_1_857' title='bbox 3472 4773 3540 4829; x_wconf 89' lang='lat' dir='ltr'><strong>de</strong></span> 
     </span>
    </p>
   </div>
   <div class='ocr_carea' id='block_1_108' title="bbox 1966 4864 3542 4945">
    <p class='ocr_par' dir='ltr' id='par_1_108' title="bbox 1966 4864 3542 4945">
     <span class='ocr_line' id='line_1_108' title="bbox 1966 4864 3542 4945; baseline -0.005 -17"><span class='ocrx_word' id='word_1_858' title='bbox 1966 4874 2346 4945; x_wconf 84' lang='lat' dir='ltr'><strong>praedicatione</strong></span> <span class='ocrx_word' id='word_1_859' title='bbox 2376 4871 2604 4926; x_wconf 89' lang='lat' dir='ltr'><strong>nominis</strong></span> <span class='ocrx_word' id='word_1_860' title='bbox 2632 4869 2746 4938; x_wconf 89' lang='lat' dir='ltr'><strong>ejus</strong></span> <span class='ocrx_word' id='word_1_861' title='bbox 2773 4867 3083 4924; x_wconf 88' lang='lat' dir='ltr'><strong>scandalum</strong></span> <span class='ocrx_word' id='word_1_862' title='bbox 3122 4866 3232 4936; x_wconf 88' lang='lat' dir='ltr'><strong>pati</strong></span> <span class='ocrx_word' id='word_1_863' title='bbox 3264 4864 3542 4932; x_wconf 71' lang='lat' dir='ltr'><strong>cognosci~</strong></span> 
     </span>
    </p>
   </div>
   <div class='ocr_carea' id='block_1_109' title="bbox 1968 4957 3544 5031">
    <p class='ocr_par' dir='ltr' id='par_1_109' title="bbox 1968 4957 3544 5031">
     <span class='ocr_line' id='line_1_109' title="bbox 1968 4957 3544 5031; baseline -0.004 -12"><span class='ocrx_word' id='word_1_864' title='bbox 1968 4974 2072 5019; x_wconf 90' lang='lat' dir='ltr'><strong>tur.</strong></span> <span class='ocrx_word' id='word_1_865' title='bbox 2106 4964 2239 5018; x_wconf 82' lang='lat' dir='ltr'><strong>Huic</strong></span> <span class='ocrx_word' id='word_1_866' title='bbox 2264 4977 2392 5031; x_wconf 84' lang='lat' dir='ltr'><strong>ergo</strong></span> <span class='ocrx_word' id='word_1_867' title='bbox 2433 4963 2523 5016; x_wconf 90' lang='lat' dir='ltr'><strong>tali</strong></span> <span class='ocrx_word' id='word_1_868' title='bbox 2573 4960 2869 5029; x_wconf 83' lang='lat' dir='ltr'><strong>expediret,</strong></span> <span class='ocrx_word' id='word_1_869' title='bbox 2901 4961 2944 5013; x_wconf 91' lang='lat' dir='ltr'><strong>si</strong></span> <span class='ocrx_word' id='word_1_870' title='bbox 2994 4960 3048 5014; x_wconf 90' lang='lat' dir='ltr'><strong>in</strong></span> <span class='ocrx_word' id='word_1_871' title='bbox 3086 4959 3324 5013; x_wconf 60' lang='lat' dir='ltr'><strong>caecitate</strong></span> <span class='ocrx_word' id='word_1_872' title='bbox 3345 4957 3544 5013; x_wconf 87' lang='lat' dir='ltr'><strong>erroris</strong></span> 
     </span>
    </p>
   </div>
   <div class='ocr_carea' id='block_1_110' title="bbox 1971 5051 3544 5128">
    <p class='ocr_par' dir='ltr' id='par_1_110' title="bbox 1971 5051 3544 5128">
     <span class='ocr_line' id='line_1_110' title="bbox 1971 5051 3544 5128; baseline -0.004 -16"><span class='ocrx_word' id='word_1_873' title='bbox 1971 5057 2181 5128; x_wconf 90' lang='lat' dir='ltr'><strong>gentilis</strong></span> <span class='ocrx_word' id='word_1_874' title='bbox 2208 5055 2371 5110; x_wconf 86' lang='lat' dir='ltr'><strong>veluti</strong></span> <span class='ocrx_word' id='word_1_875' title='bbox 2396 5056 2447 5110; x_wconf 90' lang='lat' dir='ltr'><strong>in</strong></span> <span class='ocrx_word' id='word_1_876' title='bbox 2475 5052 2794 5123; x_wconf 89' lang='lat' dir='ltr'><strong>profundum</strong></span> <span class='ocrx_word' id='word_1_877' title='bbox 2826 5052 2986 5106; x_wconf 89' lang='lat' dir='ltr'><strong>maris</strong></span> <span class='ocrx_word' id='word_1_878' title='bbox 3006 5051 3282 5108; x_wconf 86' lang='lat' dir='ltr'><strong>demersus</strong></span> <span class='ocrx_word' id='word_1_879' title='bbox 3301 5065 3544 5105; x_wconf 86' lang='lat' dir='ltr'><strong>versare-</strong></span> 
     </span>
    </p>
   </div>
   <div class='ocr_carea' id='block_1_111' title="bbox 1970 5142 3544 5218">
    <p class='ocr_par' dir='ltr' id='par_1_111' title="bbox 1970 5142 3544 5218">
     <span class='ocr_line' id='line_1_111' title="bbox 1970 5142 3544 5218; baseline -0.004 -15"><span class='ocrx_word' id='word_1_880' title='bbox 1970 5159 2074 5214; x_wconf 86' lang='lat' dir='ltr'><strong>tur,</strong></span> <span class='ocrx_word' id='word_1_881' title='bbox 2106 5163 2267 5218; x_wconf 84' lang='lat' dir='ltr'><strong>quam</strong></span> <span class='ocrx_word' id='word_1_882' title='bbox 2295 5147 2393 5202; x_wconf 88' lang='lat' dir='ltr'><strong>sub</strong></span> <span class='ocrx_word' id='word_1_883' title='bbox 2421 5145 2798 5216; x_wconf 64' lang='lat' dir='ltr'><strong>prardicatione</strong></span> <span class='ocrx_word' id='word_1_884' title='bbox 2845 5144 2993 5212; x_wconf 84' lang='lat' dir='ltr'><strong>legis,</strong></span> <span class='ocrx_word' id='word_1_885' title='bbox 3025 5158 3121 5213; x_wconf 84' lang='lat' dir='ltr'><strong>per</strong></span> <span class='ocrx_word' id='word_1_886' title='bbox 3167 5157 3326 5212; x_wconf 88' lang='lat' dir='ltr'><strong>quam</strong></span> <span class='ocrx_word' id='word_1_887' title='bbox 3364 5142 3544 5197; x_wconf 88' lang='lat' dir='ltr'><strong>lumen</strong></span> 
     </span>
    </p>
   </div>
   <div class='ocr_carea' id='block_1_112' title="bbox 1969 5233 3545 5308">
    <p class='ocr_par' dir='ltr' id='par_1_112' title="bbox 1969 5233 3545 5308">
     <span class='ocr_line' id='line_1_112' title="bbox 1969 5233 3545 5308; baseline -0.006 -12"><span class='ocrx_word' id='word_1_888' title='bbox 1969 5241 2211 5298; x_wconf 87' lang='lat' dir='ltr'><strong>veritatis</strong></span> <span class='ocrx_word' id='word_1_889' title='bbox 2239 5253 2529 5308; x_wconf 86' lang='lat' dir='ltr'><strong>agnoscere</strong></span> <span class='ocrx_word' id='word_1_890' title='bbox 2579 5251 2637 5292; x_wconf 91' lang='lat' dir='ltr'><strong>se</strong></span> <span class='ocrx_word' id='word_1_891' title='bbox 2664 5236 2875 5291; x_wconf 76' lang='lat' dir='ltr'><strong>Jndzeus</strong></span> <span class='ocrx_word' id='word_1_892' title='bbox 2903 5235 3192 5300; x_wconf 79' lang='lat' dir='ltr'><strong>existimat,</strong></span> <span class='ocrx_word' id='word_1_893' title='bbox 3225 5233 3294 5288; x_wconf 90' lang='lat' dir='ltr'><strong>de</strong></span> <span class='ocrx_word' id='word_1_894' title='bbox 3333 5233 3545 5288; x_wconf 77' lang='lat' dir='ltr'><strong>Christo</strong></span> 
     </span>
    </p>
   </div>
   <div class='ocr_carea' id='block_1_113' title="bbox 1971 5325 3571 5403">
    <p class='ocr_par' dir='ltr' id='par_1_113' title="bbox 1971 5325 3571 5403">
     <span class='ocr_line' id='line_1_113' title="bbox 1971 5325 3571 5403; baseline -0.008 -14"><span class='ocrx_word' id='word_1_895' title='bbox 1971 5349 2056 5389; x_wconf 63' lang='lat' dir='ltr'><strong>vet</strong></span> <span class='ocrx_word' id='word_1_896' title='bbox 2078 5333 2336 5403; x_wconf 88' lang='lat' dir='ltr'><strong>apostolis</strong></span> <span class='ocrx_word' id='word_1_897' title='bbox 2357 5331 2490 5400; x_wconf 87' lang='lat' dir='ltr'><strong>ejus,</strong></span> <span class='ocrx_word' id='word_1_898' title='bbox 2515 5345 2650 5398; x_wconf 89' lang='lat' dir='ltr'><strong>quos</strong></span> <span class='ocrx_word' id='word_1_899' title='bbox 2672 5329 2924 5399; x_wconf 86' lang='lat' dir='ltr'><strong>parvulos</strong></span> <span class='ocrx_word' id='word_1_900' title='bbox 2953 5327 3206 5398; x_wconf 85' lang='lat' dir='ltr'><strong>appellat,</strong></span> <span class='ocrx_word' id='word_1_901' title='bbox 3235 5325 3571 5379; x_wconf 82' lang='lat' dir='ltr'><strong>scandalum&#39;</strong></span> 
     </span>
    </p>
   </div>
   <div class='ocr_carea' id='block_1_114' title="bbox 1971 5415 3545 5498">
    <p class='ocr_par' dir='ltr' id='par_1_114' title="bbox 1971 5415 3545 5498">
     <span class='ocr_line' id='line_1_114' title="bbox 1971 5415 3545 5498; baseline -0.008 -17"><span class='ocrx_word' id='word_1_902' title='bbox 1971 5435 2272 5498; x_wconf 87' lang='lat' dir='ltr'><strong>pateretur;</strong></span> <span class='ocrx_word' id='word_1_903' title='bbox 2300 5424 2424 5494; x_wconf 88' lang='lat' dir='ltr'><strong>quia</strong></span> <span class='ocrx_word' id='word_1_904' title='bbox 2454 5421 2660 5478; x_wconf 90' lang='lat' dir='ltr'><strong>facilius</strong></span> <span class='ocrx_word' id='word_1_905' title='bbox 2687 5430 2767 5475; x_wconf 90' lang='lat' dir='ltr'><strong>est</strong></span> <span class='ocrx_word' id='word_1_906' title='bbox 2785 5421 3038 5490; x_wconf 86' lang='lat' dir='ltr'><strong>gentilem</strong></span> <span class='ocrx_word' id='word_1_907' title='bbox 3061 5417 3175 5473; x_wconf 91' lang='lat' dir='ltr'><strong>sine</strong></span> <span class='ocrx_word' id='word_1_908' title='bbox 3198 5417 3313 5484; x_wconf 85' lang='lat' dir='ltr'><strong>lege</strong></span> <span class='ocrx_word' id='word_1_909' title='bbox 3335 5415 3545 5470; x_wconf 87' lang='lat' dir='ltr'><strong>Christo</strong></span> 
     </span>
    </p>
   </div>
   <div class='ocr_carea' id='block_1_115' title="bbox 1970 5507 3546 5588">
    <p class='ocr_par' dir='ltr' id='par_1_115' title="bbox 1970 5507 3546 5588">
     <span class='ocr_line' id='line_1_115' title="bbox 1970 5507 3546 5588; baseline -0.011 -11"><span class='ocrx_word' id='word_1_910' title='bbox 1970 5519 2334 5584; x_wconf 74' lang='lat' dir='ltr'><strong>concredere,</strong></span> <span class='ocrx_word' id='word_1_911' title='bbox 2366 5533 2529 5588; x_wconf 84' lang='lat' dir='ltr'><strong>quam</strong></span> <span class='ocrx_word' id='word_1_912' title='bbox 2553 5515 2794 5574; x_wconf 69' lang='lat' dir='ltr'><strong>Judatum</strong></span> <span class='ocrx_word' id='word_1_913' title='bbox 2825 5515 3089 5570; x_wconf 77' lang='lat' dir='ltr'><strong>viventem</strong></span> <span class='ocrx_word' id='word_1_914' title='bbox 3116 5509 3215 5566; x_wconf 85' lang='lat' dir='ltr'><strong>sub</strong></span> <span class='ocrx_word' id='word_1_915' title='bbox 3233 5509 3372 5576; x_wconf 87' lang='lat' dir='ltr'><strong>lege,</strong></span> <span class='ocrx_word' id='word_1_916' title='bbox 3416 5507 3546 5574; x_wconf 85' lang='lat' dir='ltr'><strong>legis</strong></span> 
     </span>
    </p>
   </div>
   <div class='ocr_carea' id='block_1_116' title="bbox 1970 5599 3546 5685">
    <p class='ocr_par' dir='ltr' id='par_1_116' title="bbox 1970 5599 3546 5685">
     <span class='ocr_line' id='line_1_116' title="bbox 1970 5599 3546 5685; baseline -0.011 -17"><span class='ocrx_word' id='word_1_917' title='bbox 1970 5615 2136 5685; x_wconf 89' lang='lat' dir='ltr'><strong>ipsius</strong></span> <span class='ocrx_word' id='word_1_918' title='bbox 2157 5613 2440 5667; x_wconf 88' lang='lat' dir='ltr'><strong>Dominum</strong></span> <span class='ocrx_word' id='word_1_919' title='bbox 2467 5610 2752 5674; x_wconf 81' lang='lat' dir='ltr'><strong>denegare.</strong></span> <span class='ocrx_word' id='word_1_920' title='bbox 2787 5605 3074 5658; x_wconf 88' lang='lat' dir='ltr'><strong>Possumus</strong></span> <span class='ocrx_word' id='word_1_921' title='bbox 3113 5609 3292 5654; x_wconf 89' lang='lat' dir='ltr'><strong>autem</strong></span> <span class='ocrx_word' id='word_1_922' title='bbox 3323 5601 3374 5653; x_wconf 93' lang='lat' dir='ltr'><strong>in</strong></span> <span class='ocrx_word' id='word_1_923' title='bbox 3405 5599 3546 5652; x_wconf 90' lang='lat' dir='ltr'><strong>mola</strong></span> 
     </span>
    </p>
   </div>
   <div class='ocr_carea' id='block_1_117' title="bbox 1973 5688 3546 5768">
    <p class='ocr_par' dir='ltr' id='par_1_117' title="bbox 1973 5688 3546 5768">
     <span class='ocr_line' id='line_1_117' title="bbox 1973 5688 3546 5768; baseline -0.01 -10"><span class='ocrx_word' id='word_1_924' title='bbox 1973 5703 2200 5758; x_wconf 83' lang='lat' dir='ltr'><strong>asinaria</strong></span> <span class='ocrx_word' id='word_1_925' title='bbox 2231 5701 2390 5755; x_wconf 88' lang='lat' dir='ltr'><strong>etiam</strong></span> <span class='ocrx_word' id='word_1_926' title='bbox 2419 5700 2524 5754; x_wconf 91' lang='lat' dir='ltr'><strong>duo</strong></span> <span class='ocrx_word' id='word_1_927' title='bbox 2553 5697 2894 5750; x_wconf 87' lang='lat' dir='ltr'><strong>Testamenta</strong></span> <span class='ocrx_word' id='word_1_928' title='bbox 2924 5688 3222 5758; x_wconf 80' lang='lat' dir='ltr'><strong>signiﬁcata</strong></span> <span class='ocrx_word' id='word_1_929' title='bbox 3265 5691 3420 5768; x_wconf 65' lang='grc' dir='ltr'><strong>εει</strong></span> <span class='ocrx_word' id='word_1_930' title='bbox 3455 5705 3546 5744; x_wconf 90' lang='lat' dir='ltr'><strong>co-</strong></span> 
     </span>
    </p>
   </div>
   <div class='ocr_carea' id='block_1_118' title="bbox 1971 5777 3547 5868">
    <p class='ocr_par' dir='ltr' id='par_1_118' title="bbox 1971 5777 3547 5868">
     <span class='ocr_line' id='line_1_118' title="bbox 1971 5777 3547 5868; baseline -0.006 -22"><span class='ocrx_word' id='word_1_931' title='bbox 1971 5811 2250 5862; x_wconf 64' lang='lat' dir='ltr'><strong>gnoscere,</strong></span> <span class='ocrx_word' id='word_1_932' title='bbox 2289 5809 2388 5862; x_wconf 90' lang='lat' dir='ltr'><strong>per</strong></span> <span class='ocrx_word' id='word_1_933' title='bbox 2433 5804 2550 5868; x_wconf 78' lang='lat' dir='ltr'><strong>qua:</strong></span> <span class='ocrx_word' id='word_1_934' title='bbox 2597 5784 2962 5854; x_wconf 88' lang='lat' dir='ltr'><strong>unusquisque</strong></span> <span class='ocrx_word' id='word_1_935' title='bbox 2989 5781 3300 5840; x_wconf 86' lang='lat' dir='ltr'><strong>scandalum</strong></span> <span class='ocrx_word' id='word_1_936' title='bbox 3347 5777 3547 5837; x_wconf 77' lang='lat' dir='ltr'><strong>faciens</strong></span> 
     </span>
    </p>
   </div>
  </div>
