4052 6330
203 340 307 406 773

1337 332 1742 393 TRACTATUS
1776 330 1817 388 ι.
1860 329 1950 390 DE
1986 325 2342 388 BAPTISMO.

3345 307 3449 390 1’14

206 457 434 515 animam
479 469 588 511 non
627 460 807 526 potest
833 451 1130 524 pervenire.
1173 447 1450 516 Simulque
1474 443 1684 500 venturi
1713 442 1780 497 ad
1806 450 1858 508 Α
1882 455 2152 512 nunquam
2181 438 2360 494 audita
2393 438 2406 487 i
2446 437 2760 493 contemnit.
2791 436 2870 493 illi
2899 437 2990 508 qui
3019 436 3200 492 obedit
3225 435 3448 506 etfacit,

205 548 554 618 baptismum,
585 553 645 600 ut
682 558 842 599 aures
890 558 1016 598 suas
1043 541 1110 596 ab
1155 539 1300 594 omni
1345 536 1486 592 malo
1531 541 1589 590 et
1635 529 1778 603 turpi
1879 531 2172 602 sapientia;
2203 531 2328 586 huic
2371 530 2464 599 qui
2509 531 2852 600 contempsit,
2891 530 3118 586 stultitia
3145 529 3448 601 deputatur.

205 640 368 696 verbo
419 637 727 710 impollutas
773 635 842 690 ad
889 634 1047 690 ﬁnem
1096 648 1263 703 usque
1313 629 1648 694 custodiant,
1697 624 1782 681 vel
1879 623 1976 680 Ille
2001 637 2164 694 super
2193 621 2422 680 solidum
2440 620 2666 677 aediﬁcat
2695 621 3110 691 fundamentum,
3140 621 3298 692 hujus
3315 635 3456 678 vana

207 730 572 788 detrahentem
599 727 846 798 proximo
866 741 986 792 suo,
1011 735 1037 762 ιι
1065 724 1146 780 vel
1175 723 1407 778 obscena
1435 727 1493 775 et
1519 716 1784 789 impudica
1883 715 2186 782 :ediﬁcatio,
2209 721 2265 771 et
2284 714 2486 784 absque
2511 713 2857 770 fundamento
2875 711 3031 772 facile
3047 729 3238 771 casura
3257 713 3458 773 descri-

207 821 517 891 loquentem
545 820 698 891 quasi
726 817 874 875 surdi
900 833 1006 873 non
1054 815 1294 878 audiant,
1325 813 1608 884 implentes
1636 809 1786 864 illam
1884 809 2050 866 bitur.
2077 807 2158 866 lbi
2183 807 2471 888 stabilitas,
2516 807 2605 863 hic
2649 807 2806 863 ruina
2849 815 2950 875 est,
2979 815 3036 863 et
3061 805 3216 864 ruina
3241 823 3456 878 magna.

209 909 401 968 divina:
427 909 716 981 Scriptum
744 908 1065 964 sententiam
1089 922 1193 976 qua
1213 905 1408 960 dicitur
1436 921 1450 956 :
1476 902 1599 974 Sepi
1627 914 1782 955 aures

210 1013 321 1060 tuas
366 1004 556 1074 spinis,
600 1011 650 1058 et
695 1002 800 1056 noli
841 1001 1023 1054 audire
1059 999 1288 1070 linguam
1333 1011 1551 1067 nequam
1597 991 1786 1064 (Eccli.

209 1093 521 1166 χχιιιινΞΒ),
540 1093 608 1148 Et
627 1093 782 1148 alibi:
803 1089 888 1147 Ne
905 1090 1084 1146 credas
1105 1089 1304 1144 auditui
1323 1103 1472 1142 uario.
1491 1084 1556 1140 Et
1575 1099 1785 1139 rursus:

210 1185 297 1240 Da
325 1187 378 1240 in
407 1184 683 1258 disciplina
713 1199 802 1237 cor
835 1191 994 1247 tuum,
1026 1189 1074 1234 et
1103 1195 1234 1250 para
1261 1193 1440 1232 aurem
1467 1184 1606 1231 tuam
1628 1171 1790 1228 verbis

209 1261 498 1349 prudentia!
525 1272 709 1344 (Prov.
737 1287 892 1336 χχιιι;
923 1269 1086 1324 Eccli.
1110 1268 1189 1338 ιι).
1221 1267 1360 1337 Ergo
1388 1264 1626 1320 adhibita
1651 1260 1794 1316 auri-

209 1367 311 1422 bus
333 1366 516 1422 unctio
546 1371 730 1422 sancta
757 1360 1042 1431 signiﬁcat,
1079 1369 1136 1416 ut
1159 1373 1349 1415 omnes
1375 1364 1528 1413 extra
1554 1351 1793 1424 discipli-

209 1474 338 1519 nam
366 1471 664 1520 sermones,
703 1453 857 1524 quasi
885 1451 1144 1508 doctrina:
1169 1447 1368 1504 Christi
1397 1445 1425 1484 δ
1454 1442 1797 1515 obloquentis

211 1555 530 1606 aversentur
557 1563 621 1602 ac
647 1546 869 1615 fugiant,
900 1559 1064 1613 seque
1104 1541 1170 1596 ad
1217 1540 1327 1596 sola
1375 1537 1469 1592 Dei
1513 1533 1674 1592 verba
1703 1524 1799 1588 au-

211 1640 410 1697 dienda
452 1643 801 1704 convertant,
832 1636 958 1706 quia
991 1647 1010 1672 ε
1061 1633 1194 1688 illito
1221 1631 1344 1688 oleo
1373 1626 1612 1684 auditum
1641 1640 1798 1680 suum

213 1729 418 1788 Christi
441 1729 669 1800 eloquiis
694 1726 718 1765 ἀ
741 1733 1211 1783 conservaverunt.
1243 1723 1362 1792 ipse
1382 1719 1524 1776 enim
1552 1717 1802 1773 Salvator

1854 961 1867 972 ο
1887 901 2055 958 Nemo
2095 901 2240 957 enim
2277 899 2492 968 gravius
2516 897 2722 956 corruit
2744 913 2904 971 quam
2941 899 3053 970 qui,
3083 900 3268 956 audito
3289 900 3460 959 verbo

1889 991 2008 1062 Dei,
2055 989 2123 1048 ad
2167 998 2390 1062 peccata
2435 989 2784 1056 convertitur,
2835 998 3055 1061 propter
3095 1005 3219 1062 quas
3259 1001 3463 1049 eterna

1889 1081 2150 1153 supplicia
2193 1088 2500 1152 prmparata
2548 1090 2694 1136 sunt.
2747 1079 2862 1137 Vos
2911 1091 3092 1139 autem
3109 1117 3126 1149 ,
3181 1095 3464 1156 postquam

1891 1181 2085 1231 vestrm
2105 1187 2265 1230 aures
2282 1173 2405 1230 oleo
2423 1172 2708 1230 benedicta
2727 1178 2852 1227 sunt
2869 1171 3035 1243 illius,
3057 1173 3317 1244 designati
3335 1177 3468 1234 estis

1894 1269 1948 1323 in
1975 1282 2204 1324 numero
2229 1267 2532 1324 auditorum
2549 1267 2887 1337 sapientum;
2919 1273 2979 1322 ut
3001 1275 3148 1324 recte
3173 1271 3468 1330 retinentes

1896 1357 1994 1413 Dei
2019 1357 2210 1424 verba,
2242 1357 2296 1414 id
2342 1365 2427 1414 est
2463 1373 2584 1428 qua:
2627 1357 2853 1414 audistis
2899 1359 3199 1430 implentes,
3229 1364 3386 1436 712
3414 1363 3469 1421 in

1897 1446 1984 1502 die
2024 1447 2212 1518 iudicii
2283 1447 2512 1504 audiatis
2575 1448 2728 1504 vobis
2793 1448 3067 1504 Christum
3137 1449 3403 1509 dicentem
3453 1468 3468 1509 :

1901 1536 2118 1602 .Venite,
2151 1537 2402 1593 benedicti
2431 1537 2615 1594 Patris
2642 1541 2773 1607 mei,
2801 1541 3046 1611 suscipite
3073 1523 3473 1613 paratum‘cobis

1899 1644 2114 1700 regnum
2157 1645 2194 1682 a
2241 1629 2605 1684 constitutione
2649 1629 2830 1684 mundi
2857 1627 3084 1701 (Hattit.
3135 1631 3296 1704 xxv).
3347 1633 3476 1693 Illud

1903 1726 2082 1774 autem
2129 1733 2240 1776 non
2268 1720 2464 1784 otiose,
2513 1734 2687 1790 neque
2713 1721 2914 1790 absque
2951 1732 3098 1779 certa
3127 1725 3338 1782 ratione
3364 1741 3477 1799 my-

211 1820 458 1892 loquitur
485 1820 553 1876 ad
577 1818 813 1886 Patrem,
843 1824 898 1872 et
929 1814 999 1871 de
1027 1813 1334 1871 obedientia
1361 1809 1628 1866 credentis
1660 1809 1713 1863 in
1741 1821 1802 1862 se
1835 1833 1880 1893 Β
1904 1808 2054 1864 sterii
2079 1807 2277 1865 factum
2305 1810 2526 1880 putetis,
2553 1810 2700 1880 quod
2727 1825 2886 1868 nares
2901 1827 3116 1884 quoque
3136 1825 3341 1872 vestras
3358 1818 3480 1874 oleo

216 1915 409 1986 populi
436 1913 716 1984 gloriatur,
757 1911 939 1966 dicens
974 1927 987 1963 :
1036 1907 1364 1978 Sacriﬁcium
1401 1913 1451 1960 et
1494 1902 1804 1959 oblationem

213 2005 454 2072 noluisti,
499 2020 652 2059 aures
697 2009 868 2057 autem
914 1999 1173 2072 perfecisti
1220 1998 1345 2052 mihi
1386 1995 1556 2068 (Psal.
1595 1993 1802 2064 χχχιχ).

216 2095 375 2152 Tunc
401 2095 546 2152 enim
585 2110 741 2150 aures
767 2108 896 2150 vere
936 2092 1168 2146 ﬁdelium
1210 2089 1408 2164 Christi
1437 2086 1804 2160 perﬁciuntur,

213 2187 438 2260 quando
457 2187 586 2242 nihil
611 2194 805 2257 printer
825 2184 1114 2249 Christum,
1139 2191 1193 2238 et
1216 2198 1279 2238 ea
1299 2196 1417 2252 quin
1437 2179 1636 2235 Christi
1662 2187 1806 2242 sunt,

215 2278 411 2336 audire
431 2278 734 2333 desiderant
761 2286 804 2330 ε.
831 2274 984 2330 Unde
1005 2275 1058 2328 in
1079 2273 1370 2342 Evangelia
1391 2271 1530 2326 idem
1553 2269 1810 2325 Dominus

214 2371 288 2426 de
317 2369 553 2425 cmlestis
578 2367 730 2437 regni
755 2365 1009 2438 mysterio
1037 2380 1160 2420 cum
1191 2364 1520 2434 loqueretur,
1552 2360 1765 2416 dicebat
1792 2376 1805 2412 :

217 2458 330 2525 Qui
349 2461 398 2532 7
412 2464 507 2532 ιι
528 2436 680 2512 habet
702 2436 850 2512 aures
869 2436 1135 2521 ῐικάεεηάί,
1155 2453 1334 2508 audiat
1358 2451 1570 2525 (naua.
1596 2466 1668 2515 χι,
1693 2464 1808 2514 ml;

217 2551 402 2607 Marc.
435 2567 509 2619 tv,
539 2560 590 2606 et
613 2549 790 2619 alibi).
835 2547 968 2602 Nam
997 2561 1119 2603 cum
1155 2545 1392 2602 omnium
1433 2556 1716 2599 commune
1744 2539 1814 2595 sit

217 2643 432 2699 habere
460 2657 637 2708 aures,
685 2649 862 2696 tamen
911 2637 1158 2694 audiendi
1205 2652 1365 2692 aures
1392 2629 1688 2692 commune
1703 2648 1812 2687 non

217 2740 335 2790 est.
365 2730 681 2801 Quicunque
708 2720 849 2786 enim
870 2727 966 2783 Dei
984 2727 1146 2782 verba
1173 2733 1541 2790 contemnunt,
1573 2723 1817 2794 quamvis

217 2842 342 2882 non
387 2825 592 2897 possint
637 2831 1002 2892 contemnere,
1033 2821 1135 2876 nisi
1179 2821 1326 2891 prius
1352 2819 1603 2880 audiant,
1637 2826 1815 2871 tamen

216 2917 359 2988 quia
379 2923 732 2972 contemnunt
754 2913 895 2984 quod
923 2913 1166 2981 audiunt,
1191 2927 1289 2968 nec
1308 2909 1524 2974 audisse
1545 2907 1814 2974 dicuntur,

218 3009 359 3081 quia
387 3024 507 3080 quae
539 3008 820 3064 audierunt
854 3015 1108 3077 tanquam
1151 3021 1256 3060 non
1287 3003 1466 3059 audita
1495 3001 1815 3072 despiciunt.

219 3101 300 3157 Et
333 3101 456 3158 ideo
484 3102 684 3158 habent
727 3102 816 3156 isti
862 3115 1040 3168 aures,
1074 3115 1179 3154 non
1222 3113 1341 3168 qua:
1369 3112 1524 3175 aures
1569 3094 1819 3151 audiendi

1907 1901 2298 1958 benedictionis
2325 1897 2673 1969 adiunximus;
2702 1905 2848 1974 quod
2875 1906 3073 1962 idcirco
3091 1904 3209 1963 ﬁeri
3229 1909 3480 1980 intelligi-

1910 2001 2019 2063 tur,
2047 2000 2108 2048 ut
2144 1993 2202 2048 hi
2229 1993 2321 2062 qui
2351 1993 2418 2051 ad
2444 1994 2767 2064 baptismum
2807 1996 3050 2063 veniunt,
3095 1998 3482 2057 admoneautu‘t

1911 2083 2044 2138 tanti
2069 2084 2312 2155 mysterii
2350 2093 2740 2152 sacramentum
2771 2101 2938 2155 usque
2965 2088 3032 2144 ad
3057 2098 3286 2145 mortem
3313 2091 3486 2148 invio-

1911 2173 2081 2256 latum
2103 2183 2268 2244 atque
2291 2175 2556 2244 integrum
2584 2175 2873 2242 custodire,
2905 2185 2962 2232 ut
2981 2167 3485 2253 quandiu'spiritum
3565 2168 3571 2175 ’

1913 2267 2036 2322 vitae
2062 2267 2218 2337 huius
2245 2268 2463 2324 naribus
2501 2269 2612 2324 suis
2637 2271 2941 2337 attrahunt,
2987 2288 3018 2326 a
3045 2273 3239 2329 Christi
3279 2276 3488 2336 Domini

1917 2361 2085 2416 nostri
2105 2361 2318 2416 cultura
2345 2369 2403 2416 et
2425 2361 2648 2418 servitio
2675 2376 2783 2418 non
2813 2365 3086 2419 recedant.
3123 2363 3277 2423 Unde
3303 2375 3360 2422 et
3385 2369 3490 2425 Job

1915 2453 1998 2508 vir
2025 2461 2242 2508 sanctus
2261 2453 2499 2523 loquitur
2524 2471 2536 2507 :
2572 2453 2705 2508 Viuit
2725 2454 2994 2521 Dominus,
3017 2459 3102 2528 qui
3125 2457 3334 2514 abstulit
3348 2461 3492 2532 jndi.

1917 2547 2052 2602 ciunt
2080 2559 2268 2612 meum,
2298 2556 2348 2601 et
2377 2545 2737 2618 Omnipotens,
2764 2550 2848 2620 qui
2873 2549 2944 2604 ad
2969 2553 3365 2610 amaritudinem
3391 2555 3493 2610 ad-

1919 2636 2069 2692 duxit
2095 2639 2328 2692 animam
2367 2653 2565 2706 meam,
2607 2641 2728 2711 quia
2767 2640 2924 2694 donec
2959 2653 3187 2712 snpemt
3227 2645 3412 2702 halitus
3440 2651 3494 2704 in

1921 2745 2003 2784 me
2029 2739 2078 2784 et
2105 2729 2316 2801 spiritus
2339 2728 2436 2784 Dei
2455 2731 2511 2784 in
2529 2731 2746 2786 naribus
2763 2733 2908 2796 meis,
2941 2748 3044 2787 non
3063 2733 3334 2805 loquentur
3359 2739 3497 2794 labia

1921 2835 2035 2873 mea
2064 2819 2401 2891 iniquitatem,
2427 2835 2517 2874 nec
2539 2820 2717 2892 lingua
2745 2837 2858 2875 mea
2885 2821 3116 2893 isquetur
3153 2824 3499 2886 mendacium.

1923 2912 2070 2967 Absit
2094 2929 2128 2966 a
2151 2928 2232 2967 me
2255 2923 2310 2967 ut
2330 2914 2502 2985 justas
2529 2929 2616 2968 cos
2637 2914 2893 2986 judicent;
2924 2916 3083 2971 donec
3113 2917 3374 2988 deﬁciam,
3395 2933 3498 2976 non

1925 3001 2162 3057 recedam
2221 3002 2287 3056 ab
2331 3003 2626 3058 innocentia
2677 3021 2813 3059 mea.
2857 3005 3291 3077 ludificationem
3347 3025 3500 3082 quam

1926 3094 2083 3149 semel
2113 3105 2284 3150 tenere
2307 3097 2437 3166 ccepi
2463 3112 2568 3150 non
2597 3095 2827 3152 deseram
2851 3097 2969 3168 (Job
2995 3098 3146 3170 χχιι).
3191 3097 3297 3156 Sed
3327 3103 3501 3161 adhuc

221 3210 360 3252 esse
391 3193 412 3232 ί
439 3195 706 3260 dicuntur,
749 3193 840 3250 sed
881 3207 1034 3248 aures
1061 3207 1177 3262 quae
1209 3191 1430 3250 audiunt
1467 3205 1538 3245 ne
1571 3188 1819 3253 audiant,
1851 3220 1897 3284 Ο
1928 3187 2174 3259 subtilior
2199 3187 2503 3244 intellectus
2526 3188 2578 3244 in
2598 3189 2702 3245 hac
2727 3189 2934 3244 narium
2959 3191 3215 3246 unctione
3239 3193 3498 3261 signatur.

220 3288 282 3345 id
311 3294 419 3351 est,
451 3294 508 3341 ut
534 3301 598 3342 ea
624 3301 742 3356 qua:
779 3283 1044 3340 audierint
1084 3281 1238 3351 quasi
1267 3295 1558 3350 nunquam,
1588 3287 1645 3334 ut
1683 3278 1824 3334 dixi-
1848 3277 1896 3318 Γ
1925 3277 2073 3334 illius
2099 3280 2244 3336 enim
2271 3281 2378 3337 olei
2405 3280 2559 3346 odor,
2585 3282 2731 3352 quod
2757 3282 2814 3337 in
2839 3282 3038 3338 Christi
3062 3285 3280 3340 nomine
3313 3296 3368 3342 et
3393 3287 3503 3343 vir-

224 3397 388 3449 mats,
417 3379 601 3436 audita
631 3375 995 3436 contemna‘nt.
1043 3374 1157 3430 Soli
1186 3383 1362 3428 autem
1405 3373 1480 3428 illi
1525 3386 1681 3426 aures
1725 3385 1824 3424 au-

220 3471 428 3528 diendi
455 3471 653 3525 habere
698 3469 948 3524 dicuntur
975 3481 1006 3521 a
1031 3463 1266 3528 Christo,
1309 3464 1400 3534 qui
1446 3477 1567 3518 cum
1609 3461 1826 3516 auribus

220 3562 486 3629 audiunt,
517 3559 738 3616 ﬁrmiter
761 3553 940 3614 animo
967 3555 1371 3638 cquimendant,
1400 3562 1453 3610 et
1480 3555 1620 3625 quod
1648 3553 1828 3608 animo

222 3659 256 3700 8
295 3649 644 3718 tradiderint,
675 3649 928 3719 operibus
971 3654 1354 3716 exsequuntur.
1401 3645 1490 3700 De-
1523 3643 1829 3714 hujusmodi

221 3742 582 3800 auditoribus
619 3741 876 3797 Dominus
917 3740 966 3794 in
1010 3738 1302 3813 Evangelio
1349 3735 1620 3806 loquitur:
1662 3735 1830 3789 Vestri

221 3844 420 3892 autem
462 3833 595 3888 beati
634 3834 798 3900 oculi,
843 3833 929 3904 qui
979 3831 1182 3894 vident;
1211 3839 1262 3883 et
1289 3846 1440 3883 aures
1480 3838 1686 3891 vestrae,
1716 3841 1832 3898 qua:

219 3929 468 3986 audiunt
499 3927 718 3999 (Matth.
747 3927 890 3999 xm).
937 3925 1002 3980 Et
1029 3941 1214 3980 rursus
1257 3942 1269 3978 :
1314 3923 1493 3977 Omnis
1535 3930 1706 3975 autem
1745 3921 1834 3991 qui

223 4021 400 4080 audit
428 4019 579 4076 verba
625 4038 740 4075 mea
789 4020 896 4074 Ιιωε
940 4027 988 4073 et
1036 4019 1160 4089 facit
1197 4033 1280 4082 ea,
1311 4012 1681 4069 assimilabitur
1727 4013 1832 4066 viro

223 4113 476 4186 sapienti
524 4113 610 4182 qui
659 4111 936 4182 aedificavit
983 4109 1186 4166 domum
1220 4123 1366 4161 suam
1401 4121 1560 4176 supra
1595 4112 1831 4171 petram:

224 4214 290 4260 et
317 4201 589 4258 descendit
613 4202 816 4273 pluria,
863 4209 912 4254 et
939 4207 1184 4254 venerunt
1208 4199 1448 4268 ﬂumina,
1506 4203 1555 4249 et
1583 4195 1836 4264 ﬂaverant

225 4296 394 4354 venti
415 4304 462 4349 et
489 4302 733 4349 uenerunt
755 4293 808 4346 in
831 4293 1039 4346 domum
1057 4291 1232 4356 illam,
1277 4296 1324 4342 et
1354 4304 1456 4342 non
1480 4285 1693 4350 cecidit,
1723 4287 1838 4356 [un-

227 4389 384 4444 data
395 4388 532 4441 enim
545 4393 656 4440 erat
665 4401 822 4456 supra
839 4385 1045 4456 ﬁrmam
1061 4392 1258 4452 petram
1272 4379 1483 4452 (Matth.
1501 4395 1570 4432 vn
1585 4385 1634 4431 et
1647 4375 1833 4448 seqq.).

227 4481 465 4556 Rursus
480 4476 547 4532 de
563 4475 702 4531 male
723 4473 1084 4537 audientibus,
1101 4472 1190 4542 qui
1209 4471 1400 4525 habent
1424 4467 1638 4538 quidem
1660 4480 1838 4532 aures,

227 4554 356 4626 sed
403 4583 512 4622 non
559 4567 612 4620 in
657 4563 974 4629 obediendo,
1026 4563 1099 4618 ita
1145 4559 1490 4631 pronuntiat:
1526 4554 1708 4611 Omnis
1753 4557 1839 4626 qui

227 4659 412 4716 audit
440 4657 590 4713 verba
624 4673 735 4710 mea
757 4655 938 4716 hazcct
965 4671 1070 4708 non
1106 4653 1230 4723 facit
1263 4668 1354 4718 ea,
1395 4649 1580 4704 similis
1613 4648 1710 4701 erit
1731 4647 1838 4700 viro

230 4751 426 4810 stulto
453 4752 538 4820 qui
561 4749 835 4819 wdiﬁcavit
861 4746 1068 4802 domum
1097 4759 1240 4798 suam
1269 4757 1426 4810 supra
1448 4753 1702 4793 arenam:
1735 4734 1762 4771 δ
1791 4743 1839 4790 et

227 4844 533 4904 descendit
561 4842 750 4913 pluria,
781 4849 829 4894 et
855 4841 892 4908 ﬂ
911 4845 1106 4900 .verunt
1132 4835 1262 4888 venti
1297 4841 1346 4888 et
1374 4835 1631 4886 irruerunt
1671 4831 1724 4882 in
1750 4827 1842 4882 do.

229 4951 411 4994 mum
437 4929 607 4997 illam,
627 4939 675 4984 et
702 4929 898 4994 recidit,
915 4935 964 4982 et
985 4927 1084 4998 fuit
1110 4925 1263 4979 ruina
1288 4924 1397 4992 ejus
1419 4938 1608 4992 magna
1631 4917 1840 4989 (lbid.).

227 5023 480 5084 Videtis
507 5036 636 5089 ergo
665 5027 924 5088 quantum
963 5015 1173 5070 intersit
1213 5015 1354 5068 inter
1379 5014 1514 5067 bene
1543 5008 1844 5064 audientem

229 5124 313 5172 et
355 5112 496 5167 male
523 5109 824 5164 audientem
855 5123 868 5160 :
899 5105 954 5162 id
979 5111 1092 5174 est,
1141 5101 1280 5159 inter
1307 5118 1428 5159 eum
1474 5099 1566 5170 qui
1613 5096 1848 5155 custodit

221 5201 441 5266 verba
489 5202 604 5269 Dei,
641 5197 654 5237 ί
686 5207 742 5254 et
784 5199 924 5253 inter
951 5212 1074 5252 eum
1101 5195 1190 5266 qui
1219 5211 1283 5252 ea
1312 5193 1568 5257 audierit,
1611 5199 1669 5246 et
1694 5188 1845 5258 quasi

342 5325 377 5352 ε·
415 5313 510 5380 γει
537 5313 776 5376 obscene,
801 5309 876 5364 rei
903 5306 1174 5380 impudice.

333 5382 378 5424 h
407 5379 766 5454 ()bloqugntes.

341 5463 377 5495 ε
409 5449 564 5509 Illita
579 5449 668 5507 illo
697 5454 824 5508 oleo.

339 5523 380 5562 ά
412 5525 807 5580 Consecrat-unt.

345 5604 384 5633 ε
418 5595 566 5649 Unde
593 5604 640 5648 et
666 5597 720 5649 in
751 5589 1051 5660 Evangelia.

305 5679 315 5685 '
349 5663 384 5706 ί
413 5663 686 5718 Dicuntur.

341 5743 388 5785 ε
417 5733 779 5789 Tradiderunt.

340 5802 390 5845 ιι
417 5803 483 5858 Et
503 5803 762 5858 descendit
787 5804 980 5860 pluvia.
1007 5808 1054 5854 et
1083 5802 1338 5853 venerunt.
1359 5791 1600 5870 ﬂuminq,
1630 5797 1678 5844 et
1694 5790 1854 5856 ﬂave-

1929 3379 2046 3428 tute
2073 3372 2411 3429 benedictum
2438 3381 2541 3441 est,
2571 3373 2640 3428 ad
2668 3373 2958 3430 odoratum
2979 3389 3078 3431 vos
3106 3385 3362 3447 provocat
3389 3381 3502 3451 spi-

1926 3466 2164 3536 ritalem,
2192 3472 2254 3522 ut
2281 3481 2387 3522 non
2415 3467 2682 3538 corporis,
2721 3467 2818 3522 sed
2845 3469 3040 3526 mentis
3079 3469 3324 3526 sensibus
3350 3469 3504 3526 Chri-

1928 3565 2070 3614 stum
2115 3557 2469 3614 inaestimabili
2500 3558 2761 3614 suavitate
2803 3559 3000 3614 sentire
3037 3561 3280 3630 possitis;
3330 3569 3384 3616 et
3411 3563 3506 3618 de-
3565 3569 3572 3578 '

1930 3649 2110 3705 lectati
2128 3649 2148 3686 ιε
2175 3649 2364 3705 notitia
2383 3649 2495 3705 oris
2514 3648 2651 3718 ejus,
2671 3649 2838 3721 ipsius
2855 3650 3077 3721 vestigia
3097 3652 3395 3723 snbsequen
3403 3659 3504 3723 tes,

1931 3742 2114 3798 dicere
2131 3743 2352 3800 valeatis
2371 3743 2498 3799 illud
2520 3744 2663 3813 quod
2684 3745 2752 3798 ad
2775 3745 2939 3800 Deum
2959 3745 3289 3801 credentium
3309 3747 3507 3806 chorus

1932 3833 2204 3902 loquitur:
2233 3833 2362 3889 Post
2390 3843 2436 3888 te
2454 3833 2510 3888 in
2532 3835 2742 3890 odorem
2769 3845 3142 3908 unguentorum
3171 3846 3372 3892 tuarum
3393 3855 3508 3894 curo

1932 3926 2092 3980 rimus
2121 3923 2295 3996 (Cant.
2327 3926 2399 3996 l).
2429 3923 2582 3982 Hunc
2609 3925 2829 3982 odorem
2858 3929 3196 3984 commendat
3223 3929 3509 4000 Apostolus

1933 4014 2253 4072 Christianis
2281 4031 2403 4072 cum
2430 4017 2558 4074 dicit
2583 4037 2594 4072 :
2621 4017 2732 4074 Deo
2758 4030 2927 4074 autem
2952 4023 3152 4094 gratias
3168 4063 3182 4088 ,
3214 4024 3302 4092 qui
3325 4023 3508 4078 trium-

1933 4108 2059 4179 phat
2103 4123 2198 4163 nos
2223 4109 2276 4163 in
2310 4107 2515 4164 Clu-isto
2539 4108 2692 4177 Iesu,
2723 4117 2772 4165 et
2800 4111 3007 4166 odorem
3034 4115 3232 4168 notitia:
3257 4130 3363 4169 sua:
3398 4131 3512 4170 ma-

1935 4199 2148 4271 nifestat
2175 4215 2376 4271 pernos
2395 4203 2450 4256 in
2487 4201 2630 4256 omni
2652 4202 2782 4268 loco,
2825 4205 2944 4276 quia
2973 4203 3164 4258 Christi
3193 4204 3356 4260 bonus
3385 4207 3513 4262 odor

1938 4305 2112 4344 sumus
2134 4290 2242 4346 Deo
2266 4290 2320 4364 (1
2329 4291 2356 4346 1
2373 4291 2492 4348 Cor.
2511 4292 2598 4363 ιι).
2624 4292 2972 4348 Considerate
2990 4304 3246 4364 quantum
3283 4297 3512 4368 apostoli

1936 4382 2264 4452 profecerim
2285 4385 2562 4440 sentiendo
2583 4384 2803 4440 odorem
2828 4386 3044 4451 Christi,
3067 4383 3086 4424 ι
3111 4395 3302 4440 etcum
3323 4388 3514 4456 pracdi-

1941 4473 2167 4528 cntionis
2193 4473 2499 4528 innocentia
2528 4484 2584 4528 et
2610 4476 2893 4530 sanctitate
2937 4475 3059 4529 vitm
3103 4476 3264 4530 etiam
3307 4479 3516 4534 caeteris

1868 4589 1918 4648 ο
1941 4563 2350 4633 praeferendum,
2403 4564 2515 4632 qui,
2559 4563 2684 4617 dum
2731 4565 2952 4620 odorem
3006 4566 3156 4620 suavi
3211 4567 3515 4636 fragrantia:

1943 4652 2139 4708 Christi
2169 4661 2206 4688 ω
2237 4652 2470 4721 undique
2496 4650 2810 4718 diffundunt,
2841 4653 2939 4723 ipsi
2965 4667 3179 4724 quoque
3205 4654 3379 4712 bonus
3405 4657 3518 4714 Deo

1947 4743 2083 4798 odor
2101 4742 2276 4798 eli'ecti
2301 4749 2444 4796 sunt.
2461 4741 2613 4808 Quod
2633 4744 2796 4798 etiam
2817 4743 2870 4798 in
2893 4744 3062 4812 vobis,
3078 4742 3268 4815 fratres
3287 4747 3520 4805 dilectis-

1949 4835 2090 4900 simi,
2119 4837 2362 4904 cupimus
2406 4833 2642 4904 impleri;
2675 4842 2733 4890 ut
2759 4849 2880 4890 cum
2925 4836 3026 4906 ipsi
3054 4837 3253 4893 bonum
3297 4840 3520 4897 odorem

1951 4927 2148 4983 Christi
2185 4927 2387 4982 notitia:
2415 4925 2686 4996 ceperitis,
2725 4927 3068 4984 suavissimus
3097 4929 3209 4986 Deo
3237 4933 3372 4990 odor
3399 4943 3424 4971 υ
3454 4952 3520 4990 ea

1951 5019 2075 5074 vitae
2102 5018 2264 5075 etiam
2290 5025 2482 5074 vestra:
2508 5019 2791 5075 sanctitate
2832 5020 3173 5077 conscendat.
3213 5022 3318 5080 Per
3345 5025 3524 5083 Domi.

1955 5126 2080 5166 num
2095 5151 2108 5178 ,
2139 5119 2246 5168 etc.

1955 5303 2074 5351 runt
2103 5295 2254 5348 venti.

2035 5365 2052 5403 ί
2085 5363 2155 5418 Et
2181 5364 2314 5417 inter
2340 5375 2456 5414 eum
2474 5361 2560 5432 qui
2586 5377 2703 5416 eum
2730 5361 2952 5418 audierit
2977 5366 3124 5436 quasi
3145 5377 3423 5436 nunquam.

2028 5437 2040 5487 i
2078 5431 2383 5490 Contentnit.

2119 5439 2383 5490 ontentttit.

2025 5505 2052 5545 πί
2083 5501 2284 5561 Νυιίιία
2311 5500 2485 5557 odoris
2511 5499 2642 5572 ejus.

2029 5573 2048 5616 ι
2082 5573 2288 5630 Etcum
2314 5565 2698 5643 praedicationis
2735 5574 3006 5642 instantia,
3041 5581 3089 5626 et
3113 5575 3388 5628 sanctitate
3413 5575 3530 5632 rita

1961 5649 2109 5703 etiam
2137 5641 2337 5700 ceteris
2364 5641 2708 5714 prwt'erendo.

2029 5729 2066 5755 ω
2090 5717 2292 5788 tibique
2317 5729 2416 5784 pro
2439 5713 2682 5788 undique.

2028 5798 2055 5825 η
2081 5782 2254 5841 Etiam
2270 5782 2339 5841 es}
2354 5792 2538 5840 sesua:
2557 5782 2674 5839 cita
2693 5782 2970 5838 sanctitate
2993 5783 3260 5847 ascendat.

1937 5940 2009 5951 ,οε
