4052 6330
292 309 388 373 ΓΠ

1362 308 1768 370 TRACTATUS
1801 310 1888 370 Ill.
1929 310 2018 369 DE
2055 312 2408 374 BAPTISMO.

3430 307 3544 379 718

292 435 320 467 ι
345 427 581 483 staturos
607 425 889 481 creo’amus
915 429 1041 481 ante
1070 423 1301 480 tribunal
1329 422 1443 491 Dei,
1469 423 1680 480 dicente
1708 425 1867 481 beato
1894 428 1941 488 Α
1969 442 2184 499 semper
2210 428 2423 496 ardeat,
2471 436 2527 484 et
2570 441 2840 500 nunquam
2866 424 3122 485 ardendo
3148 427 3380 486 deﬁciat.
3426 429 3547 489 Hoc

292 516 536 590 apostolo
564 514 767 571 Paulo:
797 515 987 571 Omnes
1020 531 1116 570 nos
1151 514 1475 586 manifestari
1515 524 1712 585 oportet
1749 524 1871 570 ante

294 605 516 663 tribunal
535 603 744 672 Christi,
765 613 823 659 ut
838 607 1032 677 referat
1050 604 1389 675 unusquisque
1408 606 1618 676 propria
1639 605 1870 676 corporis

294 699 390 763 sui,
418 706 571 768 prout
606 697 783 769 gessit,
820 696 923 751 sive
949 694 1135 750 bonum
1165 696 1267 749 sive
1293 695 1487 749 malum
1523 692 1613 761 (II
1637 692 1756 749 Cor.
1789 695 1867 765 v).

294 786 359 843 Et
387 787 441 844 id
468 798 550 843 est
569 787 713 857 quod
743 787 980 843 inﬁdeles
1010 788 1198 843 animm
1218 781 1582 843 non'credunt
1609 787 1867 843 futurum.

295 875 362 934 Et
379 887 504 935 sunt
525 879 688 950 aliqui
709 879 801 949 qui
821 878 973 934 labiis
993 878 1212 935 credere
1234 879 1573 951 promittunt,
1596 877 1688 935 sed
1709 877 1873 935 corde

296 971 612 1043 desperant;
643 971 734 1041 qui
774 970 1029 1041 grandem
1071 965 1424 1042 omnipotenti
1470 969 1581 1026 Deo
1626 967 1874 1040 injuriam

296 1064 516 1129 faciunt,
549 1079 579 1118 a
607 1078 714 1133 quo
743 1062 989 1119 homines
1017 1071 1140 1134 post
1170 1071 1399 1119 mortem
1439 1062 1684 1118 suscitari
1713 1070 1769 1117 et
1794 1063 1875 1118 vi-

296 1153 499 1212 viﬁcari
527 1169 688 1226 posse
716 1168 827 1210 non
866 1153 1109 1211 credunt.
1141 1153 1250 1210 Nos
1296 1164 1496 1219 autem,
1545 1154 1637 1226 qui
1681 1153 1876 1210 divinis

296 1246 517 1303 vocibus
561 1246 872 1302 adhibemus
915 1244 1092 1311 ﬁdem,
1145 1244 1212 1301 de
1253 1245 1645 1302 resurrectione
1689 1252 1874 1301 nostra

297 1338 541 1395 dubitare
570 1355 677 1395 non
706 1354 1007 1410 possumus.
1038 1338 1318 1395 Credimus
1362 1339 1503 1394 enim
1533 1337 1675 1409 quod
1711 1337 1871 1403 Deus,

298 1428 391 1498 qui
420 1427 545 1483 fecit
572 1427 836 1494 homines,
867 1444 988 1483 cum
1013 1436 1138 1484 ante
1166 1445 1273 1483 non
1302 1428 1544 1497 fuissent,
1576 1429 1732 1484 facile
1751 1445 1877 1499 pos-

242 1582 261 1603 ἢ
296 1524 369 1579 sit
394 1522 618 1580 reﬁcere
646 1523 737 1593 qui
767 1522 1000 1578 fuerunt.
1050 1523 1149 1590 Qui
1199 1523 1409 1590 caelum,
1460 1531 1515 1578 et
1558 1530 1774 1589 terram,
1821 1531 1878 1578 et

297 1616 503 1682 maria,
551 1623 606 1670 et
632 1629 749 1685 quze
779 1615 831 1669 iu
861 1615 941 1670 eis
987 1623 1130 1682 sunt,
1176 1624 1335 1686 atque
1383 1616 1562 1671 omnia
1611 1616 1875 1670 elementa

296 1707 424 1765 fecit
451 1723 515 1763 ex
547 1708 736 1772 nihilo,
770 1706 1041 1777 quomodo
1070 1724 1175 1763 non
1204 1706 1384 1779 potest
1411 1722 1660 1778 reparare
1696 1707 1874 1763 homi-

1973 521 2115 577 enim
2145 530 2199 576 et
2229 521 2439 576 Domini
2479 521 2646 577 nostri
2685 520 2812 577 Jesu
2835 519 3035 579 Christi
3080 536 3254 577 sermo
3294 530 3543 589 testatur,

1971 612 2063 682 qui
2092 611 2147 667 in
2174 610 2463 680 Evangelio
2484 610 2551 667 de
2580 611 2945 683 peccatoribus
2974 610 3338 683 pronuntiavit
3363 630 3375 663 :
3403 610 3546 667 Tum:

1970 701 2117 757 ibunt
2135 703 2278 774 impii
2298 704 2352 757 in
2372 703 2676 775 supplicium
2698 701 2962 768 retentum,
2974 702 3107 775 justi
3127 712 3297 759 autem
3316 704 3371 759 in
3392 706 3548 759 vitam

1973 803 2220 850 (sternam
2241 793 2465 868 (Matth.
2493 795 2652 865 xxv).
2703 793 2719 833 ί
2771 794 2895 851 llaec
2921 802 3098 851 autem
3126 798 3244 865 dum
3272 794 3549 865 hucusque

1973 886 2222 955 diximus,
2256 897 2537 959 postquam
2582 904 2675 943 vos
2703 888 2923 946 credere
2953 889 3303 960 promisistis,
3336 899 3362 937 ε
3389 890 3549 945 tertio

1974 994 2201 1051 corpora
2232 987 2409 1035 vestra
2438 980 2491 1035 in
2521 995 2675 1036 sacro
2704 979 2851 1036 fonte
2886 980 3254 1037 demersimus.
3288 980 3388 1048 Qui
3417 980 3551 1037 ordo

1973 1072 2309 1143 baptismatis
2327 1071 2527 1143 duplici
2547 1072 2786 1145 mysterii
2814 1069 3198 1141 signiﬁcatione
3228 1072 3550 1129 celebratur.

1978 1161 2143 1219 Recte
2171 1163 2313 1219 enim
2343 1163 2500 1219 tertio
2529 1163 2691 1219 mersi
2721 1162 2868 1228 estis,
2918 1163 3009 1233 qui
3036 1163 3319 1235 accepistis
3347 1163 3552 1234 baptis-

1975 1268 2123 1309 mum
2152 1251 2179 1290 ιι
2211 1252 2265 1308 in
2290 1254 2509 1310 nomine
2534 1251 2661 1309 Jesu
2690 1252 2907 1320 Christi,
2936 1253 3027 1323 qui
3053 1254 3210 1308 tertia
3239 1254 3327 1309 die
3366 1270 3550 1310 resur-

1975 1342 2118 1397 rexit
2158 1358 2190 1398 a
2234 1343 2478 1399 mortuis.
2519 1342 2614 1398 Illa
2644 1343 2785 1398 enim
2832 1343 2991 1398 tertio
3029 1345 3257 1414 repetita
3285 1344 3551 1401 demersio

1974 1440 2161 1506 typum
2185 1434 2469 1491 dominicae
2497 1434 2747 1505 exprimit
2770 1432 3073 1504 sepulturae,
3096 1448 3192 1503 per
3213 1448 3372 1503 quam
3401 1435 3552 1491 Chri~

1977 1532 2061 1580 sto
2083 1525 2382 1595 consepulti
2404 1527 2531 1581 estis
2551 1526 2606 1581 in
2628 1525 2915 1596 baptismo,
2934 1532 2988 1580 et
3007 1524 3363 1582 cum‘Christo
3384 1543 3556 1584 resur-

1976 1616 2191 1670 rexistis
2220 1616 2273 1671 in
2301 1614 2425 1680 ﬁde,
2453 1625 2510 1670 ut
2532 1617 2767 1686 peccatis
2795 1617 2964 1672 abluti
2994 1617 3046 1671 in
3075 1616 3360 1672 sanctitate
3386 1620 3562 1674 virtus

1977 1714 2093 1760 tum
2107 1705 2376 1761 Christum
2394 1706 2584 1762 vivatis
2599 1707 2876 1762 imitando.
2898 1705 3049 1762 Unde
3070 1708 3260 1763 beatus
3274 1706 3558 1777 Apostolus

297 1812 424 1863 nes,
457 1814 592 1869 quos
621 1797 741 1853 ideo
769 1796 897 1853 fecit
939 1805 998 1852 ut
1023 1798 1077 1852 in
1105 1797 1206 1853 hac
1245 1798 1351 1852 vita
1392 1808 1611 1866 agerent
1650 1797 1791 1851 unde
1821 1798 1874 1852 in
1906 1797 2089 1863 Bait:
2124 1797 2204 1851 An
2238 1797 2490 1869 ignoratis
2528 1798 2769 1868 quoniam
2796 1799 3079 1870 quicunque
3114 1798 3360 1869 baptizati
3388 1817 3559 1855 sumus

296 1888 400 1943 alia
426 1887 812 1958 iudicarentur,
848 1897 902 1944 et
930 1888 1015 1945 vel
1045 1905 1141 1960 pro
1170 1890 1311 1944 bona
1340 1890 1611 1946 voluntate
1636 1889 1873 1959 ptmmia,

294 1982 383 2037 vel
422 1981 695 2063 proanala
741 1981 1000 2052 supplicia
1046 1982 1417 2039 mererentur?
1444 1979 1572 2036 Haec
1607 1988 1690 2036 est
1734 1981 1874 2034 enim

294 2071 719 2130 Christianorum
747 2074 1130 2130 catholicorum
1181 2074 1331 2139 ﬁdes,
1366 2081 1424 2129 ut
1466 2074 1747 2130 credamus
1778 2089 1876 2129 nos

296 2181 421 2223 cum
449 2165 551 2220 hac
578 2166 631 2219 in
653 2180 758 2235 qua
781 2180 923 2221 nunc
949 2180 1132 2220 sumus
1151 2165 1325 2219 anima
1351 2178 1647 2234 resurgere,
1674 2164 1875 2218 baben-

296 2264 380 2313 tes
401 2256 430 2296 ξ’
448 2256 699 2312 idoneum
720 2256 910 2312 futura:
930 2264 1127 2313 nostrae
1146 2256 1554 2311 resurrectionis
1573 2255 1876 2325 exemplum

295 2348 581 2406 Dominum
609 2358 875 2419 nostrum,
898 2348 1133 2405 Verbum
1164 2348 1357 2415 Patris,
1380 2349 1612 2418 quicum
1637 2349 1707 2402 sit
1736 2347 1878 2403 Deus

285 2448 352 2498 ~et
380 2442 474 2499 Dei
494 2442 678 2509 Filius,
708 2452 729 2481 ο
753 2457 851 2497 seu
867 2441 1124 2508 Verbum,
1148 2449 1203 2497 et
1222 2441 1510 2497 secundum
1531 2439 1877 2496 substantiam

295 2532 595 2590 divinitatis
623 2531 769 2588 Patri
810 2541 1110 2589 comternus
1139 2540 1195 2588 et
1222 2532 1691 2589 consubstantialis
1711 2574 1726 2599 ,
1757 2530 1879 2587 ideo

295 2634 502 2682 natura:
548 2634 746 2682 nostra:
788 2625 1023 2697 suscepit
1069 2625 1367 2694 hominem,
1409 2623 1561 2694 juxta
1606 2639 1765 2694 quem
1814 2623 1881 2680 de

296 2717 505 2786 virgine
534 2716 700 2784 nasci,
733 2724 788 2772 et
815 2726 1002 2788 postea
1042 2715 1182 2786 pati,
1213 2726 1267 2771 et
1307 2716 1442 2770 mori
1489 2714 1678 2781 voluit,
1711 2722 1767 2770 et
1793 2714 1882 2770 die

298 2809 459 2865 tertia
482 2810 643 2881 716
668 2809 983 2877 resurrexit,
1002 2806 1029 2847 ἀ
1054 2817 1108 2864 et
1128 2807 1366 2864 ascendit
1387 2808 1438 2863 in
1465 2808 1678 2875 coelum,
1705 2817 1764 2863 ut
1782 2824 1882 2864 nos

296 2899 367 2955 ad
387 2916 539 2972 spem
569 2900 977 2956 resurrectionis
1005 2899 1343 2967 accenderet,
1372 2907 1432 2954 ut
1459 2899 1537 2954 sic
1565 2915 1663 2955 nos
1689 2898 1881 2955 creda-

298 3003 420 3047 mus
440 3006 507 3047 ex
528 2992 753 3047 mortuis
772 2991 1128 3059 suscitandas,
1143 2990 1594 3063 quemadmodum
1610 2990 1880 3047 Christum

298 3091 327 3121 ⁸
355 3097 422 3137 ex
461 3083 684 3153 mortuis
711 3083 1068 3138 resurrexisse
1115 3081 1452 3138 conﬁtemur.
1497 3082 1648 3137 Unde
1693 3083 1884 3139 beatus

1979 1891 2033 1944 in
2061 1888 2265 1945 Christo
2293 1890 2443 1956 Jesu,
2473 1892 2527 1945 in
2554 1901 2715 1945 morte
2736 1893 2896 1961 ipsius
2926 1893 3173 1963 baptizati
3205 1911 3400 1949 sumus.
3426 1894 3560 1950 Con~

1979 1981 2163 2051 sepulti
2190 1982 2325 2035 enim
2344 1997 2518 2035 sumus
2551 1999 2665 2036 cum
2691 1982 2782 2037 illo
2810 2000 2902 2051 per
2921 1982 3229 2054 baptismum
3251 1985 3303 2038 in
3325 1993 3559 2053 mortem,

1979 2082 2035 2127 ut
2058 2075 2311 2144 quomodo
2351 2077 2573 2129 surrexit
2601 2074 2835 2130 Christus
2869 2093 2935 2130 ea:
2970 2079 3186 2132 mortuis
3224 2095 3316 2148 per
3343 2080 3562 2150 gloriam

1982 2163 2175 2231 Patris,
2201 2166 2277 2219 ita
2313 2174 2362 2218 et
2382 2182 2474 2220 nos
2495 2166 2550 2219 in
2578 2168 2803 2221 novitate
2830 2167 2947 2221 vita:
2970 2167 3306 2222 ambulemus.
3338 2168 3400 2222 Si
3424 2169 3561 2223 enim

1981 2257 2319 2328 complantati
2347 2258 2473 2330 {acti
2493 2273 2667 2312 sumus
2696 2259 3024 2312 similitudini
3056 2262 3208 2314 morti
3236 2260 3377 2330 ejus,
3408 2261 3561 2316 simul

1981 2356 2029 2402 et
2064 2349 2451 2403 resurrectionis
2479 2350 2689 2416 erimus,
2717 2349 2813 2403 hoc
2835 2351 3049 2404 scientes
3071 2350 3205 2421 quod
3234 2361 3370 2405 vetus
3409 2352 3561 2407 homo

1981 2447 2156 2493 noster
2176 2439 2331 2493 simul
2349 2440 2626 2511 cruciﬁxus
2646 2448 2739 2507 est,
2758 2449 2813 2494 ut
2833 2440 3126 2495 destruatur
3140 2459 3324 2512 corpus
3343 2444 3558 2513 peccati,

1980 2542 2037 2585 ut
2055 2532 2192 2586 ultra
2213 2550 2315 2589 non
2338 2534 2615 2587 serviamus
2635 2542 2844 2604 peccato
2867 2533 3043 2606 (Rom.
3066 2533 3162 2605 v1).
3186 2532 3557 2602 Considerate,

1990 2620 2006 2660 ί
2042 2622 2237 2679 fratres
2256 2663 2271 2690 ,
2302 2638 2405 2694 qua
2434 2624 2742 2680 conditione
2781 2622 3071 2695 Apostolus
3100 2641 3198 2680 nos
3224 2640 3341 2680 esse
3368 2626 3562 2682 dixerit

1981 2714 2302 2785 baptizatos,
2331 2722 2387 2768 ut
2413 2715 2580 2781 ultra,
2629 2715 2829 2784 inquit,
2880 2732 2985 2770 non
3028 2716 3306 2770 sendanws
3334 2726 3560 2786 peccato.

1983 2805 2112 2875 Quae
2139 2808 2283 2863 enim
2306 2799 2455 2863 tanta
2476 2815 2576 2874 est,
2600 2824 2709 2864 non
2737 2808 2877 2874 dico,
2900 2807 3243 2877 negligentia,
3266 2807 3360 2863 sed
3380 2823 3564 2864 amen-

1985 2902 2078 2969 tia,
2109 2917 2229 2957 cum
2254 2917 2349 2973 per
2375 2901 2699 2971 baptismum
2740 2900 3011 2970 acceperis
3038 2901 3409 2955 remissionem
3434 2915 3562 2970 pec-

1984 3003 2249 3061 catorum,
2279 2993 2502 3063 obligari
2529 2992 2664 3047 velle
2689 2992 2924 3062 peccatis
2953 3010 2965 3045 :
2999 2993 3155 3063 717
3189 3000 3246 3045 ut
3268 2992 3361 3060 qui
3390 2990 3561 3047 factus
3654 3014 3659 3017 <

1986 3083 2167 3141 fueras
2196 3102 2262 3140 ex
2291 3091 2577 3155 peccatore
2620 3084 2857 3147 sanctus,
2884 3088 3070 3136 rursus
3110 3097 3178 3136 ex
3223 3092 3408 3136 sancto
3433 3083 3565 3139 velis

298 3173 589 3245 Apostolus
612 3174 902 3231 inﬁdelium
917 3175 1123 3230 animos
1138 3173 1579 3247 increpatdicens
1600 3192 1612 3227 :
1632 3173 1692 3229 Si
1707 3183 1875 3229 autem
1906 3179 1954 3243 ς
1986 3192 2104 3232 esse
2125 3184 2396 3247 peccator,
2422 3182 2475 3229 et
2497 3182 2619 3245 post
2638 3188 2850 3229 sacrum
2879 3163 3029 3227 illum
3052 3170 3275 3237 fontem,
3300 3188 3406 3241 quo
3429 3190 3563 3229 non-

299 3264 534 3321 Christus
571 3266 882 3337 prazdicatur
922 3266 1057 3339 quod
1093 3267 1437 3322 resurrexit'a
1473 3266 1716 3330 mortuis,
1753 3283 1881 3337 quo-

298 3358 452 3414 modo
474 3359 681 3431 quidam
709 3360 886 3413 dicunt
909 3360 965 3413 in
985 3357 1123 3413 robis
1143 3359 1385 3429 quoniam
1411 3359 1713 3412 resurrectio
1745 3374 1884 3412 mor-

298 3456 505 3505 tuorum
525 3466 627 3504 non
651 3457 725 3507 est
754 3447 809 3517 (1
830 3446 947 3503 Cor.
976 3448 1102 3519 xv)?
1123 3446 1238 3503 Hoc
1267 3460 1395 3515 ergo
1420 3455 1600 3503 tenete
1627 3454 1883 3502 constan-

297 3546 386 3595 ter
413 3547 468 3594 et
492 3538 723 3607 credite,
752 3538 896 3610 quod
937 3537 1127 3593 divinis
1154 3538 1375 3593 vocibus
1404 3536 1719 3607 afﬁrmatur,
1759 3539 1882 3608 quia

296 3631 624 3689 resurrectio
652 3631 721 3685 sit
759 3630 971 3699 futura,
1021 3630 1075 3685 in
1104 3645 1209 3701 qua
1258 3630 1455 3685 sanctis
1502 3630 1747 3709 omnibus
1792 3632 1884 3699 qui

297 3718 569 3777 Christum
619 3722 845 3792 diligunt
896 3730 952 3777 et
996 3721 1112 3791 ejus
1158 3720 1359 3775 faciunt
1409 3720 1735 3775 voluntatem
1779 3720 1881 3774 im-

298 3815 606 3871 mortalitas
632 3816 866 3885 gloriosa
897 3815 1146 3871 donanda
1170 3823 1271 3879 est,
1305 3824 1363 3869 ut
1389 3816 1442 3869 in
1465 3822 1755 3885 conspectu
1791 3815 1887 3871 Dei

300 3921 427 3963 cum
473 3906 675 3975 angelis
702 3916 757 3962 et
785 3908 1091 3963 coelestibus
1140 3907 1423 3961 virtutibus
1470 3907 1523 3961 in
1573 3914 1888 3976 perpetuum

299 3997 622 4069 glorientur.
656 3998 899 4054 [nﬁdeles
941 4014 1072 4055 vero
1115 4007 1169 4055 et
1218 4006 1550 4069 peccatores,
1596 4007 1652 4053 et
1677 3999 1768 4068 qui
1794 3997 1890 4053 Dei

299 4083 573 4160 prmeepla
597 4106 703 4145 non
728 4089 946 4157 faciunt,
970 4090 1037 4145 ad
1060 4090 1163 4146 hoc
1182 4103 1463 4159 resurgere
1489 4098 1547 4145 ut
1577 4090 1891 4145 immortalis

299 4196 495 4240 eorum
540 4182 681 4242 facta
728 4200 855 4242 caro
894 4186 1112 4241 aeternis
1158 4184 1421 4242 incendiis
1458 4183 1778 4255 deputetur;
1832 4195 1891 4240 ut

1982 3269 2085 3324 nisi
2130 3267 2296 3321 semel
2342 3266 2485 3320 ablui
2533 3266 2675 3330 licet,
2727 3264 2922 3321 iterth
2968 3262 3036 3318 ad
3080 3263 3331 3318 vitiorum
3378 3264 3561 3322 sordes

1983 3360 2201 3417 reverti.
2234 3356 2510 3414 Attendite
2553 3372 2681 3427 ergo
2701 3397 2716 3423 ,
2760 3340 3123 3420 dilectissimi,
3153 3364 3211 3410 ut
3238 3354 3381 3425 quod
3409 3371 3555 3412 acce-

1986 3452 2156 3524 pistis,
2180 3449 2433 3520 quodque
2450 3448 2560 3518 jam
2583 3447 2807 3503 ulterius
2828 3462 2860 3501 a
2875 3447 3029 3504 vobis
3050 3446 3216 3518 accipi
3237 3462 3343 3501 non
3366 3456 3562 3518 potest,

1990 3559 2156 3614 usque
2178 3543 2243 3598 ad
2267 3540 2425 3596 ﬁnem
2448 3542 2710 3609 integrum
2737 3539 3250 3609 immaculatumque
3271 3541 3429 3609 713
3451 3552 3567 3594 ser-

1988 3636 2151 3701 vetis;
2183 3642 2237 3689 et
2264 3633 2431 3688 semel
2460 3631 2636 3687 effecti
2662 3632 2864 3700 absque
2893 3638 3135 3701 peccato,
3169 3629 3222 3685 in
3249 3641 3508 3701 perpetuo
3532 3645 3565 3685 a

1991 3727 2226 3798 peccatis
2264 3724 2511 3780 omnibus
2553 3722 2838 3778 recedatis.
2879 3721 3122 3777 Christus
3145 3722 3309 3791 enim,
3353 3721 3443 3792 qui
3471 3737 3567 3777 vos

1991 3823 2225 3894 pollutos
2253 3835 2318 3875 ac
2341 3818 2605 3874 diabolica
2626 3817 2877 3873 suasione
2897 3815 3200 3872 sordidatos
3222 3831 3318 3871 sua
3343 3815 3566 3871 misera-

1994 3916 2140 3971 tione
2166 3911 2459 3978 muudavit,
2488 3925 2597 3966 non
2619 3909 2733 3964 vult
2750 3909 3038 3965 mandatos
3062 3908 3257 3963 iterum
3285 3906 3567 3963 sordidari.

1994 4004 2130 4061 Huic
2153 4004 2321 4074 gloria
2350 4010 2405 4058 et
2432 4002 2608 4057 honor
2634 4008 2759 4056 cum
2787 3998 2968 4067 Patre,
2989 4006 3045 4056 et
3072 3993 3276 4071 Spiritu
3300 4005 3488 4055 sancto
3513 3997 3568 4055 in

1992 4095 2186 4153 etecula
2205 4093 2541 4151 saeculorum.
2577 4094 2768 4147 Amen.

1449 4325 2145 4412 TRACTATUS
2220 4327 2378 4409 III.

1689 4480 1771 4531 DE
1804 4482 2120 4534 BAPTISMO
2150 4484 2166 4515 ί
2179 4519 2190 4529 .

377 4583 664 4655 ﬂuensque
687 4585 755 4640 de
783 4558 1050 4656 mysteriis
1087 4584 1253 4640 locuti
1280 4557 1464 4641 sumus
1494 4600 1612 4655 qum
1639 4586 1727 4641 vel
1759 4595 1884 4643 ante
1912 4560 2131 4653 Diditur
2167 4583 2449 4654 haptizatis
2476 4581 2708 4651 regalem
2752 4586 2807 4634 et
2844 4576 3231 4634 sacerdotalem
3258 4573 3490 4633 conterri
3531 4591 3562 4634 a

300 4676 647 4749 baptismatis
670 4684 1086 4742 sacramentum,
1117 4676 1202 4731 vel
1230 4676 1284 4730 in
1314 4676 1432 4746 ipso
1457 4676 1780 4745 baptismate
1800 4692 1891 4733 ce-

302 4770 605 4827 lebrantur.
654 4772 803 4826 Nunc
841 4786 971 4826 vero
996 4769 1063 4823 de
1090 4768 1173 4826 his
1200 4768 1372 4823 acturi
1411 4784 1595 4823 sumus
1632 4784 1751 4837 qum
1784 4768 1797 4819 i
1838 4769 1892 4823 in

294 4862 418 4934 jam
444 4862 728 4933 baptizatis
773 4848 956 4917 sancta
996 4860 1331 4915 institutione
1378 4860 1737 4929 complentur.
1782 4860 1891 4916 lm-

300 4952 458 5026 pleto
487 4955 629 5009 enim
659 4954 1002 5025 baptismate,
1051 4960 1212 5022 caput
1241 4959 1475 5007 vestrum
1502 4952 1809 5024 chrismate,
1838 4954 1893 5010 id

300 5052 395 5100 est
414 5045 537 5100 oleo
564 5042 1004 5100 sanctiﬁcationis
1029 5041 1377 5109 infundimus,
1412 5056 1509 5112 per
1534 5041 1676 5111 quod
1704 5051 1890 5100 osten-

386 5210 414 5239 ⁸
446 5203 683 5257 Staturos
712 5218 823 5256 esse
844 5216 1133 5255 credamus.
1288 5204 1297 5211 ‘
1669 5224 1679 5232 -

384 5270 414 5311 ι’
445 5271 699 5326 Idoneum
725 5272 1111 5326 resurrectionis
1134 5268 1420 5339 exemplum
1442 5265 1699 5323 Christum
1724 5270 1891 5338 ipsum

299 5339 597 5402 Dominum
624 5350 856 5398 nostrum
892 5340 1113 5396 Verbum
1134 5339 1330 5396 Patris.

390 5424 415 5454 ο
446 5412 587 5467 Deus
619 5413 858 5468 Verbum.
1360 5444 1365 5448 -

385 5482 416 5522 ά
445 5482 516 5537 Et
543 5484 772 5538 ascendit
799 5484 852 5538 in
874 5482 1045 5537 caelos.

388 5566 415 5595 α
453 5552 810 5609 Resurrexisse
827 5572 858 5606 a
879 5554 1115 5608 mortuis.

387 5624 409 5666 ι
443 5621 575 5681 ch
602 5634 719 5679 sunt
746 5632 915 5678 autem
938 5638 1069 5694 quw.

383 5734 405 5770 ⁸
429 5731 494 5793 In
513 5733 747 5791 editione
776 5733 960 5788 titulus
986 5737 1106 5786 est:
1130 5728 1314 5787 Sermo
1336 5729 1403 5788 de
1427 5731 1669 5789 unctione
1696 5731 1882 5800 capitis
1916 5736 1966 5786 et
1987 5727 2201 5788 aedibus.
2221 5725 2475 5788 lavandis.

555 5829 832 5908 Panos.
874 5827 1069 5891 LVII.

1996 4676 2222 4732 Domino
2266 4675 2598 4742 dignitatem.
2650 4671 2783 4725 Nam
2826 4670 2881 4724 in
2910 4667 3089 4724 Veteri
3130 4667 3474 4724 Testamento
3515 4671 3569 4727 hi

1994 4771 2085 4843 qui
2114 4768 2427 4837 legebantur
2451 4766 2504 4820 in
2532 4762 2833 4820 sacerdotio
2858 4761 2942 4817 vel
2974 4761 3027 4816 in
3055 4775 3242 4830 regno,
3266 4770 3454 4819 sancto
3484 4781 3569 4818 un-

1993 4859 2257 4930 gebantur
2278 4857 2399 4912 oleo
2420 4863 2477 4912 et
2496 4855 2751 4910 unctione
2770 4853 2992 4924 capitis;
3023 4851 3113 4906 alii
3134 4850 3157 4888 ¹ί
3181 4852 3456 4920 regnandi,
3481 4855 3573 4911 alii

1992 4950 2253 5010 sacriﬁcia
2278 4947 2536 5005 oﬁ‘erendi
2558 4947 2895 5017 accipiebant
2922 4961 2953 5000 a
2974 4944 3201 5000 Domino
3227 4953 3565 5016 potestatem.

1997 5044 2149 5102 Sicut
2177 5052 2421 5100 sanctum
2466 5040 2633 5097 David
2672 5047 2728 5096 et
2753 5047 2979 5096 ueteres
3022 5053 3177 5108 reges
3222 5048 3415 5095 unctos
3444 5040 3573 5109 legi-

2073 5210 2098 5250 s
2131 5199 2301 5255 Tertio
2322 5210 2494 5268 capita
2512 5206 2696 5268 uestra.

2071 5271 2099 5309 ιι
2130 5270 2197 5325 In
2225 5259 2427 5325 nomine
2454 5264 2739 5321 Trinitatis.
2773 5259 2930 5316 Recte
2947 5261 3114 5333 _tertio_
3129 5262 3288 5333 mersi
3312 5262 3434 5315 estis
3452 5302 3468 5329 ,
3489 5269 3571 5333 qut

1998 5342 2264 5413 accepistis
2294 5340 2599 5409 baptismum
2618 5336 2673 5388 in
2700 5333 2906 5415 nomine
2931 5329 3284 5413 lesuﬂhristi.

2076 5412 2091 5451 ί
2128 5411 2345 5464 Fratres
2373 5408 2658 5464 carissimi;
2686 5401 2878 5462 deinde
2904 5407 3102 5458 omittit
3126 5416 3237 5455 nos.

2076 5416 2091 5451 ί
2128 5416 2345 5466 Fratres
2373 5416 2658 5472 carissimi;
2686 5416 2878 5462 uernae
2904 5416 3102 5458 οωιιιιι
3126 5416 3237 5455 nos.

2074 5488 2089 5534 t
2130 5481 2339 5536 Omittit
2361 5482 2438 5534 in.

2075 5553 2097 5591 ¹ί
2127 5550 2399 5624 Regnandi
2428 5550 2482 5604 in
2510 5546 2696 5620 populo
2723 5541 2839 5599 Dei.
