4052 6330
279 251 362 314 781

1278 246 1685 306 TRACTATUS
1722 247 1813 307 IV.
1852 247 2127 335 CONTRA
2178 246 2491 307 PAGANOS

3415 250 3528 309 782

280 385 387 428 esse
414 368 651 426 facturos
672 409 687 434 ,
738 367 1071 428 mentiuntur
1097 350 1295 438 lingua,
1341 374 1398 422 et
1444 367 1512 422 ad
1538 365 1841 424 faciendam
1870 372 1916 433 Α
1945 366 2046 424 dor
2086 365 2326 423 dentium
2357 364 2570 439 (Matth.
2618 366 2764 442 vm);
2809 368 2900 426 ubi
2937 366 3074 426 sicut
3112 367 3229 440 ipse
3269 367 3525 426 Dominus

280 460 470 517 diaboli
516 458 785 532 refugiunt
814 460 1179 528 voluntatem;
1229 459 1655 533 omnipotentem
1677 458 1849 515 Deum

1946 456 2022 513 ait
2061 474 2074 509 :
2114 454 2315 513 Ver-mis
2334 474 2507 514 eorum
2548 476 2650 515 non
2679 461 2944 529 morietur,
2972 470 3022 515 et
3058 461 3195 534 ignis
3220 476 3397 516 eorum
3420 478 3526 518 non

281 552 341 608 ad
368 551 700 608 iracundiam
728 558 1086 623 provocantes
1109 592 1123 618 ,
1148 550 1257 623 qui
1298 566 1358 607 se
1385 549 1594 607 irrideri
1622 567 1729 607 non
1757 565 1854 622 pa-
1945 553 2309 624 exstinguetur
2334 550 2525 624 (Marc.
2558 552 2654 626 ut).
2688 564 2714 591 ι
2744 552 2851 610 Nos
2879 563 3058 609 autem
3081 598 3095 623 ,
3138 553 3329 611 fratres
3355 554 3526 612 dilec-

280 643 419 700 titur.
462 641 565 711 Qui
594 658 717 698 cum
759 649 815 699 et
842 657 1009 714 opera
1048 643 1327 699 hominum
1355 641 1650 714 quamlibet
1677 644 1731 699 in
1761 657 1853 699 oc—

280 735 416 792 culto
446 736 588 791 facta
616 733 942 805 conspiciat;
988 735 1080 805 qui
1105 750 1228 790 cum
1252 734 1416 790 verba
1457 735 1636 791 omnia
1665 749 1857 805 quam-

277 824 398 884 libet
445 834 657 883 secreto
702 827 1091 883 insusurrantis
1127 826 1340 893 audiat;
1390 827 1483 896 qui
1511 842 1633 881 cum
1680 824 1857 881 omnis

277 919 509 976 omnium
559 918 918 990 cogitationes
944 918 1206 989 intelligat
1251 926 1307 974 et
1333 926 1658 988 cognoscat,
1698 931 1851 973 seve—

276 1010 481 1066 rissime
508 1008 795 1080 iudicabit.
821 1008 922 1079 Qui
948 1011 1038 1068 hic
1064 1010 1187 1067 ideo
1226 1027 1335 1068 non
1362 1025 1577 1082 semper
1604 1017 1849 1067 contem-

276 1110 456 1176 ptores
483 1118 613 1159 suos
640 1103 813 1174 punit,
844 1103 971 1174 quia
1001 1103 1056 1160 in
1092 1104 1271 1159 futuro
1299 1103 1534 1159 decrevit
1562 1118 1681 1159 esse
1703 1100 1849 1172 iudi-

280 1195 435 1260 cium,
469 1194 560 1253 ubi
588 1202 792 1253 acterna
833 1195 1211 1251 condemnatio
1239 1202 1295 1250 et
1322 1202 1581 1267 perpetua
1609 1184 1853 1249 servatur

275 1287 645 1363 peccatoribus
670 1302 830 1361 paena
860 1305 873 1341 :
904 1287 977 1344 ibi
1002 1287 1109 1343 erit
1131 1285 1287 1344 ﬂetus
1313 1287 1612 1352 oculorum,
1644 1294 1703 1342 et
1726 1272 1885 1375 stri-

1949 643 2160 711 tissimi,
2189 643 2459 701 credimus
2488 644 2543 701 in
2567 645 2783 705 nomine
2802 645 3037 716 Domini,
3066 646 3213 718 quod
3236 664 3346 704 non
3374 657 3525 705 tran-

1948 737 2136 794 sitorie
2170 738 2400 794 audiatis
2427 739 2588 795 verba
2612 748 2813 809 nostra,
2845 741 2953 796 imo
2981 741 3178 810 divina,
3208 742 3354 813 quia,
3384 743 3530 814 quod

1947 829 2103 886 vobis
2134 829 2391 897 dicimus,
2425 847 2491 887 ex
2519 832 2720 889 sanctis
2758 840 2813 889 et
2840 831 3034 889 divinis
3062 820 3292 905 eloquiis
3318 844 3530 891 mutua-

1949 938 2089 979 mur.
2119 922 2408 995 Speramus
2449 926 2504 980 in
2541 915 2770 983 Domino
2806 926 2952 997 quod
2974 926 3180 985 facietis
3206 928 3387 983 omnia
3408 943 3528 999 qua:

1954 1013 2297 1084 promisistis,
2329 1014 2356 1053 υ
2379 1013 2666 1085 adiuvante
2692 1030 2789 1071 vos
2817 1016 2870 1071 in
2905 1017 3033 1087 ipsis
3052 1017 3252 1073 sanctis
3279 1017 3532 1088 operibus

1952 1102 2168 1160 Domini
2205 1104 2380 1160 nostri
2407 1102 2537 1161 Jesu
2564 1105 2762 1163 Christi
2802 1106 2973 1176 gratia
3000 1125 3012 1160 :
3044 1107 3131 1163 cui
3170 1115 3255 1164 est
3279 1108 3451 1178 gloria
3477 1114 3532 1164 et

1953 1193 2131 1252 honor
2158 1212 2282 1253 cum
2323 1196 2483 1253 Patre
2509 1206 2565 1254 et
2590 1196 2794 1269 Spiritu
2834 1206 3020 1257 sancto
3049 1199 3104 1256 in
3130 1201 3325 1258 saecula
3363 1216 3531 1258 saecu-

1953 1285 2146 1345 lorum.
2178 1287 2369 1347 Amen.
2399 1288 2650 1362 Explicit.

1569 1585 1825 1640 comas
1854 1586 2169 1645 ramos.
3060 1588 3071 1597 '
3294 1627 3297 1630 ι

347 1696 503 1768 721
532 1691 629 1751 Est
653 1691 986 1750 consuetudo
1002 1690 1173 1748 servis
1195 1689 1293 1747 Dei
1316 1704 1477 1747 omne
1494 1704 1633 1761 opus
1653 1690 1855 1746 bonum
1885 1692 1935 1754 Β
1958 1691 2095 1746 riam
2121 1690 2290 1756 dedit,
2314 1698 2372 1747 et
2397 1689 2567 1747 Goliae
2583 1692 2872 1762 superbam
2897 1693 3127 1752 frontem
3151 1699 3292 1754 fastu
3318 1701 3511 1759 temeri

274 1788 330 1845 in
355 1788 500 1845 dicto
523 1786 607 1842 vel
635 1787 689 1842 in
718 1784 882 1852 facto,
919 1785 975 1840 in
1020 1783 1238 1840 nomine
1282 1781 1483 1841 Christi
1531 1796 1811 1839 assumere
1832 1822 1849 1850 ,

274 1881 416 1954 quod
440 1880 828 1954 perliciendum
854 1879 924 1934 sit
952 1877 1018 1934 ad
1045 1877 1274 1946 gloriam
1300 1876 1433 1944 Dei,
1482 1881 1739 1932 monente
1778 1874 1854 1928 ita

273 1973 532 2045 Apostolo
572 1979 630 2029 et
677 1970 890 2028 dicente
937 1988 951 2024 :
997 1966 1191 2025 Omnia
1227 1984 1543 2042 quacunque
1589 1969 1762 2041 facitis
1798 1968 1854 2021 in

275 2064 409 2121 dicto
433 2062 511 2119 vel
537 2065 699 2135 facta,
727 2061 906 2117 omnia
930 2062 987 2115 in
1015 2061 1223 2119 nomine
1248 2057 1441 2121 Christi
1464 2059 1617 2130 facile
1646 2057 1700 2129 (Ι
1729 2056 1851 2113 Cor.

275 2155 354 2229 ι).
385 2155 558 2212 Hodie
579 2155 802 2225 iuvante
838 2153 1069 2210 Domino
1116 2153 1169 2208 in
1217 2153 1384 2224 ipsius
1411 2153 1631 2209 nomine
1656 2151 1856 2209 Christi

200 2268 204 2271 ‘
275 2248 571 2307 Salvatoris
598 2247 771 2304 nostri
795 2253 985 2305 contra
1009 2244 1256 2315 Paganos
1281 2244 1454 2302 aciem
1475 2244 1787 2301 instruimus
1802 2251 1858 2323 et

275 2338 516 2399 emicstia
546 2338 652 2394 tela
680 2345 977 2407 portamus,
1003 2336 1249 2393 inimicos
1288 2333 1490 2392 Christi
1512 2335 1751 2391 veritatis
1774 2334 1859 2405 ia-

275 2431 412 2489 culis
431 2430 658 2495 ferituri,
688 2434 743 2484 et
769 2427 1070 2487 contrarios
1096 2427 1298 2495 hostes,
1321 2435 1379 2484 et
1402 2424 1639 2498 perﬁdiae
1659 2433 1854 2493 castra,

273 2530 336 2581 et
360 2536 719 2594 supervacuas
743 2528 921 2576 turres
946 2518 1140 2578 crebro
1167 2519 1335 2575 ariete
1362 2517 1489 2575 fidei
1515 2518 1855 2589 prostraturi,

276 2621 567 2683 sequentes
591 2610 864 2668 Christum
903 2608 1119 2675 ducem,
1150 2608 1435 2667 Dominum
1471 2608 1681 2666 scilicet
1704 2606 1860 2665 Chri—

278 2713 443 2772 stum,
486 2704 579 2774 qui
623 2711 681 2759 et
715 2716 813 2773 per
837 2700 1021 2760 Jesum
1069 2698 1238 2757 ﬁlium
1279 2699 1448 2767 Nave,
1491 2714 1859 2758 successorem

279 2794 471 2868 Moysi,
496 2794 712 2855 Jericbo
735 2792 981 2865 superbas
1015 2791 1248 2847 civitatis
1284 2805 1471 2849 muros
1497 2790 1779 2857 destruxit,
1805 2799 1862 2847 et

279 2903 380 2962 per
400 2887 676 2960 apostolos
701 2900 830 2943 suos
851 2884 1013 2956 huius
1046 2882 1231 2940 mundi
1269 2883 1561 2943 elationem
1604 2882 1865 2938 extollen-

280 2990 395 3040 tem
439 2998 500 3039 se
546 2980 831 3038 adversum
869 2977 1151 3034 scientiam
1189 2975 1308 3043 Dei,
1340 2991 1512 3047 usque
1555 2976 1626 3032 ad
1670 2974 1862 3032 funda-

1962 1780 2089 1835 tatis
2114 1788 2370 1849 erectam,
2400 1781 2609 1851 potenti
2633 1781 2832 1839 virtute
2866 1784 3081 1855 deiecit.
3129 1787 3229 1844 Hic
3257 1789 3399 1846 Deus
3436 1807 3528 1847 no-

1952 1878 2084 1937 ster,
2116 1872 2204 1928 hic
2229 1870 2476 1929 Christus
2502 1860 2604 1938 est,
2629 1872 2884 1930 Dominus
2925 1886 3193 1933 conterens
3223 1880 3374 1947 bella,
3421 1881 3530 1939 θος

1952 1964 2127 2019 minus
2156 1981 2344 2020 nomen
2387 1975 2464 2021 est
2499 1966 2581 2020 illi
2620 1965 2840 2037 (Iudith.
2870 1970 3005 2040 xvi),
3050 1972 3141 2043 qui
3171 1989 3269 2043 pro
3297 1989 3394 2029 suo
3435 1992 3529 2032 no-

1955 2056 2100 2112 mine
2124 2057 2484 2127 pugnantibus
2510 2059 2673 2131 722
2699 2060 2870 2115 servis
2909 2061 3039 2127 suis,
3070 2071 3126 2118 et
3171 2066 3410 2134 praelium
3438 2084 3535 2139 pre

1960 2149 2193 2205 veritate
2216 2149 2549 2205 sumentibus
2575 2166 2790 2221 semper
2816 2152 3032 2222 adiutor
3071 2170 3193 2211 esse
3236 2161 3535 2215 consuevit.

1957 2240 2270 2313 Aiunt‘ergo
2298 2242 2490 2313 pagani
2536 2241 2646 2299 fato
2674 2244 2855 2299 omnia
2903 2244 3041 2315 ﬁeri,
3087 2255 3143 2302 et
3187 2248 3328 2304 circa
3371 2264 3537 2318 genus

1956 2333 2250 2388 humanum
2282 2340 2452 2389 totum
2487 2348 2610 2389 esse
2655 2334 2819 2389 ﬁxum
2864 2343 2922 2391 et
2961 2337 3237 2394 immobile
3280 2340 3540 2410 quidquid

1957 2424 2125 2479 fatum
2171 2424 2421 2480 habuerit
2444 2425 2526 2479 vel
2568 2425 2869 2493 decretum,
2898 2434 2957 2483 et
2993 2428 3126 2484 nihil
3166 2444 3374 2500 preces,
3406 2431 3540 2488 nihil

1959 2515 2232 2571 orationes
2262 2516 2458 2571 valere.
2490 2515 2694 2599 Quibus
2719 2518 2894 2587 primo
2920 2519 3158 2575 breviter
3183 2520 3429 2589 dicimus,
3441 2538 3539 2589 ve—

1957 2610 2038 2666 lut
2064 2627 2171 2667 uno
2192 2619 2373 2667 aratro
2400 2611 2543 2681 ﬁdei,
2566 2622 2631 2670 et
2656 2627 2862 2671 secura:
2885 2615 3126 2671 veritatis
3147 2623 3315 2672 totam
3341 2619 3541 2675 erroris

1959 2718 2146 2760 eorum
2168 2705 2368 2760 circum
2398 2705 2758 2763 abscindimus
2785 2715 2841 2763 et
2867 2708 3224 2765 subvertimus
3250 2710 3457 2765 silvam.
3482 2710 3540 2767 Si

1962 2795 2091 2850 nihil
2119 2809 2249 2865 ergo
2270 2811 2462 2866 preces
2485 2795 2574 2852 v'el
2614 2799 2890 2855 orationes
2916 2799 3115 2865 valent,
3163 2816 3198 2856 o
3241 2802 3453 2872 pagani,
3485 2812 3542 2859 et

1960 2892 2136 2941 totum
2170 2884 2335 2941 fixum
2376 2894 2477 2954 est,
2510 2895 2570 2943 ut
2596 2888 2774 2944 dicitis
2797 2931 2812 2957 ,
2840 2888 2985 2959 quod
3009 2889 3179 2945 fatum
3221 2890 3427 2947 dederit
3452 2894 3542 2949 vel

1961 2976 2260 3046 decretum,
2284 2993 2385 3034 cur
2408 2994 2507 3035 vos
2549 2978 2682 3036 deos
2712 2987 2783 3035 ret
2828 2980 2957 3037 deas
2995 2981 3208 3037 colitis?
3248 2980 3358 3038 Cur
3384 2982 3542 3041 idolis

281 3082 465 3134 menta
493 3072 708 3144 deiecit.
748 3069 864 3142 Age
889 3084 1035 3125 nunc
1059 3068 1492 3138 contemplemur
1522 3068 1657 3124 istos
1700 3081 1867 3139 paga-
1888 3069 1938 3133 (ι
1968 3050 2296 3124 immolatis?
2316 3066 2427 3124 Cur
2463 3080 2680 3140 preces,
2708 3078 2765 3126 et
2790 3071 2945 3126 thura
2974 3114 2991 3141 ,
3039 3079 3096 3128 et
3137 3072 3402 3142 victimas,
3442 3088 3541 3132 cur

281 3180 406 3232 nos,
437 3174 493 3222 et
538 3179 726 3222 eorum
768 3160 1097 3220 assertiones
1141 3158 1197 3215 in
1230 3158 1465 3217 medium
1505 3156 1861 3229 proferamus.

281 3260 453 3319 Aiunt
487 3258 681 3331 pagani
698 3257 809 3313 fato
829 3255 1010 3312 omnia
1038 3252 1176 3320 ﬁeri,
1207 3254 1224 3286 ⁸
1254 3260 1311 3309 et
1336 3252 1470 3308 nihil
1493 3267 1700 3323 preces,
1729 3252 1867 3310 nihil

282 3352 566 3412 orationes
583 3350 794 3417 valere;
842 3356 899 3404 et
944 3346 1087 3404 idola
1133 3345 1201 3401 ad
1227 3344 1456 3401 deorum
1498 3346 1763 3402 honorem
1810 3353 1866 3403 et

281 3445 693 3506 similitudinem
738 3441 845 3500 coli
867 3480 883 3506 ,
935 3439 1021 3496 vel
1076 3438 1326 3496 universa
1370 3437 1636 3494 elementa
1680 3438 1868 3494 dicunt

281 3538 453 3596 etiam
480 3536 611 3594 deos
657 3541 713 3591 et
750 3532 878 3591 deas
904 3544 1043 3596 esse,
1071 3537 1126 3585 et
1164 3527 1407 3585 habitare
1443 3528 1500 3583 in
1526 3528 1697 3598 omlis,
1726 3536 1782 3585 et
1810 3530 1864 3587 in

278 3627 475 3698 signis,
521 3634 577 3683 et
618 3626 673 3682 in
718 3624 910 3681 stellis.
941 3619 1200 3678 Videmus
1244 3619 1428 3690 igitur,
1458 3620 1650 3676 fratres
1673 3660 1689 3686 ,
1731 3621 1865 3677 istos

281 3729 528 3793 paganos
552 3726 610 3773 et
637 3715 935 3783 astrologos
959 3725 1084 3769 vere
1118 3708 1313 3775 fatuos,
1355 3718 1411 3766 et
1437 3718 1580 3766 astra
1606 3711 1721 3767 haec
1742 3712 1865 3767 ina-

281 3812 448 3870 nibus
467 3810 589 3867 telis
615 3813 840 3874 armata,
870 3811 926 3862 et
954 3804 1008 3860 in
1037 3803 1142 3859 isto
1170 3801 1355 3872 praalio
1379 3802 1498 3857 sine
1524 3816 1677 3858 mora
1706 3817 1865 3860 casu-

281 3915 404 3960 ros.
455 3898 655 3955 Putant
693 3897 837 3954 enim
876 3910 936 3952 se
978 3892 1223 3963 superbis
1262 3900 1319 3947 et
1363 3892 1518 3949 elatis
1548 3895 1867 3962 arrogantiae

282 4006 405 4049 sum
424 3991 589 4049 armis
614 3989 845 4054 indutos,
878 3988 899 4020 ι
929 3981 1322 4054 allophylorum
1342 3983 1521 4040 socios
1547 3984 1721 4040 aciem
1747 3985 1864 4055 Dei,

286 4090 351 4142 et
379 4080 727 4140 lsraeliticam
755 4078 1008 4135 virtutem
1037 4087 1200 4152 posse
1223 4074 1461 4142 turbare,
1477 4083 1535 4131 et
1556 4091 1664 4133 non
1682 4087 1874 4149 putant

286 4171 549 4236 Davidici)
579 4171 756 4242 lapide
777 4185 836 4229 se
865 4168 1019 4227 facile
1040 4178 1200 4237 posse
1217 4175 1580 4235 prosternere.
1606 4168 1767 4241 Lapis
1779 4171 1875 4227 hic

202 4324 207 4327 μ
286 4264 541 4325 Christus
566 4273 647 4323 est
672 4263 928 4319 Dominus
952 4265 1167 4323 noster,
1189 4258 1281 4331 qui
1306 4268 1362 4317 et
1388 4260 1490 4332 ipsi
1515 4261 1680 4317 David
1703 4263 1873 4319 victo-

368 4410 395 4439 λ
425 4400 530 4455 Vos
550 4407 738 4471 autem,
755 4400 941 4471 fratres
964 4396 1304 4471 dilectissimi,
1320 4400 1572 4455 credimus
1592 4399 1647 4454 in
1669 4401 1874 4456 nomine

287 4472 529 4537 Domini,
560 4469 684 4542 quid
715 4469 818 4527 non
848 4469 1163 4542 transitorie,
1197 4478 1304 4524 etc.

370 4544 397 4584 ι
429 4542 540 4597 Deo
567 4540 846 4611 adiuvante
871 4555 960 4595 vos
986 4541 1042 4597 in
1062 4543 1258 4595 sanctis
1284 4541 1543 4612 operibus,
1568 4542 1732 4610 ipsius
1760 4540 1874 4596 Do—

1966 3164 2215 3219 universa
2250 3163 2393 3219 dona
2423 3163 2478 3217 in
2524 3164 2740 3235 templis
2784 3163 3033 3233 inferitis,
3068 3166 3112 3222 si
3160 3172 3334 3222 totum
3375 3167 3542 3224 ﬁxum

1964 3261 2050 3311 est
2096 3261 2153 3310 et
2185 3253 2482 3322 decretum,
2507 3261 2564 3310 et
2591 3254 2724 3310 nihil
2746 3256 3019 3327 precibus,
3054 3256 3191 3312 nihil
3218 3257 3533 3329 postulatio-

1967 3346 2125 3403 nmus
2163 3345 2471 3416 indulgetur
2486 3345 2575 3402 vel
2620 3346 2974 3418 impetratur?
3016 3346 3128 3404 Cur
3164 3361 3294 3420 ergo
3336 3349 3544 3422 suppli-

1967 3438 2137 3496 catis?
3112 3470 3115 3471 ν

2037 3530 2149 3587 Sed
2173 3530 2359 3588 dicunt
2390 3529 2673 3587 :Faeimus
2701 3530 2823 3598 ista,
2848 3544 2917 3586 ne
2942 3538 3196 3588 noceant.
3230 3529 3436 3600 Quibus
3460 3532 3544 3589 di-

1969 3622 2141 3693 cimus
2168 3640 2183 3677 :
2210 3621 2496 3690 Quomodo
2516 3628 2744 3694 possunt
2783 3636 3001 3691 nocere,
3047 3623 3142 3693 qui
3173 3637 3279 3680 non
3319 3633 3546 3695 possunt

1969 3714 2260 3785 praestare?
2290 3713 2310 3745 ³
2332 3710 2399 3768 Et
2425 3714 2551 3784 quia
2577 3727 2707 3769 vere
2751 3713 2883 3769 nihil
2911 3727 3012 3770 nee
3058 3728 3255 3779 nocere
3281 3728 3380 3771 nee
3404 3730 3547 3786 prae-

1968 3812 2118 3861 stare
2144 3811 2408 3874 possunt,
2437 3817 2632 3860 canum
2674 3803 2917 3861 custodia
2945 3804 3089 3860 circa
3119 3818 3216 3860 eos
3240 3804 3373 3861 deos
3414 3820 3550 3876 quos

1971 3897 2152 3954 dicitis
2190 3905 2436 3965 vestros,
2479 3904 2536 3953 et
2563 3896 2847 3952 custodum
2878 3895 3154 3965 vigilantia
3194 3901 3548 3953 contestatur.

1971 3989 2199 4057 Quando
2226 3989 2369 4043 enim
2405 4003 2501 4045 eos
2541 3988 2823 4043 inveniunt
2853 3986 3016 4053 fures,
3074 3986 3345 4058 abripiunt
3392 3994 3553 4057 atque

1973 4079 2281 4137 contractos
2312 4079 2637 4135 distrahunt.
2666 4076 2745 4133 Tu
2774 4075 2910 4133 dicis
2938 4075 3048 4132 fato
3073 4078 3255 4132 omnia
3287 4076 3432 4143 ﬁeri;
3460 4077 3554 4134 sed

1975 4186 2094 4243 quas
2121 4180 2180 4225 tu
2207 4171 2340 4227 dicis
2367 4172 2477 4227 fato
2506 4170 2650 4235 ﬁeri,
2685 4170 2870 4226 nescio
2896 4184 3002 4239 qua
3028 4171 3284 4241 opinione
3312 4172 3515 4226 incerta
3539 4188 3554 4236 ;

1976 4277 2079 4333 ego
2104 4259 2226 4318 dico
2250 4262 2527 4317 voluntate
2552 4261 2640 4316 vel
2668 4261 2935 4331 permissu
2959 4259 3053 4315 Dei
3101 4259 3245 4328 fieri;
3272 4262 3397 4330 quia
3417 4259 3556 4315 Deus

1981 4400 2110 4455 mini
2150 4399 2314 4454 nostri
2351 4396 2476 4452 Jesu
2501 4393 2693 4452 Christi
2732 4398 2924 4467 gratia,
2959 4397 3038 4450 cui
3077 4402 3126 4450 et
3150 4372 3338 4468 gloria,
3380 4406 3429 4451 et
3461 4396 3555 4451 Ito-

1982 4486 2098 4534 nor,
2141 4479 2227 4524 (Ξιο

374 4662 390 4692 ι
441 4655 686 4734 Quatuor
707 4651 975 4734 “feruntur
1045 4652 1384 4734 ethnicorum
1432 4652 1878 4734 philosophorum
1912 4657 1960 4716 Ι)
1984 4666 2108 4734 gem
2126 4648 2253 4704 Saul
2280 4643 3054 4734 bellumgesseruntLitepum
3067 4638 3399 4734 illiilli—Ma}.
3424 4640 3558 4734 gallo.

284 4721 582 4789 sententia:
608 4724 676 4781 de
704 4722 834 4779 fato.
866 4721 1045 4794 Prima
1088 4723 1145 4794 in
1189 4732 1400 4794 natura,
1434 4721 1551 4794 qua
1588 4721 1767 4778 omnia
1794 4725 1878 4793 gi-

287 4804 556 4873 gnuntur,
587 4795 756 4849 fatum
780 4792 1046 4876 agnoscit.
1082 4791 1371 4875 Secunda,
1394 4791 1493 4865 pro
1521 4792 1633 4848 fato
1661 4791 1878 4864 peruia-

294 4876 527 4927 rientem
556 4880 835 4921 causarum
877 4878 1072 4920 seriem
1107 4878 1410 4919 necessario
1441 4879 1698 4919 noxarum
1728 4880 1882 4919 υευιο-

296 4948 423 5013 pat.
443 4933 663 5013 lienis,
689 4935 869 5013 sidera
910 4933 1018 5013 fata
1038 4940 1219 5013 vocat.
1246 4933 1481 5013 Quarta,
1513 4934 1686 5013 ipsam
1715 4932 1892 5013 divini-

288 5004 518 5068 éonsilii
545 5006 948 5063 exsecutionem
978 5005 1147 5060 fatum
1177 5004 1359 5060 habet.
1409 5004 1525 5059 Div.
1557 5005 1784 5072 August.
1813 5005 1880 5059 de

287 5083 422 5143 Civ.
453 5078 550 5135 Dei
596 5076 689 5133 lib.
718 5093 774 5138 v.
806 5091 929 5147 cap.
968 5076 1001 5132 8
1024 5115 1040 5147 _,
1088 5074 1176 5147 de
1196 5073 1306 5131 fato
1350 5074 1532 5131 Stoica
1562 5076 1878 5147 opinionum

289 5158 558 5225 portenta
599 5143 905 5225 describens
951 5143 1353 5225 agitaldﬂante
1397 5143 1910 5225 prmstiteraiit__Ci--

288 5213 458 5291 ἕξει-ο,
488 5219 693 5291 Seneca
720 5217 921 5291 aliique
955 5213 1129 5271 multi.
1175 5213 1518 5291 Unaquaique
1554 5218 1707 5291 juxta
1762 5214 1882 5269 illos

288 5283 663 5367 philosophos
690 5283 1064 5367 necessitatem
1094 5283 1381 5367 quamdam
1412 5283 1465 5341 in
1497 5283 1885 5367 ev’eu‘t_ibus,‘et

286 5356 735 5435 ὀρθιάιίὸῃὶὺιξξ,
767 5359 880 5435 sive
906 5358 1154 5435 humanis
1174 5359 1381 5417 actibus
1406 5356 1887 5435 po,nit.__Vid.__inter

298 5427 524 5491 récent.
550 5430 823 5486 Mouiliam
848 5430 900 5483 in
930 5429 1130 5483 eximio
1157 5444 1321 5499 opere
1354 5427 1541 5483 contra
1575 5427 1881 5499 Fatalistas.

328 5518 333 5521 '
377 5506 400 5536 ⁸
448 5503 560 5557 'Pro
590 5501 930 5569 designandis
960 5496 1325 5557 inimieis'Dei,
1360 5501 1601 5569 paganos
1624 5506 1783 5552 vocat
1808 5496 1886 5569 al-

293 5574 583 5646 lophylos,
598 5568 1062 5646 quemadmodum
1092 5571 1159 5627 de
1182 5570 1264 5646 his
1283 5568 1617 5646 mentionem
1642 5568 1805 5646 habet
1833 5568 1887 5621 in

284 5638 464 5703 litim:
493 5643 561 5698 de
586 5638 1007 5709 Quadragesima
1044 5656 1166 5711 qum
1183 5640 1379 5708 incipit
1405 5638 1778 5711 :_Intellexisse
1802 5654 1887 5691 ros

285 5714 486 5773 credo.
529 5707 722 5774 Populi
746 5707 835 5766 isti
869 5712 925 5766 in
947 5707 1188 5768 exercitu
1214 5707 1358 5773 regis
1402 5707 1542 5765 Geth
1584 5715 1771 5765 contra
1813 5725 1894 5764 re-

1984 4715 2177 4794 phylos
2203 4727 2362 4794 vocat
2392 4717 2636 4794 inimicas
2657 4724 2902 4794 catervas
2926 4715 3279 4794 barbarorum
3300 4715 3560 4794 _Taurino

1982 4784 2369 4853 minitantium,
2398 4789 2451 4842 in
2481 4787 2626 4841 hom.
2660 4788 2728 4840 de
2757 4786 2932 4855 Nativ.
2960 4784 3197 4855 Domini,
3225 4786 3381 4855 cuius
3396 4789 3560 4847 verba

1983 4861 2207 4918 inilialia
2237 4866 2359 4915 sunt
2390 4877 2400 4910 :
2426 4856 2635 4911 Domini
2658 4857 2823 4910 nostri
2842 4854 2965 4909 Iesu
2989 4853 3201 4925 Christi,
3227 4853 3436 4925 fratres,
3465 4878 3562 4915 na-

1986 4932 2233 4987 tivitatem
2250 4928 2679 4984 solemnissimam
2704 4927 2896 4981 honore
2916 4924 3083 4980 debito
3110 4924 3442 4994 celebrantes,
3458 4940 3561 4985 etc.

1985 5003 2118 5058 Item
2141 5002 2193 5056 in
2225 5002 2368 5071 hom.
2396 4997 2591 5071 Epiph.
2617 5012 2742 5071 qua}
2771 4996 2955 5071 incipit
2983 4996 3111 5071 :_Ad
3124 4999 3443 5071 ueneranda,
3464 5002 3565 5071 [νᾳ.

1988 5083 2114 5139 tres,
2141 5075 2272 5144 festa
2313 5065 2772 5144 dominicaal’aria
2796 5066 2971 5144 habet
3224 5065 3565 5144 Cmsarieiisis

1987 5144 2040 5200 in
2064 5135 2429 5214 psal.‘i.xx'_xvt,
2453 5137 2666 5214 pa_g_._§i
2679 5141 2725 5214 l_,_
2741 5136 2910 5214 toni_._l
2933 5135 3251 5214 collection.
3272 5148 3442 5214 veter.
3466 5138 3567 5191 Pa-

1988 5206 2126 5269 tru'm
2149 5212 2276 5267 edit.
2304 5206 2472 5264 Paris:
2503 5206 2657 5262 i706.
2681 5207 2814 5261 Nam
2837 5206 3137 5276 ἀλλομῦλονς
3163 5209 3378 5263 eosdem
3401 5216 3563 5276 atque

2413 5250 2817 5333 animadvertit.
2869 5250 3071 5333 Eodem
3115 5250 3562 5348 pertinent‘tfuge

1987 5354 2174 5411 scribit
2194 5354 2251 5409 S.
2276 5352 2508 5407 Hilarius
2535 5348 2901 5404 .Pictaviensis
2931 5349 3000 5403 de
3019 5344 3303 5418 allophylis
3330 5348 3385 5418 in
3414 5344 3558 5400 Psal.

1989 5440 2278 5499 nix,_nu_m.
2310 5421 2394 5488 i2,
2439 5436 2559 5493 pag.
2603 5418 2729 5488 125,
2772 5426 2903 5499 tom.
2946 5418 2968 5472 l
3004 5416 3143 5499 opp.
3176 5416 3306 5472 edit.
3342 5416 3559 5472 Venetae

1992 5489 2150 5550 i759.
2183 5489 2456 5548 Praetereo
2479 5489 2721 5556 cancros,
2749 5505 2815 5544 ne
2845 5489 3032 5557 longus
3057 5489 3178 5541 sim.

1996 5572 2013 5590 ’
2061 5567 2083 5598 ³
2121 5564 2388 5621 Sanctitas
2418 5571 2590 5616 autem
2619 5554 3298 5613 estscientia'colendorum
3329 5554 3560 5617 deorum,

1989 5655 2087 5710 quo
2117 5634 2445 5710 quamobrem
2476 5630 2674 5686 colendi
2709 5639 2827 5710 sunt
2866 5626 3272 5710 nonmintellliqo',
3294 5624 3454 5710 nullo.
3474 5640 3565 5679 nec

1991 5693 2198 5772 accepto
2220 5707 2283 5760 ab
2313 5707 2396 5769 iis,
2424 5719 2516 5759 nec
2534 5708 2741 5769 sperato
2771 5696 2924 5753 bono.
2952 5694 3067 5751 Cic.
3096 5693 3367 5752 de'Divin.
3399 5693 3495 5751 lib.
3524 5712 3565 5751 ι.
