4052 6330
620 323 725 381 783

1841 314 1897 372 S.
1937 315 2178 371 MAXIM!
2217 313 2659 372 TAURINENSIS

3765 305 3858 367 7ὂὲ

621 438 784 492 Pater
802 435 973 492 omnia
996 436 1164 505 posuit
1203 435 1259 488 in
1293 451 1386 488 sua
1415 440 1664 504 potestate
1686 432 1833 504 (Act.
1867 430 1942 501 ι),
1973 436 2028 484 et
2058 427 2186 483 nihil
2215 431 2267 492 Α
2292 430 2588 500 speciosior
2615 437 2726 495 est;
2759 428 2957 500 speciei
3001 427 3143 484 enim
3181 426 3409 484 Creator
3454 425 3635 484 omnia
3670 419 3862 482 consti-

619 530 678 585 tit
699 529 841 599 quod
885 529 1140 583 Dominus
1170 529 1281 598 ipse
1310 527 1556 592 voluerit,
1584 525 1667 580 vel
1716 525 1829 578 fieri
1868 537 2024 593 posse
2069 536 2192 592 per-

617 622 840 676 miserit.
867 618 959 674 Vis
982 617 1161 674 videre
1203 619 1492 690 prophetas
1538 627 1604 673 et
1639 613 1912 686 apostolos
1955 619 2188 674 nostros,

617 721 818 783 quanta
846 712 1132 778 faciebant,
1175 726 1281 767 non
1326 710 1421 766 fati
1448 711 1666 776 virtute,
1697 707 1791 763 sed
1817 706 1938 761 fidei
1969 715 2031 760 et‘
2051 703 2198 774 adju-

620 807 760 860 torio
789 804 980 860 summi
1013 805 1125 869 Dei,
1157 811 1211 858 et
1237 803 1417 858 divina
1447 801 1687 873 potentia
1715 797 1932 854 Christi.
1975 796 2113 852 Ecce
2139 803 2196 849 et

618 893 924 950 confractos
948 894 1321 962 restituebant,
1352 907 1488 962 quos
1516 891 1690 947 dicitis
1716 888 1825 943 fato
1854 886 2069 951 vexari;
2099 900 2196 954 pa-

619 987 751 1040 riter
779 995 833 1040 et
852 985 1089 1039 infirmos
1116 985 1396 1049 curabant,
1429 991 1669 1038 mortuos
1712 977 2060 1059 suscitabant,
2093 989 2196 1030 ca:-

621 1093 715 1132 cos
761 1077 1135 1130 illuminabant
1188 1084 1243 1132 et
1270 1075 1489 1131 claudos
1535 1073 1839 1142 erigebant;
1883 1078 1938 1124 et
1985 1066 2117 1122 nihil
2163 1079 2195 1119 a

617 1169 730 1224 fato
755 1171 1027 1244 petebant,
1060 1169 1154 1224 sed
1185 1177 1377 1235 totum,
1409 1176 1466 1221 ut
1506 1166 1636 1231 dixi,
1681 1163 1992 1219 sinceritate
2031 1158 2194 1229 723

618 1261 741 1315 fidei
763 1270 818 1316 et
844 1260 1035 1315 divinis
1059 1261 1269 1330 opibus,
1288 1269 1340 1312 et
1360 1256 1791 1313 miserationibus
1812 1251 2192 1322 adimplebant.

618 1353 752 1408 Fato
781 1353 921 1408 dicis
947 1353 1124 1407 omnia
1171 1351 1320 1406 fieri?
1357 1349 1466 1405 Sed
1511 1349 1703 1404 stultus
1735 1346 1896 1401 stulta
1939 1343 2191 1412 loquitur,

619 1457 674 1504 et
699 1463 794 1503 cor
813 1447 929 1516 ejus
953 1461 1090 1501 vana
1121 1444 1386 1513 intelligit,
1418 1450 1494 1510 et,
1518 1442 1656 1496 sicut
1676 1440 1765 1494 ille
1789 1437 1966 1493 aiebat
1995 1434 2199 1489 Tullius

619 1540 673 1594 in
705 1538 990 1593 Hortensio
1015 1536 1196 1591 dicens
1221 1552 1232 1587 :
1257 1534 1380 1587 Aria
1404 1549 1517 1586 mea
1547 1531 1746 1584 dicebat
1777 1530 1870 1582 hoc
1889 1525 2025 1598 quod
2045 1525 2194 1589 dicis,

620 1632 730 1702 fato
761 1630 930 1682 omnia
960 1629 1102 1697 ﬁeri;
1135 1634 1298 1679 mater
1327 1633 1498 1692 autem
1518 1623 1700 1676 mulier
1724 1621 1928 1690 sapiens
1958 1634 2060 1671 non
2085 1615 2198 1669 exi-

619 1722 862 1775 stimavit.
907 1717 973 1771 Et
1019 1733 1116 1771 nos
1145 1731 1427 1786 possumus
1475 1713 1654 1768 dicere
1703 1715 1753 1766 in
1783 1711 2027 1775 veritate,
2070 1707 2195 1776 quia

2295 524 2414 587 tuit,
2447 522 2608 595 724
2657 530 2751 577 aut
2789 523 2835 577 si
2863 521 2918 576 in
2944 521 3142 576 virtute
3169 527 3224 575 et
3251 519 3510 591 operibus
3555 533 3742 574 eorum
3771 516 3860 570 mi-

2292 622 2498 679 rantur,
2530 612 2826 682 intelligant
2847 613 2914 668 ab
2951 613 3078 684 ipsis
3121 612 3378 682 quoniam
3406 611 3502 682 qui
3530 611 3643 665 base
3672 609 3864 664 consti-

2294 706 2396 759 tuit
2423 702 2599 770 fortia,
2625 702 2812 758 fortior
2832 712 2914 758 est
2940 703 3062 759 illis.
3086 701 3152 756 Et
3182 701 3380 758 Paulus
3399 700 3678 772 apostolus
3699 698 3823 754 dicit
3848 718 3861 752 :

2297 794 2584 850 Invisibilia
2634 796 2772 850 enim
2813 794 2909 850 Dei
2948 812 2980 849 a
3027 805 3264 850 creatura
3306 795 3522 861 mundi,
3553 810 3643 864 per
3669 809 3731 846 ea
3769 808 3869 862 qua

2296 891 2436 960 facta
2458 897 2596 953 sunt,
2626 888 2883 942 intellecta
2912 888 3315 958 conspiciuntur,
3346 886 3661 958 sempiterna
3688 899 3872 954 quoque

2295 979 2410 1050 ejus
2439 979 2597 1033 rirtus
2618 988 2768 1050 atque
2787 978 3031 1031 divinitas
3049 1017 3064 1042 ,
3096 987 3152 1030 ut
3189 977 3291 1030 sint
3321 974 3737 1038 inexcusabiles;
3765 976 3872 1044 quis

2295 1088 2411 1126 cum
2441 1073 2797 1142 cognovissent
2828 1069 3012 1136 Deum,
3039 1087 3142 1124 non
3168 1080 3224 1122 ut
3255 1067 3420 1122 Deum
3449 1068 3686 1122 venerati
3725 1077 3838 1119 sunt
3858 1105 3870 1129 ,

2296 1173 2385 1218 aut
2425 1165 2622 1236 gratias
2652 1174 2864 1233 egerunt
2886 1205 2900 1229 ,
2937 1163 3029 1217 sed
3057 1173 3372 1216 evanuerunt
3398 1164 3454 1216 in
3484 1160 3875 1232 cogitationibss

2295 1257 2420 1322 suis,
2442 1265 2490 1310 et
2519 1254 2845 1310 obscuratum
2873 1266 2950 1310 est
2983 1256 3234 1326 insipiens
3265 1271 3354 1309 cor
3378 1254 3591 1308 illorum
3613 1269 3631 1305 :
3658 1252 3876 1341 dice.ntes

2293 1349 2430 1402 enim
2459 1364 2512 1400 se
2539 1363 2649 1401 esse
2667 1341 2944 1418 sapientes,
2967 1345 3112 1401 stulti
3138 1346 3266 1416 facti
3291 1353 3429 1398 sunt.
3457 1342 3525 1397 Et
3552 1350 3876 1396 mutat-eruat

2295 1439 2514 1511 gloriam
2539 1436 2945 1508 incorruptibilis
2984 1435 3084 1490 Dei
3112 1436 3166 1489 in
3212 1435 3494 1506 imaginem
3533 1432 3879 1502 corruptibilis

2295 1531 2516 1586 hominis
2542 1540 2589 1584 et
2633 1529 2910 1594 volucrum,
2947 1537 2994 1582 et
3025 1525 3445 1600 quadrupedum,
3480 1533 3530 1579 et
3569 1525 3878 1596 serpentis

2299 1624 2472 1695 (Rom.
2499 1627 2560 1694 ι),
2591 1630 2696 1678 etc.
2729 1620 2870 1690 Ergo
2897 1628 2989 1675 aut
3020 1620 3216 1689 ignem,
3247 1620 3344 1688 ait,
3375 1627 3469 1673 aut
3497 1618 3781 1689 spiritum,
3802 1626 3882 1671 aut

2296 1714 2515 1768 citatum
2557 1727 2756 1778 aerem,
2801 1720 2894 1765 aut
2943 1726 3130 1783 gyrum
3177 1710 3484 1777 stellarum,
3525 1717 3623 1764 aut
3667 1709 3883 1763 nimiam

618 1813 736 1868 avia
791 1819 990 1872 nostra,
1024 1810 1074 1863 id
1108 1816 1190 1863 est
1234 1822 1386 1862 error
1423 1806 1674 1873 antiquus
1714 1812 1767 1858 et
1813 1801 2026 1870 gentilis
2053 1798 2189 1853 stul-
2221 1799 2266 1862 Β
2293 1821 2506 1876 aquam,
2528 1813 2618 1859 aut,
2645 1807 2941 1872 solem,au|,
2969 1803 3311 1871 Iungimdeos
3338 1801 3884 1873 putaverunljgnem

618 1905 734 1960 titia
763 1904 866 1958 hoc
895 1903 1126 1957 dicebat.
1151 1901 1283 1954 Nam
1312 1908 1484 1954 mater
1530 1898 1720 1952 mulier
1758 1897 1992 1965 sapiens,
2026 1902 2198 1948 mater

618 2000 819 2055 scilicet
846 1996 1106 2062 Ecclesia,
1138 2010 1256 2064 qua:
1285 2009 1383 2048 nos
1403 1991 1629 2061 spiritali
1659 1989 1840 2058 genuit
1869 1996 2196 2058 partu,nun-

618 2104 779 2159 quam
805 2089 908 2142 hoc
937 2087 1193 2141 arbitrata
1221 2094 1321 2151 est,
1354 2099 1472 2154 qua:
1501 2083 1601 2138 scit
1628 2081 1820 2135 Filium
1862 2079 2135 2148 accepisse
2165 2093 2196 2131 a

619 2179 778 2234 Patre
815 2192 1031 2234 omnem
1080 2183 1402 2246 potestatem
1441 2174 1496 2226 in
1525 2171 1663 2227 cmlo
1689 2180 1744 2225 et
1792 2171 1841 2223 in
1874 2176 2034 2222 terra.
2070 2166 2196 2219 ldeo

619 2274 673 2328 in
720 2272 934 2328 nomine
997 2269 1112 2338 ejus
1161 2276 1337 2322 tantas
1378 2266 1602 2320 virtutes
1649 2264 1889 2318 fecerunt
1952 2253 2196 2326 discipuli

618 2365 804 2434 ipsius,
833 2363 926 2431 qui
955 2369 1008 2416 et
1029 2361 1239 2415 dicebat
1273 2377 1285 2413 :
1321 2357 1509 2422 Petite,
1554 2364 1604 2409 et
1631 2353 1923 2424 accipietis;
1945 2349 2156 2422 quwrile
2178 2387 2193 2411 ,

619 2465 667 2512 et
695 2455 987 2518 invenietis;
1019 2453 1250 2523 pulsate,
1282 2460 1331 2504 et
1360 2448 1619 2520 aperietur
1648 2445 1786 2500 vobis
1814 2441 2012 2512 (Joan.
2046 2455 2129 2493 xvr
2155 2439 2193 2503 ).

608 2546 818 2624 .Utique
846 2545 1058 2615 quando
1087 2544 1191 2598 hoc
1218 2542 1432 2596 dicebat
1469 2539 1741 2596 erroribus
1766 2545 1821 2590 et
1861 2532 2196 2588 thcmonibus

591 2639 946 2710 'opponebat,
976 2635 1067 2704 qui
1101 2635 1206 2688 fata
1256 2632 1580 2700 llagunt,-et
1631 2629 1759 2683 nihil
1808 2642 1993 2697 preces
2021 2624 2198 2677 valere

621 2729 969 2793 contendunt,
1001 2743 1067 2782 ne
1099 2726 1238 2781 Deus
1269 2734 1506 2793 rogetur,
1541 2730 1593 2776 ct
1614 2736 1801 2776 eorum
1823 2733 1986 2788 opera
2010 2715 2200 2772 dissol-

623 2829 834 2878 vantur.
866 2819 988 2874 Ideo
1037 2817 1263 2888 populos
1315 2814 1573 2870 Dominus
1610 2811 1677 2866 ad
1725 2826 1782 2866 se
1828 2809 2092 2872 trahebat,
2143 2814 2201 2861 ut

625 2911 756 2967 fides
784 2911 836 2966 in
866 2910 1035 2965 Deum
1083 2907 1370 2978 plurimum
1418 2914 1622 2974 posset,
1653 2910 1707 2956 et
1753 2917 1860 2956 non
1907 2900 2199 2953 diflidenlia

624 3001 955 3073 praevaleret.
991 2998 1122 3053 Fato
1143 2997 1296 3061 dicis,
1328 2993 1628 3064 impudens,
1656 2991 1834 3046 omnia
1863 2989 2015 3044 fieri?
2038 2987 2201 3041 Addis

623 3104 680 3152 et
731 3095 857 3149 nihil
903 3108 1127 3164 preces,
1171 3089 1303 3144 nihil
1355 3088 1626 3143 orationes
1671 3085 1884 3139 valere?
1931 3082 2197 3148 Quantum

2297 1900 2481 1955 colunt
2511 1899 2791 1968 pagani,et
2811 1897 2972 1952 deum
3001 1896 3309 1965 dicunt,qui
3337 1909 3476 1964 aqua
3504 1894 3880 1961 restinguitur,

2296 2001 2388 2046 aut
2418 2001 2572 2046 terra:
2603 1991 2751 2060 jactu
2779 1990 3168 2061 comprimitur.
3199 1989 3380 2058 Ignem
3425 1988 3616 2044 colunt
3645 1987 3885 2057 pagani,

2293 2085 2383 2155 qui
2425 2085 2550 2152 ligni
2589 2084 2824 2140 fomento
2876 2085 3127 2138 nutritur.
3172 2082 3354 2152 Ignem
3399 2082 3593 2137 colunt
3635 2081 3880 2151 pagani,

2293 2185 2496 2232 aeterno
2528 2176 2647 2244 igne
2676 2174 2868 2230 arsuri.
2895 2169 3001 2230 Sed
3025 2173 3163 2229 forte
3191 2174 3396 2243 fulgura
3426 2173 3647 2228 colunt:
3678 2181 3746 2226 ut
3770 2169 3887 2241 quid

2295 2267 2396 2322 ista
2443 2267 2659 2322 colunt?
2710 2282 2816 2321 non
2865 2266 3008 2320 enim
3051 2265 3322 2330 motibus,
3366 2263 3461 2319 sed
3504 2264 3754 2333 imperio
3803 2261 3886 2316 Dei

2296 2366 2543 2426 aguntur,
2573 2357 2708 2412 sicut
2737 2357 2819 2411 sol
2847 2364 2901 2411 et
2930 2355 3078 2424 luna,
3109 2355 3300 2427 pluvia:
3333 2369 3483 2424 :cque
3511 2362 3570 2408 et
3597 2353 3887 2408 stellarum

2296 2465 2500 2515 cursus,
2526 2458 2809 2504 ventorum
2838 2457 3016 2504 motus
3043 2457 3098 2502 et
3144 2448 3366 2502 nubium
3395 2446 3680 2500 transitus.
3717 2444 3888 2515 Spiri-

2298 2549 2409 2596 tum
2434 2556 2562 2608 crgo
2591 2541 2730 2595 aeris
2751 2548 2806 2595 et
2831 2548 3114 2594 ventorum
3145 2546 3485 2594 venerantur.
3513 2536 3626 2593 Sed
3665 2538 3784 2592 ista
3811 2551 3892 2591 re-

2297 2651 2416 2689 rum
2455 2635 2683 2689 Domino
2728 2633 3071 2699 famulantur,
3105 2634 3241 2688 sicut
3281 2633 3536 2702 scriptum
3591 2639 3706 2697 est,
3754 2631 3893 2700 ﬂabit

2297 2726 2508 2796 spiritus
2541 2725 2672 2796 ejus,
2705 2733 2753 2778 et
2789 2726 2953 2794 ﬂuent
2981 2738 3130 2796 aqua:
3159 2722 3329 2794 (Psal.
3373 2724 3595 2790 enm).
3683 2762 3700 2777 .
3790 2763 3806 2776 .
3877 2762 3892 2776 .

2297 2911 2452 2980 ignis,
2483 2908 2701 2980 grando,
2733 2909 2842 2974 nix,
2873 2910 3082 2980 glacies,
3123 2909 3332 2979 spiritus
3373 2907 3759 2978 procellarum,
3788 2923 3890 2980 qu

2303 3004 2503 3075 faciunt
2529 3003 2728 3056 verbum
2755 3003 2866 3073 ejus
2917 3001 3102 3073 (Ibid).
3145 3000 3348 3072 Cyrum
3389 3001 3668 3056 stellarum
3706 3003 3890 3056 colunt

2302 3095 2494 3165 pagani
2517 3094 2583 3148 ab
2604 3094 2807 3148 artilice
2839 3094 2949 3148 Deo
2977 3093 3292 3163 perfectum,
3319 3094 3385 3148 ad
3412 3093 3598 3147 mundi
3628 3104 3891 3149 ornatam

625 3199 754 3242 vero
804 3198 992 3255 preces
1033 3183 1118 3236 vel
1159 3181 1432 3235 orationes
1478 3177 1712 3232 ﬁdelium
1761 3174 2004 3240 valeant,
2047 3187 2195 3226 sacra

2304 3185 2672 3240 discriminate
2719 3185 2915 3240 decore
2963 3186 3345 3256 compositum.
3398 3177 3605 3254 Aquam
3653 3187 3890 3250 coiunt,

624 3277 863 3335 omnium
904 3275 1206 3330 divinorum
1231 3271 1558 3327 voluminum
1589 3275 1934 3323 monumenta
1967 3264 2202 3333 loquuth

625 3378 734 3436 tur,
763 3375 818 3423 et
846 3367 1150 3422 volentibus
1197 3379 1421 3420 noscere
1468 3361 1636 3416 facilis
1687 3359 1861 3414 aditus
1889 3356 2201 3413 conceditur

625 3459 694 3515 ad
732 3458 980 3514 salutem.
1025 3455 1165 3525 Ergo
1201 3472 1307 3510 non
1347 3455 1455 3508 fato
1501 3451 1789 3522 quidquam
1837 3451 2055 3520 geritur,
2105 3447 2200 3503 sed

624 3551 806 3610 omnia
839 3549 1060 3604 factoris
1089 3547 1272 3602 mundi
1303 3544 1641 3616 providentia
1671 3543 2054 3611 gubernantur.

694 3644 826 3700 Nam
855 3643 922 3700 de
951 3641 1130 3708 idolis,
1161 3640 1246 3695 vel
1275 3640 1340 3695 de
1369 3638 1667 3701 clementis,
1694 3652 1812 3706 qua:
1837 3635 2030 3705 pagani
2056 3632 2198 3688 msti-

625 3743 775 3792 mant
800 3735 949 3801 deos,
982 3734 1161 3789 audite
1188 3733 1445 3799 breviter,
1477 3731 1666 3784 fratres
1685 3771 1699 3796 ,
1728 3730 1942 3784 beatum
1968 3729 2201 3798 prophe-

625 3837 735 3884 tam
764 3835 1001 3884 nostrum
1032 3841 1267 3896 paganos
1296 3825 1426 3878 istos
1473 3822 1802 3876 deridentem
1837 3819 1903 3874 de
1945 3833 2199 3888 superva-

623 3921 741 3976 cuis
769 3935 975 3984 eorum,
1007 3926 1063 3972 et
1090 3916 1358 3970 dicentem
1389 3933 1402 3967 :
1431 3913 1583 3967 Idola
1604 3914 1828 3984 gentium
1857 3921 2122 3982 argentum
2149 3918 2198 3963 et

625 4027 806 4063 aurum
833 4051 847 4076 ,
890 4025 1017 4078 opus
1057 4023 1300 4060 manuum
1342 4006 1647 4060 hominum:
1677 4021 1735 4057 os
1759 4002 1965 4066 habent,
2013 4010 2063 4054 et
2095 4017 2198 4054 non

625 4087 930 4170 loquuniur;
977 4097 1148 4150 oculos
1201 4096 1418 4163 habent,
1449 4105 1497 4150 et
1528 4111 1629 4148 non
1678 4094 1879 4157 vident;
1909 4109 2058 4146 aures
2106 4093 2199 4145 Ita-

625 4189 762 4255 bent,
795 4197 840 4242 et
871 4204 972 4242 non
998 4186 1211 4239 audiunt
1231 4185 1404 4254 (Psal.
1427 4186 1663 4253 cxxxrv),
1687 4193 1742 4238 et
1768 4193 1958 4238 caetera
1987 4198 2104 4252 qua:
2127 4183 2197 4238 ibi

623 4287 941 4350 sequuntur.
983 4279 1257 4344 Interrogo
1306 4285 1380 4344 te,
1429 4292 1652 4346 pagane,
1679 4277 1723 4330 si
1751 4276 1882 4330 xelis
1913 4277 2036 4329 talis
2080 4291 2198 4330 esse

622 4374 812 4446 quales
850 4373 923 4428 illi
952 4387 1089 4442 quos
1135 4370 1287 4436 colis,
1326 4370 1442 4424 sine
1481 4369 1676 4434 anima,
1702 4369 1818 4423 sine
1863 4384 2040 4434 sensu,
2083 4369 2198 4422 sine

622 4476 796 4534 motu,
829 4468 945 4523 sine
986 4466 1166 4536 aliquo
1195 4463 1339 4518 vitali
1373 4461 1665 4516 intellectu.
1717 4461 1830 4517 Hoc
1857 4475 1984 4529 ergo
2031 4461 2196 4515 male-

2303 3289 2420 3343 quae
2445 3274 2694 3328 ad.usum
2724 3290 2831 3328 non
2851 3274 3022 3329 solum
3053 3274 3348 3341 hominum,
3380 3274 3473 3329 sed
3501 3283 3559 3328 et
3599 3290 3886 3344 pecorum,

2302 3373 2357 3420 et
2385 3373 2696 3419 caeterarum
2745 3380 2924 3420 rerum
2973 3365 3219 3434 largitate
3261 3365 3531 3420 Creatoris
3566 3365 3886 3422 eﬂ‘unditur.

2303 3455 2484 3510 Solem
2512 3465 2566 3511 et
2594 3457 2773 3510 lunam
2819 3457 3033 3523 colunt,
3067 3472 3187 3512 cum
3222 3458 3495 3512 videamus
3523 3468 3582 3512 et
3618 3459 3890 3514 orientem

2301 3555 2356 3601 et
2383 3546 2714 3602 occidentem
2763 3547 2930 3601 solem
2977 3549 3054 3603 sic
3101 3563 3321 3603 currere
3350 3556 3408 3602 ut
3446 3549 3495 3603 ei
3524 3551 3889 3606 constitutum

2302 3646 2404 3693 est.
2449 3637 2598 3692 Unde
2644 3638 2959 3706 intelligitur
3006 3639 3272 3694 neminem
3313 3654 3474 3710 posse
3520 3640 3890 3696 indesinenter

2301 3744 2537 3794 currere,
2565 3737 2620 3784 et
2650 3730 2870 3784 servitio
2893 3746 2990 3784 suo
3015 3730 3276 3793 insistere,
3294 3731 3394 3784 nisi
3417 3731 3508 3798 qui
3534 3731 3634 3784 sub
3654 3730 3892 3786 Domino

2300 3822 2387 3887 sit,
2420 3831 2473 3876 et
2499 3823 2589 3892 qui
2620 3823 2812 3877 haheat
2841 3823 3212 3894 imperantem.
3239 3822 3369 3876 Nam
3408 3838 3589 3893 neque
3617 3824 3750 3877 luna
3771 3840 3890 3878 crc-

2301 3921 2538 3967 mentum
2581 3914 2663 3968 vel
2703 3913 3084 3969 detrimentum
3124 3922 3423 3984 pateretur,
3472 3914 3575 3969 nisi
3607 3915 3892 3969 voluntate

2301 4013 2355 4058 et
2384 4004 2606 4058 arbitrio
2634 4003 2972 4070 Conditoris;
3006 4013 3060 4059 et
3089 4005 3169 4059 sol
3196 4006 3240 4060 si
3285 4005 3338 4058 in
3367 3997 3465 4059 sui
3487 4012 3767 4075 potestate
3815 4020 3890 4060 es-

2304 4101 2425 4163 set,
2457 4104 2717 4166 perpetua
2753 4096 2871 4151 luce
2901 4094 3127 4168 fulgeret

2300 4370 2563 4435 famulari,
2591 4377 2645 4424 et
2671 4370 2851 4426 stellas
2880 4386 3033 4426 suum
3063 4371 3307 4426 ordinem
3332 4373 3520 4443 sequi;
3549 4387 3698 4428 mare
3721 4374 3884 4428 etiam

2299 4462 2409 4517 suis
2438 4462 2629 4517 finibus
2658 4463 2942 4518 contineri.
2973 4462 3042 4518 Et
3069 4463 3189 4526 ideo
3228 4463 3428 4519 clamat
3469 4464 3736 4534 propheta
3761 4479 3888 4522 San-

621 4559 821 4615 dictum
849 4565 1036 4629 putas;
1063 4555 1248 4611 desine
1295 4539 1456 4624 igitur
1482 4553 1616 4609 tales
1657 4554 1834 4609 colere
1887 4569 2112 4624 quorum
2143 4561 2196 4609 te
2221 4543 2275 4604 D
2298 4555 2584 4621 ctissimus,
2603 4555 2784 4611 dicens
2811 4557 2878 4610 ad
2899 4555 3182 4612 Dominum
3207 4557 3372 4611 Deum
3398 4566 3645 4613 nostrum
3671 4577 3684 4610 :
3713 4556 3884 4621 Quae

621 4651 915 4707 similitudo
937 4649 1208 4713 sollicitat,
1238 4656 1293 4703 et
1330 4662 1557 4716 quorum
1605 4647 1778 4702 cultus
1827 4655 1878 4700 te
1925 4647 2192 4701 honestat.

620 4744 728 4800 Sed
749 4743 930 4799 dicunt
948 4743 1138 4814 pagani
1165 4761 1177 4795 :
1202 4740 1309 4796 Nos
1329 4741 1498 4795 solem
1521 4748 1574 4794 et
1595 4739 1796 4806 lunam,
1811 4739 1894 4793 vel
1916 4739 2116 4803 stellas,
2142 4747 2197 4793 et

609 4837 872 4890 universa
919 4836 1184 4890 elementa
1224 4833 1450 4888 colimus
1499 4840 1553 4886 et
1599 4847 1947 4896 veneramur;
2002 4831 2195 4899 quibus

620 4925 814 4978 iterum
857 4923 1049 4978 dicitur
1097 4939 1113 4976 :
1173 4923 1307 4976 Vani
1355 4930 1523 4976 autem
1571 4932 1688 4975 sunt
1743 4938 1920 4976 omnes
1967 4921 2195 4975 homines

613 5015 800 5088 quibus
829 5031 933 5068 non
962 5014 1130 5069 subest
1157 5015 1372 5068 scientia
1401 5013 1520 5081 Dei,
1558 5023 1606 5068 et
1637 5014 1698 5067 de
1728 5014 1805 5067 his
1830 5030 1942 5084 qua:
1964 5013 2196 5068 videntur

620 5109 776 5172 bona,
798 5123 903 5161 non
942 5115 1211 5176 potuerunt
1252 5107 1536 5175 intelligere
1563 5122 1678 5158 eum
1705 5107 1789 5176 qui
1817 5114 1924 5170 est;
1955 5122 2046 5158 nec
2073 5121 2192 5176 ope-

619 5197 761 5252 ribus
805 5195 1140 5258 attendentes,
1186 5203 1493 5266 agnooerunt
1521 5195 1632 5267 quis
1679 5206 1809 5249 esset
1837 5198 2062 5266 artifex;
2105 5194 2195 5248 sed

521 5344 528 5350 ,
619 5299 709 5344 aut
734 5289 922 5360 ignem,
948 5295 1036 5340 aut
1061 5287 1315 5356 spiritum,
1341 5294 1428 5338 aut
1454 5287 1663 5339 citatum
1684 5303 1874 5353 aerem,
1896 5297 1984 5339 aut
2010 5303 2190 5359 gyrum

616 5381 903 5444 stellarum,
929 5388 1018 5432 aut
1046 5379 1258 5432 nimiam
1293 5394 1500 5445 aquam,
1531 5389 1618 5430 aut
1657 5379 1836 5448 solem,
1868 5389 1954 5432 aut
1989 5380 2186 5445 (unum,

621 5474 641 5506 ⁸
668 5482 790 5528 deos
810 5479 1114 5545 putaverunt
1139 5469 1293 5539 (Sap.
1324 5468 1469 5534 xm);
1495 5484 1719 5536 quorum
1750 5471 1793 5522 si
1822 5479 2041 5540 propter
2068 5487 2190 5541 Spe-

616 5564 754 5622 ciem
783 5567 888 5622 hoc
911 5564 1308 5620 aestimaverunt
1328 5602 1342 5628 ,
1369 5560 1538 5616 sciant
1575 5569 1775 5630 quanto
1806 5562 1891 5616 his
1935 5561 2192 5620 Dominus

689 5743 708 5778 ί
746 5741 971 5800 Vulgata
997 5740 1162 5800 addit.
1193 5751 1415 5796 rectores
1445 5737 1583 5794 orbis
1613 5747 1866 5794 terrarum
1897 5740 2045 5812 deos,
2066 5752 2171 5802 etc.

2297 4647 2630 4716 magni/icata
2672 4657 2972 4718 suntopera
3014 4657 3134 4716 tua,
3187 4647 3442 4703 Domine!
3488 4651 3665 4703 omnia
3694 4651 3746 4702 in
3789 4665 3881 4703 ω-

2295 4740 2490 4808 pientia
2531 4740 2729 4810 fecisti;
2771 4741 2965 4810 repleta
2999 4751 3074 4796 est
3132 4741 3270 4796 te'rra
3317 4751 3562 4796 creatura
3600 4752 3707 4795 tua.
3759 4740 3882 4795 Hoc

2296 4847 2440 4884 mare
2485 4847 2726 4902 magnum
2771 4842 2819 4886 et
2864 4835 3147 4900 spatiosum
3172 4876 3187 4900 ,
3217 4834 3322 4887 illic
3352 4834 3584 4903 repentia
3607 4875 3622 4898 ,
3663 4848 3877 4902 quam:

2298 4939 2400 4977 non
2429 4933 2503 4977 est
2533 4941 2772 4979 numerus
2789 4967 2802 4993 ,
2826 4927 3073 4980 animalia
3097 4926 3288 4997 pusilla
3307 4936 3356 4980 et
3377 4940 3571 4997 magna
3594 4925 3760 4995 (Psal.
3793 4926 3872 4992 χ).

2299 5014 2458 5084 725
2480 5013 2576 5070 Hic
2604 5025 2686 5070 est
2710 5015 2970 5071 Dominus
2999 5017 3140 5071 Deus
3169 5026 3376 5082 noster,
3417 5019 3487 5072 de
3511 5033 3618 5086 quo
3657 5018 3874 5086 quidam

2295 5114 2602 5162 sanctorum
2632 5107 2848 5163 dicebat
2879 5127 2890 5161 :
2920 5108 3019 5176 Qui
3045 5109 3238 5164 coelum
3270 5110 3381 5164 alta
3409 5110 3726 5164 sublimitate
3749 5124 3874 5162 sus-

2307 5195 2511 5266 pendit,
2543 5207 2753 5254 terrena
2791 5197 3000 5269 dejecta
3028 5201 3172 5256 mole
3201 5199 3470 5265 solidavit,
3503 5202 3664 5254 maria
3692 5198 3876 5251 soluto

2298 5291 2503 5359 liquore
2527 5288 2735 5344 diffudit
2755 5332 2770 5357 ,
2803 5299 2857 5345 et
2886 5291 2999 5345 hcec
3029 5291 3208 5346 omnia
3255 5292 3492 5362 propriis
3519 5300 3574 5344 et
3594 5288 3877 5353 condignis

2297 5382 2664 5437 instrumentis
2693 5382 2850 5452 plena
2879 5390 2934 5436 et
2974 5391 3164 5437 ornata
3189 5383 3431 5450 digessit.
3464 5380 3595 5436 Cum
3637 5392 3757 5445 ergo
3787 5379 3875 5430 vi.

2296 5474 2442 5531 deris

2301 5609 2315 5624 ο
2397 5610 2412 5624 ο
2491 5609 2506 5624 ο
2583 5608 2598 5624 ο
2677 5608 2694 5626 ο
2769 5609 2787 5628 ο
2863 5609 2881 5627 ο
2956 5609 2974 5625 ο
3051 5607 3068 5625 ο
3143 5607 3160 5624 ο
3237 5608 3256 5626 ο
3331 5607 3348 5625 ο
3436 5608 3453 5624 o
3543 5607 3559 5623 ο
3637 5607 3653 5623 .r
3731 5599 3743 5616 ³
