4052 6330
1663 275 1742 287 --ιδρ
1758 277 1808 292 ...ί
1823 280 1828 286 ι

1188 362 1595 420 TRACTATUS
1631 365 1718 420 IV.
1761 364 2035 423 CONTRA
2073 367 2407 427 PAGANOS.
3341 364 3450 425 785

189 363 287 426 785

192 670 379 725 Colunt
405 669 580 725 adhuc
626 668 822 740 pagani
854 675 1089 736 montes,
1121 675 1178 723 et
1205 668 1459 737 arbores,
1492 676 1548 724 et
1576 667 1768 734 fontes,

192 771 244 818 et
276 761 514 830 ﬂumina,
543 760 632 815 ubi
661 768 717 815 et
745 760 930 827 boves,
964 767 1020 815 et
1040 775 1188 825 oves,
1221 770 1276 814 ct
1301 761 1562 815 universae
1590 760 1774 815 bestia:

192 862 494 926 pascuntur,
525 862 580 908 et
607 853 905 919 ambulant,
939 860 1102 923 atque
1131 853 1400 920 labantur.
1432 853 1563 908 Nam
1607 854 1774 909 simu-

195 949 327 1003 lacra
353 954 407 1001 et
439 946 579 1001 idola
628 961 816 1000 eorum
845 945 1007 1016 digno
1038 946 1244 999 honore
1273 946 1340 1000 ab
1367 946 1580 1000 araneis
1621 945 1776 1000 obte-

193 1049 398 1109 guntur,
425 1046 481 1092 et
509 1053 541 1092 a
562 1037 721 1092 tineis
744 1037 828 1092 vel
849 1038 1120 1093 vermibus
1141 1036 1502 1107 perferantur,
1520 1044 1574 1092 et
1601 1053 1630 1091 a
1652 1051 1773 1092 mu-

195 1130 334 1202 ribus
381 1128 715 1194 habitantur,
747 1134 802 1182 et
831 1142 861 1181 a
891 1127 1091 1184 muscis
1139 1128 1556 1194 conculcantur;
1588 1143 1688 1183 nec
1716 1143 1776 1182 se

195 1225 260 1278 ab
304 1223 422 1292 igne
449 1222 534 1276 vel
565 1238 596 1276 a
625 1221 803 1292 pluvia
834 1219 1149 1288 defendunt,
1182 1237 1284 1278 nec
1307 1238 1336 1276 a
1365 1223 1663 1277 latronibus
1692 1221 1778 1277 vel

197 1316 390 1372 furibus
417 1315 708 1371 vindicant.
740 1314 808 1370 Et
829 1313 950 1370 ideo
979 1314 1038 1370 S.
1065 1315 1367 1388 Cyprianus
1392 1310 1460 1370 ad
1479 1315 1778 1370 Demetria—

199 1427 320 1471 num
343 1425 604 1480 paganum
630 1409 769 1465 bene
788 1407 1001 1464 dicebat
1026 1426 1038 1461 :
1065 1407 1271 1463 Pudeat
1293 1416 1340 1462 te
1359 1425 1446 1462 eos
1462 1409 1630 1462 colere
1650 1425 1775 1480 quos

196 1506 301 1568 ipse
327 1503 596 1576 defendis;
625 1501 817 1574 pudeat
847 1511 894 1555 te
920 1501 982 1555 de
1009 1502 1082 1555 eis
1113 1501 1367 1556 auxilium
1415 1517 1624 1571 sperare
1651 1516 1778 1572 quos

197 1599 367 1652 tueris.
394 1596 499 1650 Aut
525 1593 654 1664 quid
683 1593 826 1648 enim
848 1602 1105 1664 praestare
1133 1593 1434 1649 colentibus
1453 1608 1510 1647 se
1528 1600 1775 1662 possent,

200 1689 286 1761 qui
313 1705 370 1744 se
395 1687 462 1742 de
488 1703 592 1742 non
617 1686 918 1742 colentibus
938 1685 1211 1740 vindicare
1233 1701 1344 1740 non
1366 1693 1620 1755 possunt;
1644 1685 1782 1740 sicut

201 1779 342 1835 enim
372 1777 439 1833 ad
462 1793 557 1832 eos
587 1791 692 1831 non
717 1775 952 1846 pertinet
980 1791 1088 1845 quo
1117 1775 1396 1841 coluntur;
1428 1775 1505 1829 sic
1532 1789 1640 1828 non
1664 1789 1783 1828 sen-

1876 576 2048 630 insula
2104 577 2266 632 habet
2313 578 2638 647 sepulcrum.
2683 620 2696 633 .
2746 621 2759 635 .
2801 581 3087 653 despectus
3111 583 3276 653 jacet.
3438 623 3455 642 .

1877 668 2017 722 unde
2065 666 2314 737 Virgilius
2362 668 2535 724 dixit:
2565 687 2675 728 cre.
2721 714 2734 727 .
2780 714 2793 728 .
2838 714 2850 727 .
2899 715 2912 728 .
2957 715 2969 727 .
3002 675 3172 729 medio
3193 676 3334 744 jacet
3376 677 3461 732 in-

1877 761 2011 814 sula.
2057 801 2070 814 .
2111 801 2124 814 .
2171 802 2184 814 .
2231 803 2243 815 .
2289 802 2302 814 .
2347 803 2358 814 .
2407 802 2418 815 .
2467 803 2480 817 .
2525 803 2538 816 .
2585 804 2598 817 .
2644 804 2658 818 .
2703 765 2770 818 de
2800 766 3131 820 criminibus.
3177 809 3190 821 .
3236 809 3248 822 .
3293 809 3305 821 .
3339 769 3462 824 bre-

1877 853 2016 907 viter
2037 862 2429 908 commemorat
2456 853 2640 909 dicens
2669 873 2680 908 :
2703 855 2722 886 ³
2744 855 2987 930 Iovisque
3007 868 3055 911 et
3075 875 3245 926 soror,
3270 870 3316 913 cl
3338 877 3465 915 con-

1869 947 1990 1016 jux,
2021 956 2069 999 et
2096 949 2253 1017 rapti,
2288 947 2476 1016 inquit,
2509 946 2826 1019 Ganymedis
2857 950 3096 1006 honores.
3137 951 3268 1007 Vide
3301 968 3464 1022 quam

1877 1038 2221 1093 exsecrabilis
2249 1039 2527 1094 habendus
2573 1039 2660 1105 sit,
2694 1041 2806 1095 imo
2827 1043 3006 1111 potius
3034 1058 3195 1112 quam
3225 1043 3465 1102 detesta-

1879 1129 2003 1185 bilis
2043 1131 2145 1186 iste
2174 1131 2400 1202 Jupiter,
2431 1132 2522 1203 qui
2553 1148 2796 1187 sororem
2837 1133 3070 1189 voluerit
3097 1135 3296 1190 habere
3325 1154 3466 1192 uxo-

1882 1238 2015 1287 rem,
2063 1231 2120 1278 ut
2149 1224 2216 1278 de
2244 1227 2453 1280 ctcteris
2497 1225 2612 1294 ejus
2641 1225 2956 1280 criminibus
2982 1235 3278 1282 taceamus.
3324 1229 3467 1284 Proh

1879 1314 2060 1369 dolor!
2103 1329 2224 1383 quac
2254 1315 2392 1370 inter
2418 1316 2667 1370 homines
2704 1323 2922 1371 sanctos
2959 1317 3226 1371 habentur
3258 1319 3470 1388 pietatis

1881 1408 2119 1475 nomina,
2145 1408 2290 1462 inter
2315 1407 2446 1462 deos
2466 1423 2800 1478 paganorum
2833 1407 2972 1463 facta
3001 1416 3127 1462 sunt
3150 1407 3288 1464 fmda
3311 1411 3470 1465 sacri-

1879 1499 2040 1571 legia.
2067 1500 2200 1556 Nam
2230 1500 2297 1556 de
2346 1500 2516 1556 Marte
2539 1501 2668 1571 quid
2709 1501 2908 1568 dicam,
2941 1502 3035 1572 qui
3067 1502 3209 1572 apud
3238 1502 3473 1558 Thraces

1881 1603 3466 1651 natus................

2101 1721 2147 1740 οο
2210 1725 2223 1738 ο
2318 1727 2334 1741 ο
2413 1727 2427 1740 ο
2507 1726 2521 1740 ο
2601 1727 2615 1741 ο
2697 1727 2710 1740 ο
2791 1728 2805 1742 ο
2885 1728 2900 1742 ο
2979 1727 2994 1743 ο
3077 1728 3090 1743 ο
3172 1728 3185 1742 ο
3267 1729 3280 1742 ο
3362 1728 3375 1740 ο
3451 1722 3473 1744 ο

200 1845 1901 1940 tiuntquoltcduntur.Seddicuntpagani:Nosdeosco-B.
1997 1908 2010 1922 .
2098 1907 2111 1921 .
2206 1907 2219 1920 .
2315 1909 2329 1923 .
2411 1907 2424 1922 .
2508 1875 2558 1923 ,τ
2604 1910 2617 1924 .
2697 1911 2710 1925 .
2791 1912 2804 1925 .
2886 1912 2900 1925 .
2981 1912 2993 1925 .
3077 1913 3090 1926 .
3172 1913 3184 1926 .
3269 1913 3281 1927 .
3362 1915 3374 1928 .
3459 1914 3473 1928 .

201 1961 374 2030 limus,
405 1961 492 2016 vel
516 1959 644 2015 deas
671 1974 790 2028 qua:
832 1958 884 2013 in
928 1958 1066 2014 cmlo
1108 1957 1392 2012 habentur.
1424 1957 1628 2024 Quibus
1653 1956 1786 2012 dici-

201 2072 318 2112 mus
343 2073 355 2108 :
384 2053 439 2110 Si
463 2052 594 2108 deos
623 2052 745 2107 illos
771 2051 952 2115 dicitis
977 2051 1067 2106 vel
1095 2049 1274 2105 colitis
1310 2034 1448 2119 quos
1497 2050 1550 2104 in
1595 2048 1786 2103 vestris

204 2147 350 2203 libris
375 2146 622 2201 audimus
643 2145 895 2211 recitare,
919 2143 970 2198 id
992 2152 1076 2200 est
1100 2141 1634 2209 Saturnum,Jovem,
1657 2141 1791 2196 Mer-

203 2238 428 2305 curium,
444 2235 687 2300 Martem,
709 2235 1034 2306 Apollinem,
1052 2233 1371 2299 Vulcanum,
1410 2233 1786 2304 Esculapium

204 2341 532 2399 ceterosque
585 2330 931 2396 innumeros;
982 2337 1038 2384 et
1087 2329 1218 2384 deas
1273 2329 1455 2384 dicitis
1499 2328 1787 2397 Junonem,

205 2425 518 2489 Minervam,
541 2421 784 2489 Dianam,
810 2422 1086 2495 Cybelem,
1118 2422 1403 2490 Latonam,
1425 2424 1511 2479 vel
1537 2433 1787 2491 caeteras;

206 2531 334 2588 ergo
361 2517 407 2572 si
437 2531 626 2572 omnes
658 2515 780 2571 illos
808 2516 986 2572 dicitis
1013 2516 1164 2581 deos,
1197 2532 1294 2572 cur
1315 2516 1521 2586 aliquos
1541 2516 1593 2570 in
1623 2515 1793 2572 stellis

209 2609 428 2680 ponitis,
443 2617 498 2663 et
521 2609 729 2678 aliquos
745 2624 854 2663 non
870 2608 1102 2679 ponitis?
1115 2608 1298 2664 Dicitis
1316 2609 1458 2663 enim
1479 2608 1788 2675 Saturnum,

207 2700 412 2770 Jovem,
445 2700 690 2767 Martem,
713 2702 798 2759 vel
823 2701 1148 2758 Mercurium
1171 2702 1225 2756 in
1251 2701 1390 2756 coelo
1417 2717 1555 2767 esse,
1576 2709 1632 2756 et
1651 2701 1794 2772 Nep-

208 2803 416 2862 tunum,
463 2794 788 2865 Apollinem,
820 2795 1139 2860 Vulcanum,
1173 2793 1540 2865 Aisculapium
1593 2803 1647 2849 et
1693 2809 1795 2848 cac-

209 2893 356 2940 teros
385 2899 491 2940 non
521 2883 716 2940 dicitis.
770 2883 850 2937 An
879 2883 1020 2940 forte
1047 2884 1134 2940 isti
1182 2883 1382 2955 aliquid
1412 2891 1794 2955 peccaverunt,

211 2986 268 3033 et
298 2977 374 3032 illi
412 2977 542 3032 nihil
571 2985 965 3046 peccaverunt,
1000 2977 1232 3048 ideoque
1260 2994 1522 3050 supernas
1546 2979 1799 3048 regiones

210 3069 448 3124 asseritis
478 3067 780 3138 possidere,
814 3085 936 3124 cum
965 3071 1137 3139 magis
1171 3079 1384 3126 constet
1409 3087 1615 3126 omnes.
1661 3113 1674 3125 .
1720 3113 1733 3126 .
1777 3112 1792 3125 .

211 3159 480 3226 homines,
512 3168 585 3216 et.
631 3200 645 3214 .
690 3201 703 3216 .
750 3201 763 3216 .
809 3200 823 3214 .
869 3203 884 3216 .
917 3162 1239 3218 hominibus.
1282 3162 1431 3219 Ecce
1471 3163 1796 3232 Saturnum,

210 3251 296 3307 vel
319 3249 506 3306 Jovem
525 3293 539 3317 ,
572 3250 796 3306 Martem
828 3252 1013 3320 etiam,
1057 3261 1111 3307 et
1157 3252 1500 3316 Mercurium,
1533 3263 1666 3317 etc.,
1698 3270 1799 3308 ne-
1827 3230 1882 3338 Co
1904 3269 1971 3308 ex
1999 3253 2194 3323 quibus
2222 3268 2383 3307 unam
2412 3253 2580 3307 solam
2611 3253 2877 3307 Venerem
2908 3251 3083 3307 dicitis
3104 3266 3222 3306 csse
3249 3251 3300 3304 in
3332 3252 3492 3319 coelo,

210 3342 372 3398 fanda
421 3341 660 3398 facinora
687 3343 1022 3399 commisisse
1069 3343 1288 3400 scimus.
1331 3343 1519 3400 Nonne
1550 3344 1802 3413 Virgilius

217 3436 230 3466 ³
265 3442 447 3490 vester
493 3443 653 3505 poeta
689 3434 777 3489 ille
827 3435 1147 3506 praecipuus,
1177 3436 1330 3505 cujus
1359 3437 1594 3491 carmina
1615 3437 1804 3492 hodie-

209 3542 321 3598 que
347 3527 677 3582 veneramiui
729 3526 809 3583 sic
837 3526 1036 3583 clamat
1064 3526 1132 3583 de
1158 3526 1392 3584 Saturno
1419 3528 1604 3586 dicens
1629 3547 1642 3584 :

333 3668 486 3733 'Arnia
511 3682 644 3732 Jovis
667 3683 884 3746 fugiens,
913 3691 964 3734 et
995 3685 1165 3747 regnis
1187 3685 1329 3735 exsul
1353 3684 1616 3749 ademptis;

210 3811 360 3872 unde
387 3820 444 3868 et
485 3811 697 3869 Latium
737 3813 806 3869 de
845 3813 1052 3869 latebra
1096 3813 1213 3885 ejus
1242 3831 1439 3872 nomen
1482 3817 1712 3888 accepit,
1739 3832 1808 3874 eo

210 3904 363 3975 quod
389 3905 636 3960 latuisset
682 3912 828 3960 tutus
868 3905 923 3960 in
970 3906 1100 3974 oris,
1128 3905 1182 3961 id
1223 3916 1305 3963 est
1332 3907 1540 3978 fugiens
1566 3909 1620 3964 in
1645 3909 1809 3964 Italiae

211 3997 415 4058 ﬁnibus
443 3999 717 4065 latuisset;
745 4007 800 4055 et
819 3999 1012 4055 iterum
1038 4000 1114 4055 ait
1139 4018 1152 4054 :
1195 4001 1358 4073 723
1384 4039 1390 4046 .

341 4195 358 4233 :
385 4193 395 4204 .
422 4194 433 4206 .
463 4190 476 4205 .
506 4195 518 4206 .
543 4155 708 4206 Fauno
730 4157 880 4207 Picus
902 4167 1068 4220 pater;
1088 4160 1266 4234 hisque
1284 4165 1547 4270 lparentem

349 4219 436 4270 l'e.
459 4219 690 4270 Saturne.
714 4221 884 4270 lelert.
907 4227 959 4270 tu
981 4234 1232 4270 sanguinis
1249 4236 1276 4270 u
1302 4225 1448 4270 tlmus
1472 4236 1547 4270 aut

349 4219 436 4281 'l'e,
459 4219 690 4282 Saturne,
714 4221 884 4282 lelert,
905 4219 959 4270 tu
981 4219 1232 4284 sanguinis
1249 4219 1448 4272 ultimus
1472 4229 1638 4273 auctor
1662 4225 1705 4272 ’.

209 4367 321 4425 llic
341 4368 548 4424 litteras
579 4369 916 4439 imprimere,
947 4377 1003 4424 et
1040 4370 1253 4438 signare
1280 4385 1530 4426 nummos
1553 4329 1623 4425 .in
1663 4369 1811 4426 Italia

1888 1959 2128 2028 infernis,
2179 1961 2295 2017 sed.
2340 2003 2353 2015 .
2401 2002 2413 2014 .
2460 2002 2473 2015 .
2519 2001 2533 2016 .
2579 2002 2592 2016 .
2625 1962 2822 2018 dicitur
2847 1963 3142 2033 possidere.
3196 1963 3333 2035 Ergo
3380 1966 3480 2020 istc

1887 2046 2064 2105 'nullas
2091 2053 2339 2122 proprias
2370 2053 2535 2107 habet
2566 2053 2740 2118 sedes,
2766 2054 2859 2111 sed
2882 2063 2956 2109 ut.
2995 2096 3009 2109 .
3046 2096 3058 2109 .
3094 2095 3107 2110 .
3140 2056 3377 2110 etmiscr
3399 2057 3482 2110 in-
3563 2079 3568 2082 ·

1889 2143 2074 2210 certis,
2105 2151 2162 2198 et
2191 2143 2370 2198 nullis.
2407 2184 2420 2198 .
2458 2186 2470 2198 .
2509 2185 2521 2198 .
2559 2186 2571 2198 .
2607 2185 2617 2198 .
2654 2145 2869 2200 sedibus
2901 2145 3028 2201 fisus
3055 2161 3268 2216 semper
3297 2163 3384 2201 ex.
3415 2187 3426 2200 .
3462 2189 3478 2204 .

1891 2235 2012 2290 citis
2059 2235 2198 2291 ﬁlios
2227 2244 2282 2291 et
2331 2236 2464 2292 ﬁlias
2491 2237 2768 2306 genuisse,
2801 2217 2946 2307 quod
2978 2254 3084 2293 non
3134 2255 3200 2294 ex
3230 2239 3484 2308 legitimis

1895 2327 2112 2398 nuptiis,
2145 2327 2248 2383 sed
2285 2328 2352 2384 de
2383 2327 2631 2384 nelandis
2671 2329 2888 2384 incestis
2934 2338 2991 2385 et
3019 2330 3311 2396 adulteriis,
3344 2331 3484 2386 sicut

1894 2429 1950 2476 et
1978 2421 2078 2493 ipsi
2108 2422 2217 2476 nati
2237 2430 2395 2489 sunt;
2428 2423 2603 2478 adhuc
2631 2430 2812 2478 autem
2841 2439 2947 2479 non
2973 2425 3288 2481 erubescitis
3317 2435 3371 2481 et
3394 2441 3484 2482 so-

1895 2512 2001 2567 lem
2045 2512 2228 2568 dicere
2276 2512 2438 2567 liliam
2470 2514 2742 2581 habuisse,
2773 2522 2826 2570 et
2854 2515 3032 2570 lunam
3064 2531 3273 2571 amasse
3303 2516 3486 2589 Endy-

1896 2605 2151 2660 miouem.
2201 2604 2332 2672 Quis
2362 2605 2598 2660 fidelium
2630 2607 2696 2660 ad
2727 2615 2930 2662 tantam
2958 2609 3223 2663 insaniam
3251 2620 3488 2663 vestram

1897 2714 2003 2754 non
2032 2699 2328 2753 irascatur?
2357 2699 2488 2764 Quis
2516 2714 2612 2754 vos
2633 2699 2686 2754 in
2710 2699 2903 2754 talibus
2937 2707 3341 2770 perseverantes
3382 2714 3488 2754 non

1898 2791 2043 2845 omni
2066 2806 2223 2860 pcnna
2251 2790 2442 2859 dignos
2471 2791 2780 2846 existimet?
2800 2793 2940 2846 sicut
2959 2800 3014 2845 et
3039 2790 3330 2846 Saturnum
3357 2790 3490 2845 dici-

1902 2883 1970 2937 tis
1999 2883 2164 2937 lilium
2193 2883 2338 2948 caeli,
2368 2892 2424 2938 et
2452 2882 2639 2939 Jovem
2670 2885 2786 2954 ejus
2836 2885 3001 2938 filium
3052 2885 3245 2938 iterum
3292 2884 3489 2951 dicitis,

1903 2976 1986 3030 vel
2014 2977 2194 3047 potius
2221 2977 2522 3031 mentimini
2545 2974 2841 3032 Minervain
2865 2995 2929 3032 ex
2951 2978 3128 3048 capite
3147 2977 3414 3044 genuisse.
3438 3017 3453 3032 .
3472 3017 3491 3034 .

1904 3067 2126 3136 feruore,
2158 3078 2213 3124 et
2241 3070 2410 3124 multa
2435 3070 2557 3124 alia.
2598 3111 2611 3124 .
2648 3110 2660 3124 .
2697 3111 2710 3123 .
2748 3112 2760 3124 .
2795 3111 2807 3124 .
2839 3069 2970 3123 Nam
2997 3069 3110 3123 dea:
3136 3080 3343 3124 vesti-.13.
3381 3109 3394 3122 .
3426 3109 3440 3122 .
3472 3108 3491 3125 .

1905 3161 2144 3215 asseritis
2189 3160 2517 3222 veneranda,
2550 3161 2900 3216 obscenitatis
2928 3161 3058 3214 vitio
3110 3160 3492 3228 continentur;

1905 3351 1974 3400 et;
1995 3345 2048 3399 in
2079 3345 2240 3399 astris
2292 3345 2510 3415 ponitis.
2546 3344 2568 3375 ⁸
2595 3344 2706 3399 Cur
2735 3361 2842 3399 non
2893 3344 3211 3416 (interrogo)
3242 3352 3297 3399 ct
3324 3342 3494 3399 Juno-

1905 3453 2051 3506 nem,
2083 3446 2139 3492 ct
2166 3437 2478 3503 Minervam,
2511 3437 2597 3492 vel
2639 3436 2861 3491 Dianam
2881 3477 2896 3502 ,
2924 3437 3009 3491 vel
3053 3436 3496 3508 caeteras?727

1906 3529 1987 3584 An
2009 3530 2135 3599 quia
2156 3529 2423 3606 venerem
2446 3528 2623 3584 dicitis
2643 3523 2964 3599 speciosam,
2989 3527 3108 3582 ideo
3132 3542 3251 3582 eam
3281 3526 3334 3580 in
3355 3525 3496 3581 (telo

1908 3623 2152 3678 habitare
2193 3622 2524 3676 memoratis.
2562 3663 2576 3676 .
2610 3663 2622 3676 .
2661 3663 2675 3676 .
2711 3663 2724 3676 .
2758 3662 2770 3674 .
2803 3619 3063 3676 foeditatis
3093 3619 3322 3674 terrenis
3349 3617 3498 3673 sedi-

1909 3712 2008 3768 bus
2032 3712 2336 3783 deputatis?
2365 3712 2500 3779 Quid
2533 3712 2677 3766 illam
2705 3710 3222 3781 impudentissimam
3244 3707 3500 3765 feminam

1908 3806 2050 3861 inter
2068 3814 2150 3861 tot
2173 3806 2317 3860 viros
2337 3805 2509 3861 facitis
2531 3806 2583 3858 in
2606 3805 2764 3869 crelo,
2793 3803 2921 3873 quid
2941 3803 3042 3857 sibi
3059 3801 3329 3856 vindicat?
3352 3799 3501 3856 Uxor

1910 3906 1993 3956 est
2016 3897 2260 3968 alicujus,
2289 3912 2356 3951 an
2388 3907 2578 3961 mater,
2603 3911 2670 3950 an
2700 3911 2876 3960 soror,
2903 3911 2968 3948 an
2999 3893 3144 3948 ﬁlia?
3173 3891 3279 3947 Sed
3299 3891 3342 3947 si
3366 3889 3503 3948 nihil

1912 3995 2102 4050 horum
2144 4001 2244 4058 est,
2277 4000 2333 4048 et
2373 4000 2598 4062 propter
2638 3989 3093 4060 pulchritudinem
3143 3995 3347 4042 tantum
3379 3999 3505 4040 eam

1917 4088 2091 4144 dicitis
2118 4102 2235 4143 esse
2256 4088 2309 4141 in
2332 4086 2491 4150 coelo,
2513 4099 2634 4154 quae
2656 4083 2818 4139 fuerit
2838 4082 3146 4146 fornicaria,
3178 4078 3303 4134 vide
3338 4093 3503 4148 quam

1916 4177 2177 4233 nefarium
2205 4177 2274 4232 sit
2317 4177 2664 4231 criminosam
2695 4172 3147 4244 pulchritudinem
3177 4171 3356 4224 dicere
3385 4182 3506 4224 esse

1915 4270 1967 4324 in
1995 4269 2160 4334 caelo,
2194 4275 2250 4323 et
2297 4266 2588 4321 Minervam
2635 4280 2745 4319 non
2780 4263 2977 4331 dicitis,
3019 4277 3178 4331 quam
3208 4260 3382 4314 dicitis
3410 4273 3506 4313 ca-

1912 4371 2050 4416 stam
2090 4369 2144 4416 et
2186 4359 2519 4430 sapientem?
2549 4356 2787 4426 Apparet
2817 4370 2914 4408 vos
2934 4353 3058 4421 quia
3087 4349 3332 4406 carnales
3376 4346 3508 4402 estis

209 4462 428 4532 primus
455 4460 716 4524 instituit;
749 4459 873 4514 inde
917 4460 1167 4516 aerarium
1213 4461 1431 4516 Saturni
1473 4470 1728 4527 vocatur;
1759 4470 1815 4517 et
1915 4455 2095 4524 potius
2147 4467 2309 4522 quam
2359 4449 2648 4520 Spirilaleso
2729 4486 2743 4500 -
2822 4484 2837 4498 -
2917 4483 2931 4498 ο
3013 4482 3028 4496 ο
3107 4479 3122 4494 ο
3200 4479 3214 4494 ·
3295 4476 3312 4494 ο
3389 4475 3405 4492 ο
3484 4473 3503 4492 ο

213 4553 544 4610 rusticitatis
583 4553 672 4608 hic
701 4552 877 4608 cultor
906 4553 1024 4617 fuit,
1058 4553 1180 4608 inde
1209 4553 1400 4608 falcem
1430 4553 1608 4610 ferens
1636 4555 1811 4624 pingi-

209 4657 332 4702 tur.
362 4645 481 4714 Hic,
513 4661 633 4700 cum
664 4661 866 4701 vesano
888 4644 1390 4715 furoreraperetur,
1417 4643 1554 4700 ﬁlios
1582 4619 1931 4700 devora-D.
2024 4680 2038 4694 .
2127 4678 2142 4691 .
2235 4674 2252 4693 .
2340 4674 2356 4690 .
2447 4673 2461 4688 ο
2542 4672 2556 4687 ο
2634 4670 2648 4684 ο
2729 4669 2743 4683 -
2825 4669 2838 4682 -
2918 4666 2932 4680 -
3013 4665 3028 4680 -
3107 4663 3123 4679 -
3202 4662 3218 4678 -
3293 4627 3312 4676 ὲ
3390 4661 3409 4676 ο
3483 4656 3504 4676 ο

205 4740 295 4795 vit
328 4754 484 4804 suos;
516 4738 608 4809 qui
649 4745 706 4793 et
735 4745 927 4808 operto
953 4737 1152 4807 capite,
1185 4752 1254 4792 ne
1303 4743 1706 4806 agnosceretur,
1731 4737 1810 4792 ef-

204 4829 357 4899 fugit
405 4837 460 4884 et
488 4829 562 4883 ita
592 4829 646 4883 in
673 4827 909 4884 delubris
935 4827 1130 4883 vestris
1155 4825 1435 4883 formatur.
1489 4826 1676 4883 Jovem
1700 4825 1818 4897 ejus

205 4923 653 4978 ﬁliumamatre
701 4920 1053 4976 subtractum.
1133 4959 1150 4976 .
1230 4960 1244 4975 .
1323 4960 1338 4978 .
1418 4958 1434 4973 .
1513 4959 1528 4973 .
1608 4959 1622 4973 .
1703 4959 1717 4972 .
1799 4958 1814 4974 .

312 5306 334 5338 ί
357 5305 552 5356 Primus
573 5303 637 5353 ab
653 5303 878 5353 mthereo
897 5302 1035 5353 venit
1063 5301 1300 5352 Saturnus
1322 5299 1548 5364 Olympo,

348 5367 497 5416 Arma
519 5365 656 5416 Jovis
679 5366 894 5428 fugiens,
918 5371 984 5428 et
1001 5367 1172 5426 regnis
1202 5362 1343 5413 exsul
1369 5361 1632 5428 ademptis,

348 5429 398 5478 1s
420 5441 581 5490 genus
603 5423 832 5490 indocile,
862 5423 918 5476 ac
939 5423 1225 5490 diSpérsum
1240 5426 1485 5474 montibus
1508 5423 1618 5490 altis

347 5486 650 5553 Composuit,
675 5486 924 5553 Iegesijue
942 5486 1095 5553 dedit,
1123 5487 1418 5553 Latiumque
1442 5486 1600 5553 vocari

352 5549 543 5616 Maluit,
562 5553 637 5603 his
658 5549 1140 5616 quoniamlat‘uisaet
1160 5554 1294 5598 tutus
1319 5549 1506 5616 inuris.

727 5610 924 5664 Δῖηείά.
951 5610 1032 5662 lib.
1058 5625 1160 5671 vni,
1183 5622 1310 5662 vera.
1332 5611 1441 5661 519.

292 5725 320 5758 ³
355 5721 504 5792 Virg.
535 5720 628 5777 lib.
658 5735 768 5787 vm,
799 5733 939 5776 vers.
973 5715 1063 5770 47.

359 5836 381 5868 ³
406 5834 497 5884 Ast
521 5847 635 5897 ego,
658 5846 768 5895 quas
785 5833 944 5884 divum
965 5830 1141 5882 incedo
1163 5831 1358 5893 regina,
1385 5828 1618 5894 Jovisque

356 5897 421 5951 Et
439 5908 576 5947 soror
591 5904 651 5948 et
669 5897 869 5959 conjux,
892 5907 987 5946 una
1003 5907 1113 5945 cum
1136 5901 1291 5958 gente
1312 5900 1382 5945 tot
1400 5905 1553 5944 annos

1919 4912 2237 4981 religionem
2261 4925 2352 4980 qu.
2389 4947 2402 4962 .
2438 4948 2451 4962 .
2487 4946 2501 4960 .
2534 4945 2547 4959 .
2586 4947 2598 4960 .
2635 4945 2648 4958 .
2682 4920 2710 4958 a
2742 4902 2896 4959 vobis
2924 4900 3132 4971 antiqui
3159 4898 3252 4954 lib.
3289 4938 3304 4953 .
3340 4937 3355 4952 .
3391 4935 3405 4950 .
3439 4936 3453 4951 .
3491 4936 3508 4951 .

1921 5007 2121 5062 lumina
2169 5019 2291 5060 cum
2334 5003 2426 5057 bu.
2462 5041 2474 5054 .
2513 5043 2525 5056 .
2561 5041 2575 5054 .
2611 5041 2624 5054 .
2659 5040 2672 5053 .
2708 5038 2722 5053 .
2759 5039 2773 5053 .
2809 5038 2822 5052 .
2859 4995 3084 5068 picturis
3139 5001 3196 5050 et
3243 4991 3408 5063 signis
3457 4997 3514 5044 et

1924 5102 2058 5156 insa.
2094 5139 2106 5152 .
2143 5139 2156 5151 .
2193 5137 2206 5150 .
2244 5138 2257 5151 .
2287 5095 2482 5151 vestris
2519 5093 2717 5148 talibus
2763 5087 3126 5147 delectamini.
3162 5087 3184 5118 ⁸
3210 5084 3321 5141 Cur
3348 5080 3514 5138 hodie

2049 5295 2182 5347 Bella
2207 5296 2356 5357 gero!
2381 5291 2442 5343 Et
2464 5294 2718 5357 quisquam
2746 5303 2936 5357 numen
2959 5289 3162 5357 Juuonis
3183 5284 3358 5357 adoret

2050 5346 2320 5418 Prwterea,
2348 5364 2432 5407 aut
2452 5346 2660 5420 supplex
2683 5355 2783 5420 aris
2803 5356 3012 5420 imponat
3033 5346 3307 5420 honori-1n“?

2679 5407 2881 5467 Eneid.
2904 5413 2985 5464 lib.
3008 5427 3042 5471 ι,
3067 5422 3190 5460 utra.
3218 5407 3297 5458 50.

1997 5525 2018 5556 ὀ
2051 5525 2131 5580 Ex
2179 5542 2287 5596 quo
2329 5524 2840 5596 originem__duca_nt
2868 5521 2983 5574 hzcc
3027 5515 3254 5570 deorum
3297 5525 3516 5566 nomina

1925 5596 2126 5653 Cicero
2148 5592 2308 5668 tradit
2334 5592 2997 5668 lib:nide__Nat._deorum.
3027 5657 3037 5668 .
3078 5656 3090 5668 .
3208 5654 3220 5666 .

2005 5671 2026 5700 ⁵
2054 5668 2134 5722 Ex
2182 5667 2387 5723 Graecia
2417 5668 2468 5720 in
2499 5665 2702 5737 Italiam
2718 5660 2846 5737 ludi
2893 5660 3094 5737 scenici
3139 5660 3519 5737 primumntra-I

1937 5740 2086 5794 ducti
2113 5746 2256 5794 sunt.
2283 5740 2339 5793 S.
2365 5737 2587 5809 August.
2612 5734 2680 5788 de
2708 5731 2867 5786 Civit.
2898 5727 3108 5809 Deilib.
3141 5723 3196 5791 il,
3229 5740 3348 5805 cap.
3380 5723 3436 5788 8,
3461 5730 3522 5809 ut

1938 5811 2214 5865 Romanos
2255 5802 2480 5878 gentiles
2518 5807 2584 5861 de
2631 5818 2819 5858 eorum
2865 5802 3107 5878 caecitate
3152 5802 3520 5878 convinceret,

1932 5882 2132 5949 probat
2183 5866 2325 5947 ipsos
2379 5893 2485 5934 non
2515 5888 2790 5933 sacrorum
2832 5870 3138 5937 sanctitate,
3167 5866 3263 5924 sed
3302 5876 3521 5922 suarum
