4052 6330
496 407 594 466 187
1702 394 1759 450 S.
1800 388 2045 448 MAXIM!
2082 390 2096 443 Ἴ

2145 345 2533 444 mentumis
3646 378 3745 443 788

494 541 613 598 qum
635 524 690 579 in
718 519 942 577 theatris
969 516 1034 573 ad
1055 514 1468 573 acclamationes
1495 519 1700 568 vestras
1728 504 2073 581 impurissimi
2100 504 2153 565 Α
2176 501 2304 598 quid
2327 501 2430 598 hic
2443 500 2606 555 fatum
2637 499 2812 598 facere
2852 501 3025 598 potu-it
3045 518 3070 598 ,ς
3100 497 3553 598 ηιξηρυίάοῐξιιιεε
3580 499 3633 554 in
3659 500 3748 559 ille

494 590 782 674 histriones
809 610 1121 682 exprimunt
1140 608 1311 679 ipsam
1353 603 1678 677 impudicam
1706 599 1972 656 Venerem
2017 602 2075 651 et
2174 593 2375 648 diluvio
2405 592 2573 647 fatum
2602 590 2828 657 occidit,
2853 599 2944 644 aut
2972 590 3063 645 isti
3082 591 3172 646 uni
3194 590 3360 645 fatum
3390 590 3560 646 vitam
3584 591 3749 650 dona-
3829 592 3840 604 '

495 688 793 763 adulterum
817 701 1062 767 Martem,
1092 697 1282 755 Jovem
1308 697 1457 753 illum
1483 693 1783 767 principem
1820 689 2075 746 vitiorum
2174 689 2291 744 vit?
2316 691 2331 721 ¹
2361 687 2419 742 Si
2449 701 2637 743 omnes
2678 684 2842 739 fatum
2864 684 3083 752 occidit,
3127 699 3222 739 cur
3261 700 3369 739 non
3399 692 3456 739 et
3483 684 3676 739 istum?
3703 684 3751 742 si

496 799 557 863 in
573 806 818 855 terrenos
838 807 1052 849 amores
1079 807 1205 849 cum
1224 790 1335 846 suis
1352 786 1681 855 fulminibus,
1708 782 1762 838 id
1780 789 1863 838 est
1886 779 2077 849 magiis
2175 783 2301 838 huic
2326 781 2495 838 fatum
2537 780 2703 837 vitam
2730 779 2970 846 donavit,
3000 795 3098 834 cur
3121 794 3230 834 non
3257 786 3314 834 et
3335 779 3626 834 omnibus?
3650 778 3752 835 Sui

496 892 837 947 immutatum
882 870 1188 951 albescere;
1219 898 1364 939 nunc
1408 894 1575 937 aureo
1621 877 1793 933 imbre
1841 871 2079 931 deﬂuere
2176 891 2306 933 vere
2349 877 2521 943 virtus
2565 882 2621 930 et
2647 874 2889 945 potentia
2941 873 3329 944 omnipotentis
3356 871 3453 926 Dei
3480 870 3599 927 haec
3644 872 3756 926 sine

500 1023 516 1037 .
609 1023 624 1036 .
712 1018 726 1033 .
819 1017 835 1036 .
923 1016 941 1033 .
1025 1015 1044 1031 .
1120 1013 1137 1029 .
1215 1011 1232 1029 .
1306 1011 1324 1029 .
1402 1011 1419 1026 .
1498 1011 1513 1027 .
1590 1010 1605 1026 .
1682 1008 1699 1025 .
1776 1008 1794 1025 .
1872 1006 1888 1022 .
1964 1004 1979 1021 .
2059 1000 2077 1019 .
2178 967 2520 1033 dubiofecit,
2551 967 2646 1037 qui
2684 963 3757 1038 pervicacibusetcontemnentibustri-

2177 1062 2297 1119 buit
2320 1050 2529 1135 pinnas,
2551 1068 2609 1117 et
2625 1060 2787 1132 iustis
2815 1068 2873 1116 et
2897 1074 2995 1116 sua
3013 1068 3278 1132 praecepta
3308 1057 3649 1121 servantibus
3673 1074 3759 1116 sa-

505 1157 3029 1219 .................lutem........

506 1430 2085 1508 Quicunqueenirnsinelegepeccaurunt,dnelegeperi-
2190 1472 2202 1486 .
2282 1471 2297 1486 .
2378 1472 2392 1486 .
2471 1471 2487 1487 .
2565 1472 2581 1486 .
2658 1471 2675 1487 .
2754 1471 2769 1485 .
2847 1470 2865 1485 .
2942 1469 2960 1486 .
3037 1471 3053 1486 .
3131 1470 3146 1485 .
3224 1471 3238 1486 .
3329 1471 3344 1486 .
3422 1454 3449 1486 ο.
3542 1471 3558 1486 .
3650 1470 3669 1486 .
3746 1464 3767 1489 ο

504 1520 2088 1601 bunt,etquicunqueintegepeccaveruut,pertegemjudi-
2191 1565 2207 1581 .
2285 1565 2301 1580 .
2377 1564 2391 1578 .
2471 1562 2486 1578 .
2565 1562 2580 1578 .
2658 1559 2674 1577 .
2752 1561 2771 1577 .
2846 1560 2863 1577 .
2942 1561 2959 1577 .
3038 1563 3051 1576 .
3132 1563 3146 1577 .
3224 1565 3238 1578 .
3317 1562 3329 1576 .
3419 1564 3432 1578 .
3532 1563 3547 1577 .
3641 1564 3659 1578 .
3750 1558 3768 1581 ι

507 1618 758 1676 cabunlur
798 1617 975 1689 (Rom.
1008 1615 1103 1693 n);
1149 1621 1204 1669 et
1251 1629 1359 1669 non
1387 1613 1712 1668 erubescunt
1763 1613 1979 1683 pagani,
2007 1618 2091 1668 tot
2187 1618 2361 1675 dicam
2390 1617 2537 1688 quia
2562 1616 2821 1685 magistro
2842 1614 3029 1687 Moyse
3055 1616 3203 1672 nullo
3229 1616 3441 1672 virtutis
3466 1617 3664 1672 merito
3684 1615 3769 1672 de

508 1711 641 1766 deos
663 1716 717 1765 et
744 1708 873 1764 deas
901 1706 1100 1773 dicere,
1129 1704 1423 1788 Saturnum
1440 1704 1690 1773 genuisse
1717 1712 1771 1757 et
1796 1701 1985 1771 Jovem
2001 1703 2089 1788 Vel
2189 1723 2476 1778 generasse
2504 1707 2871 1777 cognoscitur,
2895 1707 3096 1777 quique
3123 1707 3189 1763 ad
3226 1707 3599 1763 debellandum
3624 1706 3771 1763 leris

508 1789 751 1861 caeteros.
785 1800 891 1856 Sed
910 1800 956 1854 si
985 1807 1112 1855 tunc
1133 1785 1250 1879 nati
1276 1804 1401 1874 sunt
1427 1796 1499 1851 dii
1517 1835 1534 1863 ,
1564 1811 1660 1852 cur
1688 1811 1795 1869 non
1824 1785 2089 1863 hodieque
2134 1856 2137 1857 ν
2190 1806 2293 1861 oho
2332 1803 2603 1858 civitatem
2650 1800 2944 1872 profectus,
2996 1801 3245 1872 precibus
3273 1802 3439 1873 739
3462 1802 3591 1866 suis,
3623 1800 3775 1855 velut

509 1888 835 1953 nascuntur?
865 1892 968 1948 nisi
1012 1891 1174 1971 forte,
1206 1899 1264 1969 ut
1292 1891 1486 1946 iterum
1531 1897 1747 1961 sanctus
1791 1886 2092 1961 Cyprianus
2122 1880 2169 1940 B
2194 1895 2426 1967 quodam
2480 1894 2723 1959 fulmine,
2764 1891 2981 1948 Iericho
3008 1907 3192 1947 muros
3217 1893 3335 1948 sine
3362 1908 3512 1947 mora
3541 1892 3775 1961 deiecit,

511 1991 744 2056 dicebat,
772 1996 866 2044 ³1η
885 1986 1096 2067 Jupiter
1136 1986 1338 2054 senuit,
1360 1992 1454 2040 aut
1475 1992 1659 2055 partus
1685 1984 1741 2052 in
1762 1981 1974 2051 lunone
1998 1982 2094 2039 deo
2192 1998 2250 2046 et
2276 2004 2445 2059 usque
2472 1988 2538 2043 ad
2586 1987 2932 2042 fundamenta
2958 1987 3278 2056 prostravit;
3310 1986 3401 2057 qui
3438 1986 3600 2040 etiam
3648 1985 3777 2041 solis

466 2137 476 2147 .
510 2086 657 2144 fecit.
697 2085 831 2141 Item
856 2084 1050 2157 pagani
1077 2083 1288 2140 volatus
1313 2082 1494 2141 avium
1534 2082 1828 2143 observant
1850 2089 1905 2139 et
1934 2095 2096 2138 voces
2192 2083 2537 2139 citatissimos
2559 2094 2746 2137 cursus
2771 2093 2932 2150 supra
2960 2074 3185 2133 Gabaon
3212 2077 3416 2135 orando
3456 2077 3634 2133 tenuit
3664 2077 3781 2150 (10'-

511 2196 801 2238 corvorum
841 2177 931 2235 vel
966 2176 1382 2242 coruicularum,
1410 2184 1469 2231 et
1494 2174 1745 2235 inlibris.
1779 2214 1797 2230 .
1829 2214 1845 2233 .
1876 2212 1894 2231 .
1927 2214 1946 2231 .
1977 2213 1993 2230 .
2027 2214 2043 2231 .
2074 2214 2090 2230 .
2192 2190 2285 2229 sue
2308 2174 2387 2244 ι),
2419 2181 2474 2228 et
2502 2173 2641 2227 luna:
2682 2171 2797 2225 vias
2842 2185 3003 2241 supra
3048 2170 3359 2241 phalanges,
3405 2184 3502 2227 sua
3549 2165 3782 2225 interdi-

516 2314 532 2329 .
623 2312 639 2329 .
734 2311 751 2328 .
840 2311 859 2329 .
944 2311 963 2328 .
1038 2308 1056 2328 .
1133 2308 1153 2327 .
1225 2308 1242 2325 .
1320 2306 1339 2325 .
1413 2307 1433 2324 .
1507 2306 1525 2324 .
1604 2304 1621 2324 .
1696 2306 1712 2324 .
1793 2305 1810 2325 .
1886 2305 1902 2324 .
1980 2306 1996 2323 .
2074 2305 2091 2324 .
2195 2261 3782 2335 ctionecompressit,usquequeomesadverSariossupe-

516 2405 563 2439 .p
622 2405 640 2421 .
725 2403 740 2419 .
829 2402 847 2421 .
936 2401 953 2421 .
1029 2402 1045 2419 .
1122 2401 1137 2416 .
1217 2400 1237 2419 .
1311 2398 1329 2418 .
1406 2398 1425 2417 .
1499 2396 1516 2416 .
1594 2398 1611 2415 .
1690 2396 1708 2415 .
1783 2398 1801 2416 .
1878 2397 1894 2417 .
1974 2396 1990 2414 .
2072 2397 2090 2416 .
2194 2352 3783 2425 rmt.dedeEiiasanctissimodicam,qhimeritoﬁdei

515 2498 566 2525 .,
619 2496 636 2512 .
725 2496 739 2510 .
830 2495 845 2510 .
938 2491 956 2510 .
1031 2493 1047 2510 .
1124 2492 1142 2509 .
1220 2492 1237 2509 .
1316 2490 1331 2507 .
1407 2490 1423 2506 .
1506 2490 1521 2507 .
1600 2490 1617 2509 .
1695 2489 1712 2505 .
1793 2489 1809 2508 .
1888 2489 1905 2507 .
1980 2490 1998 2508 .
2074 2490 2093 2508 .
2195 2454 2402 2509 clavem
2450 2450 2697 2505 imbrium
2739 2447 3783 2519 gestabatinlabiis,dequaclausun

512 2544 2091 2616 tionibusin........quiruntseddin...'......

515 2637 2093 2714 musquodcaver.........praeterireneces....
2199 2676 2215 2692 .
2302 2676 2318 2691 .
2409 2675 2423 2689 .
2512 2675 2525 2690 .
2604 2673 2618 2688 .
2698 2674 2713 2689 .
2803 2672 2817 2687 .
2895 2674 2909 2687 .
2991 2674 3006 2688 .
3086 2673 3101 2688 .
3181 2674 3194 2687 .
3277 2673 3289 2687 .
3369 2672 3385 2687 .
3464 2672 3478 2686 .
3563 2673 3579 2687 .
3671 2672 3689 2688 .
3763 2668 3783 2691 .

514 2724 2098 2807 quaimmin‘entvi...”.clinare,quibusdicimus;si
2202 2770 2216 2785 .
2303 2770 2318 2785 .
2412 2770 2427 2784 .
2511 2769 2526 2783 .
2604 2767 2620 2783 .
2697 2767 2714 2782 .
2806 2767 2820 2781 .
2899 2765 2912 2779 .
2993 2765 3008 2779 .
3090 2766 3103 2781 .
3182 2766 3196 2779 .
3277 2767 3291 2781 .
3371 2767 3385 2780 .
3466 2765 3485 2782 .
3562 2765 3578 2780 .
3671 2767 3689 2781 .
3764 2762 3783 2783 .

516 2818 2099 2898 ergo728vitaripossuntperobservantiamquaefutura
2203 2866 2216 2880 .
2304 2867 2318 2881 .
2404 2832 2423 2877 '.
2511 2863 2526 2877 .
2609 2864 2621 2876 .
2702 2862 2716 2877 .
2805 2861 2818 2875 .
2900 2861 2915 2874 .
2994 2861 3007 2874 .
3087 2861 3101 2874 .
3183 2862 3196 2875 .
3276 2860 3290 2873 .
3371 2860 3385 2873 .
3467 2860 3482 2876 .
3564 2860 3579 2873 .
3671 2859 3691 2874 .
3765 2854 3784 2876 .

517 2924 663 2999 sunt,
688 2915 801 2985 jam
829 2928 957 2984 ergo
984 2928 1095 2969 non
1118 2912 1218 2970 sub
1238 2911 1337 2967 fati
1354 2920 1500 2968 sorte
1527 2912 1703 2980 agitur
1726 2912 1891 2967 homo
1913 2920 1971 2968 et
1998 2912 2100 2986 im-
2200 2915 2583 2985 naufragorum
2612 2914 2680 2968 ab
2707 2914 2969 2984 opinione
3009 2928 3119 2968 non
3156 2913 3392 2980 destitit;
3436 2910 3494 2968 et
3524 2921 3705 2969 totum
3755 2928 3789 2970 a

517 3006 732 3089 mobilis
776 3004 998 3069 decreti,
1029 3004 1120 3073 qui
1147 3003 1368 3059 arbitrio
1394 3017 1495 3058 suo
1542 3010 1600 3058 et
1642 3002 1854 3059 cautela
1901 3002 2102 3073 poterit
2201 3008 2427 3062 Domino
2453 3005 2711 3076 quidquid
2754 3005 3050 3076 postulavit
3090 3006 3316 3076 accepit,
3360 3013 3414 3062 et
3441 3005 3594 3061 velut
3634 3005 3790 3062 navis

518 3099 790 3156 declinare
813 3095 957 3167 quod
1003 3096 1262 3151 imminet.
1311 3094 1417 3150 Sed
1445 3094 1667 3150 dicunt:
1698 3093 1815 3150 Non
1843 3101 2100 3165 poterunt
2203 3100 2374 3156 fidelis
2402 3099 2492 3154 illa
2519 3099 2669 3153 salva
2709 3097 2828 3165 fuit,
2859 3105 2915 3152 et
2942 3097 3255 3168 perductum
3299 3097 3367 3153 ad
3410 3098 3604 3169 ripam,
3650 3099 3789 3155 sicut

519 3190 796 3249 declinari.
826 3189 1073 3245 Dicamus
1106 3186 1174 3241 ad
1203 3202 1298 3242 eos
1318 3186 1511 3242 iterum
1537 3203 1550 3239 :
1580 3183 1689 3240 Cur
1714 3199 1844 3254 ergo
1872 3186 2097 3256 inquiri-
2145 3262 2162 3264 Α
2200 3201 2499 3264 acceperat,
2524 3190 2791 3261 integr-inii
2818 3192 3241 3262 ωριιωεριιιενίι,
3264 3190 3465 3247 Omnes
3485 3193 3651 3247 etiam
3672 3207 3790 3248 san-

519 3283 623 3340 tis?
641 3297 736 3339 cur
754 3281 949 3337 frustra
967 3278 1229 3335 sacrificia
1250 3276 1569 3336 celebratis?
1586 3292 1683 3333 cur
1702 3291 1865 3334 voces
1883 3277 2096 3331 avium?
2122 3262 2169 3327 C
2190 3285 2274 3339 αἱ
2314 3262 2592 3356 ῥι-οριιειω
2629 3283 2823 3338 [nemo
2871 3282 2996 3338 ﬁdei
3023 3296 3153 3349 sua,
3184 3265 3263 3337 ut.
3286 3282 3542 3348 diximus,
3592 3282 3790 3338 multa;

521 3360 620 3443 cur
637 3374 848 3430 volatus
864 3371 1158 3427 attenditis.
1236 3409 1251 3424 .
1332 3410 1355 3425 .A
1425 3409 1441 3425 .
1520 3409 1554 3439 ,η
1612 3406 1628 3423 .
1705 3405 1721 3422 .
1801 3408 1816 3425 .
1895 3409 1909 3424 .
1987 3410 2001 3424 .
2081 3409 2096 3426 .
2202 3376 2433 3431 virtutes
2458 3382 2515 3431 et
2541 3374 2710 3429 multa
2754 3373 3019 3428 mirabilia
3046 3372 3408 3444 perfecerunt.
3442 3371 3595 3427 Beati
3623 3373 3789 3428 etiam

846 3503 861 3516 .
954 3501 969 3516 .
1049 3496 1065 3515 ι
1142 3499 1157 3513 -
1236 3498 1251 3514 ο
1330 3498 1347 3514 ο
1425 3498 1438 3511 -
1517 3496 1535 3512 ο
1608 3496 1631 3511 ο
1707 3496 1724 3512 -
1802 3495 1816 3511 ο
1895 3497 1910 3511 ο
1988 3498 2003 3512 ο
2081 3496 2097 3513 ο
2204 3469 2434 3540 apostoli
2461 3464 2841 3523 etconfractos
2869 3465 3072 3521 viribus
3098 3465 3472 3532 restituebant,
3518 3472 3575 3520 et
3595 3465 3791 3520 nihila

630 3596 648 3614 .
735 3596 752 3612 ο
834 3596 850 3610 .
943 3595 956 3608 -
1044 3593 1060 3608 ο
1138 3591 1153 3606 ο
1233 3590 1249 3605 ο
1326 3589 1343 3605 ο
1422 3588 1437 3605 ο
1516 3588 1531 3603 ι
1610 3588 1625 3603 ο
1705 3588 1720 3603 -
1892 3590 1906 3603 -
1986 3587 2001 3603 -
2080 3589 2098 3607 -
2202 3562 2313 3617 fato
2339 3561 2616 3633 petebant,
2646 3566 2703 3613 et
2728 3556 2973 3612 infirmos
2999 3557 3276 3623 curabant,
3312 3563 3369 3611 et
3405 3562 3655 3611 mortuos
3697 3570 3791 3613 su-

2204 3656 2497 3718 scitabant;
2529 3651 2624 3707 sed
2674 3650 2854 3704 omnia
2898 3648 2990 3702 Dei
3021 3649 3234 3715 virtute,
3267 3656 3323 3703 et
3359 3647 3557 3704 Christi
3587 3648 3791 3703 auxilio

522 3742 864 3814 ingemueris.
899 3780 915 3795 .
948 3780 963 3795 .
995 3779 1010 3793 .
1045 3780 1060 3794 .
1091 3738 1187 3793 Vis
1221 3736 1359 3793 scire
1378 3742 1640 3806 quantum
1658 3750 1846 3807 preces
1864 3737 2101 3805 valeant,
2204 3740 2586 3814 adimplenam.
2667 3782 2679 3793 .
2761 3781 2774 3795 .
2856 3782 2868 3793 .
2946 3737 3058 3793 Diis
3105 3751 3315 3808 pagano
3392 3779 3406 3792 .
3486 3779 3500 3793 .
3581 3778 3596 3793 .
3681 3734 3727 3793 .’
3775 3776 3791 3793 .

524 3842 785 3905 quantum
812 3833 1060 3904 placeant
1099 3830 1330 3884 Domino
1357 3826 1471 3885 Deo
1509 3829 1785 3884 orationes
1827 3827 2098 3896 ﬁdelium;
2204 3837 2564 3893 diteoiissimis
2583 3835 2843 3891 dicamus.
2923 3873 2937 3888 .
3016 3872 3033 3887 .
3111 3871 3127 3886 .
3203 3870 3218 3887 .
3297 3871 3317 3886 .
3392 3872 3407 3886 .
3488 3871 3500 3887 .
3582 3873 3596 3886 .
3681 3872 3697 3887 .
3775 3840 3843 3890 .'

522 3926 735 3997 inquire
764 3926 817 3980 in
846 3924 997 3980 libris
1022 3922 1240 3989 nostris,
1272 3920 1502 3976 inlibris
1547 3921 1693 3977 clara
1714 3923 1948 3977 veritate
1977 3938 2104 3993 per-
2205 3937 2290 3986 est
2309 3938 2364 3985 et
2393 3928 2515 3982 fidei
2558 3934 2753 3982 nostra:
2829 3962 2843 3981 .
2924 3964 2939 3981 .
3017 3964 3031 3978 .
3112 3966 3125 3980 .
3205 3964 3220 3979 .
3298 3964 3313 3979 .
3392 3967 3405 3980 .
3488 3965 3502 3979 .
3581 3966 3595 3979 .
3679 3966 3694 3980 .
3775 3963 3792 3979 .

524 4018 993 4091 spicuis;inquire
1012 4016 1079 4072 de
1103 4015 1239 4081 Noe,
1265 4014 1474 4084 inquire
1494 4012 1777 4085 deMoyse,
1809 4014 2107 4084 inquirede
2206 4026 2489 4096 loquamur
2514 4038 2654 4077 unus
2673 4028 2759 4081 est
2831 4059 2845 4074 .
2925 4061 2939 4074 .
3021 4060 3033 4073 .
3113 4060 3128 4074 .
3204 4059 3219 4073 .
3299 4058 3314 4072 .
3394 4060 3407 4073 .
3490 4059 3503 4072 .
3582 4058 3595 4071 .
3679 4058 3693 4071 .
3774 4056 3792 4073 .

526 4109 657 4167 Jesu
674 4110 784 4165 ﬁlio
811 4108 980 4177 Nave,
1002 4108 1213 4177 inquire
1240 4106 1308 4161 de
1334 4104 1451 4161 Elia
1480 4106 1566 4161 vel
1594 4104 2107 4176 Eliseo,inquirede
2208 4118 2464 4173 Dominus
2488 4117 2645 4181 Deus,
2674 4122 2729 4170 et
2748 4122 2966 4170 sanctus
3013 4155 3026 4168 .
3106 4155 3119 4168 .
3201 4155 3214 4168 .
3294 4154 3307 4166 .
3390 4156 3402 4168 .
3485 4156 3497 4169 .
3580 4154 3593 4167 .
3679 4152 3694 4168 .
3777 4151 3793 4169 .

527 4201 667 4260 Jona
691 4201 780 4257 vel
804 4201 1011 4256 ceteris
1034 4200 1233 4254 sanctis
1258 4198 1542 4271 prophetis
1569 4206 1625 4252 et
1650 4198 1822 4253 beatis
1850 4200 2108 4269 apostolis

2209 4202 3791 4269 estdicens...o...........

531 4284 731 4353 Christi
753 4290 1051 4362 discipulis,
1078 4289 1272 4365 quibus
1296 4294 1471 4347 totum
1496 4287 1754 4345 Dominus
1781 4288 1926 4345 dedit
1946 4290 2105 4359 quid-

2210 4303 2406 4357 limitas
2443 4309 2649 4389 potest.
2729 4342 2742 4355 .
2823 4340 2836 4353 .
2911 4341 2934 4361 ,.
3015 4341 3028 4355 .
3108 4342 3122 4355 .
3203 4342 3217 4355 .
3296 4342 3309 4354 .
3394 4341 3408 4354 .
3492 4343 3505 4356 .
3585 4342 3597 4355 .
3683 4341 3698 4355 .
3778 4341 3792 4356 .

530 4388 659 4461 quid
683 4401 870 4443 eorum
895 4357 1074 4441 tidelis
1095 4357 1277 4439 oratio
1303 4383 1626 4455 postulati“;
1657 4382 1783 4439 inde
1807 4399 1937 4454 ει·Βο
1961 4357 2109 4443 iam"
2211 4412 2295 4452 em
2322 4357 2587 4451 cum-sim
2617 4394 2812 4449 habeat
2847 4357 3197 4463 potestatem,
3226 4386 3370 4450 hunc
3409 4410 3577 4449 unum
3622 4394 3796 4451 Deum

533 4481 897 4554 nies.qu.anta
922 4494 953 4533 a
982 4486 1037 4534 te
1062 4476 1659 4549 poterunt‘impetrari.
1692 4514 1706 4531 .
1744 4518 1758 4531 .
1794 4516 1810 4531 .
1842 4515 1856 4531 .
1891 4516 1907 4534 .
1943 4518 1956 4532 .
1989 4517 2006 4533 .
2041 4517 2055 4533 .
2092 4519 2106 4534 .
2211 4487 2382 4544 credit
2406 4494 2459 4541 ei
2486 4494 2774 4541 veneratur
2794 4485 3055 4555 Ecclesia,
3095 4486 3187 4557 qui
3234 4487 3414 4542 omnia
3459 4500 3797 4558 quaecunque

532 4586 709 4649 (Ille-,-
844 4610 871 4647 ο,
893 4610 907 4624 -
940 4610 953 4624 -
988 4609 1001 4623 -
1039 4610 1052 4623 -
1084 4568 1237 4623 ίιοῑοο
1271 4607 1284 4621 ·
1317 4605 1343 4621 ου
1367 4606 1382 4621 ο
1418 4605 1431 4621 -
1467 4606 1479 4621 -
1516 4606 1530 4621 -
1563 4566 1839 4637 naufragio
1868 4570 2009 4637 inter
2029 4568 2111 4637 ίυ-
2143 4648 2154 4650 Α
2211 4588 2365 4644 sunt,
2387 4579 2554 4634 verbo
2594 4578 2888 4648 maiestatis
2917 4594 3028 4634 suae
3073 4588 3130 4635 et
3164 4580 3428 4650 sapientia
3458 4581 3679 4650 format,
3710 4595 3798 4636 ra-

534 4670 717 4740 rentes
764 4662 963 4738 undas
990 4669 1046 4719 et
1091 4660 1366 4735 strepitus.
1400 4699 1414 4713 .
1449 4698 1464 4713 .
1595 4658 1893 4732 ludentium
1940 4663 2109 4727 etiam

2212 4674 2361 4729 tione
2404 4678 2462 4725 et
2500 4671 2858 4743 omnipotenti
2893 4672 3093 4727 virtute
3136 4648 3509 4741 consummat;
3557 4648 3798 4730 hienon

536 4754 777 4832 nudique,
800 4753 1177 4827 procellarum.
1209 4767 1305 4823 per
1331 4751 1565 4823 μηδείς-,ο
1602 4752 1957 4823 «discrimina
1987 4770 2110 4825 per-
2150 4808 2155 4815 .
2212 4766 2384 4822 videri
2410 4772 2623 4837 potest;
2651 4767 2770 4821 visu
2807 4767 3001 4822 clarior
3029 4773 3129 4832 est,
3160 4780 3261 4821 nec
3303 4766 3592 4833 aestimari;
3633 4782 3800 4823 sensu

535 4845 919 4920 egcellentiujn
954 4857 1214 4919 aquarum
1241 4843 1526 4914 meillenda
1555 4844 2018 4911 cacuminafretus
2042 4848 2113 4907 de
2149 4908 2152 4911 λ
2215 4859 2387 4927 major
2413 4866 2522 4923 est;
2567 4866 2623 4913 et
2662 4858 2783 4913 ideo
2809 4859 2887 4913 sic
2930 4857 3240 4927 enm‘digne
3283 4859 3633 4925 aestimamus,
3669 4859 3801 4914 dum

538 4935 754 4991 Domini
776 4935 979 5008 pietate
995 4933 1223 4989 feliciter
1242 4934 1496 5003 evaserit,
1529 4974 1543 4999 .
1580 4975 1593 4989 .
1629 4975 1642 5004 τ
1674 4975 1688 5002 .
1714 4936 1913 5015 quique
1936 4940 2082 5008 preci

2218 4951 2664 5007 inmslimahilem-
2689 4949 3063 5006 dicimusdiic
3091 4958 3194 5019 est,
3240 4951 3491 5020 inquam,
3544 4951 3802 5006 Dominus

537 5026 643 5085 bus
668 5024 802 5083 fusis
826 5026 895 5080 ad
920 5025 1205 5083 Dominum
1228 5026 1484 5081 meruerit
1510 5027 1825 5096 incolumis,
1856 5046 1978 5087 cum
2005 5035 2119 5090 suis

2254 5053 2585 5113 lcusatoster,
2602 5060 2764 5115 quem
2787 5044 2962 5114 ebipsi
2981 5044 3191 5099 ratione
3212 5044 3449 5114 superati
3473 5058 3803 5114 paganorum
3846 5060 3854 5068 ·

541 5119 792 5189 omnibus
816 5118 1100 5187 reservari,
1131 5126 1191 5174 ut
1216 5118 1503 5175 miraretur
1545 5126 1601 5176 et
1647 5120 1761 5191 ipsa
1803 5130 2115 5194 tempestas,

2254 5136 2693 5207 thilosophiretsi
2738 5152 2844 5189 non
2896 5143 3245 5201 venerantur;
3286 5142 3465 5189 tamen
3508 5141 3805 5203 agnoscunt
3843 5152 3854 5159 -

542 5210 793 5267 omnibus
816 5210 1013 5281 ubique
1040 5211 1409 5283 pereuntibus,
1432 5226 1597 5265 unum
1618 5212 1960 5271 solummodo
1994 5233 2115 5273 cum

2225 5229 2414 5282 Deum.
2439 5224 2563 5280 ldeo
2591 5226 2804 5296 quidem
2834 5242 2941 5307 non
2962 5235 3306 5290 venerantur,
3340 5228 3593 5295 quoniam
3622 5227 3672 5281 in
3720 5226 3805 5279 in-

540 5301 653 5361 suis
680 5303 1023 5376 superstitem
1049 5303 1301 5361 evasisse.
1332 5303 1524 5389 Dicant
1560 5305 1778 5376 pagani,
1802 5308 1844 5365 si
1872 5320 2115 5379 possunt,
2219 5319 2415 5389 juriam
2444 5318 2610 5387 ipsius
2634 5301 2909 5373 Creatoris
2932 5317 3133 5373 multo:
3154 5326 3404 5373 asserunt
3425 5317 3575 5382 deos,
3618 5323 3677 5372 et
3707 5316 3810 5370 ho-

540 5512 935 5590 turpitudinum
989 5508 1225 5566 editione
1264 5507 1431 5590 deos
1450 5508 1663 5590 placare
1712 5510 1965 5590 voluisse.
2000 5512 2117 5590 Hoc
2229 5517 2977 5590 mioqqmmodoexqunendo
3006 5518 3206 5590 fecisse,

542 5579 679 5668 dico,
702 5585 1111 5668 negantes
1131 5579 1645 5668 cutviﬂeﬂ‘ﬁsbfid,
1669 5580 1872 5668 eosdem
1900 5582 2117 5665 illostu-
2226 5579 2252 5668 _'
2298 5597 2317 5668 ξ
2348 5587 2447 5643 llic
2486 5589 2751 5668 :tlaximus
2781 5579 2892 5642 Noe
2922 5579 3279 5668 pat'riarcham
3310 5580 3574 5668 indigitat,
3599 5588 3717 5668 qui,
3751 5595 3813 5641 ut

543 5653 725 5737 dos-in"
749 5653 1176 5737 quibusiregnant
1202 5653 1449 5737 ﬁgmenta
1470 5654 2119 5737 ipoetaruntgtonyerjm-
2226 5658 2454 5737 habetur
2481 5660 2711 5737 Genesis
2734 5674 2854 5728 cap.
2887 5653 3267 5737 vii,_salvus_ex
3292 5653 3453 5730 aquis
3474 5653 3644 5737 diluvii
3673 5674 3813 5737 evaf

541 5722 771 5802 tantum
804 5722 1103 5802 obsequium
1145 5723 1307 5802 sacris
1349 5722 1584 5802 deorum.
1618 5735 1826 5802 suorum
1874 5722 2118 5802 ‘intulisse
2225 5729 2324 5793 sit;
2357 5729 2570 5783 dicen-te
2600 5722 2874 5798 Scriptura
2903 5748 2914 5781 :
2950 5722 3739 5796 ΒεωαηδὶιαῴικιοὰεΝοϐ,
3758 5734 3813 5783 ει

548 5788 833 5873 Romam,
853 5788 1101 5865 sed-ipsos
1127 5793 1269 5857 deos,
1300 5788 1479 5873 m‘sibi
1506 5789 1797 5873 δοιθῃιηίξθι·
1824 5788 2115 5873 ederentur,
2224 5788 2445 5873 quicum
2466 5816 2526 5853 eo
2552 5809 2701 5853 erant
2721 5788 2784 5853 ’ὶη
2812 5816 2957 5854 arca.

545 5871 600 5917 et
649 5862 833 5917 honori
881 5859 991 5917 καθ’
1020 5868 1440 5917 consecrarentur
1493 5859 1673 5921 acerbe
1710 5861 2039 5932 imperando,
2068 5859 2119 5919 et
