4052 6330
252 308 343 368 τευ

252 612 351 686 ipsi
377 607 683 682 philosophi
710 605 937 662 veritate
971 601 1286 672 compressi,
1315 606 1373 654 et
1399 595 1720 652 invisibilem
1748 607 1836 647 asa-

252 685 457 770 serunt,
484 708 540 757 et
564 698 806 756 omnium
844 701 1254 766 praepotentem,
1285 692 1336 745 in
1385 703 1494 758 quo
1535 685 1837 757 praecipuus

253 799 513 851 Sostenes
535 791 761 846 formam
789 786 950 856 hujus
977 783 1160 840 mundi
1188 789 1348 850 negat
1375 778 1616 849 conspici
1655 791 1834 847 posse,

257 897 311 944 et
337 887 559 956 angelos
580 898 739 939 veros
766 880 878 937 sedi
907 878 1024 948 ejus
1067 877 1198 933 dicit
1223 877 1500 940 assistere,
1545 874 1600 929 in
1628 886 1738 943 quo
1783 879 1841 925 et

259 981 413 1036 Plato
455 979 571 1049 pari
598 977 810 1032 ratione
838 971 1132 1038 consentit,
1163 978 1219 1024 et
1245 983 1408 1024 unum
1438 967 1606 1021 Deum
1647 962 1841 1034 praedi-

259 1089 406 1138 cans,
437 1079 660 1127 ceteros
707 1066 927 1136 angelos
971 1063 1062 1118 vel
1107 1062 1380 1118 damones
1407 1060 1560 1115 dicit.
1614 1057 1842 1114 Hermes

260 1179 478 1236 quoque
516 1160 896 1229 Trismegistus
922 1171 1086 1212 unum
1134 1156 1300 1211 Deum
1344 1153 1560 1220 fatetur,
1613 1163 1861 1219 eumque;

1255 293 1666 354 TRACTATUS
1701 291 1787 349 IV.
1829 287 2104 345 CONTRA
2144 287 2474 348 PAGANOS.

251 439 454 492 aerem,
504 431 564 479 ut
605 421 866 488 diximus,
915 415 1190 474 Creatoris
1233 412 1484 470 deferunt
1534 415 1816 465 creaturae.
1849 406 1902 466 Α
1929 447 1943 461 .
2024 450 2037 462 .

252 525 264 555 ⁸
293 519 436 592 Ergo
457 532 599 574 nunc
622 515 905 572 Dominum
925 512 1094 568 Deum
1120 516 1368 566 nostrum
1390 505 1561 561 velint
1587 503 1758 557 nolint
1777 507 1856 554 et.
1932 501 2259 558 nolit-etiam
2301 541 2315 554 .

3399 275 3504 339 790

2118 451 2133 465 .
2171 422 2499 475 sermonem,
2530 421 2660 464 vere
2685 407 2949 478 propheta
2972 398 3391 473 velit-recipere,
3415 403 3510 456 aut

2585 540 2598 554 .
2639 514 2738 553 nus
2763 497 2903 567 ejus,
2935 496 2986 551 id
3026 501 3112 550 est
3136 492 3414 550 mandata.
3493 531 3507 547 .

1940 631 1978 648 .-
2034 637 2046 650 .
2076 595 2242 650 habet
2269 594 2320 647 in
2351 607 2446 647 sua
2475 598 2743 662 potestate
2771 589 2956 654 liberi,
2977 588 3152 660 731-
3186 585 3377 655 inquit,
3421 601 3515 642 su-

1937 703 2056 742 mus
2079 686 2338 749 arbitrii;
2371 684 2417 738 si
2454 684 2558 738 hoc
2583 690 2727 737 esset
2771 680 3056 736 audientes
3084 693 3206 734 eum
3242 676 3361 746 jam
3406 691 3539 731 non'

1938 781 2198 835 baberent
2227 778 2278 831 in
2310 781 2576 847 potestate
2604 775 2747 830 aliud
2777 774 2951 829 facere
3006 787 3167 841 quam
3196 769 3515 824 audierant.

1940 873 2020 928 vis
2047 877 2167 925 erat
2189 867 2432 939 quaedam
2463 874 2689 932 naturae,-
2714 881 2812 935 per
2838 878 2998 935 quam
3045 861 3270 917 liberum
3299 874 3408 914 non
3434 873 3521 913 es-

1899 1033 1902 1036 _
1941 972 2025 1021 set
2067 963 2135 1018 ad
2164 963 2321 1016 aliam
2371 960 2604 1027 migrare
2649 957 2999 1020 sententiam;
3043 962 3138 1009 aut
3169 953 3214 1009 si
3241 959 3424 1007 rursus
3452 963 3522 1006 ex

1942 1055 2282 1112 audientibus
2309 1053 2487 1108 nullus
2508 1051 2731 1106 uncino
2757 1049 3039 1119 reciperet,
3077 1051 3133 1102 et
3166 1045 3274 1101 hoc
3317 1049 3522 1099 natura

1943 1150 2024 1206 vis
2052 1156 2188 1216 erat,
2220 1163 2341 1218 quae
2367 1161 2534 1202 unum
2561 1142 2764 1215 aliquid
2811 1142 2928 1199 fieri
2976 1146 3212 1212 cogeret,
3265 1146 3321 1194 et
3368 1135 3524 1194 alteri

263 1257 581 1315 iavisibilem
622 1254 786 1326 73o
810 1258 973 1321 atque
1000 1245 1592 1318 incomprehensibilem
1621 1240 1845 1299 conﬁte-
1943 1244 2104 1315 parti.
2185 1281 2199 1295 .
2281 1281 2294 1296 .
2374 1279 2388 1293 .
2468 1279 2481 1293 .
2563 1277 2579 1294 .
2660 1277 2674 1292 .
2753 1277 2766 1290 .
2850 1276 2862 1290 .
2943 1275 2956 1291 .
3036 1273 3050 1288 .
3131 1273 3144 1286 .
3225 1271 3238 1287 .
3320 1271 3331 1284 .
3413 1270 3427 1283 .
3506 1267 3522 1284 .

266 1359 371 1406 tur.
403 1347 558 1404 Hunc
586 1342 714 1415 ergo
743 1359 845 1401 nos
873 1342 930 1398 in
956 1341 1186 1398 veritate
1225 1339 1565 1402 conﬁtemur,
1597 1343 1652 1392 et
1691 1334 1846 1390 novi-
1945 1335 2070 1404 quia
2113 1333 2307 1388 librum
2383 1371 2398 1386 .
2477 1369 2490 1382 .
2572 1369 2586 1383 .
2664 1369 2678 1384 .
2757 1368 2770 1382 .
2852 1366 2867 1380 .
2945 1365 2960 1379 .
3041 1364 3054 1378 .
3134 1363 3147 1378 .
3225 1363 3239 1377 .
3319 1361 3333 1375 .
3414 1361 3429 1376 .
3508 1357 3524 1376 .

183 1477 193 1486 -
266 1457 404 1508 mus,
433 1448 492 1496 et
535 1437 784 1494 fatemur.
829 1434 1267 1505 Omnipotentem
1292 1431 1480 1495 Deum,
1510 1428 1664 1497 cujus
1709 1439 1847 1497 opus
1947 1427 2075 1483 velit
2101 1434 2310 1498 partem
2329 1424 2600 1482 declinare
2666 1463 2681 1478 .
2761 1463 2774 1476 .
2853 1459 2868 1476 .
2948 1458 2963 1474 .
3041 1457 3056 1473 .
3138 1456 3152 1472 .
3228 1445 3243 1470 δ
3321 1455 3334 1470 .
3416 1454 3430 1469 .
3516 1454 3528 1468 .

264 1544 348 1594 est
373 1532 624 1598 mundus,
667 1530 761 1600 qui
789 1527 984 1585 cmlum
1011 1524 1290 1597 suspendit
1327 1531 1387 1578 ut
1433 1535 1723 1585 cameram,
1754 1518 1846 1588 qui
1948 1536 2123 1585 suum,
2157 1527 2212 1575 et
2237 1533 2397 1588 quam
2473 1559 2487 1574 .
2567 1556 2582 1572 .
2661 1555 2676 1570 .
2756 1552 2772 1570 .
2849 1552 2865 1568 .
2944 1553 2959 1568 .
3037 1549 3051 1564 .
3132 1549 3148 1564 .
3233 1547 3246 1561 .
3325 1547 3338 1560 .
3419 1547 3433 1559 .
3512 1545 3527 1562 .

266 1636 467 1684 terram
514 1623 754 1680 fundavit
783 1635 960 1698 super
986 1633 1202 1690 aquam,
1230 1617 1398 1672 maria
1427 1614 1606 1670 soluto
1637 1612 1848 1680 liquore
1949 1613 2091 1668 viam
2121 1615 2335 1669 constat
2385 1650 2398 1664 .
2480 1648 2495 1662 .
2576 1647 2592 1664 .
2668 1646 2681 1661 .
2761 1647 2776 1661 .
2856 1645 2871 1659 .
2951 1643 2964 1657 .
3045 1642 3058 1655 .
3138 1641 3151 1654 .
3233 1640 3245 1652 .
3328 1639 3339 1651 .
3423 1638 3436 1651 .
3514 1631 3528 1652 .

266 1718 570 1785 dili"udit,et
592 1716 729 1771 miro
748 1713 1032 1770 libramine
1057 1727 1126 1768 ex
1148 1711 1294 1768 omni
1315 1715 1469 1780 parte
1493 1704 1848 1785 compositam
1955 1749 1969 1762 .
2050 1749 2062 1761 ,
2144 1745 2160 1762 ,
2237 1743 2252 1758 ,
2331 1743 2346 1758 ,
2425 1740 2442 1758 .
2517 1739 2532 1754 .
2613 1739 2626 1753 .
2707 1738 2722 1753 .
2801 1737 2814 1752 ,
2893 1736 2907 1750 .
2990 1736 3002 1749 .
3084 1735 3098 1748 .
3177 1733 3190 1747 ,
3288 1731 3302 1746 .
3399 1729 3412 1743 .

269 1820 442 1870 totam
466 1783 625 1880 hujus
646 1806 833 1863 mundi
862 1804 1063 1880 molem
1100 1804 1216 1875 ipse
1253 1800 1496 1857 continet
1539 1783 1848 1852 fabricator.
1880 1790 1972 1854 Β.
2053 1837 2068 1854 .
2149 1839 2162 1851 .
2244 1837 2256 1850 .
2338 1834 2352 1848 .
2432 1833 2444 1846 .
2525 1831 2539 1847 .
2620 1832 2632 1845 .
2713 1830 2726 1843 .
2808 1829 2822 1844 .
2903 1830 2915 1842 .
2997 1827 3009 1840 .
3091 1826 3104 1839 .
3185 1826 3196 1838 .
3292 1823 3305 1835 .
3409 1821 3421 1834 .
3519 1820 3533 1834 .

269 1902 547 1977 lpsesolis
573 1899 908 1972 vaporiferos
981 1936 996 1952 .
1075 1935 1090 1950 .
1172 1934 1186 1947 .
1267 1931 1283 1950 .
1362 1931 1377 1947 .
1456 1929 1471 1945 .
1552 1929 1566 1944 .
1647 1929 1661 1944 .
1741 1927 1755 1942 .
1832 1923 1851 1943 .

273 2032 413 2057 .‘0'
483 2031 506 2048 υ
592 2031 610 2047 Ο
701 2031 716 2046 ο
795 2032 811 2046 ο
889 2027 904 2043 ο
984 2027 999 2045 ο
1078 2025 1095 2042 ο
1171 2024 1188 2041 ο
1266 2023 1281 2038 I
1359 2021 1375 2038 ο
1457 2020 1473 2038 ο
1550 2019 1566 2034 ο
1647 2015 1662 2035 σ
1741 2019 1756 2033 ο
1834 2014 1852 2033 ο

276 2125 411 2146 ..οι
485 2123 504 2138 ο
594 2121 615 2136 1
705 2122 718 2136 ο
796 2121 810 2134 ο
893 2121 907 2134 ο
986 2119 998 2131 ο
1080 2118 1095 2133 ο
1174 2117 1188 2131 ο
1269 2115 1282 2130 ο
1365 2115 1378 2129 ο
1461 2113 1475 2128 ς
1559 2112 1572 2127 ο
1650 2103 1665 2125 δ
1745 2110 1759 2124 ο
1836 2109 1852 2125 ο

702 2215 716 2230 .
793 2175 908 2244 ipse
937 2179 1128 2228 cuncta
1157 2167 1413 2223 animalia
1440 2180 1563 2221 cum
1591 2163 1858 2220 universis

274 2271 472 2328 tatibus
498 2267 620 2323 suis
640 2219 868 2332 benigrie
896 2262 1203 2330 utiliterque
1221 2257 1587 2330 praeparavit?
1608 2256 1721 2326 ipsc
1741 2254 1877 2309 fon--

276 2368 379 2426 tes,
402 2369 458 2414 et
476 2357 694 2412 flumina
715 2367 1086 2421 concavosque
1108 2349 1411 2407 terrentes?
1432 2349 1545 2419 ipse
1565 2348 1858 2418 spatiosum

275 2465 444 2508 mare.
527 2491 540 2504 .
622 2489 636 2501 .
717 2487 730 2500 .
772 2461 891 2501 rum
921 2459 1139 2514 campos
1160 2456 1298 2498 mar.
1371 2446 1392 2496 '.
1473 2482 1486 2496 .
1566 2482 1580 2495 .
1614 2440 1862 2495 fluctibus

275 2543 438 2613 longe
463 2540 696 2609 lateque.
775 2578 789 2592 .
871 2577 884 2590 .
965 2577 979 2590 .
1055 2544 1111 2591 et
1163 2535 1413 2600 vlsihilia,
1465 2541 1520 2589 et
1574 2533 1861 2587 invisibilia

276 2639 490 2690 cuncta.
569 2672 582 2685 .
662 2672 676 2686 .
750 2629 966 2684 Christo
992 2627 1128 2683 Filio
1149 2643 1248 2682 suo
1271 2626 1501 2681 Domino
1524 2635 1712 2679 nostro
1740 2639 1862 2694 per-

276 2725 406 2782 fecit
435 2742 449 2778 :
483 2724 622 2780 sicut
645 2723 903 2792 scriptum
932 2729 1031 2786 est,
1062 2721 1188 2790 quia
1214 2720 1267 2774 in
1296 2717 1514 2774 Christo
1541 2725 1717 2770 creata
1745 2725 1865 2771 sunt

277 2819 477 2883 omnia,
509 2821 805 2871 attestantc
834 2813 1080 2884 apostolo
1110 2810 1294 2874 Paulo,
1325 2825 1438 2883 qua
1451 2816 1569 2864 sunt
1595 2811 1648 2863 in
1672 2807 1794 2864 curto
1817 2817 1867 2863 et

278 2927 394 2984 qum
413 2919 530 2966 sunt
546 2912 599 2964 in
621 2917 756 2962 terra
775 2907 996 2962 visibitia
1014 2902 1592 2972 etinvisibitia(Coloss.
1608 2905 1703 2973 tv).
1727 2901 1867 2974 Ergo

281 3021 420 3060 mus
450 3005 610 3068 Deus,
642 3002 855 3069 fratres,
887 2998 1190 3055 adorandus
1228 3006 1309 3052 est
1351 2997 1515 3060 solus,
1550 2997 1688 3051 sicut
1731 2996 1866 3050 scri-

280 3105 437 3168 ptum
466 3104 568 3152 est.
600 3094 877 3149 Dominum
902 3092 1067 3146 Deum
1097 3102 1236 3145 tuum
1258 3089 1520 3153 adorabis,
1563 3099 1613 3142 et
1642 3088 1741 3159 ipsi
1769 3087 1867 3141 soli

1957 1890 2038 1945 Ab
2085 1888 2239 1943 initio
2286 1885 2430 1940 enim
2476 1882 2602 1938 dum
2650 1893 2814 1952 regna
2903 1919 2915 1932 .
2995 1919 3008 1932 .
3090 1917 3103 1929 .
3185 1915 3197 1928 .
3299 1915 3311 1927 .
3411 1913 3423 1927 .
3521 1911 3536 1927 .

1957 1989 2011 2038 et
2038 1985 2358 2052 potestatem
2388 1975 2536 2031 dedit
2612 2016 2624 2028 .
2705 2015 2718 2027 .
2799 2012 2812 2025 .
2895 2011 2907 2025 .
2992 2011 3005 2024 .
3118 1967 3422 2032 hominum;
3482 1969 3540 2020 ut

1959 2074 2100 2128 illius
2144 2069 2304 2140 regni.
2345 2068 2440 2123 fiat
2485 2066 2685 2139 portio,
2735 2064 2820 2120 cui
2860 2079 2919 2119 se
2948 2061 3014 2117 ad
3044 2057 3398 2117 obediendum
3430 2059 3542 2128 ipso

1958 2165 2247 2236 subjecerit
2279 2181 2292 2217 :
2325 2169 2380 2218 et
2422 2161 2548 2230 quia
2595 2157 2874 2213 definitum
2921 2163 3004 2210 est
3052 2151 3192 2224 apud
3241 2152 3404 2206 Deum
3437 2166 3542 2204 non

1960 2273 2120 2331 posse
2148 2271 2310 2312 unum
2355 2252 2631 2309 hominem
2661 2250 2937 2318 utriusque
2983 2246 3133 2316 regni
3163 2258 3281 2300 esse
3308 2256 3540 2304 servum,

1961 2353 2106 2407 omni
2137 2350 2315 2406 studio
2343 2347 2466 2403 date
2495 2360 2713 2418 operam
2742 2343 2797 2398 in
2826 2343 2954 2398 boni
2975 2339 3116 2410 regis
3144 2337 3314 2395 fmdus
3345 2350 3405 2389 ac
3423 2334 3544 2404 jura

1962 2457 2305 2502 concurrere.
2360 2439 2590 2510 Propter
2634 2436 2738 2491 hoc
2796 2433 3028 2503 denique
3077 2447 3236 2488 verus
3283 2427 3545 2502 propheta

1964 2554 2084 2595 cum
2116 2541 2261 2591 esset
2302 2544 2539 2604 praesens
2567 2527 2866 2593 nobiscum,
2899 2531 2955 2580 et
2981 2522 3242 2596 quosdam
3271 2538 3337 2578 ex
3365 2519 3546 2576 diviti-

1963 2630 2064 2684 bus
2107 2626 2440 2698 negligentes
2466 2631 2593 2691 erga
2640 2619 2736 2675 Dei
2764 2618 2966 2674 cultum
3010 2615 3205 2672 viderit
3246 2613 3405 2685 hujus
3444 2609 3544 2678 rei,

1968 2716 3431 2790 itaaperuit.'...........

1969 2914 2026 2964 et
2051 2907 2276 2978 reliqua,
2307 2919 2478 2976 usque
2503 2901 2594 2959 hic
2613 2900 2954 2974 prosequitur
2981 2887 3040 2952 S.
3071 2894 3278 2951 Petrus.
3309 2890 3552 2949 Christus

1971 3017 2100 3073 ergo
2145 3000 2399 3055 diccbat:
2436 2996 2562 3053 Hart:
2611 3005 2686 3050 est
2723 2997 2828 3050 vita
2869 3000 3092 3056 wterna,
3140 2994 3196 3041 ut
3244 2989 3556 3057 cognoscant

1972 3103 2021 3148 te
2048 3095 2213 3148 solum
2236 3107 2410 3147 verum
2431 3089 2614 3153 Deum,
2644 3095 2690 3142 et
2720 3103 2865 3159 quem
2889 3083 3074 3138 misisti
3093 3079 3271 3134 Iesum
3295 3077 3556 3131 Christum

282 3167 469 3246 servies
501 3187 712 3260 (Matth.
746 3186 850 3255 1v);
885 3187 996 3254 ipse
1026 3185 1323 3252 diligendus
1351 3191 1452 3246 est,
1482 3181 1696 3236 dicente
1723 3180 1868 3236 Scri-

1977 3186 2156 3257 (Joan.
2178 3187 2306 3254 xvu)
2325 3198 2338 3248 ς
2359 3184 2412 3236 in
2438 3183 2539 3236 hac
2560 3181 2849 3257 agnitione,
2867 3177 3076 3239 fratres,
3102 3181 3184 3228 est
3204 3171 3313 3226 vita
3333 3177 3553 3224 mter'na.

284 3291 482 3354 ptura:
518 3280 714 3352 Diliges
757 3277 1038 3332 Dominum
1085 3275 1252 3329 Deum
1299 3284 1437 3327 tuum
1467 3291 1532 3327 ea:
1563 3281 1668 3326 toto
1716 3270 1870 3325 corde

286 3387 400 3444 tuo,
431 3391 495 3428 ετ
525 3383 642 3426 ιοιαμ
658 3371 834 3426 anima
863 3379 969 3432 tua,
1016 3377 1065 3422 et
1105 3385 1168 3421 ea;
1197 3368 1337 3421 omni
1381 3377 1548 3420 mente
1579 3374 1685 3428 tua,
1729 3372 1777 3417 et
1808 3381 1872 3418 ea:

286 3467 430 3522 omni
447 3480 596 3520 sensu
614 3473 716 3529 tuo,
734 3470 782 3516 et
804 3462 1093 3533 proximum
1113 3468 1252 3511 tuum
1272 3459 1404 3510 sicut
1425 3457 1639 3525 teipsum
1657 3453 1869 3526 (Matth.

286 3557 446 3627 ml).
477 3556 609 3622 Quis
627 3540 845 3618 etenim,
865 3563 1015 3620 rogo,
1037 3550 1315 3620 proximus
1338 3549 1560 3603 noster?
1583 3561 1742 3615 quam
1775 3546 1875 3600 Do-

286 3650 469 3704 minus
508 3653 693 3702 noster
729 3645 884 3700 Jesus
906 3642 1172 3707 Christus,
1204 3641 1294 3709 qui
1335 3653 1457 3694 cum
1500 3638 1553 3692 in
1583 3638 1753 3693 forma
1782 3636 1876 3692 Dei

287 3750 441 3798 esset
468 3739 808 3804 constitutus,
842 3736 1067 3792 formam
1095 3735 1238 3790 servi
1266 3732 1474 3804 accepit
1500 3733 1525 3785 ?
1551 3729 1621 3785 Et
1660 3729 1879 3786 Verbum

287 3851 421 3890 caro
441 3835 631 3906 factum
653 3838 750 3900 est,
775 3839 824 3884 et
845 3828 1093 3883 habitauit
1121 3828 1175 3881 in
1205 3825 1350 3880 nobis
1376 3824 1556 3897 (Ioan.
1584 3824 1644 3895 ι),
1679 3825 1879 3893 quique

289 3926 510 3982 dicebat
533 3943 546 3978 :
581 3923 709 3978 Hazc
737 3922 940 3977 estvita
966 3928 1181 3987 (eterna,
1205 3927 1262 3973 ut
1287 3924 1604 3990 cognoscant
1633 3925 1682 3969 te
1715 3916 1880 3970 solum

289 4033 472 4072 verum
501 4015 688 4080 Deum,
728 4025 776 4068 et
800 4029 946 4086 quem
992 4012 1179 4066 misisti
1207 4009 1384 4064 Iesum
1411 4007 1670 4063 Christum
1699 4007 1876 4079 (Joan.

291 4105 453 4178 xvii).
480 4107 584 4161 Iste
609 4105 763 4161 Jesus
788 4103 1033 4159 Christus
1064 4143 1077 4156 .
1159 4142 1173 4156 .
1253 4143 1266 4155 .
1347 4141 1360 4156 .
1403 4102 1456 4155 in
1485 4100 1745 4171 principio
1767 4087 1884 4154 erat

290 4199 538 4256 Verbum
569 4198 709 4268 apud
736 4197 924 4252 Deum.
1005 4235 1018 4250 .
1098 4233 1112 4248 .
1146 4209 1178 4248 a
1221 4191 1423 4265 Sibylla
1461 4201 1656 4258 lxerx,
1695 4189 1883 4246 Grzcco

293 4291 541 4359 nomine,
569 4289 715 4359 quod
742 4289 1003 4358 significat
1025 4287 1204 4358 piscis,
1231 4293 1482 4358 operatus
1505 4293 1608 4354 est,
1632 4299 1698 4340 eo
1741 4283 1884 4354 quod

293 4385 489 4443 mundi
513 4382 812 4439 velsxceuli
831 4381 988 4450 hujus
1015 4395 1166 4435 mare
1178 4381 1526 4448 ingressurus
1556 4386 1718 4434 esset.
1750 4376 1886 4432 Nam

293 4487 355 4534 et
391 4477 692 4531 litterarum
722 4474 956 4544 ipsarum
1007 4469 1316 4527 Graecarum
1369 4469 1652 4526 considera
1701 4471 1886 4538 ingens

1977 3280 2108 3333 Nam
2140 3278 2262 3332 audi
2291 3276 2619 3345 Scripturam
2645 3279 2949 3326 sanctorum
2981 3265 3390 3334 Evangeliorum
3419 3260 3557 3315 refe-

1977 3379 2182 3425 rcntem
2206 3369 2272 3423 de
2301 3376 2510 3422 summo
2533 3365 2642 3419 Deo
2669 3362 2846 3429 Patro,
2872 3371 2925 3417 et
2953 3360 3087 3415 Filio
3117 3358 3231 3428 ejus
3253 3357 3381 3411 Jesu
3406 3353 3558 3408 Chri-

1977 3475 2063 3521 sto
2091 3484 2102 3518 :
2140 3463 2202 3518 In
2234 3462 2504 3535 principio,
2537 3460 2727 3528 inquit,
2770 3467 2881 3512 erat
2919 3454 3158 3520 Verbum,
3186 3451 3238 3508 id
3267 3457 3348 3505 est
3370 3448 3557 3513 Filius,

1977 3567 2027 3613 et
2064 3557 2288 3612 Verbum
2315 3563 2425 3610 erat
2456 3551 2594 3625 apud
2616 3552 2776 3606 Deum
2803 3549 2982 3622 (Joan.
3012 3545 3077 3619 ι),
3102 3543 3240 3616 apud
3263 3541 3561 3614 genitorem

1979 3667 2133 3707 suum

295 4519 956 4544 ηιμ-...η-..ηη-,η-.--η
1015 4519 1316 4527 --.η-η--
1374 4519 1652 4526 mm---“
2063 4520 2078 4535 .
2169 4520 2182 4532 .
2271 4519 2284 4533 .
2373 4519 2386 4529 .
2493 4519 2506 4526 -
2591 4519 2605 4529 .
2684 4519 2698 4526 -
2799 4519 2811 4524 ,
2891 4519 2903 4523 -
2987 4519 2998 4522 -
3082 4519 3096 4522 _
3177 4519 3184 4521 ἡ
3272 4519 3281 4521 ἡ

295 4566 620 4641 mysterium
669 4563 1228 4629 Ixerzziiota,hoc
1273 4569 1355 4616 est
1385 4559 1640 4627 Jesus;x
1678 4561 1784 4623 chi,
1834 4543 2046 4626 idDin
2068 4569 2345 4640 sequentia
2422 4607 2466 4620 .-
2514 4607 2530 4621 .
2610 4562 2635 4619 .“
2704 4562 2728 4615 .’
2799 4600 2811 4613 .
2893 4599 2909 4614 .
2990 4597 3003 4610 .
3085 4597 3098 4610 .
3177 4595 3190 4608 .
3271 4595 3284 4608 .
3368 4593 3384 4610 .
3464 4594 3478 4609 .
3556 4595 3571 4610 .

294 4669 387 4719 est
432 4658 620 4732 Xp'ios;
649 4669 688 4714 Θ
731 4659 897 4725 theta,
928 4656 1106 4722 Theu;
1140 4668 1174 4711 Υ
1210 4653 1353 4720 Yios,
1399 4668 1424 4707 Σ
1473 4654 1640 4722 sigma
1689 4651 1880 4717 Soter;

295 4753 452 4824 quod
502 4751 691 4806 Latine
735 4750 1053 4826 explanatur
1097 4745 1250 4806 Iesus
1293 4744 1525 4800 Christus
1575 4743 1672 4798 Dei
1718 4741 1886 4796 Filius

297 4845 554 4902 Salvator
581 4860 599 4897 :
630 4844 684 4898 in
711 4843 888 4912 capite
913 4841 1103 4894 harum
1130 4839 1366 4908 quinque
1405 4836 1706 4891 litterarum
1735 4833 1876 4889 Grac-

298 4952 494 4995 carum
521 4936 833 5007 mysterium
862 4935 966 4990 hoc
992 4940 1094 5001 est,
1120 4931 1289 5002 quaeri
1330 4943 1462 4999 ergo
1483 4941 1696 4998 magno.
1779 4969 1792 4983 .
1872 4969 1884 4983 .

300 5485 382 5540 dc
412 5484 641 5540 Domino
666 5483 882 5540 Christo
928 5484 1044 5554 ipse
1087 5483 1276 5538 beatus
1305 5479 1513 5536 Petrus.
1595 5520 1609 5534 .
1688 5519 1701 5533 .
1782 5519 1798 5536 .
1876 5520 1893 5537 .

396 5624 410 5652 ¹
442 5623 515 5676 De
544 5623 628 5677 his
649 5622 784 5677 dixit
810 5621 996 5691 Apost.
1033 5619 1098 5691 ad
1126 5618 1284 5691 150m.
1318 5615 1526 5691 cap.__l_:
1574 5613 1645 5691 Et
1671 5622 1896 5691 mutaue-

300 5697 450 5749 runt.
463 5691 678 5764 gloriam
705 5685 1108 5764 in‘cori'up'tibi'lis
1133 5688 1227 5741 Dei
1260 5691 1313 5764 in
1335 5685 1733 5764 similitudinem
1753 5685 1890 5739 ima-

300 5754 820 5832 ginis'corruptibitis
843 5754 1096 5827 hominis,
1135 5763 1496 5827 etvotucrum,
1530 5767 1579 5812 et
1598 5754 1892 5828 quadrupe-

1995 4662 2202 4727 dicens,
2233 4662 2281 4712 et
2318 4656 2538 4711 Verbum
2568 4651 2687 4709 caro
2717 4646 3024 4726 factumest',
3057 4642 3122 4702 ad
3146 4645 3392 4702 velamen
3466 4643 3487 4701 .’
3558 4688 3573 4703 .

1997 4765 2027 4806 .‘
2091 4792 2104 4806 .
2187 4793 2199 4804 .
2278 4791 2290 4803 .
2375 4789 2387 4802 .
2463 4738 3002 4817 interpretemser.‘.
3055 4735 3099 4794 ⁸.
3155 4736 3190 4793 ’.
3461 4779 3475 4795 .
3555 4780 3571 4795 .

1996 4844 2181 4900 docuit
2211 4841 2541 4898 voluntatem
2570 4827 3078 4908 Patris,‘ips‘um’qué
3116 4831 3381 4890 summum
3411 4833 3580 4892 Deum

1997 4934 2322 4990 credendum
2344 4930 2584 5000 tradidit,
2609 4938 2665 4986 et
2692 4926 2783 4985 sic'
2799 4921 3048 5000 passidne
3068 4925 3352 4999 completa,
3385 4927 3580 4999 ipsum,

1995 5039 2156 5099 quem
2210 5032 2608 5097 assumpserat,
2666 5023 2936 5101 hominem
3005 5020 3322 5078 sacriﬁcium
3389 5021 3584 5077 obtulit

1998 5118 2174 5185 Patri,
2209 5119 2370 5175 totius
2411 5116 2595 5173 mundi
2641 5115 2842 5173 faciens
2889 5113 3334 5187 redemptionem.
3382 5102 3584 5169 iterum

2000 5212 2055 5268 S.
2090 5211 2235 5267 Petri
2268 5211 2656 5282 interponimus
2686 5209 3074 5281 expositionem
3103 5226 3116 5260 :
3141 5206 3217 5262 Ac
3246 5206 3468 5272 noscite,
3503 5205 3582 5258 in—

2000 5304 2145 5373 quit,
2179 5303 2487 5369 veritatem,
2525 5308 2580 5357 et
2605 5300 2926 5374 separamini
3002 5341 3014 5354 .
3096 5341 3108 5352 .
3191 5341 3202 5352 .
3284 5339 3294 5350 .
3376 5337 3392 5353 .
3472 5337 3484 5350 .
3563 5334 3578 5349 .

2003 5396 3577 5468 decipereho..............

2003 5488 3580 5558 scriptiones...,..........

1994 5621 2137 5690 dum,
2168 5632 2220 5677 et
2247 5629 2560 5693 serpentum.
2587 5618 2809 5693 Propter
2835 5615 3205 5693 quod-tradidit
3225 5615 3342 5693 illos
3369 5612 3509 5667 Deus
3527 5612 3584 5666 in

1994 5687 2256 5750 desideria
2281 5687 2452 5750 cordis
2483 5709 2661 5748 eorum
2682 5687 2735 5744 in
2758 5687 3142 5744 immunditiam
3159 5727 3175 5755 ,
3206 5692 3308 5741 etc.
