4052 6330
424 287 525 345 79!
1100 320 1103 323 ‹
1156 318 1159 323 ι
1636 285 1695 342 S.
1735 284 1983 342 MAXIM]
2020 285 2470 348 TAURINENSIS
2939 293 2945 299 ’
3585 290 3701 355 792

428 398 680 455 Deorum.
756 434 774 453 .
848 433 868 453 .
938 434 958 452 .
1033 431 1053 451 .
1127 433 1145 452 .
1222 394 1238 451 ς
1315 435 1332 451 .
1410 434 1426 451 .
1503 434 1522 452 .
1597 436 1613 453 .
1694 438 1710 453 .
1790 440 1803 454 .
1885 439 1899 453 .
1982 438 1996 453 .
2031 402 2083 464 Α
2110 414 2266 468 eam,
2301 410 2357 457 et
2383 401 2452 458 ab
2478 401 2848 475 indignatione
2874 403 3167 478 impiorum
3183 404 3463 476 refrenat,
3495 421 3559 464 ac
3585 421 3700 467 sum

437 507 832 549 σε...
911 529 926 544 0
1006 526 1117 547 ογ.
1197 529 1400 546 000
1480 526 1685 545 σου.
1779 531 1795 547 0
1887 531 1901 546 0
1988 529 2004 544 0

2121 492 2491 550 misericordize
2530 535 2545 549 .
2624 536 2639 550 .
2718 534 2733 550 .
2814 534 2830 551 .
2907 537 2922 551 .
3000 536 3018 553 .
3093 497 3317 553 obedire
3337 498 3515 568 magis
3536 513 3698 570 quam

433 806 449 823 .
530 804 546 821 .
623 806 640 821 .
719 804 734 821 .
813 805 828 818 .
907 804 923 820 .
1003 805 1018 820 .
1096 806 1112 821 .
1190 805 1205 821 .
1282 805 1297 820 .
1352 762 2010 838 73zsicutenimunus

432 898 446 915 .
527 898 543 912 .
619 896 635 911 .
714 895 730 911 .
808 895 825 912 .
904 895 920 910 .
1002 896 1016 910 .
1097 899 1111 913 .
1193 898 1207 914 .
1285 898 1300 911 .
1375 851 2005 927 habetsubsemultos,

429 959 489 1023 tu
513 950 647 1007 dicis
672 950 824 1007 verbi
850 950 1021 1020 gratia
1049 949 1351 1021 praefectos,
1376 951 1640 1016 consules,
1666 951 1928 1017 tribunos,
1955 958 2013 1007 et

429 1052 654 1100 caeteras
693 1048 1010 1112 potestates.
1059 1040 1261 1096 Similia
1307 1042 1646 1105 arbiramur,
1690 1042 1849 1096 modo
1889 1057 2012 1096 cum

431 1151 569 1191 unus
596 1136 667 1190 sit
691 1133 865 1204 major
892 1135 1131 1190 omnium
1161 1134 1321 1199 Deus,
1355 1142 1410 1188 et
1432 1133 1541 1203 jam
1572 1134 1704 1189 istos
1732 1134 1797 1188 ad
1825 1134 2012 1188 simili-

433 1227 675 1303 tudinem
703 1240 889 1299 earum
918 1240 1051 1297 quas
1097 1225 1329 1280 diximus
1370 1233 1693 1295 potestatum
1738 1225 2014 1279 ordinatos

433 1317 628 1393 essein
648 1317 755 1390 hoc
768 1316 969 1389 mundo
989 1316 1149 1381 deos;
1174 1316 1249 1369 illi
1277 1315 1488 1385 quidem
1512 1314 1701 1384 majori
1721 1315 2012 1391 subjectos;

434 1418 533 1464 nes
558 1415 759 1485 tamen,
782 1414 837 1462 et
864 1406 989 1476 quia
1019 1406 1072 1459 in
1097 1406 1201 1460 hoc
1220 1405 1419 1483 mundo
1447 1415 1592 1471 sunt,
1621 1405 2010 1475 dispensantes.

434 1499 626 1579 Audite
673 1515 802 1573 ergo
850 1498 920 1553 ad
967 1498 1079 1554 haec
1126 1513 1240 1571 vos,
1284 1498 1501 1568 pagani,
1549 1497 1821 1568 quomodo
1850 1499 1903 1552 in
1933 1498 2016 1553 his

434 1591 564 1667 ipsis
605 1605 723 1661 quze
769 1590 834 1645 ad
882 1589 1253 1661 deceptionem
1294 1630 1306 1644 .
1352 1631 1365 1644 .
1411 1631 1424 1644 .
1466 1590 1731 1662 apponitis
1774 1590 2016 1645 veritatis

433 1682 730 1739 rationibus
749 1681 1094 1737 conﬁtemini.
1120 1680 1307 1736 Dicitis
1325 1678 1619 1756 siquidem:
1639 1680 1772 1736 Cum
1794 1681 2018 1737 Caesaris

438 1783 620 1832 teneat
646 1775 787 1849 Deus
815 1775 929 1845 (sic)
957 1773 1196 1843 judicum
1239 1789 1369 1829 vero
1416 1774 1559 1844 ejus;
1593 1782 1647 1828 et
1683 1780 2012 1844 potestatum
2043 1779 2088 1839 Β
2118 1823 2132 1834 ,
2160 1816 2165 1819 -

434 1870 671 1943 speciem
702 1878 917 1924 servent
946 1869 982 1922 ii
1016 1868 1109 1937 qui
1134 1867 1383 1923 dicuntur
1407 1867 1507 1933 dii,
1540 1875 1750 1923 servate
1778 1881 1926 1935 ergo,
1957 1874 2017 1922 ut

434 1961 804 2033 proposuistis,
829 1960 1135 2032 exemplum
1154 1957 1412 2026 Caesaris;
1445 1966 1500 2015 et
1520 1959 1713 2015 scitote
1732 1960 1856 2028 quia
1877 1960 2017 2015 sicut

435 2054 568 2109 nulli
596 2070 665 2109 ex
687 2052 957 2123 judicibus
982 2051 1066 2107 vel
1095 2050 1645 2118 administratoribus,
1676 2050 1729 2105 id
1757 2058 1839 2105 est
1877 2065 2014 2119 prte-

432 2146 606 2212 fectis,
641 2146 723 2201 vel
751 2145 1181 2216 proconsulibus,
1230 2144 1318 2199 vel
1363 2142 1603 2208 ducibus,
1654 2130 1740 2198 vel
1790 2143 2018 2199 tribunis
2120 2182 2135 2197 .
2231 2183 2245 2197 .
2344 2181 2357 2195 .

434 2238 515 2292 fas
558 2243 643 2292 est
669 2235 893 2291 Caesaris
935 2250 1134 2290 nomen
1162 2232 1399 2304 imponi,
1447 2233 1683 2304 alioquin
1727 2241 1782 2287 et
1812 2233 1900 2289 ille
1926 2233 2019 2303 qui
2122 2273 2136 2288 .
2227 2274 2241 2287 .
2338 2271 2353 2286 .
2453 2272 2468 2287 .
2545 2271 2559 2285 .
2638 2272 2652 2285 .
2732 2273 2747 2286 .
2829 2273 2842 2287 .

433 2327 751 2399 susceperit,
783 2334 838 2382 et
865 2326 941 2381 illi
969 2327 1060 2396 qui
1099 2326 1419 2391 detulerint,
1449 2326 1651 2395 pariter
1676 2324 1970 2381 interibunt
2000 2342 2015 2380 :

435 2419 510 2475 ita
551 2428 606 2475 et
628 2418 695 2474 de
722 2419 827 2474 hoc
854 2418 1062 2473 debetis
1089 2417 1389 2473 advertere.
1422 2416 1576 2483 Quod
1617 2417 1662 2472 si
1704 2418 1795 2486 qui
1825 2432 2019 2473 nomen

435 2509 534 2567 Dei
562 2512 745 2579 alicui,
784 2526 945 2580 quam
993 2520 1190 2581 pmeter
1233 2510 1405 2579 ipsum
1446 2510 1779 2580 imposuerit,
1830 2517 1885 2565 et
1931 2510 2020 2565 ille

437 2603 704 2672 receperit
751 2618 914 2656 unum
969 2601 1325 2671 eumdemque
1375 2602 1668 2656 sortientur
1722 2602 2015 2665 interitum,

437 2696 608 2752 multo
637 2696 959 2751 deteriorem
989 2694 1129 2750 forte
1175 2709 1332 2773 quam
1379 2694 1609 2749 ministri
1647 2693 1890 2750 Caesaris.
1923 2693 2022 2750 Hic

438 2786 582 2842 enim
636 2787 730 2857 qui
757 2787 1017 2857 delinquit
1047 2787 1100 2841 in
1129 2786 1426 2853 Caesarem,
1460 2787 1737 2842 interitum
1766 2788 2021 2858 suscipiet

440 2875 794 2945 temporalem
818 2893 832 2942 ;
863 2877 955 2945 qui
1003 2892 1131 2932 vero
1160 2877 1215 2931 in
1244 2892 1427 2942 unum,
1459 2877 1552 2946 qui
1582 2878 1727 2933 solus
1755 2886 1837 2933 est
1863 2894 2021 2933 verus

440 2962 600 3032 Deus,
625 2965 904 3037 delinquit,
931 2967 986 3022 in
1011 2968 1266 3023 saeculum

443 3521 549 3577 Alii
576 3521 774 3593 pagani
803 3519 1020 3588 dicunt,
1059 3535 1161 3575 nos
1189 3520 1363 3576 adhuc
1408 3522 1599 3577 melius
1649 3523 1895 3589 facimus,
1928 3524 2021 3593 qui

443 3620 500 3670 et
521 3612 622 3684 ipsi
645 3627 856 3667 summo
886 3611 1018 3678 Deo,
1050 3620 1107 3665 et
1127 3611 1376 3666 omnibus
1398 3628 1519 3666 cum
1548 3612 1665 3683 ipso
1692 3614 1891 3681 gratias
1916 3614 2024 3684 agi-

444 3718 592 3769 mus,
651 3703 845 3772 quibus
872 3700 1155 3757 dicendum
1185 3708 1286 3757 est.
1343 3702 1472 3758 Tale
1500 3712 1583 3757 est
1624 3704 1727 3759 hoc
1762 3705 1922 3774 quale
1973 3704 2019 3759 si

445 3788 571 3863 quis
590 3788 732 3860 aeger
764 3791 834 3846 ad
861 3791 1126 3847 medelam
1162 3792 1245 3847 sui
1286 3801 1343 3848 et
1377 3788 1643 3849 medicum
1685 3804 1740 3850 et
1783 3810 2019 3850 venena-

445 3882 583 3941 rium
618 3882 805 3950 vocet,
836 3882 958 3939 cum
988 3880 1065 3938 illi
1092 3880 1305 3952 quidem
1343 3875 1551 3940 nocere
1566 3884 1778 3954 quidem
1818 3888 2024 3956 possint

2108 586 2344 657 peccatis
2361 586 2638 643 hominum
2659 596 2713 643 et
2725 589 3017 645 sceleribus
3037 589 3375 646 inﬂammari.
3401 589 3700 660 Exspectat

2111 679 2254 734 enim
2281 680 2539 751 patientia
2568 681 2693 751 Dei,
2721 682 2848 737 dum
2876 683 2931 737 in
2959 682 3064 739 hoc
3090 698 3321 753 corpore
3346 690 3494 747 sunt,
3522 682 3698 738 homi-

2110 784 2238 824 num
2257 771 2683 838 conversionem,
2711 771 2855 843 quod
2882 773 2928 828 si
2954 787 3125 842 usque
3166 772 3233 828 ad
3256 774 3461 830 exitum
3491 773 3617 827 vitm
3645 774 3698 829 in

2112 860 2388 931 impietate
2416 863 2778 931 perstiterint,
2840 870 2966 918 tunc
3006 863 3117 933 jam
3159 863 3444 919 discedens
3495 865 3696 930 anima,

2112 967 2230 1022 qua:
2252 952 2567 1007 immortalis
2595 962 2696 1020 est,
2726 970 2825 1025 pro
2848 954 3139 1024 impietatis
3159 970 3271 1010 sum
3291 955 3699 1025 perseverantia

2112 1044 2211 1099 luit
2243 1060 2431 1115 pmnas
2467 1046 2815 1102 immortales.
2868 1047 2976 1103 Nos
3017 1062 3175 1113 vero,
3226 1049 3301 1102 ait
3332 1049 3449 1119 ipse
3478 1057 3703 1104 sanctus

2114 1135 2334 1203 Petrus,
2386 1137 2537 1207 cujus
2573 1138 2715 1194 hanc
2749 1140 3136 1210 assumpsimus
3169 1139 3593 1209 disputationem
3631 1139 3702 1194 de
3743 1143 3760 1154 '

2115 1228 2334 1284 historia
2368 1230 2512 1285 beati
2540 1229 2832 1286 Clementis
2856 1232 2972 1301 ejus
2999 1232 3276 1302 discipuli,
3326 1240 3383 1287 et
3407 1232 3616 1287 nostris
3645 1230 3701 1286 in

2115 1319 2437 1390 adjutorium
2464 1322 2785 1377 sociavimus
2812 1323 2987 1378 dictis.
3029 1323 3137 1379 Nos
3165 1338 3293 1393 ergo
3317 1320 3337 1391 ,‘
3361 1324 3464 1388 ait,
3497 1324 3567 1379 ad
3594 1324 3702 1379 hoc

2116 1410 2263 1467 missi
2292 1426 2494 1478 sumus,
2517 1419 2578 1466 ut
2600 1412 2888 1482 prodamus
2916 1414 3067 1469 vobis
3095 1415 3328 1469 latebras
3356 1414 3564 1484 antiqui
3592 1429 3702 1469 ser—

2117 1504 2321 1575 pentis,
2353 1511 2408 1560 et
2436 1504 2775 1561 absolventes
2802 1505 3108 1561 inimicitias
3161 1505 3574 1561 reconciliemns
3600 1520 3703 1561 vos

2117 1687 2402 1757 etplaceat
2421 1687 2508 1741 isti
2585 1728 2599 1741 .
2680 1729 2693 1742 .
2772 1728 2786 1743 .
2866 1728 2878 1741 .
2958 1728 2972 1743 .
3047 1686 3140 1743 sed
3165 1665 3411 1743 fortasse.
3490 1727 3505 1741 .
3584 1727 3601 1743 .
3680 1696 3703 1747 ζ

2210 1780 2340 1835 nihil
2368 1772 2579 1845 curare,
2603 1790 2658 1836 et
2683 1779 2813 1835 Deo.
2892 1821 2906 1835 .
2984 1822 2998 1835 .
3078 1821 3092 1834 .
3171 1820 3185 1834 .
3263 1779 3333 1834 ad
3363 1781 3615 1836 notitiam
3673 1818 3693 1840 .

2404 1913 2418 1927 .
2491 1886 2777 1942 possumus
2829 1873 3111 1941 pervenire
3136 1915 3150 1938 ,
3213 1872 3506 1943 quomodo.
3585 1914 3600 1928 .

2214 2000 2227 2014 .
2315 1968 2468 2030 gerat
2526 1961 2880 2018 humanarum
2940 1976 3120 2019 rerum
3205 2001 3219 2014 .
3298 2001 3314 2015 .
3393 2002 3411 2017 .
3490 2001 3505 2017 .
3583 2000 3601 2019 .

2918 2234 3015 2290 Dei
3060 2248 3182 2290 esse

2118 2323 2221 2378 nisi
2247 2322 2389 2378 enim
2420 2328 2685 2393 potestate
2711 2338 2780 2378 ex
2851 2363 2865 2377 .
2943 2366 2957 2378 .
3037 2363 3051 2378 .
3132 2365 3148 2379 .
3225 2365 3239 2378 .
3315 2341 3591 2395 nunquam
3613 2343 3703 2398 po-

2120 2416 2254 2472 tiora
2281 2414 2627 2471 inferioribus
2640 2416 2980 2471 ministraren
2997 2456 3025 2484 .,
3055 2425 3111 2474 et
3138 2433 3235 2487 per
3257 2418 3360 2473 hoc
3388 2408 3497 2475 non
3527 2421 3703 2476 solum

2119 2524 2301 2565 curam
2327 2509 2424 2564 Dei
2455 2523 2582 2579 erga
2626 2509 2892 2575 homines,
2925 2510 3020 2566 sed
3049 2519 3104 2565 et
3130 2510 3387 2580 grandem
3416 2512 3702 2583 quemdam

2119 2600 2320 2655 habere
2337 2598 2561 2671 docetur
2579 2596 2849 2666 aﬂectum,
2873 2616 3102 2670 quorum
3124 2602 3421 2659 ministerio
3443 2612 3555 2657 tam
3576 2617 3703 2673 pras-

2119 2690 2263 2745 clara
2304 2689 2628 2760 mancipavit
2668 2690 2952 2746 elementa.
2998 2691 3105 2747 Sed
3133 2691 3280 2747 dices
3322 2710 3335 2745 :
3387 2693 3516 2763 quid
3556 2694 3703 2750 enim

2120 2782 2327 2836 lmditur
2354 2781 2512 2846 Deus,
2545 2782 2587 2837 si
2618 2788 2672 2837 et
2702 2782 2804 2837 ista
2828 2782 3077 2845 coluntur
3105 2798 3136 2837 a
3166 2782 3340 2849 nobis,
3372 2784 3417 2839 si
3459 2784 3581 2854 quis
3610 2799 3704 2841 ve-

2119 2876 3701 2935 strumhonorem............

3370 3374 3387 3387 .
3487 3333 3574 3390 vel
3598 3334 3702 3391 alia

2126 3466 2141 3480 .
2220 3465 2233 3479 .
2314 3463 2327 3477 .
2407 3464 2421 3478 .
2692 3466 2705 3479 .
2786 3465 2799 3479 .
2880 3463 2894 3478 .
2974 3465 2988 3478 .
3067 3465 3080 3479 .
3158 3424 3608 3481 Deusnonsit.
3684 3465 3701 3481 .

2126 3560 2140 3573 .
2219 3559 2233 3572 .
2312 3558 2326 3572 .
2406 3558 2421 3572 .
2499 3557 2513 3571 .
2593 3558 2607 3572 .
2687 3557 2700 3571 .
2755 3518 2808 3572 in
2838 3517 2922 3573 his
2950 3532 3069 3586 qua:
3110 3517 3264 3573 facile
3300 3517 3707 3588 deprehendere

2120 3608 2369 3680 potuistis
2391 3608 2628 3663 animum
2642 3608 2709 3663 ad
2729 3607 3124 3663 discutiendum
3146 3608 3392 3665 noluistis
3406 3607 3707 3674 intendere,

2122 3702 2283 3773 73A.
2300 3709 2507 3757 certum
2533 3709 2616 3757 est
2636 3701 2760 3770 quia
2783 3701 2835 3755 in
2862 3700 3133 3769 agnitione
3154 3701 3250 3755 Dei
3288 3702 3530 3771 impediti
3557 3701 3707 3769 estis,

2120 3812 2227 3852 non
2249 3794 2713 3866 impossibilitatis,
2739 3793 2834 3849 sed
2864 3794 3090 3863 ignaviae
3107 3794 3256 3849 vitio.
3276 3793 3408 3848 Nam
3434 3794 3481 3849 si
3508 3793 3705 3849 voluis-

2121 3889 2267 3953 setis,
2296 3902 2363 3941 ex
2390 3886 2473 3941 his
2503 3886 2631 3956 ipsis
2654 3885 2930 3940 inutilibus
2958 3884 3257 3940 simulacris
3282 3883 3526 3955 profecto
3553 3898 3709 3939 acce-

446 3972 750 4042 v'enenarii,
792 3976 853 4029 et‘
873 3989 1063 4029 curare
1090 3975 1318 4044 possint.
1373 3970 1543 4031 Verus
1572 3984 1751 4031 autem
1781 3977 2063 4037 medicus,
2119 3981 2332 4052 pisselis
2375 3979 2740 4049 intelligentiae
2792 3978 2934 4033 viam
3018 4017 3033 4031 .
3116 4018 3130 4031 .
3210 4018 3225 4032 .
3303 4017 3317 4031 .
3400 4017 3414 4032 .
3497 4018 3510 4031 .
3587 4016 3601 4030 .
3681 4015 3699 4030 .

447 4065 670 4122 venenis
708 4064 923 4120 illorum
960 4074 1175 4120 recuset
1213 4082 1312 4121 sua
1352 4066 1742 4131 medicamenta
1770 4068 2019 4136 miscere,
2124 4113 2137 4126 .

449 4164 519 4213 lie
545 4162 638 4215 aut
664 4156 929 4227 pernicies
956 4156 1098 4212 bono
1127 4166 1220 4212 aut
1246 4174 1363 4213 san.
1442 4199 1457 4213 .
1536 4200 1550 4213 .
1629 4200 1641 4213 .
1720 4200 1735 4213 .
1816 4200 1830 4213 .
1910 4202 1924 4215 .
2003 4202 2017 4216 .

2132 4296 2145 4309 0
2247 4296 2260 4310 ο
2359 4295 2372 4309 0
2471 4294 2485 4309 0
2563 4294 2577 4308 0
2658 4295 2673 4309 ο
2754 4293 2768 4308 0
2848 4293 2863 4307 0
2942 4293 2955 4306 0
3037 4294 3050 4306 ι
3134 4294 3148 4307 0
3226 4292 3238 4306 ο
3320 4293 3333 4306 0
3415 4293 3430 4305 ο
3508 4291 3523 4305 0
3599 4292 3614 4307 ο
3690 4289 3712 4310 ο

453 4529 3711 4594 .'....'..'..........D.....adnocendum.......

1138 4620 1143 4623 ,
1233 4612 1241 4621 .
1326 4612 1430 4622 .ι.
1514 4615 1521 4622 .

455 4660 472 4676 0
552 4660 567 4676 ο
647 4657 941 4677 0000
1020 4656 1413 4677 σοι..
1494 4660 1507 4675 0
1587 4661 1601 4676 0
1681 4662 1695 4676 ο
1784 4661 1799 4677 0
1898 4665 1910 4679 ο
2007 4663 2020 4680 ι

2130 4624 2368 4690 tandum,
2416 4622 2792 4680 seducentibus
2868 4661 2883 4676 .
2961 4660 2974 4675 .
3053 4659 3071 4677 .
3148 4661 3162 4674 .
3242 4661 3256 4675 .
3335 4619 3609 4689 monibus,
3654 4625 3719 4676 ut

453 4711 706 4769 mundi.
784 4752 799 4767 .
879 4752 897 4769 .
970 4749 989 4768 .
1065 4750 1082 4765 .
1158 4750 1176 4768 .
1253 4753 1270 4768 .
1348 4752 1365 4770 .
1443 4753 1459 4768 .
1540 4754 1554 4768 .
1632 4755 1647 4770 .
1726 4756 1739 4770 .
1820 4758 1833 4770 .
1915 4753 1943 4770 .-
2009 4757 2023 4772 .
2131 4718 2417 4788 quasimir
2490 4755 2506 4772 .
2585 4759 2599 4772 .
2679 4758 2693 4772 .
2773 4756 2787 4769 .
2860 4711 3434 4785 ,utiliaperﬁcerent
3513 4755 3527 4769 .
3603 4755 3617 4770 .
3698 4754 3714 4770 .

452 4803 798 4873 rilargiatur
880 4842 896 4858 .
975 4842 992 4859 .
1067 4841 1084 4859 .
1162 4841 1180 4859 .
1256 4843 1275 4860 .
1352 4844 1367 4858 .
1445 4844 1463 4861 .
1540 4845 1554 4860 .
1635 4845 1649 4859 .
1730 4847 1743 4863 .
1823 4848 1838 4862 .
1916 4848 1929 4862 .
2010 4849 2025 4865 .
2135 4849 2148 4863 .
2228 4849 2242 4863 .
2323 4850 2336 4863 .
2414 4805 3151 4864 deestambularestatuas
3223 4789 3334 4860 .“.
3416 4844 3431 4859 .
3512 4844 3526 4858 .
3604 4843 3620 4858 .
3699 4841 3715 4858 .

455 4894 660 4950 doloris
701 4895 783 4949 sui
823 4894 997 4951 lucem
1072 4934 1091 4950 .
1166 4934 1181 4949 .
1260 4935 1276 4950 .
1354 4935 1367 4950 .
1448 4936 1462 4951 .
1542 4937 1556 4951 .
1635 4936 1648 4950 .
1729 4938 1741 4951 .
1823 4939 1836 4951 .
1917 4940 1930 4953 .
2011 4937 2020 4952 .

2133 4919 2292 4961 canes
2317 4919 2507 4971 :ereos,
2538 4914 2594 4958 et
2613 4900 2852 4972 lapides,
2931 4939 2943 4952 .
3024 4937 3038 4951 .
3117 4936 3132 4951 .
3214 4937 3227 4951 .
3272 4897 3339 4951 ‘-
3402 4913 3503 4967 per
3538 4910 3717 4952 aerem

456 4992 757 5053 ceteraque
784 4985 1049 5043 elementa
1078 4986 1334 5043 exhibent
1359 4989 1690 5045 servitutem.
1724 4989 1961 5059 Denique
2012 5032 2025 5045 .

745 5119 760 5135 .
835 5076 1022 5134 contra
1043 5080 1338 5136 bonitatem
1360 5081 1664 5138 Conditoris
1686 5082 1903 5152 fatigata
1925 5099 2037 5139 sce-

458 5170 660 5226 leribus
688 5172 972 5241 impiorum
1003 5174 1289 5229 vincuntur
1315 5176 1473 5246 733
1503 5175 1797 5241 elementa;
1841 5177 2034 5231 exinde

458 5273 571 5331 est,
618 5265 762 5334 quod
791 5273 884 5320 aut
912 5272 1070 5322 terra:
1098 5265 1302 5323 fructus
1332 5269 1725 5338 corrumpitur,
1775 5276 1867 5322 aut
1894 5269 2034 5323 aeris

459 5357 748 5427 temperies
779 5365 1101 5422 temeratur,
1160 5364 1253 5413 aut
1279 5373 1438 5428 supra
1467 5358 1684 5413 modum
1712 5358 1871 5414 ardor
1906 5359 2035 5415 solis

460 5450 789 5519 incenditur,
847 5451 931 5506 vel
971 5452 1219 5507 imbrium
1260 5459 1352 5506 aut
1374 5450 1611 5521 rigorum
1654 5453 1731 5508 vis
1777 5453 2038 5509 immensa

462 5539 789 5597 diffunditur.
848 5541 908 5596 In
950 5548 996 5598 “.
1044 5546 1087 5597 ’.
1169 5582 1183 5596 .
1262 5581 1277 5597 .
1355 5582 1369 5596 .
1446 5550 1501 5596 et
1543 5544 1733 5598 mortis
1761 5543 1925 5598 facies
1952 5543 2037 5599 di-

461 5636 617 5687 versa
639 5634 931 5703 percurrit;
963 5634 1155 5690 festina
1180 5634 1324 5690 enim
1349 5641 1597 5689 creatura
1622 5635 1677 5688 in
1707 5634 1898 5705 impios
1920 5650 2039 5689 mo-

462 5731 682 5786 veretur
715 5724 784 5781 ad
822 5726 1143 5791 vindictam;
1198 5724 1297 5781 Dei
1332 5731 1514 5782 tamen
1550 5725 1764 5784 bonitas
1800 5728 2044 5793 reprimit

2110 5452 2437 5536 ducendum
2465 5449 2726 5518 infideles,
2758 5457 2817 5505 ut
2854 5464 2941 5504 ma
3016 5489 3032 5503 .
3111 5487 3124 5502 .

2136 4996 2270 5067 ignis
2296 4994 2454 5061 eﬂici,
2486 4992 2679 5049 mutari
2707 5007 2804 5063 per
2821 4991 2997 5046 varias
3022 4990 3236 5059 figuras,
3268 4998 3323 5045 et
3351 4999 3571 5057 caetera,
3599 5003 3719 5058 qua:

2136 5086 2408 5141 Simonem
2447 5084 2595 5139 illum
2636 5082 2849 5153 Magum
2889 5081 2974 5136 vel
3019 5089 3242 5145 caeteros
3281 5080 3474 5136 fecisse
3508 5080 3717 5149 accepi-

2137 5196 2290 5244 mus;
2334 5192 2457 5232 nam
2487 5184 2543 5231 et
2567 5174 2783 5230 Jamnes
2819 5181 2877 5229 et
2919 5171 3187 5229 Mambres
3222 5171 3493 5231 faciebant
3518 5171 3718 5240 magias

2136 5278 2322 5326 contra
2374 5267 2594 5339 Moysen
2682 5305 2697 5319 .
2797 5305 2810 5319 .
2891 5306 2905 5319 .
2984 5304 2998 5318 .
3076 5303 3089 5317 .
3169 5271 3251 5317 est
3328 5303 3345 5327 ,
3421 5303 3436 5316 .
3515 5303 3529 5316 .
3607 5301 3620 5315 .
3698 5301 3713 5314 .

2136 5362 2349 5417 diabolo
2380 5360 2433 5415 in
2511 5399 2524 5413 .
2602 5399 2616 5412 .
2695 5397 2708 5411 .
2791 5396 2805 5410 .
2883 5365 3094 5426 tempus
3122 5355 3297 5425 aliqua
3325 5353 3503 5410 facere
3530 5352 3595 5411 ad
3626 5367 3715 5410 se-

3201 5489 3215 5503 .
3292 5446 3528 5503 infide.
3605 5487 3618 5500 .
3694 5483 3711 5498 .

2139 5547 2372 5601 fidelium
2422 5561 2574 5600 mens
2596 5584 2612 5611 ,
2640 5554 2717 5599 .et
2762 5541 3004 5613 perficiat
3035 5542 3088 5596 in
3125 5540 3412 5596 dilectione
3438 5549 3492 5595 et
3526 5540 3713 5594 timore

2140 5639 2253 5704 Dei,
2294 5652 2396 5693 nec
2429 5636 2674 5692 vincatur
2719 5650 2750 5689 a
2787 5634 2930 5691 malo
3004 5675 3018 5688 .
3099 5673 3112 5687 .
3192 5672 3206 5687 .
3286 5672 3300 5687 .
3375 5639 3508 5687 tate.
3537 5629 3711 5711 Etpi-

2140 5730 2336 5790 thones
2373 5727 2552 5784 futura
2579 5734 2635 5784 et
2661 5725 2873 5783 occulta
2913 5726 3225 5796 loquuntur,
3261 5730 3317 5781 et
3343 5739 3434 5780 no.
3509 5759 3527 5774 .
3599 5758 3616 5775 .
3685 5756 3706 5777 .
