4052 6330
222 330 332 392 793

224 445 452 504 colendo
497 444 782 516 aliquoties

221 538 430 594 occulta
456 537 659 602 dicunt,
709 536 910 591 faciunt
935 534 1153 607 quidem
1180 535 1311 599 htcc,
1358 549 1465 588 non
1495 532 1802 599 Divinitate,

219 630 310 684 sed
356 628 686 698 malignitate
735 628 821 682 vel
851 628 1163 685 curiositate
1194 643 1208 692 ;
1258 626 1400 691 ideo,
1430 625 1569 680 sicut
1597 624 1803 681 dictum

218 729 319 787 est,
351 730 410 775 ut
454 720 729 787 sedueant,
761 728 822 775 ut
847 719 1155 789 decipiant;
1197 718 1414 787 spiritus
1450 723 1574 771 sunt
1601 717 1717 786 vagi
1748 724 1805 772 et

198 811 492 879 insinceri,
522 811 865 882 pervolantes
893 817 947 865 et
975 816 1388 879 perscrutantes.
1414 806 1547 862 Nam
1569 823 1696 864 vere
1724 809 1801 864 illi

214 902 538 957 sunt'sancti
558 902 760 969 famuli,
787 911 842 958 et
868 917 995 958 vere
1026 902 1101 957 illi
1124 901 1350 957 ministri
1376 901 1490 967 Dei,
1517 902 1609 971 qui
1643 904 1794 972 signa

213 993 415 1049 faciunt
434 994 639 1059 salutis,
664 1002 718 1049 et
731 995 892 1049 vitam
915 993 1415 1059 mortuistribuunt,
1439 991 1708 1048 dmmones
1723 992 1799 1048 fu-

213 1094 340 1155 gant
363 1105 376 1141 :
404 1087 542 1143 unde
563 1095 620 1142 et
645 1102 772 1143 vere
792 1088 858 1143 ad
875 1087 1043 1143 Deum
1070 1087 1338 1157 pertinere
1367 1094 1677 1153 noscuntur,
1699 1102 1795 1142 cu-

210 1174 297 1245 jus
326 1176 525 1231 lumine
553 1177 850 1232 illuminant
877 1192 1067 1244 caecos,
1095 1178 1292 1232 virtute
1313 1184 1504 1231 sanant
1534 1175 1791 1244 inﬁrmos,

212 1269 577 1326 misericordia
630 1280 872 1327 mortuos
914 1273 1266 1339 resuscitant,
1318 1272 1409 1341 qui
1459 1272 1514 1325 in
1580 1272 1797 1328 nomine

1245 323 1657 384 TRACTATUS
1717 326 1780 382 V.
1821 322 2097 381 CONTRA
2133 318 2428 383 IUDAEOS.

880 483 894 499 .
982 484 997 499 .
1078 486 1093 499 .
1174 484 1187 498 .
1266 484 1279 497 .
1360 484 1374 497 .
1453 485 1467 498 .
1544 442 1720 498 futura
1749 450 1805 498 et
1831 458 1880 517 Α
1905 441 2101 497 Christi
2127 441 2195 496 ad
2223 438 2622 496 similitudinem
2669 438 2787 510 ejus
2812 438 2979 495 multa
3009 445 3066 495 et
3092 400 3294 496 faciunt
3315 444 3371 493 et
3405 436 3485 496 l'e-

3372 312 3487 376 795

1905 550 2028 591 cere
2056 534 2251 589 virtute
2291 532 2433 588 ﬁdei.
2477 531 2615 601 Ergo
2642 540 2908 587 sectemur
2949 530 3143 588 horum
3181 530 3484 599 caritatem,

1901 639 2191 695 sequamur
2237 624 2425 680 horum
2457 622 2834 690 innocentiam,
2884 630 2945 677 ut
2993 621 3374 690 indulgentiam
3425 628 3485 677 et
3522 696 3529 699 δ

1901 718 2362 773 mansuetudinem
2410 732 2597 773 eorum
2640 732 2935 786 servemus,
2966 724 3022 773 et
3065 732 3097 773 a
3150 716 3483 787 sempiterno

1900 811 2066 881 adjuti
2102 812 2233 875 Deo,
2265 820 2467 867 :eterno
2488 819 2542 866 et
2569 811 2726 865 beato
2754 809 2894 865 Filio
2914 824 3030 880 ejus
3053 823 3263 878 semper
3301 808 3476 864 hono-

1899 921 2014 961 rem
2063 905 2361 960 deferamus
2399 912 2453 959 et
2503 902 2686 957 laudes
2737 910 2995 965 aeternas;
3048 899 3222 970 ipsum
3258 884 3477 952 Patrem

1901 1006 1956 1053 et
1983 999 2173 1054 Filium
2202 999 2485 1055 adorantes
2512 1005 2567 1052 et
2594 997 2913 1053 conlitentes
2942 997 2994 1051 in
3034 994 3238 1068 Spiritu
3265 1001 3473 1060 sancto,

1901 1092 1985 1146 cui
2013 1090 2180 1160 gloria
2208 1100 2262 1147 et
2297 1090 2548 1161 maiestas
2575 1090 2629 1145 in
2656 1087 2868 1144 smcula.
2902 1087 3089 1143 Amen.
3120 1085 3231 1143 Deo
3251 1082 3472 1156 gratias,

1901 1196 2012 1236 sem
2019 1196 2129 1239 uer.
3434 1194 3439 1197 “

1376 1378 2069 1501 TRACTATUS
2143 1418 2256 1502 V.

1555 1564 1802 1620 CONTRA
1833 1568 2108 1625 JUDIEOS.

279 1677 440 1750 735
468 1675 661 1731 Dicunt
689 1670 978 1729 secundum
1009 1672 1241 1727 litteram
1270 1670 1436 1727 Judzei
1467 1687 1575 1727 non
1601 1687 1796 1728 secun-
1828 1676 1873 1737 B
1899 1684 1955 1731 et
1982 1676 2095 1747 ipse
2122 1675 2288 1733 Iacob
2316 1676 2583 1733 benedicit
2616 1675 2753 1733 ﬁlios
2781 1676 2976 1748 Ioseph
3008 1676 3100 1733 lilii
3128 1678 3208 1732 sui
3232 1676 3471 1737 minoris.

206 1765 335 1822 dum
412 1808 426 1823 .
507 1804 521 1818 .
602 1806 617 1821 .
696 1804 710 1818 .
789 1803 803 1817 .
878 1761 1197 1817 adhortatur
1217 1778 1316 1818 nos
1367 1763 1508 1818 ratio
1581 1803 1596 1817 .
1675 1802 1692 1818 .

305 1904 318 1917 .
396 1861 589 1916 fratres
627 1857 1012 1928 aliquantulum
1052 1872 1149 1927 pre
1223 1898 1236 1911 .
1318 1898 1331 1913 .
1411 1899 1425 1913 .
1504 1899 1519 1912 .
1598 1898 1611 1913 .
1694 1874 1791 1915 ore

205 1959 397 2008 contra
440 1949 672 2015 Iudaeos,
707 1948 790 2003 vel
867 1988 880 2001 .
958 1987 973 2003 .
1052 1986 1066 2001 .
1147 1988 1161 2002 .
1241 1988 1254 2002 .
1331 1948 1409 2003 eis
1456 1964 1577 2003 cum
1613 1957 1790 2004 vestra

205 2042 489 2098 sanctitate
517 2056 639 2095 con.
720 2080 733 2093 .
813 2079 827 2092 .
907 2077 922 2093 .
1020 2079 1037 2096 .
1116 2079 1130 2094 .
1214 2046 1269 2094 et
1297 2040 1470 2110 primo
1501 2040 1632 2097 illud
1661 2042 1790 2097 mihi

210 2132 604 2191 ostendendum
630 2138 732 2198 est,
763 2129 907 2201 quod
936 2131 1023 2186 hic
1043 2130 1272 2201 populus
1300 2146 1330 2184 a
1358 2131 1543 2186 mundi
1569 2116 1799 2188 exordio

203 2226 383 2282 (Rvina
437 2223 775 2279 Providentia
806 2223 1149 2292 reprobatur‘,
1199 2230 1255 2277 et
1307 2237 1536 2293 sequens
1564 2224 1791 2294 populus

200 2317 437 2387 eligitur,
467 2324 627 2386 atque
654 2314 944 2369 assumitur
967 2328 1036 2368 ex
1063 2313 1332 2381 gentibus,
1364 2314 1415 2367 id
1442 2321 1524 2368 est
1561 2314 1791 2385 populus

201 2408 558 2470 Christianus,
591 2413 646 2460 et
671 2413 729 2459 ut
756 2405 957 2460 certius
986 2404 1315 2474 approbetur
1358 2404 1503 2474 quod
1540 2404 1787 2471 dicimus,

200 2501 270 2555 ab
302 2499 419 2570 ipso
468 2498 640 2568 primo
682 2496 897 2550 homine
944 2494 1115 2549 Adam
1160 2510 1433 2550 sumamus
1490 2496 1786 2551 exordium.

200 2589 373 2644 Adam
396 2587 578 2656 genuit
597 2586 729 2641 Cain
750 2594 804 2640 et
833 2586 983 2640 Abel.
1016 2584 1150 2639 Cain
1179 2595 1306 2640 natu
1335 2587 1506 2657 major
1534 2589 1790 2658 p0pulum

200 2676 853 2749 designabatIudzrorum.
878 2676 983 2732 lste
1002 2678 1277 2747 repellitur
1291 2678 1360 2733 ob
1384 2677 1584 2734 facinus
1613 2696 1789 2749 suum,

200 2778 258 2825 et
285 2769 421 2824 Abel
469 2768 647 2823 minor
694 2777 821 2821 natu
871 2769 1179 2833 assumitur,
1217 2768 1305 2836 qui
1355 2769 1607 2839 populum
1636 2769 1791 2824 Chri-

100 2876 105 2877 '
200 2860 438 2915 stianum
468 2858 823 2924 ostendebat;
862 2857 1173 2927 reprobavit
1199 2858 1340 2913 enim
1372 2859 1509 2915 Deus
1530 2861 1791 2916 sacriﬁcia

202 2951 359 3016 Cain,
389 2960 445 3007 ct
489 2951 621 3006 Abel
651 2950 971 3006 sacriﬁcium
1020 2952 1329 3022 assumpsit.
1362 2950 1634 3008 Occiditur
1679 2954 1792 3024 ipse

1892 1768 2010 1824 Iam
2034 1770 2301 1839 intelligis,
2334 1778 2389 1826 et
2417 1771 2472 1825 in
2498 1769 2696 1841 Ioseph
2735 1772 2895 1842 736
2930 1771 3126 1827 minori
3155 1770 3265 1826 ﬁlio
3293 1786 3469 1842 popu-

1893 1860 2004 1916 lum
2033 1861 2395 1918 Christianum
2424 1862 2677 1919 ostendit.
2711 1862 2987 1918 Benedicit
3010 1877 3138 1932 ergo
3166 1863 3332 1919 Iacob
3354 1864 3474 1920 illos

1844 2016 1854 2028 ,
1893 1958 2030 2014 duos
2049 1974 2265 2030 pueros,
2288 1967 2343 2014 et
2363 1958 2515 2028 ponit
2542 1973 2755 2013 manum
2787 1958 2994 2022 laevam,
3022 1957 3073 2013 id
3094 1964 3177 2013 est
3204 1957 3473 2015 sinistram

1892 2066 2053 2120 super
2079 2057 2239 2121 caput
2266 2049 2486 2119 majoris
2524 2058 2651 2104 natu
2670 2092 2685 2117 ,
2722 2056 2777 2105 et
2802 2049 3079 2104 dexteram
3109 2063 3272 2118 super
3312 2054 3473 2119 caput

1892 2143 2134 2207 minoris,
2169 2151 2229 2197 ut
2256 2141 2567 2197 ostenderet
2593 2141 2853 2196 minorem
2884 2140 3118 2195 futurum
3147 2154 3267 2195 esse
3295 2139 3471 2195 hono-

1894 2234 2198 2289 rabiliorem
2246 2241 2408 2303 atque
2444 2232 2724 2301 majorem.
2768 2231 2979 2304 Moyses
3018 2245 3233 2301 quoque
3279 2230 3470 2300 accipit

1893 2326 2132 2392 tabulas,
2159 2332 2215 2379 et
2240 2330 2459 2394 propter
2487 2322 2699 2393 culpam
2728 2321 2912 2394 populi
2950 2320 3175 2392 proiecit
3214 2335 3334 2386 eas;
3380 2334 3469 2376 se-

1893 2415 2067 2471 eundo
2087 2415 2219 2470 alias
2238 2414 2569 2485 conscriptas
2588 2413 2781 2485 accipit
2796 2421 2855 2483 et
2872 2420 3129 2480 reservat,
3156 2413 3174 2446 ⁸
3196 2420 3356 2485 atque
3380 2426 3468 2468 sa-

1894 2507 2001 2563 cris
2051 2506 2411 2561 voluminibus

1899 2640 1912 2652 ι
2001 2638 2014 2651 ο
2101 2638 2112 2651 ι
2195 2636 2211 2662 θ
2290 2637 2303 2650 ο
2383 2638 2397 2651 ο
2481 2639 2494 2653 ο
2573 2638 2587 2652 ο
2671 2638 2685 2651 ο
2764 2639 2778 2652 ι
2858 2638 2874 2653 ο
2953 2637 2968 2653 ο
3051 2639 3065 2654 ο
3144 2638 3158 2652 ο
3237 2638 3251 2653 ο
3344 2638 3360 2653 ο
3444 2633 3464 2656 ο

1895 2691 1914 2720 ³
1930 2688 2239 2760 Pr0phetam
2254 2690 2316 2744 de
2327 2699 2475 2762 gente
2493 2696 2604 2755 tua,
2622 2689 2745 2745 etde
2757 2690 3005 2762 fratribus
3020 2690 3221 2755 vestris;
3243 2697 3374 2744 sscut
3389 2705 3471 2745 me

1894 2781 2038 2835 illum
2068 2781 2259 2836 audite.
2282 2781 2579 2836 Eritenim:
2595 2781 2763 2837 omnis
2780 2780 2975 2847 anima,
2991 2797 3105 2853 qua:
3120 2796 3223 2834 non
3250 2779 3471 2833 audierit

1893 2875 2191 2945 praplietam
2220 2863 2655 2942 illum,intericrit
2673 2873 2740 2927 de
2767 2872 2954 2944 papula
2969 2888 3061 2927 suo
3089 2870 3268 2944 (Deut.
3299 2870 3472 2942 svnt).

1896 2962 2215 3035 Pr0phetam
2244 2964 2376 3019 dixit
2402 2964 2693 3029 Christum,
2717 2962 2841 3034 quia
2864 2963 3128 3033 propheta
3151 2971 3235 3017 est
3259 2962 3343 3018 sui
3368 2960 3473 3016 Pa-

203 3043 343 3100 Abel
370 3059 401 3097 a
429 3042 595 3109 Cain;
638 3051 692 3098 et
714 3043 952 3098 nascitur
976 3043 1111 3101 alius
1140 3041 1277 3097 ﬁlius
1302 3043 1429 3097 Αιιω
1456 3045 1508 3098 in
1538 3045 1655 3101 loco
1677 3044 1792 3114 ejus

1899 3057 1990 3110 tris
2016 3063 2072 3110 et
2102 3055 2218 3110 Dei.
2247 3054 2503 3111 Dominus
2532 3063 2712 3110 autem
2745 3062 2801 3110 et
2839 3054 2981 3109 Deus
3004 3060 3086 3109 est
3118 3053 3295 3108 omnis
3320 3066 3474 3108 crea-

205 3135 431 3191 nomine
459 3133 612 3189 Seth.
644 3133 939 3190 Considera
988 3134 1323 3205 mysterium.
1356 3134 1487 3189 Abel
1516 3135 1688 3191 luctus
1717 3138 1798 3192 in-

206 3231 550 3298 terpretatur:
574 3226 702 3281 Seth
723 3227 1067 3282 resurrectio.
1091 3225 1231 3296 Ergo
1249 3228 1300 3281 in
1325 3227 1440 3282 istis
1475 3227 1557 3283 bis
1585 3228 1796 3284 duobus

206 3319 467 3376 fratribus
494 3320 808 3375 minoribus.
913 3359 927 3374 .
1027 3360 1041 3374 .
1121 3360 1134 3373 .
1215 3361 1227 3373 .
1308 3361 1321 3375 .
1403 3362 1415 3374 .
1496 3361 1509 3373 .
1591 3360 1603 3374 .
1683 3359 1699 3375 .
1778 3362 1791 3374 .

204 3781 336 3851 quia
366 3780 669 3857 mandatur,
700 3788 755 3836 et
783 3788 841 3836 ut
868 3781 1134 3850 relinquat
1162 3782 1369 3852 priores
1396 3798 1609 3845 errores
1633 3793 1689 3840 et
1707 3800 1802 3840 ve-

204 3879 354 3928 tusta
382 3872 529 3937 vitia,
556 3880 611 3926 et
630 3881 786 3927 exeat
809 3872 951 3936 inde,
972 3870 1343 3945 elﬁciaturq’ue
1370 3874 1423 3930 in
1446 3883 1659 3943 gentem
1686 3892 1802 3931 ma-

203 3977 390 4032 gnam,
421 3962 473 4017 id
504 3970 588 4017 est
628 3963 681 4020 in
712 3963 911 4034 populo
940 3963 1083 4019 ﬁdeli
1107 3962 1435 4032 Christiano,
1469 3973 1584 4021 toto
1629 3975 1800 4021 terra-

204 4068 332 4109 rum
372 4053 504 4109 orbe
544 4053 769 4121 diﬁ‘uso;
814 4055 956 4110 unde
1001 4054 1276 4125 Scriptura
1325 4056 1678 4111 annuntiabat
1716 4057 1801 4113 di-

204 4158 344 4200 cens
373 4161 387 4196 :
416 4142 579 4199 Eritis
631 4154 818 4214 gentes
864 4147 917 4201 in
963 4155 1124 4217 caput
1150 4147 1463 4213 Christiani,
1497 4150 1801 4207 incredulus

205 4242 397 4289 autem
429 4235 658 4305 populus
686 4235 738 4289 in
768 4235 956 4303 cauda,
985 4236 1038 4291 id
1074 4246 1157 4292 est
1196 4236 1383 4293 Judazi.
1415 4237 1613 4295 Genuit
1641 4239 1803 4297 Abra-

204 4326 340 4382 ham
361 4324 507 4381 duos
537 4324 693 4392 ﬁlios,
725 4327 918 4385 lsmael
946 4336 1003 4384 et
1030 4329 1196 4385 Isaac.
1238 4331 1428 4386 lsmael
1462 4332 1634 4401 major
1672 4342 1801 4390 natu

1900 3156 2030 3202 tunc
2064 3166 2075 3200 :
2108 3147 2174 3202 de
2199 3148 2318 3218 ipso
2346 3146 2558 3202 dicebat
2585 3147 2780 3221 iterum
2808 3144 3021 3217 Moyses
3046 3144 3101 3199 in
3128 3144 3266 3199 libro
3293 3141 3474 3199 Gene-

1897 3256 2022 3295 scos
2058 3239 2207 3310 (Cap.
2240 3238 2317 3311 l):
2353 3237 2421 3293 In
2455 3238 2711 3310 principio
2742 3238 2864 3310 fecit
2893 3235 3031 3291 Deus
3070 3236 3250 3289 certant
3287 3243 3337 3289 et
3375 3243 3475 3289 ter-

1898 3349 2053 3398 ram;
2102 3331 2190 3386 hic
2229 3329 2549 3401 principium
2588 3327 2778 3383 Filium
2824 3335 3033 3391 laxans,
3083 3326 3137 3381 in
3179 3339 3288 3394 quo
3336 3323 3476 3380 Deus

1899 3423 2059 3479 Pater
2106 3422 2229 3478 fecit
2256 3421 2450 3477 cmlum
2479 3429 2534 3476 et
2562 3428 2780 3485 terram,
2814 3418 2959 3489 quod
2988 3416 3263 3488 apostolus
3290 3422 3477 3472 noster

1900 3512 2096 3569 Paulus
2123 3512 2293 3585 Moysi
2315 3511 2748 3584 prosecutionem
2774 3516 3054 3574 attestans,
3085 3507 3318 3574 dicebat,
3355 3505 3478 3578 quia

1898 3609 1952 3662 in
1984 3606 2185 3662 Christo
2212 3615 2385 3661 creata
2405 3613 2525 3659 sunt
2550 3604 2726 3681 omnia
2752 3617 2867 3675 qua
2893 3610 3012 3655 sunt
3030 3601 3085 3655 in
3107 3599 3263 3665 cretis,
3293 3605 3343 3653 et
3363 3612 3478 3669 quas

1901 3707 2017 3753 sunt
2043 3700 2098 3753 in
2138 3708 2307 3764 terra,
2338 3694 2557 3751 risibilia
2595 3703 2645 3749 et
2675 3693 2985 3759 invisibilia,
3024 3683 3128 3747 sive
3153 3689 3333 3757 sedes,
3374 3690 3479 3744 sius

1900 3789 2274 3845 dominationes
2305 3786 2522 3859 (Coloss.
2553 3786 2593 3857 ι)
2633 3794 2688 3841 et
2716 3792 2932 3849 etetera,
2981 3797 3101 3853 qua:
3142 3780 3215 3836 ibi
3240 3794 3479 3851 sequun-

1900 3891 2004 3937 tur.
2036 3881 2094 3936 In
2132 3879 2398 3952 principio
2431 3893 2562 3948 ergo
2608 3877 2733 3935 fecit
2769 3876 2911 3933 Deus
2934 3875 3130 3933 caelum
3170 3881 3226 3929 et
3258 3880 3477 3928 terram.

1900 3972 2226 4043 Principium
2245 3969 2491 4027 Christus
2512 3977 2613 4035 est,
2636 3968 2728 4041 qui
2753 3967 2967 4024 dicebat
2981 3980 3079 4038 per
3099 3963 3475 4021 Salomonem:

1902 4063 1922 4093 ³
1952 4059 2209 4117 Dominus
2251 4062 2443 4116 crearit
2479 4076 2562 4115 me
2608 4058 2920 4131 principium
2955 4057 3151 4111 viarum
3189 4069 3402 4110 suarum
3427 4052 3481 4107 in

1900 4152 2541 4226 operasua(Prov.vm).
2621 4193 2635 4208 .
2901 4190 2916 4205 .
2996 4189 3010 4206 .
3086 4189 3102 4205 .
3178 4185 3197 4207 .
3272 4182 3294 4206 ο
3368 4184 3386 4203 .
3463 4185 3481 4203 .

205 4415 315 4472 fuit
342 4431 408 4471 ex
439 4416 630 4471 ancilla
655 4418 816 4488 Agar,
840 4417 986 4476 Isaac
1013 4420 1190 4476 minor
1216 4430 1347 4477 natu
1372 4437 1440 4477 ex
1460 4423 1627 4478 libera
1645 4424 1798 4492 Sara,
1830 4436 1879 4497 ι)
1904 4439 1998 4487 aut.
2016 4428 2266 4487 fundatus
2302 4433 2386 4483 est
2414 4426 2560 4484 orbis
2587 4433 2743 4482 term
2780 4463 2831 4492 ,.
2909 4464 2924 4479 .
3001 4461 3017 4477 .
3095 4461 3109 4476 .
3189 4460 3203 4475 .
3275 4404 3501 4491 pararet,

205 4507 360 4579 quod
390 4508 667 4578 apostolus
696 4519 879 4566 noster
906 4508 1121 4578 Paulus,
1161 4514 1252 4583 qui
1281 4522 1337 4569 et
1373 4516 1489 4585 ipse
1517 4531 1583 4571 ex
1610 4516 1808 4573 Iudaeis

206 4602 541 4668 crediderat,
582 4602 794 4658 dicebat
841 4623 852 4658 :
897 4603 1016 4659 Jam
1057 4622 1161 4661 non
1205 4624 1381 4662 sumus
1424 4609 1630 4664 ancilla:
1672 4611 1803 4680 ﬁlii,

205 4692 868 4768 sedliberw(Galat.iv).
1135 4737 1150 4753 .
1226 4737 1240 4752 .
1321 4740 1335 4754 .
1413 4740 1428 4755 .
1506 4740 1521 4756 .
1600 4739 1614 4754 .
1693 4742 1706 4756 .
1783 4740 1801 4759 .

208 5251 374 5308 vides
401 5252 524 5321 quia
564 5251 713 5322 prior
739 5251 1089 5323 reprobatur,
1121 5259 1177 5306 et
1203 5266 1433 5321 sequens
1479 5253 1799 5322 assumitur;

298 5428 315 5459 ³
338 5424 552 5504 Excidit
578 5440 698 5495 ergo
721 5421 983 5504 (Moyses)
1007 5420 1136 5504 duas
1166 5420 1366 5483 tabulas
1395 5419 1646 5491 lapideas,
1670 5440 1803 5504 ﬂua-

211 5496 300 5553 les
335 5508 491 5551 antea
526 5493 748 5563 fuerant,
776 5501 824 5545 et
860 5493 924 5546 de
956 5500 1104 5545 nocte
1138 5507 1449 5563 consurgens
1492 5493 1721 5545 ascendit
1751 5496 1806 5546 in

212 5578 453 5623 montem
493 5566 661 5628 Sinai,
702 5565 832 5633 sicut
868 5572 1178 5633 praeceperat
1223 5563 1272 5616 ei
1316 5563 1568 5616 Dominus
1595 5569 1809 5632 portans

210 5654 397 5694 secum
421 5635 639 5690 tabulas.
664 5632 833 5687 Exod.
859 5632 1038 5686 XXXIV.

302 5711 323 5777 Ξ
346 5706 663 5777 Pr0phetam
693 5704 758 5757 de
790 5711 938 5777 gente
962 5711 1046 5755 tua
1071 5700 1210 5777 etde
1238 5701 1485 5777 fratribus
1508 5702 1608 5777 tuis
1647 5703 1811 5756 susci-

214 5776 362 5836 tabit
391 5771 481 5831 tibi
510 5774 764 5830 Dominus
793 5771 931 5827 Deus
960 5778 1094 5837 tuus,
1126 5771 1292 5841 ipsum
1318 5772 1530 5839 audies;
1557 5773 1690 5827 sicut
1718 5790 1808 5827 oe-

1908 4525 2104 4581 coelum
2179 4561 2194 4576 .
2275 4560 2289 4575 .
2370 4561 2384 4575 .
2463 4559 2479 4573 .
2556 4559 2571 4573 .
2646 4517 2888 4573 Christus
2925 4514 3181 4570 Dominus
3207 4513 3373 4569 Filius
3396 4512 3488 4572 Del

1906 4616 3486 4684 ipseest.............

1908 4694 3489 4759 ......dicebat.......Fir-

1903 4803 2232 4870 momentum,
2265 4800 2315 4848 et
2344 4793 2537 4865 factum
2564 4799 2640 4845 est
2662 4791 3074 4862 ﬁrmamentum,
3102 4789 3236 4859 [iant
3272 4787 3492 4842 lumina-

1905 4888 1987 4942 ria
2013 4885 2068 4939 in
2095 4885 2420 4956 ﬁrmamento
2442 4881 2576 4946 caeli,
2600 4882 2678 4939 sic
2703 4889 2760 4935 ut
2787 4881 2991 4936 luceant
3018 4897 3171 4951 super
3209 4888 3420 4947 terram,
3446 4889 3491 4933 et

1782 5012 1803 5034 .
1905 4978 2025 5053 fecit
2065 4976 2164 5031 duo
2192 4975 2471 5030 luminaria
2508 4972 2680 5044 majus
2706 4980 2754 5026 et
2793 4972 2982 5026 minus.
3015 4969 3295 5025 Luminare
3326 4972 3492 5042 majut

1904 5067 1960 5122 in
1984 5067 2360 5122 inchoationem
2398 5065 2522 5132 diei,
2555 5073 2605 5119 et
2632 5065 2887 5118 luminare
2919 5063 3089 5117 minus
3115 5063 3172 5117 in
3210 5061 3493 5117 inchoatio-

1909 5176 2024 5214 nem
2047 5158 2210 5213 noctis
2240 5155 2448 5229 (Cenes.
2485 5157 2544 5227 l).
2575 5154 2717 5225 Ergo
2750 5155 2892 5211 Deus
2913 5154 3067 5219 dixit,
3098 5160 3154 5210 et
3180 5153 3322 5209 Deus
3346 5151 3492 5207 fecit.

1911 5252 2050 5308 Audi
2079 5251 2270 5312 adhuc.
2299 5250 2430 5305 dicit
2457 5250 2599 5306 Deus
2630 5267 2642 5303 :
2674 5247 2955 5304 Faciamus
2984 5248 3240 5304 hominem
3273 5246 3342 5298 ad
3364 5246 3492 5299 ima-

1914 5424 2021 5478 tisti
2050 5440 2081 5476 a
2112 5421 2334 5477 Domino
2361 5421 2471 5476 Deo
2507 5431 2591 5477 tuo
2628 5423 2681 5475 in
2696 5420 2893 5478 Horeb.
2927 5420 3147 5486 Quando
3175 5417 3352 5473 concio
3370 5433 3492 5471 con-

1914 5502 2129 5566 gregata
2157 5501 2250 5557 est,
2277 5501 2428 5566 atque
2458 5493 2637 5548 dixisti
2658 5492 2798 5547 ultra
2826 5509 2928 5547 non
2959 5492 3164 5545 audiam
3194 5503 3364 5543 vocem
3389 5486 3492 5542 Do-

1915 5562 2041 5618 mini
2072 5562 2167 5617 Dei
2191 5563 2313 5632 mei,
2343 5562 2448 5620 etc.

1993 5633 2015 5705 ξ
2043 5633 2140 5689 Hic
2185 5626 2337 5705 locus
2364 5636 2675 5705 desumptus
2702 5639 2786 5689 est
2806 5647 2890 5705 (ex
2925 5645 3044 5705 cap.
3073 5646 3165 5705 vm
3192 5627 3375 5693 Prov.,
3405 5626 3494 5687 ubi

1917 5703 2109 5771 legitur
2139 5721 2151 5755 :
2181 5703 2435 5759 Dominus
2455 5701 2677 5773 posiedit
2699 5719 2779 5757 me
2797 5702 2853 5757 in
2873 5701 3024 5773 initio
3044 5701 3242 5755 viarum
3264 5714 3496 5769 suarum,

1919 5770 2191 5842 antequam
2211 5770 2486 5841 quidquam
2514 5775 2707 5839 [ασθαι
2733 5790 2767 5828 (ι
2784 5770 3062 5835 principio.
3091 5776 3197 5827 etc.
