4052 6330
539 282 651 363 795
1158 351 1162 358 ,
1627 348 1632 356 ,
1741 292 1796 354 s
1834 290 2081 350 unum
2117 288 2575 348 TAURINENSIS
3712 283 3834 352 796

539 420 712 497 ginem
747 421 803 473 et
821 412 1213 472 similitudinem
1252 423 1517 491 nostram;
1551 419 1601 469 et
1641 414 1761 487 fecit
1800 411 1936 468 Deus
1962 412 2129 466 homi-
2155 413 2207 472 Α
2234 410 2360 466 tatis
2386 418 2442 466 et
2463 409 2779 480 ignorantia:
2817 409 3068 467 tenebras
3094 423 3204 466 non
3249 407 3596 482 derelinquit.
3628 408 3832 469 Parati

538 531 676 581 nem,
699 509 771 566 ad
795 511 1073 582 irnaginem
1099 507 1198 564 Dei
1228 510 1348 582 fecit
1365 509 1510 563 illum
1541 507 1696 580 (Gen.
1727 507 1788 577 ι).
1821 506 1960 562 Dicit
1989 504 2128 560 forte
2233 503 2498 556 lucernam
2523 499 2729 557 Christo
2766 519 2879 559 meo
2907 519 2926 556 :
2956 503 3160 558 iterum
3193 501 3251 558 in
3277 500 3542 559 Joannem
3575 510 3833 562 sanctum

519 603 792 669 ,Judaaus:
843 600 925 658 Ad
953 601 1174 671 angelos
1212 601 1354 657 Deus
1397 600 1550 656 dixit.
1583 598 1931 655 Convincitur
1967 598 2022 654 in
2060 613 2130 654 eo
2233 595 2360 662 dici,
2383 596 2729 666 intelligimus
2755 596 3031 652 lucernam
3058 597 3314 669 populum
3342 597 3835 658 illuminanteme

539 697 684 771 quod
709 695 905 754 dicitur
931 703 982 752 et
1009 695 1150 751 Deus
1179 687 1298 768 fecit
1319 695 1610 761 hominem;
1656 709 1762 750 non
1791 693 1932 749 enim
1962 707 2129 762 ange-
2232 688 2338 744 isto
2366 688 2597 744 Domino
2635 687 2917 745 Salvatore
2963 698 3021 744 et
3046 689 3114 746 de
3141 689 3260 760 ejus
3287 689 3522 747 adventu
3564 689 3621 746 in
3657 704 3836 749 carne

2229 780 2433 837 laturo.
2463 779 2531 836 Et
2555 779 2721 838 lsaias
2747 780 3119 838 sanctissimus
3156 781 3516 853 loquebatur:
3549 779 3838 856 Conforta-

2230 873 2376 942 mini,
2408 871 2599 943 inquit,
2625 888 2812 928 manus
2831 873 3072 928 resoluta
3106 881 3157 927 et
3185 889 3356 946 genua
3399 871 3591 929 debilia
3617 881 3678 929 et
3696 879 3840 944 post

2229 980 2396 1037 pauca
2417 966 2492 1022 ait
2522 983 2536 1020 :
2571 964 2709 1021 Deus
2729 973 2904 1022 noster
3194 964 3473 1033 retribuet;
3502 967 3611 1039 ipse
3629 967 3836 1032 veniet,

2229 1057 2448 1114 salvabit
2481 1075 2577 1115 ros
2597 1075 2616 1113 :
2645 1067 2764 1114 tunc
2793 1060 3089 1130 aperientur
3131 1060 3268 1115 oculi
3288 1076 3564 1127 eiecerunt,
3589 1069 3640 1116 et
3667 1074 3842 1116 aures

2228 1154 2499 1210 surdorum
2533 1153 2741 1210 audiuit
2771 1152 2949 1226 (Ieci.
2979 1153 3206 1226 xxxv),
3257 1161 3316 1210 et
3339 1163 3553 1210 latera.
3609 1151 3683 1209 Et
3715 1153 3841 1210 Ba-

2227 1246 2360 1303 ruch
2386 1245 2602 1305 dicebat
2629 1245 2701 1306 de
2721 1245 2938 1303 Christo
2963 1265 2976 1302 :
3012 1245 3034 1280 ³
3055 1246 3159 1302 Hic
3183 1246 3326 1304 Deus
3346 1259 3519 1304 noster
3563 1266 3668 1306 non
3702 1248 3844 1305 esi-

2226 1339 2466 1392 stimatur
2478 1337 2610 1393 alter
2632 1339 2702 1392 ad
2723 1339 2962 1394 alterum.
2988 1337 3090 1404 Qui
3102 1340 3295 1394 invenit
3312 1356 3512 1394 omnem
3537 1341 3672 1394 viam
3690 1355 3844 1412 pru-

2229 1429 2442 1495 dentie,
2463 1439 2513 1485 et
2531 1429 2671 1486 dedit
2697 1447 2813 1486 eam
2837 1429 3002 1486 Iacob
3040 1449 3200 1503 puero
3216 1449 3328 1496 suo,
3360 1439 3409 1487 et
3435 1431 3602 1488 Israel
3627 1433 3843 1490 dilecto

2226 1524 2358 1591 sibi;
2389 1535 2505 1598 post
2540 1526 2651 1581 Ιιωσ
2686 1526 2738 1579 in
2771 1527 2919 1581 terris
2948 1526 3084 1582 visus
3105 1535 3155 1580 et
3180 1527 3307 1582 inter
3343 1526 3573 1582 homines
3597 1543 3844 1583 conver-

2224 1629 2369 1674 satus
2411 1629 2488 1675 est
2518 1619 2756 1694 (Bemclt
2780 1621 2870 1692 In)
2897 1639 2909 1675 :
2942 1629 3004 1678 ut
3030 1621 3172 1677 idem
3206 1636 3317 1677 non
3343 1621 3483 1678 Deus
3519 1620 3682 1678 Pater
3737 1621 3845 1676 vi-

2223 1728 2312 1799 sus
2341 1719 2524 1799 est,-et
2549 1721 2900 1769 conversatus
2921 1713 3060 1768 inter
3086 1712 3355 1782 homines,
3385 1711 3478 1769 sed
3506 1709 3674 1768 Filius
3695 1712 3848 1783 Dei,

538 791 662 862 geli,
694 791 853 862 737
881 788 1035 856 dixit,
1063 787 1321 854 fecerunt,
1353 787 1449 842 sed
1477 785 1638 850 Deus,
1661 785 1854 855 inquit,
1883 784 2007 857 fecit
2027 783 2125 838 ho-

541 885 749 939 minem.
765 880 907 937 Deus
919 875 1077 948 dixit,
1091 887 1146 935 et
1157 878 1300 938 Deus
1314 877 1466 945 fecit;
1483 877 1534 933 id
1550 886 1633 934 est
1647 875 1810 933 Pater
1824 876 2124 948 imperavit,

542 982 598 1032 et
620 974 784 1030 Filius
809 970 1134 1044 adimplevit.
1165 969 1230 1025 Et
1250 969 1380 1026 illud
1398 969 1680 1026 considera
1700 969 1846 1040 quod
1867 969 2126 1040 scriptum

543 1065 754 1140 (Cenes.
782 1063 931 1137 x_vm)
959 1071 1046 1121 est
1067 1064 1138 1120 de
1164 1063 1452 1130 Abraham,
1469 1063 1560 1133 qui
1591 1061 1675 1137 [F.
1705 1059 1855 1134 quia]
1878 1061 2128 1134 apparuit

541 1158 617 1214 illi
647 1157 789 1213 Deus
829 1155 895 1212 ad
922 1171 1179 1227 quercum
1209 1155 1479 1222 Mambre;
1507 1161 1561 1210 et
1591 1154 1935 1226 postmodum
1963 1155 2130 1210 habet

539 1251 816 1324 Scriptura
845 1249 901 1322 (I
905 1250 1037 1322 bid.)
1063 1251 1116 1305 in
1139 1249 1422 1306 exustione
1441 1247 1690 1304 Sodoma:
1715 1255 1770 1303 et
1789 1247 2122 1313 Gomorrhaa,

539 1344 683 1417 quod
699 1343 958 1399 Dominus
979 1357 1010 1397 a
1032 1341 1259 1398 Domino
1286 1340 1482 1412 pluerit
1509 1339 1686 1410 ignem
1706 1349 1762 1395 et
1788 1339 2010 1411 sulphur
2030 1354 2123 1395 su-

540 1452 639 1511 per
665 1435 882 1493 easdem
907 1435 1171 1491 civitates.
1203 1432 1343 1502 Ergo
1369 1440 1452 1488 est
1483 1431 1643 1489 Pater
1672 1439 1727 1487 et
1745 1431 1930 1496 Filius,
1957 1447 1986 1486 a
2014 1447 2124 1502 quo

541 1531 720 1598 Patre,
756 1529 808 1586 id
838 1537 921 1586 est
941 1540 1010 1583 ex
1039 1527 1194 1597 cujus
1217 1526 1459 1596 jussione
1489 1525 1624 1597 pluit
1651 1525 1816 1581 Filius
1862 1514 2040 1595 ignem
2068 1533 2126 1581 et

541 1623 786 1700 sulphur.
817 1621 878 1676 In
906 1620 1042 1676 Filio
1072 1635 1200 1690 ergo
1243 1619 1372 1675 fecit
1399 1618 1543 1675 Deus
1579 1619 1774 1676 coelum
1815 1627 1870 1676 et
1900 1627 2120 1686 terram,

539 1716 632 1789 qui
659 1721 916 1772 eratante
937 1714 1132 1772 caelum
1153 1722 1208 1769 et
1229 1721 1427 1770 terram
1447 1732 1460 1767 :
1485 1730 1664 1770 nonne
1688 1723 1815 1771 ante
1843 1713 1965 1771 facti
1995 1723 2124 1772 sunt

539 1805 738 1888 angeli,
789 1806 1115 1874 archangeli,
1165 1821 1458 1876 omnesque
1497 1806 1768 1878 spiritales
1802 1807 2026 1862 virtutes
2073 1807 2203 1868 etB
2228 1791 2295 1861 de
2334 1791 2486 1875 cujus
2527 1805 2911 1861 incarnationis
2938 1806 3171 1862 adventu
3200 1799 3392 1861 iterum
3418 1802 3578 1860 Isaias
3596 1807 3848 1860 annun-

542 1899 878 1971 potestates?
904 1896 1046 1967 Ergo
1087 1896 1230 1967 quod
1277 1898 1370 1964 ait,
1403 1897 1459 1952 ln
1507 1899 1769 1969 principio
1815 1898 1940 1955 fecit
1987 1900 2128 1956 Deus

541 1992 738 2068 omium
783 1999 839 2048 et
885 1999 1103 2053 terram.
1136 1990 1191 2045 in
1219 1989 1434 2046 Christo
1462 1991 1662 2046 dixisse
1689 1991 2014 2058 declaratur,
2059 2008 2127 2048 ex

541 2083 693 2155 cujus
720 2099 952 2156 persona
981 2091 1037 2140 et
1082 2083 1250 2138 David
1277 2083 1487 2138 dicebat
1523 2102 1535 2136 :
1575 2083 1741 2139 Verbo
1783 2083 1993 2140 Domini
2015 2085 2128 2140 caeli

540 2177 736 2250 ﬁrmati
763 2184 902 2242 sunt,
945 2183 996 2230 et
1040 2177 1226 2247 spiritu
1254 2176 1358 2230 oris
1388 2175 1498 2248 ejus
1534 2177 1700 2232 ontnis
1745 2177 1906 2232 virtus
1952 2195 2128 2233 eorum

541 2267 715 2342 (Psal.
746 2270 918 2338 xxxn)
940 2283 954 2332 ;
979 2267 1079 2322 iste
1103 2274 1188 2322 est
1229 2253 1396 2322 Filius
1421 2267 1538 2336 Dei,
1563 2268 1631 2324 de
1652 2283 1760 2338 quo
1789 2269 1981 2324 iterum
2014 2271 2126 2342 ipse

541 2359 708 2423 David
735 2360 948 2414 dicebat
975 2357 1030 2414 in
1058 2357 1295 2414 secundo
1324 2359 1534 2428 psalmo
1561 2378 1574 2412 :
1618 2358 1873 2415 Dominus
1901 2361 2032 2415 dixit
2059 2361 2128 2414 ad

540 2470 620 2530 me
651 2469 670 2508 :
698 2451 866 2529 Filius
895 2467 1050 2534 meus.
1084 2467 1139 2504 es
1173 2459 1245 2515 tu,
1276 2467 1369 2523 ego
1417 2451 1569 2506 hodie
1596 2451 1748 2524 genui
1777 2461 1842 2507 te.
1874 2452 2008 2508 Vide
2035 2468 2126 2508 sc-

539 2527 779 2624 cpndum
826 2527 1138 2622 mysterium
1177 2561 1188 2596 :
1246 2543 1296 2597 in
1329 2537 1564 2598 secundo
1609 2544 1815 2614 psalmo
1861 2544 1965 2600 hoc
1991 2545 2126 2600 dici-

540 2629 710 2692 tur.

543 2764 576 2798 ..
637 2765 693 2780 ..
727 2724 824 2782 sed
883 2723 968 2780 die
1059 2765 1072 2778 .
1151 2764 1166 2778 .
1248 2765 1262 2778 .
1343 2765 1356 2778 .
1437 2763 1450 2777 .
1532 2764 1547 2779 .
1637 2725 1938 2782 certissitne
1983 2725 2130 2782 Deus

540 2814 752 2880 Filium,
803 2829 963 2884 quem
1007 2815 1209 2883 genuit,
1239 2830 1346 2870 non
1373 2815 1514 2871 sicut
1551 2815 1830 2882 homines,
1861 2818 1955 2873 sed
1987 2819 2126 2875 sicut

539 2904 719 2970 decuit
746 2905 858 2960 Deo
897 2919 1156 2979 generare
1200 2903 1620 2975 impassibiliter,
1652 2905 2128 2978 incorruptibiliter

538 2997 608 3062 de
655 3012 714 3054 se
780 2998 930 3068 ipso;
963 3013 1101 3053 unus
1139 3012 1304 3052 unum
1351 2997 1554 3067 genuit,
1586 2998 1733 3053 solus
1760 2999 1955 3068 solum,
1985 2999 2126 3057 Deus

538 3087 732 3156 Deum,
784 3104 882 3144 rex
922 3101 1128 3158 regem,
1158 3088 1425 3158 ingenitus
1456 3089 1473 3120 ί
1503 3087 1814 3159 ingenitum,
1851 3089 2011 3146 Pater
2037 3091 2124 3147 Fi-

1356 2631 1624 2689 secundus
1664 2633 1831 2692 Filius
1919 2674 1932 2687 .
2014 2675 2030 2690 .
2108 2663 2169 2690 .~

2230 1895 2397 1952 tiabat
2430 1889 2624 1952 dicens
2652 1913 2665 1949 :
2700 1890 2961 1952 Revelavit
3001 1895 3142 1952 Deus
3189 1896 3457 1952 brachium
3489 1914 3638 1953 suum
3665 1897 3854 1952 illuni

2185 2000 2196 2012 '
2227 1997 2461 2043 sanctum
2514 1989 2570 2042 in
2611 1998 2883 2060 conspectu
2921 1991 3152 2045 omnium
3190 1989 3440 2062 gentium,
3484 1998 3532 2042 et
3567 1987 3848 2043 ridebunt

2227 2100 2402 2138 omnes
2413 2092 2588 2158 gentes
2609 2085 2780 2155 ipsum
2801 2101 2953 2156 super
2972 2072 3163 2138 terram
3182 2083 3461 2138 salutarem
3481 2079 3633 2136 aDeo
3657 2081 3712 2153 (1
3719 2081 3848 2136 sai.

2228 2176 2340 2242 LII).
2372 2175 2559 2231 Adhuc
2586 2183 2765 2232 autem
2791 2175 2994 2252 repetit
3023 2175 3213 2231 iterum
3236 2183 3292 2230 et
3320 2175 3483 2230 dicit:
3516 2170 3653 2229 Ecce
3672 2175 3849 2246 ris-go

2227 2267 2477 2336 concipiet
2497 2267 2550 2321 in
2578 2275 2745 2336 utero,
2776 2275 2825 2321 et
2849 2267 3020 2338 pariet
3058 2268 3248 2340 ﬁlium,
3290 2275 3338 2321 et
3365 2263 3605 2321 rocabitis
3628 2282 3849 2321 nomen

2225 2359 2336 2430 ejus
2361 2357 2688 2424 Emmanuel,
2713 2357 2849 2430 quod
2866 2366 2944 2413 est
2970 2359 3363 2430 interpretatum
3391 2353 3655 2411 nobiscum
3674 2354 3850 2413 Dem

2230 2449 2384 2518 (Isai.
2415 2449 2532 2522 vn).
2565 2449 2853 2506 Nobiscum
2901 2444 3062 2518 Deus,
3091 2449 3146 2504 id
3191 2457 3275 2505 est
3325 2447 3464 2504 Deus
3492 2448 3544 2503 in
3567 2448 3848 2517 homine,

2226 2541 2463 2596 Verbum
2492 2542 2544 2598 in
2575 2557 2758 2609 carne,
2783 2542 3036 2614 majestas
3063 2541 3118 2598 in
3156 2556 3403 2613 corpore.
3441 2539 3728 2596 Descendit
3763 2544 3849 2598 siv-

2229 2645 2312 2689 cut
2351 2635 2525 2702 pluvia
2552 2637 2608 2691 in
2651 2635 2808 2691 vellus
2857 2634 3031 2709 (Psal.
3065 2634 3244 2710 Lxxl);
3297 2650 3406 2690 non
3435 2651 3552 2692 cum
3583 2633 3846 2700 ambitu,

2229 2743 2335 2783 non
2365 2744 2490 2784 cum
2512 2730 2770 2801 strepitu;
2805 2728 2902 2786 sed
2930 2744 3028 2785 rex
3057 2728 3292 2786 ctelestis
3312 2725 3528 2785 humilis
3552 2725 3850 2786 mundum

2229 2821 2500 2891 ingressus
2527 2827 2642 2889 est;
2674 2820 2974 2892 triumphos
3001 2820 3420 2877 immortalitatis
3445 2827 3500 2876 et
3518 2821 3672 2891 pacis
3701 2837 3848 2877 om-

2229 2914 2386 2969 nibus
2409 2913 2706 2974 donaturus
2725 2927 2922 2985 corpus
2940 2913 3234 2969 humanum
3255 2913 3554 2984 assumpsit,
3576 2921 3642 2967 ut
3659 2928 3850 2974 suum

2228 3002 2490 3074 fulgorem
2530 3005 2745 3060 interim
2773 3019 2873 3076 per
2898 3005 3143 3061 velamen
3168 3005 3412 3076 corporis
3440 3003 3844 3076 obumbraret,

2228 3103 2285 3152 et
2312 3096 2379 3152 ad
2409 3095 2681 3152 hominem
2711 3095 2852 3151 Deus
2881 3109 2980 3170 per
3021 3095 3367 3166 interpretem
3413 3094 3687 3150 hominem
3746 3095 3847 3151 lo-

537 3182 668 3246 lium
686 3223 702 3250 ,
753 3190 942 3238 auctor
978 3182 1253 3260 Verbum,
1286 3188 1500 3237 creator
1545 3191 1860 3250 creatorem,
1889 3192 2124 3240 internus
2149 3187 2193 3249 C
2226 3196 2499 3259 queretur.
2530 3187 2590 3242 In
2611 3189 2702 3244 illo
2729 3189 2932 3262 templo
2959 3188 3201 3260 corporis
3227 3188 3369 3244 Deus
3388 3193 3534 3253 erat,
3569 3195 3632 3241 ut
3667 3203 3846 3244 mor-

537 3283 822 3347 teternum,
873 3273 1105 3347 Spiritus
1158 3273 1448 3345 Spiritum,
1497 3274 1589 3330 lux
1636 3275 1839 3343 lucem,
1873 3278 2127 3348 splendor

537 3368 905 3440 splendorem,
954 3368 1072 3439 pius
1117 3367 1288 3439 pium,
1329 3367 1504 3424 bonus
1547 3369 1766 3432 bonum,
1821 3371 2126 3429 misericors

533 3459 958 3527 misericordem,
989 3441 1256 3532 perfectus
1290 3461 1606 3530 perfectura.
1639 3460 1720 3516 Ad
1750 3461 1894 3517 hunc
1931 3462 2123 3519 Filium

533 3555 730 3610 iterum
779 3552 947 3609 David
993 3552 1314 3622 loquebatur
1339 3551 1541 3625 dicens
1578 3569 1591 3606 :
1640 3554 1660 3584 ³
1701 3551 1935 3608 Thronus
1984 3565 2122 3624 tuus,

533 3645 696 3712 Deus,
726 3646 780 3700 in
807 3645 1052 3700 siccatam
1077 3643 1290 3710 seaculi;
1321 3645 1465 3718 virga
1495 3646 1772 3718 aquitatis,
1804 3647 1946 3718 virga
1976 3649 2122 3720 regni

533 3742 626 3795 tui.
659 3740 903 3796 Dilexisti
919 3739 1196 3810 justitiam,
1225 3745 1274 3792 et
1296 3737 1448 3794 odisti
1467 3739 1820 3812 iniquitatem;
1849 3751 2121 3812 propterea

531 3836 682 3892 unxit
708 3843 756 3890 te
783 3832 942 3898 Deus,
974 3829 1114 3887 Deus
1145 3840 1260 3886 tuus
1288 3829 1460 3904 (Psal.
1493 3833 1657 3902 xmv).
1685 3831 1873 3888 Videte
1901 3834 2024 3904 quia
2051 3834 2119 3890 ad

531 3926 701 3984 Deum
729 3927 957 3996 loquens
999 3923 1214 3980 dicebat
1254 3924 1306 3979 ei
1337 3941 1350 3977 :
1383 3925 1534 4000 unxit
1561 3935 1608 3979 te
1639 3924 1792 3991 Deus,
1819 3923 1959 3980 Deus
1980 3935 2115 3993 tuus,

530 4017 590 4074 id
616 4026 700 4076 est
725 4025 784 4073 te
807 4017 1002 4072 Filium
1022 4017 1176 4072 unxit
1202 4013 1366 4074 Pater
1393 4025 1516 4072 tuus
1541 4016 1635 4073 illo
1662 4027 1934 4088 unguento
1959 4025 2119 4075 aeter-

531 4123 616 4172 nie
639 4109 856 4175 laetitiis,
904 4109 1092 4174 aeterni
1129 4109 1448 4179 sacramenti
1488 4117 1544 4164 et
1591 4109 1824 4165 cmlestis
1849 4112 2115 4184 mysterii,

527 4199 886 4269 autadlutc,.
942 4238 978 4266 ,.
1059 4238 1073 4252 .
1131 4239 1166 4266 ,.
1223 4237 1260 4268 _.
1319 4237 1354 4272 _.
1411 4239 1446 4274 _.
1528 4239 1542 4251 .
1623 4240 1638 4253 .
1717 4241 1730 4254 .
1796 4241 1824 4280 ο.
1901 4242 1919 4279 ο.
1999 4242 2014 4257 .
2094 4243 2110 4259 .

531 4331 551 4358 ,
628 4331 660 4353 .
726 4329 764 4357 .,
814 4287 964 4356 Dixit
989 4286 1243 4358 Dominus
1262 4285 1481 4344 Domino
1509 4305 1663 4367 meo:
1695 4289 1832 4369 Sede
1862 4308 1897 4368 a_
1915 4291 2112 4369 dextris

527 4381 1016 4456 meis(Psal.ctx),
1079 4385 1092 4437 ζ
1170 4421 1182 4435 .
1229 4421 1278 4467 _.
1358 4421 1374 4437 .
1448 4381 1732 4440 Dominum
1774 4367 1964 4440 habuit
2009 4367 2112 4443 iste

524 4491 642 4545 rex,
674 4479 740 4534 ad
768 4491 930 4548 quem
965 4477 1224 4532 Dominus
1268 4491 1399 4534 suns
1448 4475 1591 4552 Deus
1630 4475 1877 4551 dixerat:
1913 4478 2048 4535 Sede
2075 4498 2110 4536 a

2230 3279 2392 3333 talem
2420 3279 2691 3336 hominem
2728 3279 2931 3335 faceret
2972 3279 3348 3334 immortalem.
3381 3275 3486 3334 Sed
3505 3294 3617 3334 non
3639 3281 3844 3338 credit

2225 3370 2460 3447 indecus,
2489 3371 2586 3448 sed
2613 3387 2714 3448 nec
2731 3386 2987 3449 paganus,
3011 3355 3114 3428 nec
3138 3371 3396 3440 virginem
3423 3372 3843 3439 genuisse-sine

2225 3463 2326 3518 viri
2346 3463 2728 3543 conjunctione
2756 3463 3001 3544 credunt.
3035 3461 3270 3544 Audiam
3287 3469 3344 3518 et
3369 3462 3590 3518 credant
3611 3449 3696 3544 dei
3717 3478 3840 3544 τιτι-τ

2225 3557 2436 3634 tivitate
2459 3539 2754 3633 salva-toris
2782 3573 2850 3613 ex
2889 3539 3115 3638 virgine,
3138 3539 3381 3638 sanctum
3413 3556 3661 3624 angelum
3687 3543 3840 3614 suis;

2223 3664 2340 3724 sum
2363 3665 2392 3704 a
2413 3649 2532 3725 Deo.
2547 3648 2709 3706 Patre
2734 3649 2934 3727 dixisse
2977 3649 3043 3703 ad
3073 3649 3245 3728 ipsam
3273 3648 3664 3704 sanctissimam
3685 3646 3838 3704 Vir-

2221 3742 2398 3810 ginem
2425 3741 2648 3797 Mariam
2679 3760 2691 3796 :
2719 3741 2946 3814 Spiritus
2975 3750 3203 3808 sanctus,
3233 3741 3445 3812 inquit,
3492 3742 3839 3809 superveniet

2221 3833 2276 3886 in
2299 3842 2368 3901 te,
2397 3841 2446 3887 et
2486 3835 2650 3888 virtus
2687 3833 2943 3888 Altissimi
2986 3830 3309 3886 obumbrabit
3337 3830 3458 3896 tibi;
3499 3829 3726 3902 ideoque
3778 3841 3838 3888 et

2219 3923 2356 3995 quod
2384 3931 2624 3979 nascetur
2651 3940 2717 3979 ea:
2737 3932 2788 3979 te
2807 3933 3044 3979 sanctum
3061 3925 3324 3980 vocabitur
3338 3921 3508 3976 Filius
3529 3919 3630 3975 Dei
3652 3919 3830 3992 (Luc.

2217 4015 2298 4086 ιι).
2330 4016 2562 4072 Carnem
2582 4015 2871 4071 humanam
2899 4015 2967 4072 de
2990 4023 3178 4072 sancta
3206 4013 3372 4070 Maria
3400 4013 3692 4083 assumpsit
3725 4015 3832 4072 ille

2217 4109 2447 4180 Spiritus
2475 4109 2866 4176 immaculatus,
2896 4109 2950 4166 id
2978 4117 3062 4166 est
3087 4107 3253 4164 Filius
3279 4106 3376 4163 Dei
3405 4107 3657 4174 mundus,
3675 4123 3828 4165 san-

2215 4210 2356 4268 ctus,
2379 4216 2602 4258 securus
2638 4201 2692 4256 in
2713 4217 2774 4258 se
2799 4202 2900 4258 sibi
2933 4215 3029 4257 sua
3073 4201 3315 4274 potentia
3353 4206 3410 4255 et
3447 4199 3826 4271 possibilitate

2215 4308 2435 4349 carnem
2464 4291 2661 4348 eﬂ‘ecit.
2687 4292 2746 4349 Si
2770 4293 2914 4348 enim
2943 4293 3048 4350 hoc
3073 4291 3362 4362 aliquantis
3393 4290 3584 4346 avibus
3626 4291 3818 4360 dedit,

2212 4397 2272 4443 ut
2298 4387 2366 4443 de
2386 4395 2552 4444 vento
2579 4394 2673 4442 aut
2698 4387 2766 4444 de
2793 4387 3015 4459 pulvere
3041 4385 3348 4458 concipiant
3393 4384 3512 4440 sine
3539 4384 3816 4452 maribus,

2211 4489 2268 4538 et
2286 4487 2591 4547 cernerent,
2619 4487 2824 4550 quanto
2849 4479 3020 4550 magis
3048 4479 3164 4549 ipse
3188 4477 3325 4544 sibi,
3369 4484 3430 4532 ut
3453 4476 3658 4532 dictum
3699 4486 3814 4543 est,

523 4571 720 4629 dextris
749 4572 894 4624 meis.
915 4569 1056 4638 ,Quis
1084 4576 1166 4627 est
1197 4569 1300 4638 iste
1327 4568 1584 4638 Dominus
1615 4569 1683 4644 ad
1711 4585 1868 4645 quem
1898 4572 2108 4630 dixerat
2136 4575 2185 4636 D
2211 4573 2372 4646 739
2399 4572 2577 4644 potuit
2619 4587 2814 4643 corpus
2841 4561 3121 4645 fabrienre,
3149 4577 3204 4624 et
3230 4569 3277 4625 si
3322 4569 3521 4624 iterum
3566 4582 3697 4624 aves
3739 4568 3813 4626 de

524 4661 668 4718 Deus
688 4660 866 4726 Pater,
891 4661 994 4719 nisi
1016 4661 1271 4716 Dominus
1292 4668 1479 4718 noster
1505 4659 1751 4738 Christus
1780 4663 1945 4720 Filius
1963 4665 2106 4740 ejus‘i

523 4753 657 4810 Nam
677 4760 732 4807 et
751 4754 944 4809 iterum
969 4752 1094 4808 audi
1119 4753 1186 4807 de
1213 4750 1426 4808 Christo
1452 4767 1550 4808 suo
1577 4750 1791 4808 Patrem
1813 4754 2104 4812 dicentem:

523 4845 720 4900 Parati
765 4846 1026 4900 lucernam
1054 4843 1257 4900 Christo
1305 4861 1447 4911 meo;
1486 4847 1725 4902 inimicos
1749 4848 1861 4920 ejus
1888 4843 2104 4907 induant

521 4937 823 5006 confusione
861 4933 1035 5006 (Psal.
1067 4935 1284 5008 cxxxt).
1326 4935 1518 4994 Paravi
1567 4938 1840 4994 lucernam
1887 4939 2102 4998 Christo

520 5039 666 5092 meo,
695 5025 747 5082 id
775 5033 860 5082 est
883 5023 1179 5084 Ecclesiam
1206 5027 1406 5084 lumine
1451 5029 1568 5098 ejus
1592 5029 1982 5100 splendentem,
2011 5043 2096 5088 at-

518 5130 624 5186 que
644 5118 806 5189 738
829 5117 1128 5184 ardentem,
1159 5117 1394 5175 ﬁdelium
1424 5135 1724 5186 numertun,
1756 5123 1869 5192 qui,
1897 5123 2099 5182 lumine

517 5207 760 5266 veritatis
785 5216 843 5266 et
861 5209 1190 5268 credulitatis
1216 5210 1271 5266 in
1298 5211 1466 5268 corde
1491 5222 1746 5284 percepto
1765 5253 1781 5279 ,
1805 5213 2097 5272 increduli.

586 5404 606 5480 ξ
642 5397 944 5480 ingenitum
962 5407 1052 5464 hic
1072 5415 1364 5479 usurpatur
1387 5422 1486 5480 pro
1513 5426 1616 5480 non
1639 5411 1851 5480 factum.

584 5477 611 5512 ³
642 5475 890 5550 Vulgata.
941 5480 1076 5550 psal.
1132 5475 1274 5543 xLiv,
1333 5475 1504 5549 legit:
1539 5475 1700 5536 Sedes
1751 5490 1840 5534 tua
1876 5480 2016 5536 Deus
2042 5483 2100 5537 in

515 5548 758 5623 siccatum
778 5548 1483 5623 steculi,_virgardirectionis,
1516 5551 1660 5620 uirga
1687 5553 1830 5622 regni
1861 5553 1952 5617 tui,
1985 5559 2093 5623 etc.

517 5621 526 5636 '
584 5619 608 5652 ³
635 5618 858 5686 Vulgata
889 5621 1050 5688 legit:
1076 5618 1190 5674 'Hic
1235 5630 1312 5674 est
1343 5620 1478 5674 Deus
1515 5618 1713 5683 noster,
1743 5618 1797 5674 et
1834 5639 1938 5676 non
1966 5622 2101 5676 (rsti-

513 5688 737 5742 mabitur
783 5691 918 5744 alius
971 5692 1212 5745 adversus
1254 5707 1389 5744 eum.
1443 5690 1543 5744 Hic
1595 5692 1854 5746 adinrenit
1897 5706 2097 5747 omnem

513 5757 653 5813 uiam
677 5758 982 5824 disciplina.
1013 5771 1064 5814 et
1093 5761 1306 5816 tradidit
1326 5761 1471 5817 illam
1513 5761 1676 5817 lacob
1718 5779 1880 5826 puero
1906 5779 2016 5827 suo,
2049 5773 2098 5817 et

2211 4665 2327 4741 ovis
2349 4664 2762 4737 obumbratione
2781 4663 2986 4717 alarum
3001 4662 3269 4716 animatos
3279 4659 3458 4731 pullos
3474 4660 3808 4730 producunt,

2210 4759 2232 4789 ⁸
2261 4765 2481 4830 etterra
2506 4757 2622 4814 sine
2651 4757 2798 4828 coitu
2825 4754 3072 4828 producit
3113 4754 3394 4831 aliquanta
3435 4752 3707 4832 animalia,
3743 4759 3808 4808 ut

2209 4857 2500 4923 vermeset
2519 4856 2733 4920 caetera,
2757 4855 2958 4920 quanto
2981 4845 3150 4922 magis
3170 4845 3316 4924 Deus
3331 4845 3511 4916 potuit
3537 4844 3634 4899 sibi
3655 4843 3804 4928 inter

2207 4941 2456 5015 homines
2481 4940 2812 5012 mirabilibus
2839 4937 3024 4994 modis.
3039 4937 3300 5013 templum
3328 4945 3643 4992 construere
3667 4951 3804 5016 cor?

2205 5035 2354 5106 poris
2381 5034 2463 5102 sui
2495 5051 2508 5088 :
2535 5032 2627 5104 qui
2675 5032 2720 5087 si
2747 5031 3044 5106 voluisset,
3073 5037 3129 5106 et
3155 5045 3220 5084 ex
3250 5028 3449 5106 lapide,
3491 5028 3578 5084 vel
3623 5027 3795 5106 ligno,

2208 5127 2291 5200 vel
2319 5141 2477 5198 aqua,
2501 5125 2586 5180 vel
2611 5133 2770 5191 terra,
2788 5132 2972 5199 posset
2993 5122 3095 5198 sibi
3116 5135 3312 5200 corpus
3334 5118 3572 5203 efﬁcere,
3593 5127 3798 5203 utpote

2204 5218 2298 5290 qui
2325 5227 2382 5275 et
2428 5218 2661 5290 primum
2687 5217 2964 5274 hominem
2989 5213 3162 5270 Adam
3189 5227 3258 5270 eo
3304 5212 3436 5269 limo
3462 5221 3620 5269 terra:
3644 5210 3794 5283 plas-

2207 5411 2379 5466 Israel
2406 5410 2595 5466 dilecto
2615 5425 2729 5464 suo.
2755 5408 2887 5465 Post
2905 5409 3014 5464 hac
3035 5409 3092 5464 in
3125 5409 3280 5463 terris
3303 5407 3442 5464 visus
3469 5415 3565 5473 est,
3593 5414 3646 5462 et
3667 5421 3789 5462 cum

2203 5482 2488 5537 hominibus
2515 5489 2844 5537 conversatus
2868 5488 2966 5535 at.

2229 5606 2242 5616 ,
2273 5552 2294 5583 ⁵
2331 5551 2530 5608 Eadem
2549 5552 2715 5608 habet
2735 5550 2793 5607 S.
2835 5550 3096 5606 Maximus
3138 5548 3208 5604 de
3247 5549 3450 5606 virtute
3473 5547 3783 5618 generati“

2201 5630 2360 5684 terra:
2387 5625 2532 5678 hom.
2565 5623 2632 5679 dc
2676 5623 2951 5678 Dominica
2980 5622 3038 5676 in
3086 5619 3270 5675 Bamis
3303 5619 3449 5677 Psal.
3478 5617 3495 5673 Ξ
3523 5617 3782 5684 Quoniam

2198 5695 2382 5749 renuis
2408 5695 2550 5749 nulla
2570 5696 2884 5749 extrinsecus
2903 5692 3222 5746 admixtione
3251 5691 3406 5747 alieni
3426 5691 3670 5762 corporis,
3689 5687 3784 5742 sed

2199 5764 2265 5818 de
2293 5766 2406 5820 sola
2426 5774 2472 5822 et
2496 5782 2633 5833 pura
2657 5775 2795 5819 terra
2810 5773 3130 5833 procreatur,
3160 5769 3267 5817 etc.
