4052 6330
263 364 369 422 79Ἱ
1294 359 1704 417 TRACTATUS
1743 360 1809 429 γε
1847 379 1849 396 ι

1950 360 2122 418 NTBA
2159 359 2461 420 JUDEOS.
3409 358 3514 422 738

263 489 523 549 maverat,
548 495 768 538 carnem
809 480 1098 536 humanam
1117 492 1406 540 assumere,
1439 484 1497 542 ut
1524 475 1910 540 ostenderetA
1934 479 2078 534 culat
2101 481 2349 536 aliorum.
2373 480 2506 536 Nam
2531 481 2760 552 legimus
2832 524 2847 539 .
2926 525 2942 541 .
3023 525 3037 542 .
3119 525 3133 543 .
3211 527 3225 540 .
3305 526 3319 542 .
3395 527 3410 540 .
3494 531 3510 547 .

263 591 446 654 sepro
467 573 774 631 hominibus
801 572 1099 628 advenisse.
1136 571 1266 626 Nam
1293 578 1348 626 et
1377 570 1521 630 nasci
1551 576 1838 640 propterea
1942 613 1958 628 .
2055 616 2068 630 .
2160 614 2173 628 .
2262 615 2274 629 .
2367 615 2382 630 .
2460 615 2475 630 .
2553 618 2567 633 .
2647 620 2662 635 .
2739 620 2754 634 .
2837 621 2853 637 .
2931 621 2947 638 .
3025 623 3039 636 .
3121 625 3135 638 .
3216 625 3226 638 .
3309 625 3321 638 ,
3401 624 3414 638 ,
3495 621 3510 640 ,

265 669 332 744 ad
351 665 750 724 similitudinem
779 671 1016 720 nostram
1045 671 1100 720 et
1115 664 1252 720 mori
1281 663 1448 720 voluit
1475 671 1638 733 atque
1659 677 1841 720 resur-
1938 667 2081 736 quod
2109 667 2311 723 nullum
2386 708 2400 722 .
2479 709 2493 722 .
2574 711 2589 726 .
2667 713 2681 727 .
2759 713 2774 728 .
2849 674 2958 730 mel
2997 673 3213 731 luminis
3241 676 3512 732 contineat

263 777 411 834 gere,
443 766 503 815 ut
527 766 582 814 et
603 773 702 814 nos
726 765 780 813 et
807 757 942 812 mori
964 764 1020 811 et
1039 757 1232 811 iterum
1254 769 1534 825 resurgere
1555 755 1610 810 in
1636 761 1840 812 semet—
1939 758 2290 826 intellectum,
2337 775 2439 818 nec
2475 777 2574 832 per
2611 779 2693 835 sp.
2771 806 2783 820 .
2865 806 2880 821 .
2959 808 2972 822 .
3061 809 3074 822 .
3154 809 3166 822 .
3244 769 3512 835 ostendat,

266 854 383 924 ipso
429 857 770 915 monstraret,
800 856 961 920 atque
997 863 1146 924 spem
1179 848 1334 904 nobis
1363 847 1552 904 futura:
1595 864 1830 905 resurre-

263 944 458 1001 ctionis
479 941 827 999 ostenderet.‘
855 939 962 996 Sed
980 940 1107 995 dicit
1127 939 1342 996 Judteus
1362 958 1375 994 :
1400 939 1540 1010 Ergo
1554 956 1623 996 ex
1643 939 1841 998 femina

264 1037 451 1093 habuit
478 1035 625 1092 nasci
645 1035 805 1090 Deus.
827 1036 846 1066 ¹
875 1033 1015 1090 Caro
1043 1032 1242 1090 Christi
1268 1048 1334 1089 ex
1363 1032 1560 1089 femina
1587 1041 1713 1090 nata
1733 1040 1841 1100 est,

262 1145 423 1202 quam
452 1129 592 1185 Deus
619 1127 764 1197 fecit,
796 1142 898 1183 nec
945 1127 1113 1198 pollui
1141 1135 1323 1198 potest
1365 1126 1620 1197 majestas
1642 1125 1840 1182 Christi

265 1223 318 1280 in
347 1235 541 1285 carne;
565 1219 610 1274 si
649 1215 794 1274 enim
831 1217 915 1274 sol
956 1217 1164 1288 iulgens
1205 1233 1312 1274 non
1341 1218 1650 1289 inquinatur
1691 1224 1841 1274 tactu

263 1311 528 1384 quolibet,
554 1310 724 1366 multo
768 1309 939 1380 magis
980 1308 1240 1365 Dominus
1267 1309 1396 1365 solis
1434 1308 1704 1380 inquinari
1732 1324 1842 1365 non

262 1404 462 1478 potuit,
490 1402 616 1458 licet
643 1401 873 1457 mundus
896 1401 1150 1456 mundam
1188 1401 1443 1471 tetigerit.
1474 1400 1630 1458 Hunc
1665 1401 1840 1471 ipsum

262 1498 524 1556 habemus
551 1495 758 1550 itineris
775 1493 983 1560 ducem,
1006 1495 1132 1564 quia
1160 1495 1246 1550 via
1273 1501 1356 1550 est
1392 1493 1459 1548 ad
1481 1492 1728 1560 Patrem;
1754 1495 1838 1550 lu-

263 1590 344 1649 cis
360 1589 680 1662 principem,
701 1587 828 1658 quia
853 1587 1052 1644 veritas
1073 1595 1172 1654 est,
1195 1588 1290 1658 qui
1318 1586 1473 1644 nobis
1499 1588 1679 1645 lumen
1709 1589 1844 1646 veri-

261 1681 394 1749 tatis
412 1678 640 1746 infudit;
669 1677 858 1735 salutis
885 1685 1184 1746 auctorem,
1213 1678 1338 1750 quia
1359 1679 1504 1750 quod
1531 1678 1729 1736 factum
1757 1688 1842 1736 est

261 1773 318 1830 in
345 1789 412 1829 eo
437 1773 547 1828 vita
585 1778 689 1840 est,
733 1769 824 1840 qui
851 1784 973 1826 cum
1001 1768 1162 1826 Patre
1191 1769 1424 1827 viviﬁcat
1470 1771 1652 1826 omnia
1683 1789 1696 1825 :
1743 1787 1842 1843 per

1938 849 2014 905 ait
2054 850 2312 908 Dominus
2340 851 2408 908 ad
2435 869 2531 908 eos
2555 872 2567 906 :
2609 854 2712 911 Vos
2737 857 2803 912 de
2831 857 3034 914 diabolo
3061 867 3210 931 patre
3230 863 3342 914 nati
3368 862 3513 931 estis,

1937 952 1986 998 et
2015 945 2266 1001 desideria
2293 947 2457 1018 patris
2476 950 2625 1003 vestri
2646 951 2815 1022 facere
2835 952 2984 1006 ruitis
3009 951 3187 1024 (Jonn.
3218 954 3352 1025 vm).
3379 953 3514 1011 Nam

1939 1043 1995 1092 et
2021 1035 2268 1094 diabolus
2307 1039 2360 1094 in
2402 1047 2652 1111 serpente
2689 1049 2926 1099 mutatus
2977 1042 3254 1102 fallacibus
3297 1045 3511 1114 linguis,

1941 1143 2202 1186 novorum
2250 1131 2524 1188 hominum
2564 1133 2708 1204 piam
2755 1135 3050 1206 rudemque
3077 1137 3436 1194 innocentiam
3459 1139 3514 1197 in

1938 1222 2189 1292 paradiso
2219 1222 2439 1280 factiosa
2477 1225 2809 1294 malignitate
2833 1226 3046 1298 decepit
3078 1245 3092 1282 :
3125 1229 3277 1300 cujus
3331 1239 3386 1286 et
3426 1231 3515 1290 isti

1939 1313 2200 1370 insaniam
2228 1317 2516 1384 subsecuti,
2548 1319 2854 1389 serpentina
2874 1322 3168 1389 generatio,
3185 1338 3328 1378 nunc
3346 1339 3516 1395 usque

1938 1402 2206 1461 Christum
2235 1407 2422 1462 Filium
2449 1409 2544 1464 Dei
2592 1424 2793 1479 negare
2831 1419 3112 1466 conantur.
3145 1411 3344 1469 Contra
3381 1431 3516 1486 quos

1938 1495 2228 1552 auxiliante
2260 1497 2377 1568 ipso
2419 1498 2647 1554 Domino
2694 1498 2910 1558 Christo
2940 1501 3078 1556 hanc
3101 1502 3515 1572 disputationem

1939 1587 2268 1656 suscepimus
2294 1628 2308 1653 ,
2341 1588 2534 1658 quibus
2562 1589 2737 1646 adhuc
2762 1589 3046 1645 dicendum
3087 1609 3170 1646 est
3203 1633 3215 1645 .
3246 1591 3391 1662 quod
3419 1610 3519 1649 vo-

1940 1676 2023 1734 bis
2064 1679 2350 1742 assumitis,
2403 1678 2584 1736 dicere
2612 1687 2820 1750 patrem
2861 1689 3098 1738 vestrum
3144 1682 3432 1752 Abraham,
3465 1691 3530 1741 et-

1941 1767 2056 1836 ejus
2083 1769 2542 1826 circumcisionem
2569 1788 2664 1826 vos
2693 1773 2932 1829 asseritis
2971 1775 3316 1845 suscepisse?
3345 1773 3516 1829 Abra—

263 1865 440 1938 ipsum
467 1863 578 1919 Deo
606 1861 752 1918 Patri
778 1876 992 1949 semper
1016 1861 1216 1931 gratias
1243 1862 1468 1932 agimus,
1501 1861 1713 1931 fratres,
1737 1862 1844 1920 Sed
1873 1855 1921 1915 Β
1945 1861 2070 1917 ham
2101 1861 2202 1919 fide
2219 1863 2538 1932 justilicatus
2559 1873 2658 1928 est,
2690 1881 2802 1921 non
2821 1866 3248 1923 circumcisione.
3273 1865 3350 1921 ita
3379 1868 3522 1922 enim

263 1958 442 2025 adhuc
459 1953 716 2012 increduli
738 1949 907 2010 Iudici
934 1953 1136 2010 audent
1163 1953 1448 2024 aliquoties
1467 1961 1523 2010 et
1545 1952 1667 2010 ﬁdei
1685 1953 1842 2011 Chri-

213 2070 223 2085 ~
261 2049 452 2106 etiam
473 2046 607 2104 velle
625 2045 936 2114 detrahere,
961 2052 1017 2101 et
1037 2043 1180 2100 lideli
1202 2045 1296 2100 Dei
1318 2045 1518 2117 populo
1545 2047 1842 2114 insultare;

263 2143 408 2202 unde
435 2143 613 2198 denuo
641 2139 972 2198 recensenda
1000 2147 1126 2196 sunt
1147 2139 1302 2196 nobis
1329 2139 1510 2195 divina
1540 2140 1807 2196 volumina
1825 2181 1842 2210 ,

261 2251 388 2312 qum
435 2248 531 2290 eos
577 2239 768 2304 aperta
810 2231 1036 2286 veritate
1079 2229 1406 2286 confundant
1441 2238 1498 2286 et
1548 2231 1848 2300 intelligant

261 2326 547 2394 manifeste
562 2340 682 2382 sese
701 2325 818 2380 sine
837 2338 935 2395 spe
955 2331 1011 2378 et
1029 2323 1147 2379 sine
1175 2321 1277 2379 fide
1302 2339 1444 2380 esse.
1469 2323 1561 2379 Isti
1598 2333 1723 2380 sunt
1747 2324 1845 2380 Ju-

260 2422 388 2490 daei,
416 2436 552 2492 quos
584 2419 731 2476 clara
781 2403 915 2474 voce
941 2424 1162 2473 sanctus
1199 2416 1505 2488 Stephanus
1531 2418 1850 2488 increpabat

259 2495 451 2569 dicens
481 2529 495 2564 :
524 2509 673 2565 Dura
700 2509 892 2564 cervice
909 2549 924 2576 ,
944 2516 994 2564 et
1015 2509 1388 2563 incircu‘mcisis
1411 2508 1648 2563 cordibus
1673 2516 1722 2562 et
1747 2525 1846 2577 au-

259 2604 432 2674 ribus,
453 2621 538 2660 vos
557 2619 756 2675 semper
785 2601 1004 2673 Spiritui
1032 2610 1212 2656 sancto
1233 2602 1498 2666 resistitis,
1527 2602 1661 2657 sicut
1683 2611 1734 2656 et
1751 2619 1850 2674 pa-

260 2705 375 2775 tres
393 2697 566 2763 vestri,
587 2697 662 2750 ita
680 2702 730 2750 et
750 2709 856 2748 vos.
882 2691 1044 2758 Quem
1067 2693 1205 2748 enim
1223 2692 1586 2764 prophetarum
1600 2711 1704 2750 non
1726 2701 1848 2749 sunt

261 2789 522 2863 persecuti
546 2797 720 2860 patres
747 2785 935 2842 uestri?
959 2784 1032 2840 Et
1051 2783 1348 2840 accidental
1383 2802 1470 2841 eos
1497 2787 1586 2858 qui
1613 2803 1847 2857 pronun-

263 2878 470 2958 tiabant
487 2879 551 2933 ds
578 2877 796 2933 adventu
822 2875 962 2932 Iusti
987 2876 1138 2948 hujus
1156 2915 1172 2943 ,
1194 2883 1244 2931 st
1272 2892 1358 2932 vos
1385 2877 1674 2948 proditores
1699 2887 1749 2932 et
1766 2879 1850 2932 in-

263 2974 570 3046 terfectores
613 2973 737 3025 estis
785 2970 934 3043 (Act.
963 2968 1088 3042 vn).
1119 2968 1246 3025 Haec
1293 2978 1508 3026 sanctus
1546 2967 1850 3041 Stephanus

262 3066 367 3133 ait,
390 3059 460 3120 de
484 3064 676 3136 quibus
702 3063 833 3119 dicit
851 3070 908 3118 et
925 3062 1114 3118 beatus
1134 3062 1411 3134 apostolus
1432 3060 1630 3116 Paulus
1652 3080 1664 3115 :
1700 3061 1849 3117 Semp

262 3175 363 3232 per
384 3157 660 3222 discentes,
683 3165 731 3211 et
753 3171 1010 3228 nunquam
1033 3154 1102 3209 ad
1121 3157 1349 3210 veritatis
1375 3145 1643 3210 scientiam
1668 3171 1848 3226 peree-

1946 1955 2075 2012 dicit
2093 1956 2368 2029 Scriptura
2395 1977 2408 2012 :
2433 1957 2666 2014 Credidit
2685 1959 2944 2014 Abraham
2982 1957 3114 2024 Deo,
3146 1968 3197 2014 et
3225 1961 3522 2032 deputatum

1944 2059 2020 2106 est
2039 2050 2118 2105 illi
2147 2051 2216 2104 ad
2234 2051 2513 2122 justitiam,
2537 2061 2585 2105 et
2604 2053 2798 2106 amicus
2819 2050 2916 2106 Dei
2934 2052 3224 2124 appellatus
3245 2063 3320 2106 est
3343 2051 3518 2123 (Rom.

1943 2142 2040 2214 Iv).
2071 2141 2210 2212 Ergo
2234 2144 2502 2199 Abraham
2529 2159 2638 2198 non
2659 2158 2724 2199 ex
2752 2143 3164 2200 circumcisione
3194 2140 3526 2213 justiilcatus

1945 2243 2048 2300 est,
2077 2234 2170 2290 sed
2200 2249 2268 2290 ex
2295 2235 2417 2290 lidc.
2449 2234 2688 2290 Credidit
2725 2235 2868 2290 enim
2896 2235 3064 2290 verbo
3095 2234 3222 2301 Dei,
3253 2241 3310 2289 et
3323 2233 3525 2304 justiti-

1945 2334 2097 2384 catus
2114 2335 2216 2392 est,
2250 2335 2306 2382 et
2330 2326 2756 2382 benedictionem
2786 2343 2817 2382 a
2847 2327 2958 2382 Deo
2985 2334 3308 2383 consecutus
3334 2333 3438 2392 est,
3469 2332 3526 2382 et

1944 2420 2078 2490 ipse,
2123 2426 2180 2476 et
2205 2419 2386 2474 sem‘en
2417 2416 2540 2473 fidei
2566 2418 2702 2488 ejus.
2734 2417 2866 2472 Nam
2915 2416 3220 2485 considera,
3262 2433 3330 2472 ne
3356 2424 3518 2488 putes

1945 2511 2404 2568 circumcisionem
2425 2511 2632 2579 signum
2661 2523 2782 2565 esse
2813 2509 3070 2578 ﬁdelium,
3100 2515 3226 2564 ante
3253 2508 3524 2564 Abraham

1947 2619 2138 2660 omnes
2164 2602 2336 2660 sancti
2357 2603 2710 2658 incircumcisi
2741 2601 2978 2666 fuerunt,
2996 2610 3051 2657 et
3076 2601 3310 2672 puritate
3329 2601 3528 2656 mentis

1948 2695 2177 2752 Domino
2217 2694 2554 2764 placuerunt,
2583 2702 2640 2749 et
2668 2693 2922 2764 populum
2965 2680 3326 2748 Christianum
3355 2693 3528 2762 magis

1950 2786 2050 2858 ipsi
2096 2785 2149 2840 in
2175 2800 2236 2841 se
2281 2792 2668 2842 monstrarunt.
2701 2783 2962 2840 Percurre
2988 2783 3230 2839 ordinem
3261 2785 3310 2838 in
3339 2797 3528 2839 sacro-

1948 2879 2147 2944 sanctis
2170 2877 2386 2934 Litteris
2413 2878 2643 2948 positum
2663 2917 2677 2945 ,
2712 2886 2768 2932 et
2808 2877 3050 2932 invenies
3091 2891 3280 2932 omnes
3308 2877 3382 2931 ita
3410 2891 3531 2932 esse

1951 2980 2010 3027 ut
2036 2972 2284 3027 dicimus.
2310 2970 2517 3026 Primus
2536 2971 2652 3042 ipse
2674 2971 2862 3036 Adam,
2885 2973 2976 3040 qui
3006 2971 3253 3026 manibus
3280 2970 3374 3025 Dei
3396 2971 3530 3040 plas-

1952 3070 2128 3119 matus
2179 3070 2281 3127 est,
2338 3061 2495 3134 741
2537 3056 2944 3117 ineirbumcisus
2971 3061 3293 3131 permansit;
3335 3058 3532 3117 deinde

1951 3156 2082 3212 Abel
2117 3155 2323 3224 justus,
2357 3153 2502 3210 Enos
2555 3162 2611 3209 et
2638 3153 2851 3218 Enoch,
2889 3153 3002 3210 Noe
3049 3160 3105 3207 et
3144 3152 3530 3209 Melchisedech

262 3229 491 3314 mentes.
523 3246 668 3303 Sicut
713 3248 850 3302 enim
890 3245 1102 3300 Jamnes
1153 3253 1204 3300 et
1249 3245 1510 3301 Mambres
1555 3246 1852 3301 restiterunt
1877 3230 1923 3294 C
1945 3240 2204 3304 sacerdos
2230 3247 2540 3320 summi-Dei
2573 3265 2584 3301 :
2613 3246 2742 3315 justi
2771 3262 2980 3311 omnes,
3010 3261 3184 3316 neque
3209 3247 3527 3313 circumcisi,

264 3339 467 3414 Moysi,
492 3343 568 3395 ita
607 3349 657 3394 et
701 3341 738 3394 ii
781 3340 1026 3421 resistunt
1078 3340 1300 3403 ueritati,
1349 3339 1580 3393 homines
1626 3339 1850 3408 corrupti

261 3441 630 3501 spsente,sensu
661 3431 864 3502 reprobi
893 3429 982 3501 (ΙΙ
1013 3429 1145 3484 Tim.
1177 3429 1277 3498 ιιι).
1310 3429 1504 3485 Dicunt
1523 3430 1664 3484 enim
1699 3449 1710 3483 :
1745 3430 1852 3486 Nos

261 3528 738 3600 circumcisionem
767 3525 1046 3589 habemus,
1069 3531 1126 3578 et
1148 3520 1242 3577 ﬁlii
1261 3538 1446 3578 sumus
1457 3521 1710 3588 Abrahae;
1735 3523 1853 3592 qui-

261 3619 376 3678 bus
403 3617 596 3672 merito
624 3615 880 3670 Dominus
908 3612 1123 3669 dicebat
1155 3632 1167 3666 :
1201 3613 1262 3668 Si
1281 3614 1380 3684 ﬁlii
1410 3613 1628 3668 Abrahat
1652 3615 1849 3680 essetis,

261 3689 433 3791 opera
482 3711 654 3782 utique
689 3704 910 3762 Abrahae
939 3708 1192 3778 faceretis.
1225 3705 1726 3772 Circumcisionem,
1773 3708 1855 3762 in-

1954 3349 2014 3394 ut
2031 3340 2280 3408 dicimus,
2302 3339 2594 3396 secundum
2624 3353 2842 3396 carnem
2873 3338 3112 3402 fuerunt,
3143 3351 3316 3408 neque
3338 3338 3532 3394 discre-

1954 3432 2128 3488 tiones
2155 3438 2397 3488 escarum
2446 3432 2765 3486 habuerunt.
2791 3430 2924 3485 Nam
2971 3430 3038 3485 de
3069 3429 3358 3494 Abraham,
3386 3431 3533 3499 quod

1953 3523 2418 3578 circumcisionem
2469 3521 2672 3578 dicitur
2708 3522 3016 3592 accepisse,
3064 3522 3152 3576 illa
3200 3522 3534 3578 circumcisio
3611 3568 3617 3576 .

1953 3631 2062 3682 non
2093 3615 2255 3671 habet
2273 3615 2549 3686 praemium
2571 3615 2778 3681 salutis,
2800 3613 2898 3671 sed
2917 3615 3126 3683 signum
3153 3617 3333 3670 datum
3361 3611 3546 3670 fuerat

1954 3707 3530 3776 generis...............

261 3803 485 3888 quiunt,
509 3801 796 3867 habemus;
821 3799 1012 3869 quibus
1041 3797 1297 3852 dicimus:
1341 3795 1558 3852 Utinam
1586 3798 1855 3856 haberetis
1961 3842 1974 3855 .
2065 3841 2077 3854 .

261 3893 500 3976 odorem
523 3890 923 3956 ﬁdeiAbrahte,
962 3889 1123 3962 740
1155 3897 1341 3943 etnon
1372 3889 1606 3958 perﬁdia:
1627 3891 1849 3945 vestrm!
1960 3932 1972 3944 .
2063 3932 2076 3944 .
2178 3931 2192 3947 .
2291 3929 2304 3944 .
2385 3930 2398 3944 .
2480 3931 2496 3946 .
2573 3929 2588 3944 .
2669 3929 2684 3944 .
2761 3929 2776 3946 .
2856 3929 2871 3945 .
2948 3929 2964 3946 .
3045 3929 3056 3943 .
3136 3929 3152 3944 .
3232 3929 3246 3944 .
3327 3929 3339 3942 .
3419 3929 3434 3942 .
3517 3923 3533 3942 .

261 3983 496 4066 Yosfilii
523 3983 654 4040 estis
678 3983 856 4054 potius
877 3981 1202 4053 viperarum,
1230 3981 1284 4037 in
1311 3981 1460 4036 vobis
1498 3982 1626 4052 ipsis
1650 3997 1855 4040 venena
1959 3984 2096 4040 lilios
2138 3983 2318 4050 Israel,
2367 3983 2608 4040 secundo
2647 4023 2662 4039 .
2739 4007 2787 4038 .-
2833 4021 2848 4039 .
2927 4022 2942 4037 .
3023 4023 3036 4036 .
3117 4021 3131 4036 .
3207 3982 3398 4037 haouit
3420 3981 3552 4051 jam-

260 4085 602 4154 portantes:
634 4075 726 4146 qui
763 4073 1075 4146 parentibus
1107 4070 1315 4128 infertis
1339 4088 1545 4138 necem,
1577 4082 1633 4128 et
1659 4090 1726 4129 ex
1756 4075 1857 4132 hoc
1956 4077 2132 4147 primo
2182 4075 2484 4132 circumcisi
2563 4115 2576 4130 .
2659 4116 2672 4129 .
2751 4114 2766 4130 .
2848 4115 2862 4129 .
2943 4114 2956 4128 .
3032 4073 3183 4139 dere,
3231 4071 3328 4130 sed
3373 4073 3538 4143 spiri-

259 4173 398 4246 ipso
435 4185 544 4241 quo
570 4169 706 4225 alios
725 4167 988 4234 occiditis,
1011 4167 1164 4223 vobis
1188 4167 1318 4238 ipsis
1340 4167 1616 4222 interitum
1658 4183 1859 4239 praepa-
1961 4165 2176 4222 tualiter
2203 4165 2428 4234 intelligi
2469 4173 2708 4236 oportet,
2749 4165 2876 4235 quia
2903 4179 3000 4235 per
3027 4164 3222 4234 legem,
3255 4165 3306 4219 id
3330 4171 3415 4220 est
3442 4178 3538 4234 per

259 4263 431 4322 ratis.
461 4261 537 4316 De
556 4260 727 4326 vobis,
749 4275 784 4316 o
809 4257 996 4325 Judaei,
1020 4257 1148 4314 dicit
1171 4258 1434 4329 propheta
1464 4257 1630 4314 David
1655 4277 1667 4313 :
1700 4259 1862 4315 Erra—
1894 4261 1906 4276 '
1960 4266 2226 4330 pmcepta
2252 4258 2384 4328 legis
2403 4257 2714 4315 circumcidi
2741 4258 2810 4313 ab
2839 4257 3102 4312 idolorum
3128 4256 3274 4311 cultu
3301 4262 3536 4325 oportet,

258 4362 460 4412 serunt
487 4369 520 4406 a
546 4360 735 4417 ventre,
785 4350 941 4404 locuti
969 4356 1088 4403 sunt
1134 4348 1292 4421 falsa.
1326 4347 1422 4403 Ira
1446 4348 1552 4403 illis
1579 4350 1858 4404 secundum
1959 4347 2198 4406 secundo
2226 4364 2324 4420 per
2365 4347 2712 4416 Evangelium
2758 4346 3089 4404 circumcidi.
3124 4346 3319 4400 Dicunt
3364 4343 3540 4398 adhuc

257 4445 669 4510 similitudinem
696 4443 946 4514 serpentis
977 4440 1150 4514 (Psal.
1184 4440 1333 4512 LVII).
1363 4439 1432 4496 Et
1459 4443 1734 4513 apostolus
1762 4459 1859 4497 no-

260 4545 397 4595 ster
421 4534 618 4590 Paulus
637 4535 713 4589 ait
746 4550 758 4587 :
793 4530 1020 4596 Quorum
1049 4530 1187 4587 Deus
1225 4541 1395 4587 venter
1420 4541 1516 4599 est,
1539 4541 1589 4587 et
1607 4534 1770 4604 gloria
1803 4535 1854 4586 in

1961 4441 2163 4496 Judaei:
2199 4440 2316 4494 Filii
2358 4456 2540 4496 sumus
2566 4438 2825 4504 Abrahat;
2874 4437 3068 4509 quibus
3117 4435 3383 4490 dicimus:
3419 4432 3538 4486 Filii

1963 4533 2190 4588 Abrahae
2214 4533 2361 4597 estis,
2397 4533 2416 4563 ³
2444 4533 2539 4588 sed
2567 4547 2634 4586 ex
2671 4529 2863 4586 ancilla
2891 4528 2958 4584 de
2986 4542 3090 4596 qua
3113 4527 3372 4596 scriptum
3407 4534 3490 4580 est
3520 4542 3533 4578 :

258 4626 635 4704 confusionem
679 4637 856 4678 eorum
893 4623 978 4695 qui
1016 4629 1224 4676 terrena
1250 4622 1458 4694 sapiunt
1506 4620 1724 4692 (Philip.
1760 4622 1860 4687 ιιι).
1888 4611 1942 4672 Ι)
1966 4624 2112 4696 Ejice
2139 4625 2384 4683 ancillam
2428 4631 2476 4677 et
2513 4623 2681 4692 ﬁlium
2726 4621 2877 4692 ejus;
2907 4635 3011 4673 non
3052 4620 3190 4672 enim
3235 4618 3402 4672 Intres
3443 4617 3542 4670 erit
3628 4682 3634 4688 _

257 4711 424 4786 Ergo
453 4719 770 4769 erraverunt
789 4727 822 4766 a
846 4719 1068 4777 ventre,
1098 4710 1262 4766 locuti
1291 4718 1416 4766 sunt
1443 4709 1594 4777 falsa,
1647 4711 1724 4765 ira
1755 4711 1860 4768 illis

258 4804 573 4868 secundum
587 4802 986 4859 similitudinem
1016 4801 1284 4872 serpentis
1312 4819 1324 4854 :
1353 4801 1445 4872 qui
1466 4803 1696 4872 vipereis
1722 4818 1860 4858 mor-

257 4900 430 4958 sibus
466 4898 672 4954 viscera
701 4903 983 4968 parentum
1029 4895 1447 4966 sanguinemque
1475 4895 1776 4962 fundentes,
1806 4906 1865 4953 et

257 4993 504 5052 sceleris
529 4992 696 5048 vestri
743 4991 950 5046 lubrico
996 4988 1206 5060 dilapsi,
1240 4988 1292 5042 in
1339 4989 1527 5044 alienis
1553 4988 1864 5046 vulneribus

255 5066 673 5151 volvebamini;
696 5082 893 5152 quique
909 5081 1040 5150 legis
1062 5087 1330 5151 praecepta
1351 5080 1743 5135 contemnendo
1764 5096 1862 5152 per

259 5177 462 5236 varias
485 5176 768 5232 criminum
821 5173 1038 5244 culpas,
1062 5172 1208 5227 velut
1236 5187 1332 5244 per
1361 5171 1651 5240 prmcipitia
1692 5173 1859 5230 multa

256 5268 512 5329 diversis
539 5267 748 5324 casibus
773 5265 1071 5322 corruistis.
1099 5261 1232 5320 Vide
1267 5262 1399 5334 jam,
1430 5264 1474 5318 si
1503 5273 1676 5334 potes,
1698 5280 1860 5335 quam

183 5353 198 5372 ⁸
255 5360 460 5419 medus
477 5360 548 5416 sit
571 5373 839 5429 quamque
865 5357 1038 5428 turpis
1065 5356 1244 5444 quise
1267 5355 1526 5425 sanguine
1614 5367 1850 5408 comma-

353 5552 374 5584 ³
419 5545 570 5603 lianc
583 5543 824 5602 eamdem
847 5542 1148 5606 veritatem,
1167 5538 1389 5608 etquasi
1408 5536 1734 5609 ipsisverbis
1757 5552 1879 5606 pro-
1975 5536 2182 5609 homine

252 5627 504 5683 secutus
537 5626 618 5672 est
663 5615 718 5672 S.
757 5613 1018 5683 Maximus
1047 5611 1341 5683 egplanans
1372 5608 1658 5683 articulum
1698 5609 1874 5662 carnis

251 5677 677 5752 ;esrsrreetionis
708 5687 760 5740 in
791 5682 1036 5752 homgde
1071 5677 1394 5752 Traditions
1409 5677 1657 5752 sxmboli.
1705 5695 1711 5700 ·

1959 4718 2104 4787 ﬁlius
2125 4716 2331 4771 ancilla:
2358 4732 2472 4770 cum
2499 4716 2611 4785 ﬁlio
2639 4713 2815 4768 liberte
2855 4712 3060 4784 (θωνα.
3092 4725 3203 4776 xxt,
3231 4706 3405 4764 Galat.
3430 4709 3536 4780 tv);

1964 4825 2060 4866 nos
2089 4809 2142 4862 in
2189 4807 2359 4876 gloria
2385 4806 2480 4862 Dei
2533 4803 2625 4860 ﬁlii
2671 4805 2850 4860 liberte
2874 4819 3078 4859 sumus.
3119 4801 3310 4858 Vester
3346 4801 3539 4858 lsmael

1962 4909 2116 4973 pater
2169 4907 2274 4964 est,
2305 4897 2446 4953 unde
2491 4912 2662 4966 genus
2697 4896 2892 4952 ducitis
2924 4914 2935 4948 :
2973 4902 3160 4949 noster
3205 4903 3358 4964 pater
3394 4891 3542 4948 lsaac

1963 5000 2062 5063 est,
2088 4989 2228 5045 unde
2248 4989 2492 5045 ducimus
2512 5000 2698 5057 genus.
2726 4986 2744 5048 ξ
2773 4985 2831 5042 In
2851 4985 3020 5050 Isaac,
3048 4985 3238 5054 inquit,
3263 4983 3544 5040 vocabitur

1962 5085 2056 5141 tibi
2086 5097 2296 5148 semen;
2330 5081 2419 5136 ille
2447 5080 2816 5136 sanctissimus
2836 5078 3003 5142 Isaac,
3035 5089 3197 5148 quem
3223 5075 3540 5164 desideran-

1963 5177 2102 5232 tibus
2128 5171 2439 5246 parentibus
2467 5211 2492 5244 _.
2572 5210 2586 5226 .
2665 5211 2680 5224 .
2761 5211 2774 5226 .
2857 5211 2876 5226 .
2952 5207 2968 5224 .
3048 5190 3073 5225 .·
3142 5207 3159 5224 .
3241 5210 3256 5225 .
3332 5205 3348 5222 .
3424 5205 3443 5224 .
3522 5202 3540 5221 .

1966 5309 1981 5325 ο
2071 5307 2088 5321 0
2176 5304 2191 5322 ο
2287 5303 2302 5319 0
2387 5304 2404 5322 ο
2481 5303 2498 5318 0
2575 5301 2590 5317 ο
2673 5301 2688 5316 0
2767 5302 2782 5316 ο
2858 5303 2873 5317 ο
2955 5299 2971 5316 0
3048 5298 3070 5320 ο
3145 5300 3160 5316 0
3237 5299 3253 5314 0
3331 5298 3345 5315 0
3423 5295 3442 5316 ο
3520 5295 3537 5314 ο

1963 5359 2032 5415 de
2058 5372 2166 5430 quo
2195 5356 2390 5412 dicitur
2427 5372 2441 5407 :
2475 5350 2609 5418 Quia
2636 5352 2693 5408 in
2721 5369 2912 5407 semme
2939 5361 3026 5408 tuo
3054 5348 3410 5406 benedicentur
3426 5363 3540 5404 omv

2225 5535 2314 5588 sed
2340 5541 2395 5586 ut
2413 5531 2566 5587 homo
2591 5530 2970 5602 gloriﬁcamus“
2996 5528 3051 5580 in
3069 5525 3259 5602 Deum.

2048 5575 2568 5672 λ”ἱῖἰιόἔιιῖἶῖιὶὶὶὲ
2591 5575 2843 5670 Ἤέἷῇἶῖἐ
2859 5575 3384 5672 Migginem
3417 5604 3544 5672 ante

1976 5676 2105 5746 dies,
2129 5682 2256 5741 etc.,
2291 5663 2640 5746 ait-S.'Ma3_t.,
2664 5663 3005 5746 Agar-typum
3039 5663 3330 5735 Synagoga:
3359 5663 3540 5733 fuisse,

350 5735 760 5813 δ”ιιῖῐιὶἱῖἰῖιὶζ
791 5735 914 5809 Nat.
943 5750 1156 5805 Domini
1197 5749 1334 5804 dixit
1362 5735 1716 5804 S.'Maximus
1742 5764 1754 5802 :
1787 5747 1876 5802 Ita
1973 5735 2330 5814 eundemque
2352 5744 2530 5814 locum
2557 5735 2796 5814 Apostoli
2815 5735 2998 5814 apert,

269 5829 517 5894 Verbum
548 5843 666 5882 caro
681 5829 877 5891 factum
913 5829 998 5900 est
1027 5836 1168 5875 :non
1213 5826 1268 5873 ut
1297 5815 1434 5872 Deus
1475 5827 1786 5894 uacuaretur,
1820 5819 1875 5872 in

2050 5816 2072 5847 ⁸
2109 5803 2260 5871 Idem
2272 5814 2431 5870 docet
2464 5811 2522 5867 S.
2548 5803 2683 5882 Aug.
2713 5808 2780 5864 de
2808 5803 2966 5863 Civit.
3007 5805 3101 5861 Dei
3121 5803 3216 5859 lib.
3237 5819 3345 5873 xw,
3373 5821 3410 5864 β
