4072 6332
555 373 660 434 799

555 587 639 638 est
664 579 953 639 Christus.‘
979 581 1087 640 Iste
1106 591 1190 641 est
1211 584 1580 644 sanctissimus
1609 583 1779 654 lsaac,
1810 583 1902 654 qui
1924 581 2134 678 patiens

555 671 622 729 ad
643 672 914 731 victimam
935 674 1232 733 ducebatur
1253 676 1656 736 clementissimi
1677 677 1846 749 patris
1865 671 2134 747 praecipua
2201 737 2208 744 ,

553 768 762 842 proles;
793 770 903 840 qui,
935 778 994 826 ut
1036 771 1290 840 diximus,
1328 772 1525 830 Christi
1568 771 1857 841 imaginem
1896 776 2132 840 gestans,

1761 374 1820 432 S.
1857 369 2103 430 MAXIM!
2139 368 2590 434 TAUBINENSIS

556 501 646 546 nes
671 494 844 560 gentes
869 487 1076 564 (Cenes.
1101 490 1230 563 xx);
1257 506 1368 549 non
1389 489 1524 552 dixit
1544 490 1600 548 in
1621 491 1828 549 semine
1853 498 1967 556 tuo,
1989 485 2134 560 quod
2159 487 2210 549 Δ
2241 527 2256 542 .
2335 522 2350 541 .
2427 527 2442 542 .
2521 527 2537 542 .
2613 527 2630 542 .
2704 483 3007 544 discederet

557 877 733 940 neque
761 863 1019 932 genitoris
1066 865 1295 936 imperio
1341 864 1688 930 contradixit,
1731 879 1833 920 nec
1861 863 2134 920 victimam
2241 898 2256 913 ο
2351 898 2364 912 ι
2452 898 2466 913 ο
2557 899 2570 914 ο

555 954 830 1026 suscipere
855 955 1142 1011 recusavit.
1174 954 1316 1026 Ergo
1347 956 1446 1014 iste
1473 964 1626 1026 pater
1647 963 1830 1011 noster
1855 955 2134 1026 probatur;

557 1053 736 1100 vestra
757 1043 1112 1116 Hierusalem,
1135 1055 1351 1103 terrena
1379 1048 1586 1112 civitas,
1611 1056 1784 1103 mater
1809 1056 1920 1113 est;
1955 1055 2138 1102 nostra

559 1135 890 1193 Hierusalem
910 1180 926 1206 ,
956 1139 1192 1196 ccclesiis
1211 1140 1418 1208 civitas,
1447 1148 1656 1206 mater;
1682 1139 1769 1194 illa
1798 1148 1995 1206 vestra,
2020 1155 2139 1212 quae

559 1231 745 1303 periit;
771 1230 886 1287 haec
905 1240 1110 1298 nostra,
1137 1248 1256 1303 qua:
1283 1241 1564 1304 permanet
1591 1249 1830 1306 semper;
1863 1250 1959 1290 vos
1991 1235 2138 1304 prio-

560 1337 666 1386 res,
720 1337 820 1398 πως
871 1333 1194 1392 sequentes;
1225 1324 1351 1394 quia
1398 1335 1455 1380 et
1501 1324 1691 1380 lsmael
1712 1325 1892 1396 prior,
1946 1323 2139 1380 deinde

559 1413 749 1472 Isaac:
799 1415 925 1485 quia
964 1416 1056 1487 qui
1094 1416 1250 1487 primi
1278 1417 1571 1494 novissimi,
1623 1427 1678 1474 et
1725 1419 1817 1488 qui
1866 1417 2139 1473 novissimi

560 1504 738 1575 primi.
772 1504 1041 1576 Scriptum
1069 1515 1153 1561 est
1182 1525 1194 1560 :
1228 1509 1248 1539 '
1279 1506 1441 1563 Erilis
1471 1519 1645 1580 gentes
1688 1511 1741 1562 in
1769 1517 1940 1579 caput,
1973 1509 2140 1564 incre-

561 1596 712 1654 dulus
738 1607 908 1652 autem
934 1599 1152 1671 populus
1180 1603 1233 1654 in
1260 1600 1427 1655 cauda
1477 1601 1654 1673 (Dent.
1690 1601 1896 1672 xxvm).
1925 1601 2056 1656 Nam
2085 1610 2143 1659 et

561 1686 678 1760 ipse
702 1687 850 1744 Isaac
867 1687 1004 1745 duos
1033 1687 1171 1746 ﬁlios
1199 1691 1385 1760 genuit
1415 1690 1553 1746 Esau
1582 1700 1636 1746 et
1654 1691 1921 1757 Jacob,de
1949 1693 2142 1762 quibus

561 1781 763 1838 dictum
791 1781 964 1837 fuerat
1000 1781 1067 1837 ad
1114 1781 1414 1839 Rebeccam
1459 1783 1740 1854 conjugem
1776 1784 1925 1840 lsaac
1960 1783 2141 1840 divino

3666 380 3758 442 89!!

3095 521 3112 540 .
3188 522 3206 541 .
3279 522 3300 545 .
3369 524 3386 543 .
3457 527 3475 546 .
3540 493 3758 564 populum

2236 580 3756 652 Christianum.............

2235 713 3758 833 simnilis;1::::::::::

2237 950 2446 1021 signmn
2475 950 2664 1006 salutis
2693 949 2835 1022 apud
2857 966 2957 1007 nos
3031 992 3045 1005 .
3125 991 3140 1006 .
3220 991 3234 1006 .
3313 993 3328 1006 .
3403 993 3418 1008 .
3493 995 3506 1008 .
3572 954 3619 1011 iu
3639 959 3764 1026 signo

2241 1045 2450 1103 Domini
2471 1062 2660 1102 omnes
2681 1046 2884 1118 pariter
2911 1045 3132 1102 masculi
3161 1044 3470 1116 feminaeque
3509 1048 3762 1119 signantur,

2239 1139 2392 1210 signo
2422 1139 2632 1196 Domini
2657 1141 2932 1209 signantur
2977 1139 3032 1194 in
3063 1138 3240 1196 fronte
3285 1154 3441 1210 super
3471 1139 3595 1197 duos
3619 1153 3775 1219 postes.

2239 1229 2307 1286 de
2327 1231 2584 1301 sanguine
2605 1231 2738 1301 Agni
2755 1230 2870 1294 Dei,
2889 1230 2980 1302 qui
2997 1220 3136 1286 tollit
3153 1238 3373 1302 peccata
3399 1233 3587 1299 mundi,
3605 1233 3664 1289 de
3679 1249 3765 1304 quo

2233 1321 2347 1392 jam
2377 1329 2505 1378 tunc
2551 1322 2602 1378 in
2630 1323 2748 1392 lege
2789 1322 2964 1378 fuerat
3001 1323 3290 1395 scriptum;
3330 1322 3470 1394 quod
3519 1325 3567 1380 in
3613 1336 3766 1384 sancto

2241 1414 2530 1486 Evangelio
2577 1414 2901 1486 completum
2931 1431 3051 1472 esse
3078 1416 3427 1486 dignoscitur,
3456 1418 3650 1489 quando
3679 1421 3768 1475 ela-

2239 1507 2467 1562 mabatis
2495 1507 2733 1562 dicentes
2757 1525 2769 1560 :
2797 1505 3027 1580 Sanguis
3054 1506 3211 1580 743
3241 1506 3353 1579 ejus
3373 1525 3518 1579 super
3543 1526 3628 1564 nos
3645 1520 3686 1564 et
3707 1527 3770 1564 su-

2239 1618 2330 1671 per
2353 1599 2492 1672 ﬁlios
2520 1610 2724 1656 nostros
2751 1599 2962 1672 (Matth.
2997 1599 3184 1671 xxv").
3217 1599 3324 1656 Sed
3353 1601 3500 1656 nobis
3526 1601 3627 1658 hinc
3658 1604 3770 1660 salu-

2240 1691 2408 1747 briter
2426 1691 2685 1762 competit
2711 1691 2922 1747 dicere:
2955 1692 3173 1762 sanguis
3199 1691 3316 1761 ejus
3343 1687 3499 1763 super
3525 1709 3614 1750 nos
3638 1702 3684 1749 ct
3705 1711 3771 1750 su-

2240 1798 2338 1854 per
2383 1782 2520 1838 lllios
2549 1791 2782 1845 nostros,
2811 1784 2962 1839 vobis
2991 1782 3058 1838 ad
3105 1783 3622 1849 coudeumatiouem,
3649 1787 3772 1844 nobis

561 1888 820 1947 responso
844 1859 864 1929 ε’
887 1875 1020 1960 Duce
1039 1886 1212 1948 gentes
1237 1880 1293 1933 in
1318 1887 1462 1933 utero
1489 1888 1574 1933 tuo
1604 1887 1744 1946 sunt,
1773 1887 1822 1933 et
1843 1879 1944 1932 duo
1965 1878 2143 1949 populi
2172 1873 2216 1935 Β
2245 1891 2374 1931 vero
2401 1873 2471 1930 ad
2518 1875 2778 1943 salutem;
2805 1875 2930 1946 quia
2962 1875 3069 1932 alio
3097 1891 3196 1932 vos
3241 1877 3544 1947 proposito,
3579 1877 3672 1932 alio
3697 1894 3772 1934 nos

561 1967 626 2023 de
647 1978 820 2026 ventre
858 1977 942 2026 tuo
969 1971 1294 2038 dividentur;
1321 1982 1370 2027 et
1406 1971 1624 2044 populus
1651 1972 1894 2044 populum
1922 1988 2141 2043 supera-

562 2061 654 2127 bit,
708 2071 756 2116 et
811 2063 980 2136 major
1033 2065 1215 2120 serviet
1257 2065 1478 2130 minori;
1517 2065 1640 2136 quia
1685 2063 1866 2132 Iacob,
1900 2065 2139 2135 inquam,

561 2151 722 2225 742
767 2153 947 2219 dilexi,
999 2152 1142 2231 Esau
1195 2164 1368 2212 autem
1408 2157 1527 2213 odio
1552 2155 1708 2210 habui
1737 2153 1947 2229 (Cenes.
1981 2157 2131 2229 xxv).

561 2243 668 2300 Sed
693 2243 798 2300 hoc
837 2245 946 2314 jam
995 2246 1240 2317 superius
1287 2255 1644 2304 memoratum
1691 2255 1986 2312 est";‘.nam
2027 2246 2143 2318 ipse

447 2370 458 2379 ο
561 2335 724 2391 etiam
742 2333 914 2392 Jacob
943 2334 1078 2392 duas
1099 2337 1423 2394 describitur
1444 2337 1698 2394 habuisse
1718 2354 1917 2394 uxores
1933 2381 1948 2405 ,
1977 2353 2142 2394 unam

561 2426 711 2484 Liam
739 2427 999 2498 majorem
1030 2438 1180 2498 natu,
1205 2433 1374 2488 oculis
1397 2433 1696 2500 inﬁmam;
1727 2433 1886 2488 aliam
1915 2433 2138 2502 Rachel,

527 2519 847 2590 -minorem,
896 2523 1196 2602 speciosam
1231 2542 1244 2579 :
1288 2525 1377 2580 illa
1425 2526 1540 2592 Lia,
1591 2525 1815 2596 ﬁguram
1845 2529 2143 2601 Synagoga:

561 2611 831 2684 portabat,
863 2612 1093 2679 inﬁrma,
1125 2623 1183 2670 ut
1209 2615 1410 2672 dictum
1439 2625 1545 2682 est,
1596 2617 1783 2674 oculis.
1837 2617 2014 2686 Quare
2054 2620 2143 2677 in-

563 2703 714 2760 lirtna
741 2705 944 2762 oculis?
972 2707 1096 2778 quia
1135 2707 1282 2766 visus
1309 2706 1604 2782 Synagogae
1647 2710 1954 2781 languebat,
1984 2721 2041 2768 et
2080 2727 2141 2770 se

563 2796 618 2853 in
646 2797 768 2852 ﬁliis
798 2795 1100 2856 inﬁdelibus
1123 2815 1265 2870 smpe
1284 2800 1589 2871 plangebat.
1621 2801 1746 2860 Hcce
1767 2819 1894 2859 vero
1918 2803 2140 2875 Rachel,

564 2903 680 2960 qua:
708 2887 928 2958 ﬁguram
956 2890 1207 2961 portabat
1231 2889 1500 2958 Ecclesizn,
1529 2893 1596 2949 de
1611 2909 1716 2965 qua
1745 2897 2003 2966 scriptum
2032 2907 2138 2953 est:

564 2980 585 3014 ⁸
611 2981 844 3054 Speciosi
864 2982 1000 3038 oculi
1031 2983 1102 3036 tui
1129 2983 1261 3037 sicut
1279 2983 1526 3040 columbae
1555 2983 1726 3056 (Cant.
1753 2985 1793 3053 ι)
1820 3005 1832 3041 :
1865 2998 1919 3044 et
1947 2989 2140 3046 iterum

565 3081 749 3130 noster
769 3074 1042 3145 apostolus
1069 3073 1265 3130 Paulus
1293 3074 1426 3132 dicit
1443 3075 1512 3132 de
1539 3092 1602 3132 ea
1627 3095 1640 3131 :
1666 3095 1769 3134 non
1803 3079 1998 3136 habens
2025 3100 2140 3138 ma-

565 3149 734 3220 culam
761 3173 848 3219 aut
875 3182 1058 3237 rugam
1085 3165 1302 3239 (Ep/tes.
1332 3167 1410 3237 v),
1433 3175 1526 3223 aut
1553 3159 1769 3240 aliquod
1797 3171 2136 3244 hujusmodi;

2241 1969 2467 2024 dicimus
2505 1967 2809 2036 intellectu;
2834 1983 2930 2024 vos
2949 1966 3202 2036 furendo,
3228 1984 3330 2024 nos
3357 1967 3553 2024 orando
3575 1986 3588 2034 ;
3613 1985 3694 2025 vos
3710 1970 3774 2025 in-

2241 2061 2524 2126 saltando,
2566 2076 2664 2116 nos
2705 2060 3020 2132 suppliciter
3053 2059 3413 2131 postulando;
3449 2075 3541 2116 vos
3574 2075 3632 2116 ex
3657 2059 3772 2128 odio,

2242 2168 2342 2208 nos
2366 2167 2433 2208 ex
2477 2167 2692 2219 amore;
2723 2168 2820 2209 vos
2866 2159 2926 2207 ut
2954 2153 3154 2219 tristes,
3182 2163 3284 2208 nos
3312 2160 3485 2208 autem
3510 2160 3566 2207 ut
3603 2168 3776 2224 semper

2241 2243 2556 2314 gaudentes.
2585 2241 2692 2298 Vos
2713 2243 2979 2298 latronem
3009 2242 3264 2312 elegistis,
3291 2243 3416 2312 quia
3443 2257 3592 2298 omne
3615 2241 3775 2299 animal

2242 2335 2309 2391 ad
2337 2335 2438 2391 sibi
2460 2335 2635 2391 simile
2654 2335 3022 2403 convertitur;
3052 2351 3151 2391 nos
3179 2335 3410 2392 Domino
3439 2336 3672 2406 elegimus
3686 2352 3776 2393 scr-

2242 2429 2374 2485 vire.
2407 2427 2520 2485 Nos
2541 2446 2686 2503 ergo,
2711 2429 2884 2499 inquit
2911 2429 3228 2500 Apostolus,
3272 2429 3476 2484 Domini
3495 2445 3676 2496 sumus;
3700 2445 3776 2486 vos

2241 2522 2412 2580 secuti
2459 2522 2590 2578 estis
2636 2522 2899 2578 latronem
2946 2521 3176 2578 Domino
3206 2522 3658 2593 improperantem,
3699 2537 3778 2578 nos

2241 2615 2410 2672 secuti
2439 2629 2623 2672 sumus
2661 2613 2930 2670 latronem
2956 2612 3244 2670 Dominum
3273 2613 3582 2670 adorantem
3607 2621 3656 2670 et
3673 2629 3777 2669 con.-

2243 2705 2480 2762 ﬁtentem
2503 2706 2556 2760 in
2579 2720 2739 2762 cruce
2769 2723 2781 2759 :
2814 2703 3056 2772 Domine,
3079 2715 3338 2762 memento
3365 2708 3464 2762 mei
3490 2705 3795 2760 cum-reseris.

2240 2801 2296 2854 in
2321 2815 2536 2870 regnum
2575 2807 2736 2854 tuum.
2763 2795 2864 2853 Cui
2894 2797 3148 2854 Dominus
3176 2798 3252 2852 ait
3284 2816 3298 2851 :
3330 2797 3508 2865 Amen,
3537 2797 3640 2864 dico
3665 2796 3777 2851 tibi:

2243 2891 2396 2946 hodie
2431 2906 2628 2946 mecum
2647 2891 2750 2946 eris
2787 2891 2844 2944 in
2871 2889 3119 2961 paradiso
3149 2887 3300 2962 (Luc.
3336 2890 3505 2961 mn).
3534 2886 3576 2944 Ο
3601 2888 3778 2943 beatum

2243 2985 2418 3056 ipsum
2447 2985 2730 3050 latronem,
2763 2984 2853 3054 qui
2878 2990 3080 3038 tantam
3109 2992 3338 3054 repente
3365 2981 3554 3038 meruit
3573 2979 3779 3036 sanctita-

2243 3086 2374 3146 tem,
2397 3085 2452 3133 et
2478 3077 2578 3148 _sub
2607 3077 2721 3148 ipsa
2749 3085 2922 3132 morte
2952 3075 3196 3130 transivit
3235 3074 3307 3130 ad
3346 3074 3536 3131 lucem.
3577 3075 3596 3106 '
3623 3071 3680 3127 Et
3701 3069 3780 3142 ipsi

2243 3169 2352 3224 duo
2381 3146 2635 3234 latrones,
2666 3184 2800 3226 unus
2822 3175 3076 3231 vestram,
3103 3167 3241 3243 alter
3255 3175 3494 3223 nostram
3515 3163 3780 3223 ostendebat

566 3255 722 3326 hujus
758 3233 1072 3328 perspicuus
1095 3233 1168 3313 “et
1211 3233 1465 3330 spiritalis
1495 3233 1888 3321 luerat-visus:
1911 3263 2042 3322 Nam
2088 3233 2216 3324 et’C
2247 3260 2554 3330 imaginem.
2587 3233 2870 3314 Occidistis
2900 3238 3210 3323 Dominum,
3242 3267 3302 3314 et
3329 3256 3651 3328 gratulamiui
3677 3267 3783 3310 τοο-

567 3343 696 3432 illud
733 3349 880 3420 quod
913 3350 964 3406 in
1014 3352 1272 3424 mysterio
1300 3353 1538 3425 loquitur
1586 3357 1882 3427 apostolus,
1908 3360 2145 3432 intelligo

567 3423 725 3514 q'uam
752 3443 952 3524 populo
971 3423 1276 3502 Christiano
1304 3423 1590 3504 conveniat
1615 3423 1674 3502 ξι
1699 3449 1924 3519 Primus,
1952 3423 2146 3524 inquit,

568 3533 716 3590 ltomo
761 3522 824 3590 de
873 3544 1010 3590 terra
1041 3545 1294 3604 terrenus,
1334 3539 1586 3593 secundus
1615 3557 1730 3594 vero
1755 3541 1904 3596 homo
1926 3541 1990 3596 de
2023 3522 2146 3598 duo

569 3625 778 3684 scelestis
808 3610 994 3700 (ICor.
1028 3631 1136 3698 xv).
1155 3625 1341 3696 Qualis
1371 3639 1636 3696 terrenus,
1662 3633 1798 3688 tales
1839 3641 1894 3688 et
1923 3634 2144 3703 terreni;

569 3727 620 3776 et
646 3719 818 3791 qualis
841 3720 1092 3788 celestis,
1118 3721 1252 3778 tales
1272 3730 1328 3778 et
1354 3722 1617 3791 cmlestes,
1642 3733 1698 3779 et
1712 3725 1796 3780 lex
1819 3741 1940 3798 quae
1964 3741 2154 3782 secun-

2246 3353 2452 3409 cidistis
2477 3351 2717 3422 quidem,
2757 3349 2852 3406 sed
2882 3367 2988 3406 non
3019 3351 3326 3419 occidistis,
3358 3359 3533 3406 tamen
3561 3346 3783 3406 occidistis

2247 3444 2543 3511 voluntate,
2573 3442 2666 3498 sed
2697 3457 2805 3497 non
2833 3442 3104 3498 occidistis
3143 3443 3197 3498 in
3225 3444 3456 3499 veritate
3474 3486 3488 3512 ,
3517 3442 3631 3514 quia
3655 3438 3783 3503 Chri-

2247 3543 2362 3592 stus
2392 3535 2444 3590 in
2470 3543 2731 3590 internum
2761 3542 2962 3589 manet.
2981 3531 3158 3591 Iacuit
3185 3535 3404 3606 quidem
3419 3551 3606 3607 corpus
3629 3535 3676 3590 in
3694 3547 3786 3588 mo-

2250 3633 2524 3692 numento,
2556 3625 2649 3681 sed
2676 3624 2919 3680 Christus
2957 3626 3219 3696 regnabat
3258 3627 3315 3683 in
3342 3627 3500 3684 cmlo.
3543 3625 3650 3681 Non
3670 3623 3786 3680 enim

2247 3725 2460 3790 poterat
2499 3716 2774 3773 includere

570 3809 694 3868 dum
723 3811 955 3869 litteram
997 3813 1278 3885 accipitur,
1305 3815 1522 3881 occidit,
1550 3817 1759 3888 spiritus
1787 3827 1956 3873 autem
1982 3819 2149 3891 tviviﬁ-
2253 3851 2268 3868 .

570 3912 651 3960 cat
679 3901 769 3978 (ΙΙ
789 3902 911 3960 Cor.
945 3904 1053 3976 ιιι).
1086 3903 1326 3980 Moyses,
1356 3924 1478 3963 nam
1511 3918 1572 3964 ut
1589 3911 2147 3980 commemoravimus,

570 3995 840 4068 accipiens
867 3997 1077 4068 priores
1098 3997 1308 4056 tabulas
1335 3999 1640 4061 contractas
1665 4001 1892 4074 projecit
1911 4043 1926 4069 ,
1950 4002 2072 4060 ideo
2094 4011 2145 4060 ut

2251 4011 2358 4052 non
2389 3995 2678 4052 includitur
2697 3995 2750 4050 in
2799 4003 3150 4052 monumento
3181 4012 3326 4078 Icum
3373 4011 3613 4068 corpore,
3656 3990 3790 4048 multo

571 4087 880 4144 ostenderet
903 4097 1138 4145 vestrum
1167 4090 1435 4162 lapideum
1476 4108 1574 4148 cor
1596 4091 1949 4165 confractum,
1978 4104 2034 4151 et
2059 4112 2150 4152 re-
2251 4089 2422 4158 magis
2449 4087 2706 4143 divinitus
2733 4087 2934 4143 includi
2963 4103 3070 4142 non
3091 4096 3323 4160 poterat.
3357 4087 3500 4158 Ergo
3526 4087 3645 4143 vivit
3666 4081 3794 4141 Chri-

571 4179 890 4250 probiitum;
911 4175 1342 4238 Christianorum
1369 4199 1498 4240 vero
1517 4184 1708 4242 divinis
1737 4187 1941 4255 legibus
1969 4197 2152 4258 aptum
2254 4191 2366 4237 Slus
2387 4181 2440 4236 in
2460 4190 2752 4247 ωιθΐηυιηῖ
2780 4180 2920 4236 Sicut
2937 4187 2996 4236 ει
3020 4190 3238 4237 sanans
3267 4179 3490 4260 εξηῧθίυε
3515 4177 3710 4236 Gabriel
3731 4173 3795 4232 ἀί·

572 4276 733 4342 atoue
753 4271 1092 4327 servandum.
1131 4271 1282 4328 Unde
1303 4273 1435 4328 dicit
1457 4274 1732 4346 Scriptura
1753 4277 1822 4332 de
1849 4277 2154 4336 Christiano
2223 4265 2410 4329 'cebat
2436 4273 2502 4329 ad
2531 4272 2822 4344 gloriosam
2847 4271 3070 4328 Mariam
3103 4291 3114 4328 :
3149 4273 3413 4347 Regnabit
3431 4277 3485 4330 in
3507 4275 3648 4329 domo
3665 4266 3796 4326 λαιά

573 4362 772 4434 popqu
805 4381 818 4417 :
852 4361 952 4429 Qui
975 4364 1254 4420 ostendunt
1272 4381 1400 4438 opus
1421 4365 1549 4440 lrgis
1577 4371 1920 4441 conscriptum
1942 4373 1996 4426 in
2041 4389 2156 4431 cor-
2254 4366 2308 4420 in
2338 4374 2605 4431 «ternum.
2630 4374 2680 4420 et
2713 4366 2860 4437 regni
2896 4365 3009 4438 eius
3044 4383 3151 4420 non
3173 4366 3272 4421 erit
3297 4367 3423 4438 ﬁnis
3447 4365 3596 4440 (Luc.
3624 4363 3689 4438 ιι)
3717 4380 3729 4416 =
3755 4367 3797 4416 ει

573 4454 720 4512 dibus
765 4456 871 4512 suis
895 4455 1087 4528 (Rom.
1117 4456 1177 4530 ιι)
1213 4474 1226 4512 :
1257 4457 1602 4528 Cognoscens
1628 4461 1808 4516 omnia
1841 4462 1974 4529 hmo,
2005 4471 2060 4520 et
2085 4480 2155 4520 ex
2257 4457 2650 4528 septuagesimo
2677 4457 2853 4528 primo
2881 4457 3089 4528 psalmo
3108 4457 3176 4513 de
3204 4459 3323 4530 ipso
3353 4459 3548 4514 dicitur
3575 4477 3588 4512 :
3629 4455 3798 4511 Orietur

572 4543 690 4618 lege
715 4556 770 4602 et
797 4549 1091 4619 prophetis,
1125 4549 1300 4604 adhuc
1345 4549 1548 4620 majora
1570 4551 1915 4610 considerans
1937 4566 2156 4614 sanctus
2258 4551 2311 4604 ἱη
2333 4549 2510 4604 diebus
2539 4549 2649 4621 εἰπε
2671 4550 2876 4621 immiti
2896 4559 2946 4604 εί
2973 4551 3295 4606 abundantia
3314 4555 3482 4624 P0058-
3507 4551 3711 4620 Quando
3733 4546 3797 4602 di‘

571 4639 847 4708 apostolus
887 4639 1103 4707 Paulus,
1147 4641 1418 4712 separavit
1445 4657 1504 4698 se
1549 4659 1580 4697 a
1624 4643 1804 4712 vobis,
1839 4661 1937 4702 nec
1968 4646 2154 4718 jugum
2183 4638 2236 4700 Ι)
2257 4645 2444 4700 cebat:
2477 4645 2497 4675 ⁶
2521 4642 2618 4708 Qui
2640 4647 3012 4714 tepercusserit
3034 4646 3086 4700 in
3101 4636 3643 4710 'dextrammaxillam,
3665 4641 3800 4714 pratis

571 4742 694 4784 cum
741 4728 1045 4786 inﬁdelibus
1072 4729 1274 4788 ducere
1301 4733 1498 4800 voluit;
1523 4735 1644 4807 quia
1685 4752 1786 4791 non
1823 4747 1899 4791 est
1936 4740 2154 4794 societas
2257 4740 2337 4795 illi
2367 4747 2416 4793 et
2437 4738 2687 4804 alteram;
2717 4748 2767 4792 et
2787 4740 2836 4793 ei
2871 4743 2960 4812 qui
2982 4740 3084 4795 tult
3108 4749 3270 4794 tecum
3289 4742 3492 4812 judicio
3538 4734 3799 4796 contende"

571 4820 754 4878 lumini
773 4822 840 4876 ad
861 4825 1114 4890 tenebras,
1141 4842 1232 4880 nec
1256 4843 1378 4892 pars
1391 4827 1534 4898 ﬁdeli
1562 4845 1678 4883 cum
1698 4829 1899 4901 infideli
1923 4829 2008 4903 (II
2031 4829 2152 4888 Cor.

573 4911 690 4982 vt);
717 4913 985 4968 convertit
1021 4929 1083 4969 se
1123 4914 1192 4970 ad
1236 4915 1504 4974 Christum
1549 4919 1807 5000 maxime,
1838 4921 1962 4991 quia
1992 4923 2060 4978 ab
2087 4938 2156 4980 eo

572 5011 691 5060 erat
717 5004 1044 5075 admonitus,
1075 5014 1133 5062 ut
1207 5046 1223 5062 .
1303 5049 1318 5064 .
1398 5049 1414 5066 .
1492 5049 1510 5066 .
1584 5010 1917 5068 credulitatis
1951 5013 2077 5083 jur.-
2135 5056 2149 5072 .

647 5199 670 5280 ³.
700 5197 760 5254 ιιι
799 5199 950 5280 hom.
981 5199 1008 5255 1
1044 5201 1114 5260 de
1157 5203 1437 5280 Paschate,
1467 5222 1588 5277 qua:
1628 5207 1814 5278 incipit
1845 5225 1857 5260 :
1893 5207 2154 5280 peneﬁcia

570 5267 883 5353 Danastii,
907 5281 1038 5344 etc.,
1055 5275 1304 5353 eumdem
1333 5267 1534 5333 Isaac'a
1565 5285 1718 5336 natre
1737 5267 2153 5336 Sacriﬁcant'lum

570 5339 770 5398 Christi
793 5339 1192 5400 ﬁtturautdixit.

643 5415 663 5444 ⁸
693 5412 896 5492 Allud‘it
931 5415 990 5472 S.
1022 5415 1164 5492 Max.
1196 5417 1302 5492 i_|_lis
1345 5419 1564 5492 verbis:
1599 5417 1720 5490 Ipse
1747 5421 1844 5474 erit
1890 5420 1945 5474 in
1979 5430 2153 5492 caput,

573 5490 626 5561 et
643 5495 696 5561 tu
717 5487 822 5541 eris
841 5488 896 5561 in
923 5487 1162 5543 caudam.
1193 5486 1265 5561 Et
1289 5490 1494 5544 venient
1527 5486 1680 5561 super
1709 5500 1756 5544 te
1781 5506 1970 5561 anates
1996 5486 2158 5547 male-

575 5555 824 5643 dictiones
853 5560 1081 5616 ἔδωκα.
1125 5559 1249 5643 quia
1295 5576 1403 5643 non
1440 5555 1682 5643 audivisti
1727 5577 1899 5615 vocem
1937 5559 2158 5643 .Domini

577 5624 672 5679 Dei
699 5627 792 5703 tui,
825 5624 1154 5703 nec‘servasti
1187 5631 1436 5687 mandata
1471 5631 1585 5703 ejus
1604 5640 1653 5684 et
1679 5631 2010 5687 cteremonias
2029 5649 2158 5699 quas

576 5697 808 5766 praecipit
836 5697 946 5766 tibi,
974 5706 1082 5757 etc.

581 5763 1031 5890 ba;ul:'t.Vulgata,
1061 5769 1270 5828 Cautio.
1301 5789 1352 5842 ι,
1385 5773 1580 5843 legitur
1611 5792 1625 5829 :
1677 5770 1827 5844 Oculi
1866 5777 1940 5830 tui
1964 5774 2162 5836 colum-

2258 4840 2308 4886 et
2339 4832 2563 4885 tunicam
2591 4837 2731 4884 tuam
2761 4829 2958 4896 tollere,
3006 4830 3207 4886 dimitte
3241 4831 3320 4886 illi
3349 4841 3401 4887 et
3427 4831 3652 4900 pallium.
3691 4820 3800 4893 Quid

2255 4923 2474 4994 justius,
2505 4921 2634 4992 quid
2654 4921 2857 4990 utilius,
2886 4931 3047 4992 quam
3081 4921 3453 4993 impatientem
3476 4919 3710 4993 patientia
3731 4929 3800 4972 su-

2260 5029 2473 5086 perare,
2497 5021 2552 5070 et
2571 5013 2780 5068 damnis
2797 5013 2977 5085 potius
3004 5013 3235 5088 opprimi
3255 5029 3421 5086 quam
3449 5011 3691 5072 lueraudo
3710 5022 3802 5081 pecc

2333 5212 2355 5244 ⁸
2389 5209 2537 5266 Idem
2563 5209 2811 5280 Apostoli
2839 5210 2990 5266 locus
3007 5211 3228 5266 atl‘ertur
3257 5228 3286 5266 a
3314 5211 3549 5268 Maximo
3573 5212 3622 5270 in
3649 5205 3801 5280 homil.

2261 5282 2331 5338 de
2359 5277 2650 5337 Nativitate
2673 5281 2906 5354 Domini,
2937 5297 3056 5354 quin
3079 5282 3307 5354 incipit:
3353 5281 3425 5354 In,
3470 5283 3676 5336 adi-euut
3717 5277 3796 5330 Do-
3837 5311 3846 5332 .

2261 5355 2406 5426 mini,
2441 5355 2632 5426 fratres
2654 5352 2935 5419 carissimi,
2958 5353 3153 5408 solutus
3180 5352 3256 5408 est
3283 5353 3454 5409 omnis
3473 5361 3688 5426 paterin:
3703 5361 3792 5420 pra

2260 5423 2596 5494 t'aricationis
2621 5433 2818 5494 metus,
2849 5429 2978 5480 etc.‘

2333 5495 2354 5527 ⁸
2382 5493 2601 5550 Duabus
2620 5494 2674 5550 in
2693 5487 2932 5550 boniiliis
2949 5495 3195 5552 conversi
3215 5495 3443 5554 latronis
3464 5493 3616 5550 ﬁdem
3635 5487 3802 5546 eratut

2264 5563 2322 5638 _S.
2350 5563 2632 5638 Maximus,
2649 5581 2881 5638 eumque
2905 5582 2972 5623 ex
2988 5566 3242 5638 patibulo
3267 5569 3319 5622 in
3342 5565 3646 5638 paradisum
3665 5569 3803 5616 trans-

2265 5635 2432 5708 latum
2460 5636 2622 5692 fuisse
2651 5635 3087 5706 eloquentissime
3114 5637 3292 5694 tradit.
3349 5635 3369 5638 ⁷
3680 5699 3724 5708 Μ
3765 5696 3776 5708 ,

2343 5699 2844 5780 “_Qutesequuniur
2867 5708 2936 5764 de
2963 5709 3248 5780 sanctitate
3273 5714 3651 5780 praeceptorum
3673 5699 3800 5778 (Ζιιι-ἰτ

2265 5777 2334 5833 sti
2361 5775 2596 5859 Domini,
2611 5775 2924 5852 supponunt
2942 5779 3046 5836 alia
3059 5775 3419 5854 praecedentia
3443 5775 3512 5837 ab
3532 5775 3801 5834 amanuenst

2269 5863 2354 5904 om
2361 5863 2482 5905 [$58.

3249 5949 3272 5990 ί
3342 5952 3449 5986 εις.
