4072 6332
316 358 412 416 801

1335 353 1744 414 TRACTATUS
1782 355 1844 411 V.
1884 354 2159 414 CONTRA
2196 356 2495 414 JUDIEOS.

3473 362 3580 420 808

317 477 468 534 care!
499 475 637 533 Sunt
661 475 804 532 enim
828 484 1097 547 praecepta
1119 475 1342 546 iustitia:
1368 475 1580 531 Domini
1609 447 1904 531 Salvatoris
1929 477 1982 536 Λ
2007 475 2167 549 745
2217 491 2436 532 munera
2482 477 2776 549 per-ferunt.
2810 478 3062 551 Sequitur
3101 479 3155 536 in
3205 479 3451 551 psalmo:
3509 481 3580 537 Et

319 574 371 628 in
417 580 608 629 sancto
647 570 937 641 Evangelio
965 571 1262 642 designata.
1288 569 1356 626 Et
1383 587 1452 626 ne
1480 570 1696 640 longum
1723 571 1793 625 sit
1822 578 1905 626 to-

318 677 431 722 tum
459 665 658 732 dicere,
690 672 816 736 post
854 664 1128 735 aliquanta
1157 665 1402 736 sequitur
1434 683 1446 718 :
1492 673 1540 718 et
1587 662 1905 718 abundantia

318 762 482 830 picis,
525 760 688 814 donec
727 759 994 831 auferatur
1020 759 1144 813 luna
1174 757 1344 830 (Psal.
1367 756 1531 828 uxr).
1567 755 1905 832 Abundantia

320 852 488 921 pacis,
532 851 657 921 quia
703 850 818 920 ipse
865 858 948 905 est
975 849 1094 906 fons
1130 850 1447 921 purissimus
1487 849 1656 920 pacis,
1697 849 1748 903 in
1799 863 1906 918 quo

321 941 479 995 nullm
505 949 630 996 sunt
650 939 971 996 turbulenta:
998 940 1138 1008 lites,
1172 941 1316 996 nulla
1352 939 1648 995 amaritudo
1672 939 1904 1004 malitias,

322 1032 416 1086 red
448 1031 622 1086 omnis
635 1031 913 1102 plenitudo
935 1031 1232 1087 dulcedinis
1252 1031 1530 1100 omnisque
1553 1030 1908 1100 tranquillitas

324 1123 601 1178 bonitatis.
636 1123 710 1178 De
741 1123 844 1178 islo
890 1123 1004 1194 ipse
1053 1121 1224 1177 David
1255 1121 1516 1194 propheta
1547 1121 1652 1177 alio
1693 1121 1909 1176 dicebat

326 1213 379 1268 in
420 1215 540 1269 loco
573 1232 586 1268 :
632 1211 842 1270 Gustate
877 1223 927 1269 et
972 1213 1133 1286 744,
1159 1214 1321 1269 uidete
1361 1215 1601 1286 quoniam
1630 1214 1798 1268 suavis
1831 1221 1907 1268 est

326 1303 602 1359 Dominus.
634 1304 822 1360 Beatus
851 1306 928 1360 uir
955 1307 1040 1378 qui
1066 1313 1239 1376 sperat
1265 1306 1318 1360 in
1346 1322 1460 1359 eum
1491 1303 1660 1376 (Psal.
1685 1303 1906 1374 xxxul);

333 1399 458 1469 quia
482 1395 743 1454 Dominus
774 1397 984 1453 dicebat
1009 1415 1021 1451 :
1053 1396 1243 1452 Pacem
1263 1415 1428 1452 meam
1454 1397 1519 1452 do
1547 1397 1704 1463 vobis,
1731 1414 1908 1468 pacem

327 1504 495 1543 meum
517 1487 744 1560 relinquo
767 1487 922 1542 vobis.
947 1487 1013 1542 Iu
1041 1489 1134 1543 hac
1154 1490 1288 1543 enim
1309 1489 1469 1543 scient
1490 1505 1664 1543 omnes
1679 1488 1907 1543 homines

327 1579 466 1649 quod
488 1579 730 1650 discipuli
759 1579 858 1633 mei
879 1579 1021 1644 estis,
1037 1580 1083 1633 si
1104 1580 1314 1634 invicem
1339 1579 1758 1652 diligatis(10an.
1777 1580 1908 1650 ιη’).

329 1666 398 1723 Et
426 1669 618 1724 iterum
668 1669 878 1725 dicebat
908 1689 920 1724 :
956 1670 1100 1726 Beati
1139 1672 1365 1742 pacifici,
1414 1673 1654 1742 quoniam
1693 1674 1790 1743 ipsi
1814 1673 1912 1742 ﬁlii

330 1759 428 1815 Dei
458 1763 790 1817 vocabuntur.
825 1751 968 1816 Beati
987 1780 1235 1834 pauperes
1265 1765 1468 1835 spiritu,
1505 1765 1747 1835 quoniam
1775 1764 1912 1835 ipso-

2005 565 2294 622 adorabunt
2341 585 2454 623 eum
2501 587 2677 626 omnes
2718 588 2864 644 reges
2918 582 3111 638 terrae;
3171 590 3348 628 omnes
3404 583 3580 646 gentes

2005 660 2224 714 servient
2275 661 2323 715 ei
2372 659 2551 731 '(Psal.
2600 662 2787 734 Lm):
2831 664 2974 735 quod
3002 665 3278 736 impletum
3303 665 3577 732 videmus;

2005 751 2130 822 quia
2160 752 2355 822 ubique
2376 768 2571 810 nomen
2599 754 2811 812 Domini
2838 757 3036 813 Christi
3059 757 3314 814 adoratur
3350 758 3418 814 sb
3459 773 3581 814 om-

2007 842 2163 897 nibus
2191 843 2420 913 regibus,
2445 844 2703 900 duntaxat
2724 845 3059 917 Christianis,
3082 849 3433 920 omnibusque
3453 866 3584 922 gen-

2008 931 2167 987 tibus.
2222 932 2330 988 Sed
2380 942 2434 989 et
2461 935 2504 990 si
2531 945 2652 990 sunt
2680 937 2841 1006 aliqui
2873 953 3027 1007 reges
3054 949 3145 995 aut
3172 949 3360 1010 gentes
3389 942 3583 1013 aliqua:

2007 1040 2126 1095 qum
2173 1027 2361 1083 nolunt
2399 1027 2645 1092 adorare,
2679 1029 2817 1085 sicut
2841 1039 2895 1087 et
2922 1048 3017 1087 vos
3038 1031 3228 1100 Judaei,
3258 1041 3440 1090 manet
3466 1049 3584 1090 car-

2008 1132 2100 1172 cer
2125 1125 2378 1186 mternus,
2412 1130 2594 1175 manet
2609 1119 2869 1190 judicium
2899 1122 2994 1178 Dei
3019 1141 3032 1176 :
3064 1122 3222 1190 Deus,
3251 1125 3327 1179 ait
3351 1126 3586 1196 prophe-

2007 1215 2082 1276 ta,
2098 1209 2400 1280 manifes’us
2422 1212 2582 1265 veniet
2604 1210 2743 1266 Deus
2763 1221 2956 1280 noster,
2979 1222 3028 1267 et
3048 1231 3149 1269 non
3173 1214 3395 1269 tardabit
3412 1214 3584 1286 (ἔδεαι.

2011 1300 2189 1370 sua);
2220 1301 2312 1371 qui
2338 1303 2484 1357 venit
2513 1303 2565 1357 in
2594 1303 2894 1360 humilitate
2919 1306 3179 1373 occultus,
3213 1307 3391 1362 veniet
3410 1307 3461 1362 in
3490 1322 3588 1378 po-

2010 1401 2207 1449 testate
2228 1395 2562 1451 manil'estus.
2611 1395 2761 1452 Tunc
2781 1396 2986 1452 videbit
3009 1412 3130 1453 eum
3159 1399 3334 1454 omnis
3353 1414 3499 1466 caro,
3534 1398 3589 1455 id

2011 1494 2095 1542 est
2144 1487 2318 1542 omnis
2374 1488 2553 1554 homo,
2599 1491 2722 1560 quia
2751 1507 2921 1544 omnes
2949 1489 3194 1546 stabimus
3223 1502 3343 1547 ante
3365 1493 3589 1547 tribunal

2013 1576 2220 1643 Christi,
2248 1588 2301 1631 ut
2330 1581 2544 1650 recipiat
2565 1583 2911 1652 unusquisque
2937 1583 3150 1653 propria
3174 1585 3420 1654 corporis,
3440 1591 3591 1653 prout

2013 1671 2184 1740 gessit,
2217 1671 2320 1724 sive
2349 1671 2537 1726 bonum
2566 1674 2668 1726 sive
2689 1674 2880 1727 malum
2911 1673 3087 1744 (Rom.
3120 1675 3260 1744 xw);
3286 1690 3408 1728 nam
3438 1684 3492 1729 et
3537 1675 3592 1731 in

2015 1760 2130 1830 ipso
2153 1761 2360 1830 psalmo
2389 1762 2440 1816 in
2471 1764 2645 1832 capite
2676 1764 2749 1818 ait
2775 1781 2788 1817 :
2820 1763 2978 1830 Deus,
3001 1766 3255 1836 judicium
3295 1774 3436 1819 tuum
3477 1765 3586 1835 regi

331 1869 447 1907 rum
494 1864 570 1909 est
611 1871 821 1926 regnum
850 1855 1091 1910 caelorum
1126 1854 1339 1928 (Matth.
1368 1858 1444 1927 v).
1472 1855 1538 1911 Et
1566 1857 1908 1922 abundantia,
1946 1857 1988 1918 Β
2017 1851 2104 1919 da,
2133 1863 2181 1906 el
2197 1853 2456 1923 justitiam
2488 1864 2632 1908 tuum
2650 1856 2761 1926 filio
2783 1859 2920 1928 regis
2944 1856 3116 1926 (Psal.
3138 1857 3319 1927 LXXI);
3350 1856 3475 1926 quia
3497 1861 3591 1910 ret

335 1945 1912 2016 inqttit,...............

333 2314 441 2370 Sed
471 2313 809 2385 postmodum
849 2313 1123 2369 extollitur
1153 2322 1203 2368 et
1232 2313 1475 2382 erigitur,
1507 2329 1628 2369 cum
1657 2313 1725 2367 ad
1753 2313 1918 2369 cccle-

336 2404 442 2461 stia
467 2420 629 2474 regna
654 2405 888 2460 Domino
914 2403 1205 2459 auxiliante
1235 2403 1561 2474 perducitur.
1587 2402 1836 2472 Sequitur
1863 2402 1918 2457 in

334 2497 544 2568 psalmo
569 2515 581 2550 :
612 2496 678 2550 Et
706 2495 1053 2551 dominabitur
1073 2514 1104 2549 a
1135 2497 1268 2549 mari
1296 2512 1452 2566 usque
1481 2495 1549 2548 ad
1585 2513 1750 2560 mare,
1798 2502 1846 2548 et
1886 2511 1918 2548 a

333 2586 654 2657 ﬂuminibus,
680 2603 836 2656 usque
856 2586 923 2639 ad
945 2587 1188 2640 terminos
1206 2587 1342 2640 orbis
1368 2579 1703 2657 terraa(Psal.
1737 2584 1913 2654 LXXI):

334 2678 439 2734 hoc
468 2687 550 2733 est
593 2694 690 2748 per
737 2678 1015 2732 universas
1044 2685 1249 2745 gentes,
1302 2683 1356 2731 et
1395 2692 1490 2746 per
1541 2684 1712 2732 totum
1766 2691 1921 2730 mun-

335 2769 498 2836 dum,
538 2786 644 2840 qua
678 2785 737 2825 se
787 2769 944 2838 longe
988 2769 1202 2838 lateque
1248 2767 1471 2823 diﬁ‘usus
1507 2766 1704 2822 Oceani
1751 2767 1919 2821 ambi-

335 2871 424 2916 tus
448 2860 615 2924 ducit,
641 2869 696 2916 et
717 2860 952 2914 omnium
983 2867 1246 2914 terrarum
1277 2858 1410 2913 ﬁnes
1451 2857 1690 2914 includit.
1727 2856 1920 2926 Sequi-

335 2961 424 3008 tur
449 2971 461 3006 :
495 2951 560 3006 In
583 2961 852 3022 conspectu
879 2951 988 3022 ejus
1018 2950 1283 3022 procident
1313 2949 1589 3020 .Ethiopes
1608 2990 1622 3012 ,
1649 2959 1698 3001 et
1725 2948 1921 3002 inimici

334 3044 448 3116 ejus
480 3025 667 3098 terram
694 3043 890 3114 lingent
915 3040 1122 3114 (lbid.).
1151 3041 1434 3111 ZEthiopes
1455 3042 1529 3097 illi
1557 3038 1681 3096 Sunt
1708 3040 1922 3111 spiritus

337 3137 681 3192 teiiebrarum
710 3135 800 3204 qui
849 3135 899 3188 in
935 3142 1224 3204 conspectu
1252 3133 1484 3201 Domini,
1517 3134 1570 3188 id
1609 3138 1693 3188 est
1723 3133 1774 3186 in
1825 3133 1921 3186 ad-

339 3235 506 3284 ventu
548 3227 662 3298 ejus
690 3227 887 3282 turbati

343 3591 441 3649 sed
469 3592 706 3648 lambere
749 3601 946 3647 terram
973 3592 1241 3658 dicuntur,
1272 3591 1543 3660 quomodo
1571 3599 1623 3646 et
1651 3591 1736 3646 isti
1813 3631 1827 3646 .
1905 3630 1922 3646 .

531 3725 545 3740 .
621 3695 675 3741 et
704 3694 901 3740 terram
927 3686 1220 3740 lambiunt?
1247 3684 1352 3740 hoc
1380 3692 1465 3740 est
1495 3692 1762 3740 terrenam
1784 3685 1928 3740 litte-

344 3795 463 3834 ram
512 3787 566 3833 et
611 3777 880 3832 carnalem
909 3777 1158 3832 astutiam
1187 3776 1448 3846 diligunt,
1480 3777 1773 3846 spiritalem
1801 3791 1928 3832 vero

344 3873 573 3944 gratiam
605 3887 711 3926 non
761 3871 1074 3940 requirunt?
1118 3870 1371 3938 Sequitur
1401 3869 1455 3923 in
1483 3869 1687 3939 psalmo
1721 3887 1732 3922 :
1764 3867 1929 3940 Reges

345 3975 499 4019 teme
517 3973 566 4018 et
582 3963 764 4018 insula:
777 3980 989 4017 munera
1009 3962 1248 4031 oﬂ'erunt.
1278 3960 1439 4032 Reges
1460 3959 1684 4014 Arabum
1707 3970 1756 4014 et
1786 3960 1930 4015 Saba

345 4055 486 4110 dona
511 4054 772 4108 adducunt
803 4053 1013 4124 (Ibid.).
1037 4051 1225 4108 Oriens
1247 4067 1376 4120 ergo
1397 4061 1452 4107 et
1477 4049 1755 4116 Occidens,
1783 4050 1930 4120 quod

343 4144 748 4216 manifestatum
779 4153 861 4201 est
889 4145 1067 4200 denuo
1090 4145 1142 4199 in
1171 4153 1358 4200 sancto
1385 4142 1690 4212 Evangelio,
1716 4142 1928 4213 quando

344 4240 492 4306 magi
517 4245 782 4294 venerunt
810 4243 1090 4307 portantes
1111 4249 1353 4300 munera,
1387 4248 1594 4302 aurum,
1623 4233 1764 4298 thus,
1796 4248 1933 4304 myr-

344 4331 505 4388 rham
543 4349 556 4384 :
588 4345 777 4385 aurum
805 4328 1091 4384 otTerentes
1143 4333 1201 4380 ut
1247 4326 1358 4394 regi
1403 4327 1692 4395 pretiosam
1736 4324 1926 4392 ﬁdem;

347 4421 476 4476 thus
497 4435 682 4485 suave,
725 4415 1046 4474 sacriﬁcium
1084 4416 1259 4471 laudis
1294 4424 1353 4470 ut
1394 4415 1532 4481 Deo;
1565 4417 1834 4487 myrrham
1863 4415 1931 4470 ad

347 4513 605 4569 indicium
631 4519 686 4567 et
711 4510 1023 4580 obsequium
1053 4510 1360 4580 sepultura}.
1394 4507 1526 4562 llem
1558 4525 1744 4563 aurum
1793 4509 1924 4577 regi,

2017 1950 2071 1997 et
2098 1943 2235 1996 lilius
2255 1944 2396 2012 regis
2416 1944 2528 2016 ipse
2549 1954 2631 2000 est
2659 1946 2916 2001 Dominus
2937 1945 3213 2013 Christus;
3269 1956 3324 2003 et
3370 1948 3423 2002 in
3463 1949 3591 2001 coii-

2016 2033 2256 2088 ClllSlOllc
2287 2036 2475 2104 psalmi
2503 2036 2672 2092 dicit:
2727 2036 3024 2108 Replebitur
3063 2038 3232 2110 gloria
3279 2041 3389 2110 ejus
3430 2037 3597 2092 omnis

2019 2133 2194 2178 terra:
2219 2125 2314 2194 fiat
2336 2126 2430 2195 ﬁat
2463 2125 2672 2198 (lbid.).
2708 2126 2772 2181 Et
2807 2143 2905 2183 nos
2932 2127 3156 2184 dicimus
3199 2129 3598 2184 consentientes

2017 2224 2204 2270 sancto
2225 2217 2497 2286 pr0plictze
2523 2233 2643 2272 cum
2672 2219 2882 2274 Domini
2901 2233 3033 2275 voce
3058 2238 3070 2272 :
3096 2220 3255 2275 Amen
3306 2239 3470 2288 amen,
3500 2221 3598 2278 hoc

2018 2315 2101 2361 est
2124 2322 2250 2361 vere
2281 2306 2526 2364 ﬁdeliter.
2586 2308 2804 2365 Iteratio
2833 2319 3013 2367 autem
3043 2313 3305 2369 sermonis
3334 2315 3432 2368 ista
3465 2295 3598 2370 con-

2020 2399 2372 2454 ﬁrmatiouem
2422 2402 2474 2455 in
2529 2417 2587 2456 se
2614 2381 2855 2458 cdntinet
2898 2404 3162 2459 veritatis.
3222 2404 3331 2460 Deo
3377 2408 3596 2477 gratias.

2018 2489 2159 2560 Ergo
2188 2494 2577 2548 convincuntur
2600 2495 2877 2550 evidenter
2898 2494 3067 2551 Judaei
3095 2516 3108 2551 :
3143 2497 3252 2553 Deo
3271 2498 3494 2567 juvante
3517 2502 3594 2557 sic

2019 2584 2258 2639 dicamus
2287 2594 2473 2640 contra
2501 2603 2616 2656 eos,
2648 2604 2754 2643 non
2778 2588 2953 2643 studio
2991 2588 3239 2653 nocendi,
3274 2598 3331 2644 ut
3360 2606 3453 2645 eos
3503 2592 3599 2648 de-

2019 2675 2190 2732 victos
2221 2678 2563 2746 perimamus,
2597 2677 2735 2733 absit
2778 2695 2808 2734 a
2859 2680 3040 2746 nobis;
3088 2665 3340 2750 spiritale
3362 2683 3600 2752 prmlium

2023 2782 2121 2837 pro
2166 2767 2443 2822 hominum
2493 2768 2666 2824 salute
2693 2771 2898 2837 geritur
2928 2788 2940 2824 :
2973 2787 3120 2825 arma
3152 2781 3333 2827 nostra
3362 2755 3602 2829 non'siui

2022 2861 2277 2924 carnalia,
2309 2861 2402 2915 sed
2449 2860 2606 2916 fortia
2636 2878 2666 2916 a
2697 2862 2825 2917 Deo.
2859 2863 3045 2934 Itaque
3074 2865 3283 2920 salvare
3312 2878 3406 2920 eos
3453 2867 3604 2936 cupi-

2020 2965 2139 3004 mus
2178 2957 2233 3005 et
2261 2951 2360 3006 sub
2407 2951 2549 3019 regis
2579 2951 2746 3006 nostri
2773 2952 3084 3009 Christi”...
3115 2965 3449 3010 convertere.
3482 2954 3598 3010 Non

2021 3056 2148 3110 ergo
2171 3043 2318 3096 litem
2347 3058 2664 3112 qumramus,
2691 3047 2816 3114 quia
2839 3045 3116 3099 veritatem
3141 3046 3480 3115 inquirimus;
3505 3047 3604 3100 mi-

2019 3133 2237 3189 litamus
2289 3135 2390 3188 sub
2425 3148 2550 3201 rege
2577 3133 2820 3204 paciﬁco,
2852 3144 2906 3190 et
2936 3137 3082 3205 pacis
3103 3145 3278 3192 castra
3309 3147 3666 3218 sectamur.’

965 3268 979 3282 .
1057 3267 1071 3280 .
1151 3265 1165 3278 .
1245 3265 1258 3279 .
1335 3263 1350 3280 .
1429 3265 1444 3279 .
1523 3266 1536 3280 .
1615 3267 1629 3280 .
1716 3265 1728 3278 .
1809 3265 1823 3278 .
1903 3221 2256 3294 .Cldeoque
2289 3241 2402 3292 eos,
2430 3233 2489 3280 ut
2517 3225 2644 3290 dixi,
2675 3226 2917 3281 volumus
2944 3227 3010 3282 de
3056 3230 3387 3298 tempestivis
3432 3229 3605 3286 ﬂucti-

2025 3316 2126 3371 bus
2147 3317 2343 3371 erroris
2359 3318 2423 3370 ad
2446 3326 2658 3387 portum
2686 3317 2872 3372 salutis
2890 3319 3200 3388 perducere,
3225 3329 3279 3374 et
3302 3336 3396 3390 per
3410 3322 3604 3378 atrium

2025 3397 2265 3461 veritatis
2293 3407 2345 3460 in
2375 3407 2592 3463 domum
2640 3408 2871 3477 regalem
2903 3409 3110 3464 Domini
3152 3412 3319 3466 nostri
3365 3412 3605 3468 introdu~

2027 3513 2170 3563 cere,
2211 3505 2269 3553 ut
2322 3497 2448 3553 ﬁant
2474 3499 2548 3554 de‘
2571 3500 2803 3555 inimicis
2851 3501 3029 3567 amici,
3062 3509 3117 3556 et
3161 3501 3229 3557 de
3277 3503 3606 3559 antichristis

2026 3586 2334 3645 Christiani.
2390 3589 2618 3646 Videant
2666 3605 2918 3662 pascuam
2949 3593 3273 3663 spiritalem;
3298 3593 3530 3660 videant,
3559 3595 3606 3652 si

2028 3690 2323 3754 merentur,
2365 3684 2584 3740 caeleste
2630 3685 2964 3751 convivium;
3019 3684 3236 3740 videant
3281 3685 3604 3741 dominicam

2029 3785 2287 3841 mensam,
2345 3784 2401 3831 et
2441 3782 2657 3830 cantent
2685 3777 2960 3832 nobiscum
2986 3793 3106 3834 cum
3140 3777 3301 3832 David
3345 3779 3606 3848 propheta

2030 3865 2364 3920 sanctissimo
2393 3865 2631 3922 dicentes
2666 3885 2679 3920 :
2713 3867 2961 3924 Dominus
3004 3871 3172 3940 pascit
3223 3887 3324 3936 me,
3377 3880 3427 3924 et
3475 3869 3606 3923 nihil

2029 3958 2154 4012 mihi
2204 3959 2394 4025 deerit;
2441 3962 2497 4014 in
2545 3961 2655 4015 loco
2694 3977 2900 4032 pascua:
2945 3963 3012 4016 ibi
3035 3980 3115 4018 me
3135 3964 3402 4018 collocavit
3433 3963 3601 4033 (Psal.

2031 4051 2197 4122 xxn);
2247 4059 2301 4106 et
2329 4052 2561 4108 iterum:
2616 4051 2783 4116 Quam
2812 4055 3059 4109 amabilia
3102 4065 3223 4108 sunt
3271 4054 3607 4108 tabernacula

2030 4150 2139 4207 tua,
2169 4141 2386 4198 Domine
2410 4145 2683 4198 rirtutum!
2703 4147 3015 4216 concupiscit
3035 4155 3084 4199 et
3103 4146 3278 4215 deﬁcit
3297 4145 3472 4198 anima
3495 4161 3608 4199 mea

2027 4233 2083 4287 in
2111 4235 2247 4288 atria
2269 4233 2479 4290 Domini
2509 4233 2676 4305 (Psal.
2710 4227 2954 4306 Lxxxut).
2988 4233 3093 4291 Sed
3115 4236 3237 4291 huic
3272 4236 3606 4306 persuasioni

2030 4328 2362 4383 contendunt
2388 4327 2533 4397 impii
2553 4325 2745 4392 Judzei,
2776 4327 3084 4398 maluntque
3105 4329 3240 4382 mori
3262 4343 3423 4398 quam
3445 4327 3606 4392 vinci,

2030 4419 2270 4474 dicentes
2303 4435 2315 4473 :
2348 4417 2455 4472 Nos
2483 4433 2644 4472 unum
2675 4419 2902 4473 colimus
2953 4418 3140 4484 Deum,
3182 4418 3320 4472 sicut
3350 4417 3606 4485 scriptum

2031 4517 2114 4564 est
2143 4510 2195 4563 in
2225 4509 2372 4563 libris
2402 4507 2570 4578 Moysi
2599 4526 2612 4560 :
2648 4509 2663 4539 ⁸
2702 4506 2824 4561 Non
2867 4517 3016 4561 erunt
3047 4509 3134 4560 tibi
3164 4509 3235 4561 dii
3281 4509 3374 4561 alii
3421 4506 3622 4576 absque‘

291 4619 298 4622 ‘
351 4604 478 4660 thus
515 4602 801 4666 sacerdoti,
842 4602 1112 4674 myrrham
1158 4600 1422 4656 sacriﬁcio
1466 4618 1476 4652 :
1517 4600 1640 4669 quia
1689 4600 1930 4654 Christus
1958 4587 2006 4646 Ι)
2032 4616 2129 4664 me,
2155 4608 2203 4653 et
2227 4599 2500 4652 Dominum
2516 4596 2678 4650 Deum
2696 4605 2834 4649 tuum
2854 4596 3114 4658 adorabis,
3134 4605 3180 4648 et
3196 4595 3380 4649 illisoli
3401 4593 3624 4673 servies;

352 4694 613 4751 Dominus
641 4703 696 4750 et
716 4707 812 4749 rex
840 4702 941 4760 est,
973 4701 1028 4748 et
1051 4693 1320 4756 sacerdos,
1351 4698 1405 4745 et
1430 4690 1764 4744 sacrilicium.
1797 4689 1931 4755 Quia

353 4803 452 4845 rex
482 4797 582 4855 est,
613 4789 726 4858 ipse
755 4788 828 4841 ait
860 4805 872 4833 τ
905 4785 1018 4857 Ego
1059 4793 1226 4838 autem
1257 4785 1560 4837 constitutus
1587 4797 1698 4834 sum
1742 4797 1832 4833 rex
1869 4779 1934 4832 ab

353 4897 417 4936 eo
451 4879 625 4950 (l’sal.
655 4881 712 4947 ιι)
733 4896 746 4943 ;
770 4877 913 4948 quod
943 4877 1193 4932 sacerdos
1228 4894 1239 4928 :
1273 4874 1366 4940 Tu,
1401 4875 1570 4942 inquit
1598 4873 1664 4926 ad
1693 4888 1813 4927 eum
1842 4869 1939 4925 Pa-

355 4981 462 5036 ter,
487 4989 540 5025 es
568 4972 808 5025 sacerdos
838 4971 890 5022 in
922 4978 1168 5024 teternum
1213 4966 1490 5021 secundum
1538 4965 1770 5019 ordinem
1801 4961 1935 5016 Mel-

355 5064 624 5119 chisedech
673 5063 843 5133 (Psal.
895 5064 992 5132 1x).
1038 5060 1366 5116 Sacriﬁcium
1424 5060 1694 5130 apostolus
1741 5058 1937 5113 Paulus

355 5157 459 5218 ait,
492 5156 576 5225 qui
605 5155 829 5222 seipsnm
875 5151 1054 5206 obtulit
1103 5150 1412 5204 oblationem
1467 5161 1514 5203 et
1563 5151 1780 5204 hostiam
1825 5149 1935 5204 Deo

355 5248 411 5299 in
460 5245 667 5300 odorem
737 5247 883 5298 bona:
935 5245 1202 5297 suavitatis
1259 5243 1498 5312 (Ephes.
1553 5241 1649 5312 v).
1711 5241 1930 5307 Aurum,

357 5337 484 5390 thus
515 5345 569 5389 et
597 5337 886 5406 myrrham.
925 5335 1124 5388 Aurum
1166 5350 1260 5388 rex
1290 5334 1499 5403 qumrit,
1534 5333 1583 5386 id
1639 5343 1720 5386 est
1766 5333 1936 5388 electa

357 5425 565 5482 corda:
628 5425 748 5480 llius
809 5425 949 5479 Deus
1023 5425 1296 5479 orationes
1352 5432 1528 5477 castas
1572 5431 1626 5476 et
1672 5423 1838 5476 bonas
1880 5423 1933 5476 in

347 5518 584 5574 odorem
613 5517 1132 5587 bonnelragrantiar;
1177 5519 1447 5588 myrrham
1495 5516 1559 5570 ad
1607 5516 1934 5585 sepulturam

355 5617 669 5666 sanctorum
716 5610 851 5681 ejus.
881 5608 1022 5679 Ergo
1063 5607 1296 5678 undique
1335 5608 1517 5678 populi
1565 5605 1629 5660 ad
1669 5605 1938 5662 Christum

2035 4699 2088 4744 et
2114 4709 2126 4742 :
2151 4689 2302 4752 Audi,
2331 4687 2518 4749 Israel,
2550 4686 2802 4741 Dominus
2826 4685 2964 4740 Deus
3003 4696 3135 4749 tuus,
3191 4683 3438 4738 Dominus
3477 4702 3609 4740 unus

2036 4793 2112 4837 est
2153 4781 2328 4853 (Dent.
2374 4780 2467 4848 vi).
2511 4779 2625 4835 Hoc
2679 4789 3025 4850 praeceptum,
3078 4780 3328 4846 clamant,
3375 4779 3612 4848 patribus

2037 4874 2198 4946 746
2241 4872 2420 4926 datum
2450 4879 2549 4935 est,
2582 4870 2723 4940 quod
2754 4887 2851 4925 nos
2887 4884 3102 4925 servare
3156 4877 3370 4938 oportet
3397 4879 3451 4923 et
3479 4855 3612 4923 con-

2041 4966 2203 5020 venit.
2230 4963 2432 5031 Quibus
2454 4963 2677 5018 dicimus
2705 4981 2716 5015 :
2752 4962 2920 5017 Dicite
2949 4976 3075 5030 ergo
3098 4978 3191 5016 cur
3220 4967 3400 5030 patres
3428 4975 3510 5014 ve:
3525 4961 3612 5026 tri,

2039 5057 2226 5112 relicto
2249 5056 2349 5110 isto
2371 5070 2477 5110 uno
2503 5053 2636 5118 Deo,
2666 5052 2730 5107 ad
2756 5053 2896 5107 idola
2925 5051 3168 5106 conversi
3190 5051 3352 5105 sunt?
3394 5049 3460 5102 Et
3481 5051 3616 5120 ferc-

2041 5157 2158 5202 runt
2179 5147 2388 5201 vitulum
2411 5146 2464 5199 in
2490 5145 2686 5212 Horeb,
2720 5153 2769 5198 et
2797 5144 3137 5198 adoraverunt
3167 5143 3422 5213 sculptile,
3445 5150 3492 5193 et
3514 5140 3615 5192 im-

2042 5245 2362 5294 mutaverunt
2383 5236 2602 5307 gloriam
2629 5252 2774 5289 suam
2798 5237 2851 5288 in
2881 5235 3267 5289 similitudinem
3297 5233 3436 5285 vituli
3467 5247 3615 5283 man-

2041 5331 2276 5384 ducantis
2299 5331 2468 5400 fenum
2494 5327 2662 5400 (Psal.
2687 5327 2807 5396 cv);
2831 5336 2886 5382 et
2913 5327 3215 5381 serviebant
3245 5323 3446 5377 mililim
3468 5322 3613 5375 etnli?

2044 5421 2351 5490 Adjuugunt
2377 5439 2390 5472 :
2422 5418 2500 5474 llli
2533 5418 2792 5484 viderint;
2827 5433 2922 5472 nos
2943 5417 3225 5471 nescimus.
3255 5412 3454 5478 Quibus
3483 5409 3610 5464 dici~

2041 5528 2160 5568 mus
2185 5531 2196 5566 :
2230 5511 2426 5567 Audite
2453 5525 2600 5579 ergo,
2632 5518 2688 5564 et
2713 5509 2899 5564 discite
2933 5526 2944 5560 :
2979 5506 3102 5562 ideo
3131 5505 3229 5560 ista
3257 5501 3552 5557 admonitio
3581 5516 3609 5556 a

2042 5604 2154 5661 Deo
2179 5604 2424 5670 dabatur,
2455 5611 2514 5658 ut
2533 5601 2599 5658 ad
2627 5617 2686 5657 se
2712 5606 3050 5656 converteret

437 5791 454 5826 '
483 5791 659 5850 Locus
684 5790 820 5849 alter
847 5805 916 5848 ex
941 5787 1066 5846 Isai.
1093 5801 1214 5858 cap.
1235 5801 1358 5843 xuv
1387 5793 1441 5842 et
1471 5801 1573 5843 XLV
1597 5804 1611 5840 ;
1640 5784 1756 5854 Ego
1788 5782 2054 5856 D-nniuus,
2085 5763 2134 5840 et
2160 5800 2262 5840 no"
2289 5791 2366 5839 est
2393 5782 2613 5853 amplius
2639 5796 2656 5836 :
2678 5787 2825 5835 extra
2850 5793 2930 5832 me
2951 5765 3148 5831 non'est
3169 5773 3326 5828 Deus.
