4072 6332
485 364 491 370 .
595 303 702 383 30.3

1817 297 1871 356 S.
1913 293 2159 352 ΜΛΧΙΜΙ

2254 294 2650 382 AURINENstS
3694 311 3775 370 sui

569 463 618 482 ν.
709 463 723 480 ο
814 463 830 478 I
922 462 935 478 0
1021 455 1039 478 ο
1115 458 1132 476 ο
1209 457 1224 474 ο
1303 455 1318 473 ο
1397 457 1413 472 ο
1498 457 1512 474 0
1592 457 1604 470 ι
1686 457 1698 472 ο
1783 456 1795 468 0
1863 455 1889 479 ~o
1970 453 1984 468 0
2062 453 2076 465 0
2160 453 2172 465 ο

2283 419 2474 467 tamus.
2533 413 2758 470 Dicebat
2809 414 3014 472 beatus.
3049 411 3367 490 Moyses‘in
3409 416 3534 475 libro
3555 387 3776 484 cheseds

596 715 738 758 care.
767 698 894 756 Inde
921 698 1023 754 sibi
1041 698 1194 756 lucos
1224 697 1334 771 (IV
1367 695 1498 770 Reg.
1526 693 1662 767 ut),
1693 693 1817 749 inde
1839 693 1940 749 sibi
1987 691 2172 746 illicita

559 853 572 860 ,
589 791 854 860 sacriﬁcia
883 773 1294 863 prresumpsere,
1325 788 1448 845 inde
1475 788 1606 844 deos
1634 787 1853 853 multos,
1893 784 2016 839 inde
2042 781 2174 838 falsa

592 883 846 954 ﬁgmenta
868 889 923 938 et
951 879 1131 936 inania
1158 880 1321 936 idola.
1353 879 1560 935 Idcirco
1586 877 1774 934 volens
1802 890 1918 942 eos,
1948 881 2008 930 ut
2033 872 2175 931 dixi-

557 1039 569 1047 _
593 987 736 1044 Inus,
759 971 1017 1028 Dominus
1037 987 1068 1026 a
1099 971 1262 1026 tantis
1290 967 1564 1026 erroribus
1586 969 1653 1026 ad
1681 968 1882 1025 cultum
1921 979 2030 1021 suae
2057 977 2175 1017 ma-

593 1065 802 1137 iestatis
847 1070 1184 1132 convertere,
1215 1076 1371 1117 sacro
1415 1057 1726 1132 frequenter
1759 1053 2174 1112 intonabatelo-

597 1157 740 1230 quia,
792 1155 1014 1229 dicetis:
1047 1153 1172 1209 Non
1201 1162 1349 1208 erunt
1396 1152 1488 1208 tibi
1541 1151 1630 1230 dii
1660 1149 1750 1205 alii
1797 1147 1986 1220 absque
2005 1162 2103 1212 me,
2125 1151 2175 1199 et

554 1229 570 1316 Γ
591 1229 874 1308 Dominum
901 1247 1224 1302 Deumtuum
1251 1245 1512 1311 adorabis,
1541 1253 1590 1298 et
1618 1229 1700 1298 illi
1717 1241 1815 1297 soli
1841 1240 2055 1303 servies;
2081 1243 2170 1292 et:

593 1339 749 1408 Audi,
793 1338 982 1407 Israel,
1027 1337 1284 1394 Dominus
1337 1335 1478 1390 Deus
1507 1342 1645 1404 tuus,
1675 1333 1928 1388 Dominus
1949 1345 2079 1383 unus
2101 1335 2177 1382 est

589 1413 772 1510 '(Deut.
817 1411 913 1497 vri.
945 1429 1100 1498 Nam,
1143 1437 1202 1486 ut
1253 1437 1402 1485 certo
1429 1428 1612 1485 sciatis
1631 1441 1752 1497 quae
1777 1425 1847 1480 sit
1865 1423 1999 1480 lides
2016 1419 2174 1480 Chri-

2279 500 2430 574 (Cap.
2463 505 2502 574 ι)
2522 504 2850 562 illuminatus
2872 503 3075 578 Spiritu
3102 513 3288 562 sancto
3319 525 3330 560 :
3365 505 3426 562 In
3445 511 3664 580 principio
3685 519 3777 588 fecit

2156 635 2172 650 .
2276 594 2418 650 Deus
2470 594 2650 651 cwlum
2702 605 2752 650 et
2791 606 2998 652 terram.
3036 595 3267 653 Attende
3289 599 3460 654 statim
3488 600 3779 673 illud,quiaa

2277 686 2540 758 principio
2592 687 2772 758 cmpit,
2805 697 2860 746 et
2885 689 3204 762 principium
3244 691 3540 762 nominavit,
3562 696 3682 764 quod
3703 714 3779 755 nos

2277 779 2622 850 intelligimus
2636 781 2908 838 Christum
2921 783 3236 855 principium
3262 782 3474 854 dictum,
3496 786 3543 840 in
3562 801 3654 858 quo
3671 789 3780 846 Deus

2277 869 2436 928 Pater
2462 872 2590 928 fecit
2616 874 2809 931 coelum
2838 883 2893 930 et
2919 881 3146 944 terram;
3177 875 3412 933 coelestia
3439 878 3622 948 pariter
3643 889 3782 938 ctter-

2273 980 2402 1022 rena
2432 966 2484 1020 in
2513 964 2726 1024 Christo
2747 965 2892 1036 fecit,
2923 967 2977 1023 id
3003 977 3084 1024 est
3113 967 3168 1024 in
3196 969 3358 1039 ipsius
3380 970 3584 1039 virtute,
3611 973 3691 1045 qui
3709 973 3779 1045 ju-

2273 1055 2452 1112 bentis
2494 1057 2720 1128 im‘perio
2767 1058 3124 1125 ministrabat,
3185 1058 3241 1113 in
3270 1059 3389 1129 ipso
3422 1060 3556 1131 fecit,
3576 1063 3784 1133 quidquid

2271 1147 2480 1220 jussum
2525 1158 2609 1204 est
2635 1149 2975 1220 adimplevit;
3005 1149 3130 1220 quia
3157 1149 3226 1206 de
3252 1149 3408 1206 Patre
3437 1151 3668 1224 scriptum
3689 1163 3782 1210 est:

2277 1237 2400 1312 Ipse
2427 1241 2581 1310 dixit,
2606 1251 2660 1295 et
2685 1243 2824 1314 facta
2844 1250 2992 1308 sunt;
3014 1241 3123 1313 ipse
3149 1241 3424 1310 mandavit,
3451 1252 3496 1298 et
3513 1254 3666 1298 creata
3695 1256 3785 1302 sunt

2276 1333 2449 1387 omnia
2473 1331 2643 1407 (Psal.
2671 1325 2868 1404 xxiii);
2899 1347 3028 1403 ergo
3049 1333 3104 1388 in
3126 1333 3405 1406 principio,
3431 1331 3483 1388 id
3501 1340 3578 1390 est
3619 1375 3637 1388 .
3701 1375 3713 1392 .
3769 1376 3782 1393 .

3023 1424 3154 1483 fecit
3189 1424 3334 1482 Deus
3361 1426 3544 1484 ccelum
3559 1434 3610 1484 et
3629 1436 3786 1488 terram

593 1526 786 1590 stiana,
811 1539 912 1580 nos
931 1524 1105 1596 ipsum
1133 1537 1296 1578 unum
1323 1521 1608 1577 Dominum
1629 1517 1971 1583 invisibilem,
1994 1516 2174 1570 incor-
2277 1551 2295 1570 .
2385 1555 2399 1570 .
2493 1555 2508 1572 .
2595 1555 2608 1572 .
2695 1556 2710 1572 .
2802 1559 2816 1572 .
2893 1557 2910 1574 .
2988 1559 3002 1574 .
3081 1557 3096 1571 .
3175 1557 3190 1572 .
3268 1556 3285 1572 .
3362 1556 3378 1572 .
3453 1556 3468 1573 .
3539 1555 3556 1572 .
3623 1557 3638 1574 .
3700 1557 3714 1575 .
3771 1559 3784 1576 .

595 1614 912 1688 porabilem,
941 1611 1322 1681 immortalem,
1347 1611 1464 1667 sine
1489 1610 1697 1680 origine
1725 1618 1782 1666 et
1807 1609 1923 1664 sine
1943 1605 2048 1662 line
2068 1621 2177 1662 cre-

599 1705 795 1778 dimus,
821 1706 1047 1764 colimus
1091 1711 1146 1760 et
1197 1720 1522 1760 veneramur

2277 1701 2480 1757 creavit
2533 1717 2617 1756 me
2663 1702 2918 1774 principio
2960 1703 3160 1757 viarum
3211 1717 3424 1756 suarum
3466 1700 3518 1755 in
3543 1717 3677 1774 opera
3698 1718 3785 1757 nia.

563 1837 616 1860 ..
695 1839 717 1858 .
803 1839 818 1854 .
908 1838 921 1853 .
1011 1838 1024 1851 .
1117 1837 1130 1850 .
1210 1837 1224 1849 .
1306 1837 1318 1850 .
1401 1836 1416 1851 .
1471 1837 1510 1850 ..
1590 1837 1603 1850 .
1684 1837 1696 1850 .
1780 1835 1794 1848 .
1873 1833 1887 1845 .
1968 1833 1982 1846 .
2063 1831 2076 1845 .
2157 1831 2172 1846 .
2211 1790 2408 1852 BAnte
2435 1791 2624 1846 sarcula
2652 1792 2888 1864 fundavit
2913 1809 3014 1858 me,
3043 1801 3100 1847 et
3128 1793 3322 1848 iterum
3363 1807 3430 1848 ex
3474 1807 3679 1864 persona
3721 1809 3780 1859 sa-

544 2162 910 2226 ,mereamini
987 2201 1002 2218 .
1077 2202 1093 2218 .
1175 2200 1188 2214 .
1268 2199 1282 2215 .
1367 2200 1383 2215 .
1457 2161 1695 2218 studium
1724 2163 1954 2232 gerimus
1980 2158 2176 2233 praedi-

597 2253 784 2310 canda:
805 2253 1075 2321 veritatis;
1107 2252 1332 2323 ideoque
1360 2261 1483 2324 post
1506 2267 1626 2322 quae
1645 2251 1879 2309 diximus
1899 2252 2076 2309 adhuc
2097 2251 2178 2306 di-

597 2343 720 2401 vina
765 2343 1022 2399 sumimus
1071 2343 1407 2410 testimonia;
1459 2351 1522 2399 ut
1573 2345 1862 2416 probemus
1908 2343 2177 2400 Christum

528 2425 554 2454 ”
596 2431 765 2492 Deum
787 2443 841 2490 et
861 2434 954 2489 Dei
983 2433 1176 2490 Filium
1201 2449 1344 2504 esse,
1375 2435 1516 2490 sicut
1537 2434 1648 2505 jam
1689 2436 1742 2490 in
1773 2435 2055 2505 aliquantis
2084 2449 2180 2489 ex-

541 2597 550 2603 .
597 2525 894 2600 posuimus.
939 2525 1076 2581 Dicit
1113 2525 1255 2582 Deus
1295 2525 1638 2596 omnipotens
1657 2524 1818 2581 Pater
1844 2525 1914 2580 ad
1941 2525 2179 2597 Moysem

598 2619 655 2676 in
682 2617 1100 2683 Deuteronomjo
1133 2616 1282 2690 (Cap.
1317 2616 1466 2690 xvm)
1497 2617 1564 2672 de
1591 2617 1808 2672 Christo
1853 2615 1989 2672 Filio
2035 2631 2132 2678 suo
2163 2633 2176 2668 :

597 2707 913 2780 Prophelam
940 2707 1195 2762 suscitabo
1224 2706 1330 2762 illis
1359 2706 1422 2761 de
1442 2707 1689 2778 fratribus
1717 2725 1890 2764 eorum
1917 2708 2049 2762 sicut
2101 2716 2180 2774 te;

599 2810 648 2856 et
669 2798 799 2855 dabo
827 2798 1037 2854 verbum
1065 2800 1178 2871 ejus
1196 2799 1254 2854 in
1271 2817 1329 2854 os
1349 2799 1482 2871 ejus,
1513 2810 1562 2855 et
1584 2801 1816 2872 loquetur
1843 2802 1910 2854 ad
1931 2817 2015 2855 eos
2043 2817 2181 2873 quee-

601 2907 797 2968 cunque
815 2891 994 2950 dixero
1022 2890 1121 2945 illi.
1157 2889 1228 2944 Et
1255 2893 1300 2946 si
1329 2893 1440 2963 quis
1470 2908 1574 2946 non
1613 2891 1834 2946 audierit
1879 2891 2181 2961 prophetam

599 2983 765 3050 illum,
797 2998 893 3053 ego
919 2969 1209 3036 vindicabo.
1235 2981 1254 3012 ⁸
1283 2979 1354 3048 Et
1379 2981 1572 3037 iterum
1601 2981 1655 3036 in
1698 2981 2004 3050 Regnorum
2050 2980 2182 3050 legi-

597 3090 752 3132 mus:
787 3073 1060 3130 Suscitabo
1089 3073 1215 3128 mihi
1242 3073 1559 3129 sacerdotem
1584 3073 1808 3145 ﬁdelem,
1832 3075 1918 3145 qui
1935 3075 1991 3128 in
2009 3074 2183 3130 omnia

598 3181 712 3240 qua
739 3175 856 3220 sunt
883 3165 937 3218 in
960 3163 1114 3220 corde
1134 3180 1246 3220 meo
1268 3165 1425 3237 faciet
1449 3163 1503 3238 (I
1535 3163 1664 3238 Reg.
1697 3166 1790 3237 ιι);
1821 3172 1876 3220 et
1921 3165 1974 3219 in
2001 3163 2177 3240 Evan-f

597 3237 738 3328 gelio
758 3255 870 3326 ipse
882 3252 1044 3310 Pater
1057 3253 1190 3310 dicit
1209 3273 1220 3308 :
1241 3252 1345 3310 Hic
1363 3263 1442 3310 est
1451 3237 1625 3310 Filius
1646 3271 1786 3310 meus
1801 3237 2187 3322 dilectissimus:

534 3419 546 3427 ⁸
597 3347 652 3403 in
665 3363 763 3421 quo
779 3343 904 3401 bene
924 3345 1241 3418 complacui;
1257 3347 1426 3420 ipsum
1441 3346 1614 3402 audite
1637 3347 1850 3420 (Matth.
1870 3348 1998 3420 ινιτ)
2075 3389 2088 3402 .
2165 3389 2180 3403 .

606 3477 625 3498 .
701 3477 718 3496 .
798 3477 813 3493 .
1013 3475 1028 3492 .
1107 3476 1124 3492 .
1189 3475 1216 3492 ..
1297 3477 1312 3494 .
1394 3477 1410 3494 .
1489 3475 1506 3493 .
1585 3479 1600 3495 .
1678 3479 1693 3494 .
1773 3478 1786 3493 .
1865 3439 2228 3510 .to,ait;et'.

2278 1883 2493 1954 pientizc
2520 1884 2632 1954 ipse
2653 1882 2898 1938 Christus
2925 1883 2992 1939 de
3013 1899 3073 1939 se
3091 1882 3221 1940 dicit
3240 1899 3340 1956 per
3358 1883 3649 1954 prophetam
3669 1877 3680 1937 ὲ
3703 1883 3789 1958 Ego

2232 1969 2240 1976 ’
2277 1989 2340 2027 ea:
2368 1991 2457 2028 ore
2478 1973 2732 2027 Altissimi
2756 1973 2958 2044 prodivi
2976 1967 3319 2046 primogenita
3348 1983 3466 2030 ante
3490 1992 3668 2032 omnem
3687 1992 3790 2030 cred

2157 2107 2172 2122 .
2229 2059 2238 2068 ’
2277 2073 2446 2119 turam
2470 2057 2656 2136 (Eccli.
2690 2065 2860 2135 xxw).
2890 2061 3032 2133 Ergo
3072 2058 3125 2120 in
3177 2059 3279 2121 isto
3307 2059 3440 2120 Filio
3467 2073 3518 2122 et
3541 2059 3627 2137 per
3649 2052 3788 2130 istum,

2277 2153 2416 2209 sicut
2439 2151 2630 2223 sze'pius
2657 2153 2855 2208 dictum
2887 2149 2988 2219 est,
3017 2149 3157 2209 Deus
3185 2152 3350 2210 Pater
3365 2151 3687 2226 omnipotens
3702 2149 3792 2210 otii-

2277 2240 2368 2298 nia
2413 2241 2560 2310 fecit,
2590 2241 2726 2300 sicut
2770 2245 2965 2300 iterum
3005 2245 3056 2300 in
3078 2241 3294 2317 psalmo
3322 2245 3525 2304 dicebat
3554 2265 3566 2300 :
3594 2240 3792 2318 Inrupit:

2279 2335 2400 2392 libri
2448 2339 2694 2408 scriptum
2745 2349 2821 2393 est
2877 2339 2940 2394 de
2985 2356 3066 2394 me
3095 2337 3267 2412 (Psal.
3304 2340 3505 2414 xxxix).
3544 2339 3656 2410 Sed,
3697 2341 3794 2396 dicit

2277 2427 2506 2497 Judacus,
2556 2430 2670 2501 ipse
2719 2430 2809 2501 qui
2849 2431 3004 2501 dixit,
3034 2431 3149 2503 ipse
3195 2439 3250 2488 et
3278 2430 3424 2488 fecit.
3454 2431 3547 2488 Cui
3570 2431 3790 2488 dicimus:

2278 2517 2344 2574 Et
2369 2519 2497 2590 quid
2517 2535 2736 2576 necesse
2765 2526 2882 2575 erat
2905 2529 2964 2575 ut
2987 2519 3229 2578 diceret?
3257 2522 3304 2577 si
3335 2539 3441 2578 non
3466 2532 3576 2578 erat
3598 2522 3712 2578 alius
3726 2521 3796 2595 qui

2281 2609 2492 2666 audiret
2529 2619 2584 2666 et
2629 2610 2846 2678 faceret,
2905 2612 3149 2682 nunquid
3200 2611 3304 2668 sibi
3335 2612 3560 2678 dicebat,
3592 2611 3794 2669 ﬁat?Sed

2280 2704 2474 2760 iterum
2503 2704 2629 2761 dicit
2655 2703 2867 2762 Judaeus
2892 2724 2904 2759 :
2953 2705 3021 2761 ad
3049 2705 3270 2779 angelos
3295 2705 3456 2776 dixit;
3484 2706 3660 2780 quibus
3695 2705 3795 2761 dici-

2279 2795 2733 2853 mus:Sednon
2810 2839 2824 2853 .
2901 2839 2915 2853 .
2997 2839 3010 2853 .
3089 2839 3104 2854 .
3181 2838 3194 2854 .
3281 2839 3296 2854 .
3374 2839 3388 2855 .
3467 2839 3481 2854 .

2280 2887 2525 2946 fecerunt
2551 2890 2750 2961 angeli,
2779 2892 2874 2948 sed
2896 2891 3078 2960 habet,
3109 2901 3158 2946 et
3199 2892 3322 2965 fecit
3348 2889 3487 2947 Deus
3554 2928 3572 2946 .
3640 2931 3653 2946 .
3716 2929 3728 2944 .
3785 2927 3796 2941 .

2285 3021 2299 3036 .
2377 3021 2391 3034 .
2470 3021 2486 3036 .
2565 3021 2580 3036 .
2655 3020 2672 3034 .
2751 3023 2764 3034 .
2844 3022 2857 3036 .
2937 3023 2954 3038 .
3025 2979 3274 3052 Iudaeus;
3317 2989 3376 3040 et
3412 2980 3797 3050 dicit:Quomo-

2281 3070 2353 3128 do
2445 3110 2461 3126 .
2550 3111 2564 3124 .
2644 3111 2659 3125 .
2736 3111 2750 3125 .
2828 3111 2844 3126 .
2921 3111 2937 3126 .
3019 3114 3032 3128 .
3110 3113 3124 3128 .
3207 3115 3221 3128 .
3300 3070 3799 3131 liliumhabereDeum

2923 3207 2938 3222 .
3011 3165 3224 3224 Judmus
3250 3169 3550 3239 invisibilis,
3569 3176 3620 3224 et
3639 3167 3685 3224 in
3709 3181 3800 3224 θοι-η

2287 3246 2378 3314 .’.
2457 3296 2473 3310 .
2550 3293 2564 3308 .
2645 3295 2660 3308 .
2739 3295 2755 3310 .
2830 3296 2845 3311 .
2923 3295 2939 3309 .
3011 3248 3487 3326 quibusiterum.

2281 3339 2668 3417 respondemus
2711 3346 2850 3402 sicut
2891 3342 3182 3403 Dominus:
3239 3340 3437 3406 Nonne
3478 3340 3653 3406 dictum
3683 3335 3802 3403 estin

2279 3437 2392 3510 lege
2410 3428 2598 3507 vestra,
2622 3439 2741 3511 quia
2763 3455 2782 3494 :
2802 3437 2916 3510 Ego
2944 3439 3095 3494 dixi:
3125 3439 3214 3494 Dii
3233 3433 3381 3507 estis,
3404 3449 3454 3496 et
3475 3429 3626 3514 748
3742 3427 3803 3492 Ἀι-

2163 3571 2176 3584 .
2283 3521 2464 3593 tissimi
2490 3520 2762 3588 carissimi.
2796 3532 2859 3592 Si
2877 3531 2996 3588 illos
3033 3524 3164 3588 dixit
3206 3533 3332 3590 deos
3357 3542 3408 3590 et
3434 3523 3568 3607 ﬁlios
3583 3520 3802 3596 Altissitni,

600 3713 1141 3785 dicitipsumaudite
1216 3755 1230 3768 .
1313 3757 1327 3770 .
1405 3757 1418 3771 .
1499 3756 1514 3772 .
1595 3757 1608 3772 .
1687 3757 1706 3774 .
1784 3757 1798 3773 .
1879 3757 1895 3774 .
1973 3759 1987 3773 .
2065 3758 2079 3772 .
2162 3759 2175 3772 .

598 3803 666 3863 lis
691 3805 792 3860 sibi
832 3821 1030 3872 sermo,
1066 3815 1122 3861 et
1147 3807 1474 3869 conveniens
1500 3809 1632 3880 ipsis
1658 3809 1751 3877 sit,
1779 3809 1896 3881 ipse
1923 3810 2182 3883 probatur

599 3912 739 3962 esse,
769 3904 824 3951 et
853 3897 1133 3970 propheta,
1184 3899 1276 3968 qui
1317 3907 1399 3958 est
1425 3901 1669 3958 Christus
1709 3900 1970 3958 Dominus
2021 3903 2180 3975 747

540 3979 544 3984 ’
597 3984 766 4043 Filius
795 3986 908 4053 Dei,
941 3987 1207 4058 Propheta
1234 3989 1430 4046 dicitur
1458 3991 1660 4059 Patris;
1701 3993 1798 4050 sed
1818 4001 1900 4050 est
1928 3993 2182 4050 Dominus

599 4077 983 4150 prophetarum
1040 4080 1247 4148 Patris;
1291 4083 1485 4140 merito
1514 4082 1806 4156 Propheta,
1849 4095 1908 4142 ut
1949 4079 2184 4144 auctoris

600 4167 682 4226 sui
706 4169 1044 4240 praedicator,
1067 4172 1271 4228 czctcris
1293 4184 1471 4230 autem
1499 4177 1728 4246 gratiam
1749 4177 2046 4248 prophetiae
2069 4179 2182 4254 ipse

601 4258 967 4316 contribueris.
1001 4261 1132 4324 Nam
1160 4262 1298 4319 sicut
1327 4263 1597 4336 Propheta
1626 4275 1682 4323 et
1707 4269 1940 4338 Angelus
1961 4279 2183 4327 vocatur

536 4343 542 4352 ’
600 4367 632 4408 a
659 4349 839 4419 Patre,
866 4353 938 4408 ita
969 4354 1228 4424 scriptum
1254 4366 1336 4412 est
1361 4377 1373 4412 :
1408 4357 1544 4415 Ecce
1571 4363 1716 4416 mitto
1745 4362 1996 4436 Angelum
2017 4356 2182 4421 meum

529 4505 532 4508 ί
599 4453 720 4498 ante
745 4445 934 4516 {aciem
980 4435 1143 4516 tuam,
1167 4447 1254 4518 qui
1282 4449 1596 4520 prwparabit
1626 4453 1757 4506 viam
1779 4435 1940 4517 tuam,
1972 4454 2182 4510 observa

2281 3623 2350 3678 ad
2369 3641 2494 3696 quos
2521 3641 2686 3680 sermo
2711 3624 2810 3680 Dei
2832 3627 2998 3698 factus
3023 3635 3118 3691 est,
3145 3636 3195 3687 et
3220 3644 3327 3683 non
3353 3636 3521 3699 potest
3546 3627 3661 3682 solvi
3701 3623 3805 3681 εαξη

2279 3724 2466 3788 plura;
2497 3719 2517 3748 ²
2546 3715 2703 3786 Mihi,
2726 3718 2801 3774 ait
2840 3717 3114 3787 Dominus,
3143 3721 3452 3786 irascimini,
3483 3707 3603 3794 quia
3622 3705 3716 3773 disi
3737 3710 3806 3769 Fi-

2282 3808 2382 3864 lius
2429 3808 2528 3864 Dei
2557 3811 2706 3866 sum?
2727 3807 2790 3866 Si
2837 3828 2940 3867 non
2967 3813 3102 3886 facio
3132 3826 3289 3886 opera
3345 3813 3520 3868 Patris
3545 3813 3652 3877 mei,
3686 3809 3807 3864 nolite

2283 3899 2488 3954 credere
2514 3885 2672 3967 mihi;
2697 3903 2740 3956 si
2762 3909 2932 3956 autem
2954 3905 3108 3975 facio,
3133 3905 3227 3959 etsi
3247 3905 3377 3959 mihi
3427 3921 3526 3960 non
3565 3902 3696 3958 vultis
3727 3913 3808 3952 cre-

2283 3993 2426 4059 dere,
2463 3993 2699 4064 operibus
2751 3995 2941 4050 credite
2999 3993 3178 4066 (Joan.
3212 3996 3290 4064 χ).
3353 3996 3552 4052 Deinde
3584 3993 3806 4049 dicimus:

2283 4083 2422 4152 Quid
2451 4085 2660 4140 videtur
2677 4084 2876 4141 dictum
2899 4085 3096 4142 Judmis
3142 4087 3293 4155 illud,
3323 4089 3469 4159 quod
3498 4089 3571 4142 ait
3595 4085 3739 4142 David
3760 4097 3810 4138 ex

2280 4190 2512 4247 persona
2559 4177 2674 4232 sine
2716 4176 2876 4232 dubio
2923 4178 3158 4234 Christi:
3191 4177 3451 4234 Dominus
3480 4180 3608 4233 dixit
3629 4176 3690 4230 ad
3712 4186 3809 4230 me:

2281 4265 2455 4324 Filius
2493 4286 2630 4324 meas
2678 4287 2731 4325 es
2773 4278 2861 4336 tu;
2889 4289 2980 4342 ego
3011 4271 3163 4326 hodie
3187 4273 3342 4344 genui
3365 4275 3454 4327 te?
3494 4270 3555 4332 Et
3575 4257 3810 4326 iterum’ex

2281 4376 2513 4432 persona
2540 4362 2711 4417 Patris
2735 4362 2865 4417 dicit
2909 4365 3021 4434 ipse
3069 4363 3330 4435 propheta
3361 4362 3704 4419 sanctissimus
3735 4349 3809 4412 Da-

2281 4453 2371 4508 vid
2397 4454 2464 4509 ad
2492 4453 2680 4508 Filium
2709 4473 2720 4507 :
2756 4453 2936 4508 Tecum
2957 4455 3264 4527 principium
3285 4457 3340 4510 in
3367 4455 3452 4510 die
3473 4454 3661 4510 virtutis
3679 4448 3810 4534 trait!

597 4551 733 4603 eum,
755 4544 803 4588 et
823 4534 1011 4618 obaudi
1031 4536 1102 4604 ei,
1131 4546 1264 4592 etne
1293 4541 1454 4610 fueris
1483 4541 1778 4598 inobediens
1798 4545 1845 4598 ei
1867 4560 1886 4600 :
1913 4561 2015 4600 non
2045 4547 2180 4602 enim
2205 4541 2257 4602 D
2280 4543 2638 4615 splendoribus
2665 4553 2982 4614 sanctorum,
3012 4561 3076 4599 ea:
3101 4553 3244 4600 utero
3271 4554 3397 4600 ante
3416 4545 3672 4618 luciferum
3696 4536 3811 4614 galli

598 4623 756 4679 deerit
781 4623 898 4692 tibi;
922 4611 1272 4682 nomen‘enim
1297 4644 1464 4682 meum
1489 4641 1565 4685 est
1584 4633 1638 4686 in
1665 4632 1756 4688 illo
1783 4632 1975 4706 (Exod.
2002 4636 2173 4704 xxm);

598 4716 739 4770 unde
768 4724 820 4770 et
861 4717 976 4788 ipse
1029 4717 1284 4774 Dominus
1326 4719 1570 4778 Christus
1617 4723 1830 4782 dicebat
1882 4725 1935 4780 in
1988 4735 2176 4784 sancto

555 4827 560 4833 ·
597 4805 924 4879 Evangelio:
969 4807 1084 4882 Ego
1131 4813 1245 4866 veni
1294 4813 1348 4867 in
1375 4817 1583 4870 nomine
1608 4799 1785 4873 Patris
1812 4821 1930 4887 mei,
1985 4828 2035 4874 et
2073 4838 2175 4876 non

597 4901 889 4970 suscepistis
929 4917 1010 4954 me
1021 4917 1039 4970 ,'
1082 4918 1197 4955 cum
1237 4903 1370 4958 aliu's
1396 4908 1585 4960 venerit
1604 4907 1658 4961 in
1677 4911 1883 4966 nomine
1901 4927 2012 4978 suo,
2030 4911 2175 4966 illum

527 5055 531 5060 ε
598 4987 858 5074 accipietis
889 4987 1066 5062 (Joan.
1096 4994 1183 5064 v);
1207 5000 1263 5048 et
1285 4993 1456 5049 David
1490 4995 1736 5054 dicebat:
1770 4998 2069 5056 Benedictus
2089 5003 2174 5073 qui

525 5146 532 5150 ν
596 5081 805 5138 venitis:
826 5085 1030 5140 nomine
1051 5084 1262 5142 Domini
1293 5087 1462 5160 (Psal.
1495 5075 1677 5164 exvit).
1703 5093 1809 5150 Sed
1835 5094 2032 5150 dicitur
2071 5138 2086 5152 .
2155 5136 2168 5150 .

595 5273 654 5326 et
679 5278 993 5326 cancrorum
1019 5273 1404 5344 prophetarum
1429 5277 1656 5348 litteras,
1696 5289 1752 5337 et
1779 5282 1902 5340 inde
1931 5285 2171 5342 veritatis

527 5415 537 5422 ,
591 5362 832 5434 regulam
859 5367 1250 5441 perquiramus,
1277 5377 1333 5428 et
1359 5385 1478 5444 quae
1497 5371 1608 5445 jam
1637 5376 1958 5447 protulimus
2010 5395 2168 5452 repe-

670 5519 686 5550 ¹
707 5518 934 5591 Vulgata
961 5523 1092 5594 legit
1123 5543 1136 5580 :
1175 5525 1486 5598 Prophetam
1510 5531 1765 5587 suscitabo
1794 5535 1866 5587 eis
1893 5534 1960 5588 de
2002 5537 2170 5591 medio

524 5605 531 5616 ι
595 5588 1051 5670 Ῑηιινᾳιηξυυηηῖι
1078 5588 1295 5670 similem
1328 5602 1440 5654 tui:
1478 5613 1524 5655 et
1547 5618 1738 5670 ponam
1777 5603 1930 5656 verba
1966 5588 2167 5660 meavin

699 5661 829 5754 eius,
846 5665 1260 5754 loqueturqnead
1287 5685 1372 5724 eos
1393 5661 1565 5754 omnia
1586 5688 1698 5744 qua:
1718 5689 2006 5754 praecepero
2027 5675 2166 5748 illis:

592 5738 682 5798 qui
731 5742 898 5788 autem
939 5738 1097 5792 verba
1131 5740 1264 5806 ejus,
1313 5757 1426 5804 quis
1453 5738 1686 5804 loquetur
1711 5738 1768 5798 in
1797 5738 2006 5799 nomine
2033 5738 2172 5804 meo.

2249 5193 2615 5264 'divinaegen.
2695 5233 2708 5247 .
2790 5232 2802 5246 .
2883 5232 2895 5244 .
2977 5231 2992 5246 .
3070 5230 3084 5245 .
3164 5230 3178 5244 .
3253 5211 3272 5244 ·.
3357 5229 3369 5244 .

2283 4634 2691 4706 te(Psnl.c1x).
2729 4635 2898 4702 Quem
2929 4637 3110 4704 genuit
3187 4677 3200 4691 .
3277 4675 3293 4690 .
3375 4677 3390 4692 .
3471 4675 3486 4691 .
3563 4675 3576 4688 .
3650 4673 3663 4688 .
3727 4669 3740 4684 .
3798 4665 3810 4680 .

2283 4727 2432 4796 dicit,
2462 4741 2590 4796 ergo
2619 4727 2854 4790 creditis,
2889 4727 3012 4796 quia
3091 4768 3102 4781 .
3185 4766 3200 4782 .
3279 4770 3293 4784 .
3373 4768 3388 4784 .
3469 4768 3484 4782 .
3563 4767 3577 4782 .
3647 4764 3660 4778 .
3727 4761 3740 4774 .
3797 4757 3809 4770 ο

2282 4819 2690 4890 respondemus,
2731 4819 2811 4874 sic
2840 4817 3109 4891 Propheta
3184 4860 3198 4874 .
3277 4859 3294 4876 .
3374 4861 3389 4875 .
3471 4861 3487 4876 .
3562 4860 3576 4876 .
3649 4856 3663 4873 .
3729 4854 3742 4870 .
3799 4849 3811 4865 .

2281 4919 2336 4966 et
2373 4926 2470 4966 nos
2498 4909 2572 4966 ita
2614 4899 2879 4966 credimus
2929 4911 3114 4981 genuit
3186 4951 3202 4966 .
3279 4951 3295 4968 .
3373 4949 3390 4966 .
3471 4951 3487 4967 .
3562 4949 3576 4966 .
3648 4949 3662 4963 .
3726 4943 3740 4960 .
3797 4939 3810 4956 .

2283 5005 2534 5061 sedul.
2616 5045 2628 5058 .
2711 5045 2724 5057 .

2283 5135 2300 5154 ο
2343 5139 2356 5152 0
2435 5138 2450 5153 0
2531 5139 2544 5153 ο
2626 5139 2639 5153 ο
2719 5137 2733 5152 0
2814 5138 2827 5152 0
2907 5137 2920 5152 0
2995 5137 3010 5151 ο
3083 5139 3098 5152 0
3181 5136 3194 5152 0
3273 5136 3286 5150 ο
3369 5137 3384 5152 0
3463 5135 3479 5151 ο
3558 5135 3571 5148 ο

3449 5196 3509 5245 ιιι
3533 5187 3639 5242 Deo
3679 5194 3807 5252 gener

2276 5303 2417 5355 rare,
2441 5287 2624 5358 genuit
2643 5284 2900 5342 Dominus
2928 5285 3230 5351 Dominum,
3260 5283 3354 5339 lux
3379 5283 3571 5348 lucem,
3600 5272 3809 5349 splendor

2275 5379 2634 5454 splendorem,
2655 5385 2846 5450 potens
2865 5385 3159 5450 potentem,
3176 5391 3272 5434 rex
3289 5389 3496 5446 regem,
3519 5387 3649 5430 unus
3663 5377 3806 5430 unum

3653 5095 3810 5148 sanan

2278 5535 2458 5590 audire
2477 5535 2715 5601 noluerit,
2739 5550 2834 5604 ego
2862 5534 2999 5590 ultor
3018 5507 3256 5591 existdm.
3350 5537 3359 5546 ’
3396 5603 3407 5604 ί
3453 5580 3466 5592 .

2345 5609 2365 5637 ³
2396 5605 2470 5658 Ita
2501 5601 2841 5674 prosequitur
2861 5613 3040 5660 textus
3065 5606 3121 5662 S.
3143 5605 3297 5660 Joan.
3327 5623 3340 5658 :
3373 5603 3536 5669 Quem
3555 5601 3806 5674 Patergan'

2275 5665 2535 5748 cti/icarii,
2565 5687 2612 5730 et
2636 5665 2774 5730 misit
2802 5676 3147 5748 inmundum,
3179 5693 3263 5731 vos
3313 5665 3509 5741 dicitis,
3549 5675 3657 5748 quia
3695 5665 3805 5721 Na“

2273 5747 2508 5807 phemus.
2535 5749 2659 5806 auia
2685 5748 2816 5811 dixi,
2839 5746 2887 5802 F
2890 5747 3011 5803 ilius
3031 5746 3134 5809 Dei
3156 5749 3307 5823 utin?
