4072 6332
238 351 342 419 ωε

1272 352 1680 414 TRACTATUS
1718 353 1779 410 ι’.
1819 351 2097 414 CONTRA
2130 351 2435 412 JUDIEOS.

3375 345 3498 404 '806

241 431 386 532 solus
413 469 608 539 solum,
629 473 863 526 retentus
883 477 1159 535 aeternum,
1186 469 1354 524 virtus
1373 469 1650 536 virtutem,
1672 480 1816 522 crea-
1838 465 1896 526 Α
1918 467 2043 536 quia
2071 467 2203 538 ptuit
2221 466 2476 522 Dominus
2501 485 2533 522 a
2563 467 2785 524 Domino
2810 467 2984 539 ignem
3011 474 3060 522 et
3101 465 3317 538 sulphur
3344 479 3501 538 super

241 573 326 622 tor
352 571 672 621 creatorem.
705 561 830 617 Haec
855 561 966 632 jam
994 560 1248 630 diximus,
1275 567 1329 617 et
1353 560 1603 628 dicimus,
1634 566 1693 614 ut
1718 573 1815 614 va-

242 657 431 711 lemus.
461 653 726 710 Caeterum
755 652 882 708 illud
910 651 1284 724 inexplicabile
1313 659 1396 706 est
1427 660 1482 706 et
1526 649 1814 712 indicibile,

241 749 384 820 quod
408 757 492 804 est
519 746 682 802 Pater
721 755 772 802 et
801 745 990 814 Filius,
1035 744 1200 800 Filius
1229 741 1423 810 Patris,
1453 741 1689 798 Verbum
1718 740 1821 796 Ps-

242 840 355 906 tris,
387 840 559 894 virtus
587 846 642 894 et
671 837 938 907 sapientia
965 834 1161 904 Patris,
1188 835 1242 888 in
1288 849 1396 904 quo
1423 841 1475 888 et
1522 849 1618 903 per
1661 846 1820 902 quem

241 930 366 986 fecit
393 927 556 986 Pater
582 928 782 986 omnia.
811 927 927 983 Hoc
953 926 1190 984 Verbum
1218 925 1453 994 intellige
1479 923 1672 980 Filium
1702 922 1818 990 Dei,

241 1037 402 1091 quem
443 1020 590 1075 misit
618 1033 717 1092 pro
744 1019 919 1076 salute
945 1017 1148 1081 mundi,
1183 1017 1324 1072 sicut
1349 1016 1612 1090 propheta
1641 1014 1775 1070 dixit
1803 1032 1817 1068 :

241 1113 387 1168 Misit
443 1111 665 1167 Verbum
692 1127 863 1179 suum,
892 1119 942 1164 et
968 1110 1168 1164 sanavit
1209 1124 1298 1164 eos
1327 1105 1497 1178 (Psal.
1521 1105 1648 1176 ενι).
1681 1103 1822 1174 Ergo

241 1205 408 1262 Filius
437 1204 533 1260 Dei
562 1203 778 1272 dicitur,
810 1203 902 1274 qui
950 1210 1035 1258 est
1063 1201 1292 1257 Verbum
1320 1199 1514 1268 Patris,
1549 1217 1653 1254 non
1681 1207 1740 1252 ut
1767 1206 1822 1251 tu

242 1311 442 1352 carneo
473 1303 528 1350 et
572 1293 825 1365 culpabili
869 1308 1028 1348 sensu
1075 1291 1326 1361 intelligis
1345 1291 1510 1346 Deum
1538 1291 1826 1364 carnaliter

242 1403 343 1442 nos
361 1386 540 1442 dicere
561 1385 827 1457 genuisse.
856 1383 992 1439 Nam
1020 1384 1143 1438 audi
1169 1383 1361 1458 Isaiam
1385 1382 1536 1453 (Cap.
1563 1381 1677 1454 Lm)
1701 1398 1826 1438 san-

241 1487 389 1535 ctum
409 1477 728 1549 prophetam
757 1476 824 1532 de
851 1474 1064 1530 Christo
1093 1474 1360 1530 dicentem
1387 1493 1400 1527 :
1434 1472 1826 1529 Generationem

242 1580 414 1625 autem
453 1570 565 1642 ejus
592 1569 704 1639 quis
727 1567 1030 1623 enarrabit?
1056 1567 1298 1636 Nunquid
1325 1565 1433 1620 dici
1462 1567 1544 1621 vel
1573 1566 1826 1636 explicari

237 1668 443 1734 potest,
491 1659 765 1732 quomodo
810 1657 972 1714 Pater
1000 1657 1192 1713 Filium
1221 1658 1483 1729 genuerit,
1526 1657 1668 1712 Deus
1695 1656 1830 1711 Ver-

242 1753 376 1812 bum
404 1751 742 1824 protulerit?
818 1792 832 1806 .
911 1791 924 1804 .
1007 1791 1020 1804 .
1097 1792 1110 1805 .
1191 1790 1205 1804 .
1287 1791 1299 1806 .
1382 1749 1506 1804 volo
1532 1747 1829 1818 intelligere

1919 561 2050 615 duas
2070 560 2298 616 ciuitates
2338 559 2622 622 Sudantem
2651 570 2701 616 et
2730 558 3312 631 Gomorrham’wencs.
3361 556 3498 631 xix).

1921 653 2087 710 Audis
2113 654 2238 725 quia
2266 653 2522 709 Dominus
2541 669 2572 708 a
2599 653 2826 709 Domino
2855 652 3024 724 pluit?
3061 651 3162 719 Qui
3209 648 3502 705 Dominus?

1921 744 1968 800 A
1991 760 2100 816 quo
2129 745 2379 816 Domino,
2403 744 2506 800 nisi
2536 743 2702 800 Filius
2723 742 2979 800 a'Patre?
3023 743 3157 797 Nam
3186 742 3301 812 ipse
3331 753 3500 811 appa-

1921 839 2099 893 ruitet
2112 836 2298 905 Jacob,
2321 845 2378 893 et
2416 837 2734 894 colluctatus
2763 842 2846 892 est
2863 851 2984 892 cum
3009 850 3107 900 eo;
3136 832 3275 888 unde
3295 832 3371 886 ait
3391 832 3507 902 ipse

1921 925 2128 985 Iacob:
2169 927 2288 983 Vidi
2316 928 2598 986 Dominum
2619 928 2752 998 faeie
2771 927 2843 980 ad
2866 928 3077 999 faciem,
3117 935 3167 980 et
3191 927 3334 980 salva
3363 925 3506 995 facta

1923 1035 2003 1084 est
2032 1026 2208 1080 anima
2235 1042 2348 1082 mea
2381 1022 2588 1096 (Gener.
2617 1021 2820 1094 xxx");
2852 1021 3038 1090 utique
3083 1020 3137 1076 in
3166 1017 3334 1088 ﬁgura
3385 1033 3508 1074 cor-

1924 1119 2072 1189 poris
2097 1117 2366 1173 Christum
2393 1115 2598 1172 viderat
2624 1130 2784 1186 quam
2837 1121 2956 1168 erat
3001 1121 3188 1184 postea
3229 1116 3508 1180 susceptu-

1927 1226 2039 1277 rus,
2097 1226 2218 1268 cnm
2268 1224 2376 1278 quo
2431 1215 2514 1263 est
2562 1206 2903 1266 colluctatus.
2936 1203 3065 1258 Nam
3087 1203 3155 1258 de
3183 1201 3343 1257 Patre
3371 1199 3508 1256 scri-

1928 1311 2078 1373 ptum
2104 1310 2226 1356 est:
2261 1298 2423 1365 Quem
2471 1298 2597 1354 uidit
2651 1297 2914 1352 hominum
2953 1312 3122 1360 nemo,
3151 1311 3311 1365 neque
3342 1291 3510 1348 videre

1927 1400 2092 1465 potest
2125 1391 2304 1464 (Joan.
2334 1388 2408 1464 1);
2435 1399 2490 1445 et
2515 1390 2708 1444 iterum
2737 1429 2745 1441 .
2774 1385 2898 1442 Non
2925 1393 3108 1457 potest,
3141 1385 3215 1438 ait
3244 1383 3356 1453 ipse
3371 1381 3542 1436 Deus-

1929 1483 2114 1553 Pater,
2144 1487 2164 1516 '
2196 1483 2347 1538 homo
2395 1483 2580 1555 faciem
2631 1496 2796 1535 meam
2844 1478 3016 1532 ridere
3056 1485 3104 1530 et
3125 1477 3285 1529 virere
3312 1473 3510 1545 (Exod.

1932 1577 2135 1646 χχχιιι).
2158 1575 2275 1647 Ipse
2289 1576 2522 1644 Angelus
2535 1574 2767 1638 Domini,
2781 1573 2869 1642 qui
2887 1578 2968 1626 est
2980 1569 3244 1636 Christus,
3266 1565 3512 1638 apparuit

1931 1668 2099 1740 Moysi
2145 1669 2197 1722 in
2241 1668 2400 1736 rubo,
2432 1666 2484 1720 in
2521 1665 2670 1734 igne;
2718 1664 2940 1734 ipseque
2985 1661 3164 1716 dixit:
3197 1658 3358 1730 750
3397 1655 3513 1729 Ego

1932 1779 2045 1818 sum
2071 1759 2209 1816 Deus
2236 1757 2520 1826 Abraham,
2549 1767 2599 1814 et
2626 1755 2766 1814 Deus
2783 1755 2967 1822 .Isaac,
2995 1762 3043 1812 et
3077 1749 3268 1818 Jacob;
3298 1751 3388 1821 qui
3435 1747 3514 1805 di-

241 1843 695 1916 quemadmodum
717 1843 817 1898 ista
845 1841 913 1898 de
941 1841 1156 1898 Christo
1177 1839 1438 1906 credatis;
1471 1839 1538 1895 ad
1561 1855 1724 1909 quem
1746 1837 1833 1894 di—
1862 1843 1909 1906 Β
1937 1863 2060 1911 ειυς
2109 1862 2194 1909 εει
2239 1851 2476 1920 Angelus
2504 1851 2676 1922 ρι-ίωο
2705 1848 2918 1906 Domini
2943 1847 3001 1902 in
3026 1847 3148 1916 igne
3176 1841 3513 1915 apparuisse;

241 1938 420 1994 cimus
451 1955 464 1991 :
499 1936 670 2000 Audi:
723 1937 978 2008 scriptum
1019 1943 1103 1991 est
1151 1933 1310 1989 Patre
1345 1934 1561 1990 dicente
1593 1950 1606 1985 :
1641 1931 1830 1986 Tecum

241 2028 555 2104 principium
595 2028 649 2082 in
699 2027 782 2082 die
809 2027 1010 2082 virtutis
1046 2035 1148 2081 tua
1175 2027 1228 2081 in
1250 2024 1604 2098 splendoribus
1623 2033 1830 2078 sancto-

243 2136 384 2189 rum,
411 2135 476 2176 et
498 2127 642 2176 utero
671 2125 794 2176 aute
813 2119 1082 2190 luciferum
1111 2117 1262 2190 genui
1286 2125 1334 2170 te
1364 2113 1536 2187 (Psal.
1568 2112 1710 2186 cxx);
1741 2112 1832 2183 qui

243 2209 380 2266 dicit
399 2217 472 2275 te,
495 2209 656 2264 alium
684 2209 923 2265 ostendit
947 2224 1088 2274 esse,
1117 2209 1221 2262 hoc
1260 2215 1345 2264 est
1391 2206 1683 2263 secundum
1713 2220 1743 2258 a
1771 2219 1833 2260 se

242 2300 441 2358 Filium
486 2317 664 2366 suum,
695 2301 760 2356 ad
788 2317 950 2373 quem
979 2301 1109 2358 dicit
1156 2307 1246 2355 te:
1279 2309 1327 2354 te
1347 2299 1439 2372 qui
1465 2297 1617 2368 dicit,
1665 2305 1722 2353 et
1750 2297 1832 2352 sui

243 2392 546 2468 loquentis,
590 2401 645 2450 et
695 2393 762 2450 ad
817 2408 977 2466 quem
1017 2392 1254 2463 loquitur
1291 2390 1424 2448 duas
1451 2389 1688 2446 declarat
1715 2400 1834 2446 esse

243 2503 530 2559 personas.
560 2487 648 2542 Ea:
667 2497 833 2552 utero,
865 2487 960 2553 ait,
982 2494 1102 2542 ante
1119 2486 1392 2556 luciferum
1419 2487 1571 2558 genui
1613 2493 1680 2538 te.
1711 2482 1835 2538 Ute-

242 2598 367 2638 rum
397 2581 484 2636 hic
510 2579 809 2650 maiestatis
844 2565 1060 2636 sensum
1115 2578 1376 2648 intelligo,
1423 2575 1835 2632 inenarrabilem

243 2671 664 2748 plenitudinem,
697 2670 1127 2744 profundumque
1155 2670 1491 2743 mysterium,
1515 2669 1610 2724 Dei
1632 2669 1838 2724 incom-

245 2762 673 2835 prehensibiletu
726 2762 1049 2833 sapientiam
1077 2779 1090 2816 :
1122 2769 1244 2818 ante
1282 2761 1552 2832 luciferum
1579 2760 1732 2831 genui
1761 2767 1835 2824 te;

249 2854 362 2920 vel,
394 2861 520 2909 ante
547 2853 670 2910 caeli
698 2860 966 2920 ornatum,
999 2852 1084 2909 vel
1113 2861 1238 2908 ante
1264 2851 1494 2923 Spiritus
1532 2851 1705 2908 sancti
1735 2851 1838 2905 ini-

251 2950 413 3016 tium,
442 2950 458 2980 ¹
474 2949 600 3019 quia
623 2949 736 3022 ipse
755 2947 985 3022 Spiritus
999 2955 1216 3014 sanctus
1240 2945 1428 3002 lucifer
1449 2943 1662 3010 dicitur,
1681 2943 1842 3018 75,9

251 3041 353 3113 qui
384 3040 558 3098 lucem
587 3039 828 3096 veritatis
862 3047 918 3095 et
941 3038 1248 3098 bonae-ﬁdei
1275 3037 1545 3096 mentibus
1595 3037 1843 3092 humanis

251 3132 526 3199 intendit;
573 3133 773 3203 quique
808 3147 907 3202 per
931 3130 1228 3202 prophetas
1251 3130 1442 3186 teternl
1466 3129 1596 3185 solis
1642 3127 1843 3184 Christi

1929 1947 2046 2018 ipse
2123 1987 2137 2000 .
2216 1985 2230 1999 .
2310 1984 2323 1999 .
2403 1982 2417 1996 .
2473 1939 2670 1997 deinde
2687 1935 3184 2009 dieitur(E:rod.m)
3209 1944 3266 1991 et
3283 1933 3512 1990 dixisse:

1930 2036 2048 2112 Ego
2073 2054 2187 2093 sum
2207 2035 2347 2093 Deus
2371 2034 2654 2101 Abraham,
2685 2041 2734 2088 et
2757 2030 2932 2099 Isaac,
2957 2038 3008 2085 et
3027 2027 3188 2084 Iacob
3219 2071 3230 2082 .
3311 2067 3325 2080 .
3405 2066 3420 2080 .
3499 2064 3515 2080 .

1931 2131 2044 2190 ﬁlio
2063 2131 2212 2187 Nave
2239 2130 2293 2188 in
2319 2129 2438 2200 ripa
2467 2126 2701 2183 ﬂuminis
2715 2124 2880 2182 stanti
2896 2122 2961 2178 ad
2980 2119 3194 2178 Jericho
3205 2117 3518 2192 apparuisse

1937 2267 1952 2282 .
2032 2267 2046 2280 .
2125 2265 2140 2278 .
2219 2223 2262 2277 ρ
2315 2263 2328 2277 .
2408 2262 2422 2276 .
2497 2221 2671 2292 ipsum
2692 2217 2976 2274 Dominum
2997 2214 3268 2270 Christum
3283 2211 3516 2282 gladium

1933 2325 2209 2378 tenentem
2234 2315 2289 2371 in
2317 2329 2499 2379 manu,
2527 2311 2614 2370 cui
2642 2327 2762 2367 cum
2784 2307 2985 2366 diceret
3029 2305 3183 2364 Iesus
3215 2323 3228 2359 :
3261 2303 3519 2361 Dominus

1933 2419 2144 2468 noster.
2163 2425 2244 2477 es,
2272 2423 2340 2464 an
2368 2402 2837 2464 adversariorum?
2864 2401 2941 2458 ait
2979 2397 3236 2456 Dominus
3263 2395 3331 2454 ad
3349 2410 3476 2454 eum
3503 2411 3517 2448 :

1937 2503 1960 2535 ³
1983 2501 2094 2574 Ego
2119 2518 2232 2556 sum
2259 2501 2497 2570 princeps
2522 2495 2724 2552 militias
2745 2495 2946 2550 virtutis
2973 2491 3186 2548 Domini
3214 2491 3395 2561 (Iosue
3414 2488 3516 2561 tu);

1939 2595 2040 2650 iste
2069 2600 2152 2649 est
2171 2591 2420 2664 princeps
2446 2587 2805 2662 principatum
2824 2597 3088 2656 quaerens,
3121 2583 3342 2654 ipseque
3369 2596 3467 2637 rex
3489 2595 3520 2635 a

1939 2682 2098 2740 Patre
2142 2682 2484 2747 constitutus,
2541 2680 2659 2751 ipso
2713 2685 2948 2734 testante
3001 2683 3058 2732 et
3089 2675 3303 2732 dicente
3351 2693 3365 2728 :
3409 2671 3522 2748 Ego

1940 2787 2109 2833 autem
2137 2778 2443 2832 constitutus
2465 2789 2578 2828 sum
2605 2788 2698 2828 res:
2729 2770 2796 2826 ab
2817 2787 2878 2826 eo
2902 2769 3074 2842 (Psal.
3105 2769 3188 2841 ιι).
3211 2768 3343 2823 Nam
3369 2774 3425 2822 et
3469 2767 3522 2822 in

1941 2869 2174 2942 quodam
2227 2867 2434 2938 psalmo
2481 2881 2549 2921 ex
2594 2877 2824 2936 persona
2847 2861 3014 2934 ipsius
3038 2859 3237 2915 Christi
3257 2857 3524 2927 loquentis

1943 2961 2160 3019 dicebat
2187 2959 2355 3016 David
2388 2976 2400 3012 :
2435 2957 2660 3012 Immota
2714 2953 2824 3010 Deo
2867 2945 3182 3024 sacriﬁcium
3233 2950 3420 3029 laudis,
3477 2956 3526 3004 et

1943 3053 2099 3110 redde
2116 3052 2380 3107 Altissimo
2406 3057 2526 3104 rota
2553 3058 2660 3112 tua,
2682 3054 2732 3102 et
2756 3047 2938 3100 invoca
2958 3060 3039 3098 me
3058 3044 3114 3098 in
3140 3042 3224 3096 die
3249 3055 3522 3112 pressurae,
3559 3091 3571 3103 ,

1944 3155 1994 3202 et
2011 3146 2230 3216 eripiam
2252 3153 2318 3210 te,
2339 3149 2388 3197 et
2415 3137 2732 3214 gloriﬁcabis
2757 3153 2837 3192 me
2859 3134 3030 3208 (Psal.
3060 3132 3227 3204 xux).
3261 3131 3526 3187 Admonet

257 3238 321 3284 ut
351 3224 541 3282 ldciler
579 3223 866 3280 adventum
912 3222 1206 3296 saepissime
1249 3219 1531 3280 nuntiavit.
1580 3219 1714 3278 Nam
1742 3220 1842 3276 iste

1947 3237 2002 3296 in
2055 3237 2170 3298 istis
2219 3233 2498 3290 versiculis
2524 3228 2794 3288 immolari
2825 3227 3010 3285 deberi
3038 3226 3148 3282 Deo
3177 3223 3342 3288 Patri,
3385 3231 3439 3279 et
3467 3240 3526 3278 se

255 3311 525 3378 Dominus
567 3311 814 3374 Christus
841 3312 1008 3372 Filius
1035 3312 1132 3370 Dei
1159 3311 1342 3368 mtdtis
1384 3312 1606 3379 sanctis,
1634 3319 1692 3367 et
1718 3318 1846 3369 ante

260 3407 416 3464 visus
438 3414 542 3473 est,
570 3414 628 3463 et
661 3408 810 3478 prius
836 3407 1147 3478 apparuisse
1190 3406 1520 3475 dignoscitur
1551 3423 1562 3459 :
1596 3404 1842 3474 Abrahae,

257 3508 324 3562 ιιι
361 3497 549 3566 Jacob,
581 3507 636 3558 et
661 3499 853 3574 Moysi,
883 3508 940 3558 et
985 3500 1110 3558 ﬁliis
1130 3499 1296 3558 Israel
1322 3501 1378 3558 in
1419 3500 1668 3559 columna
1710 3499 1848 3569 igni

261 3599 326 3651 et
355 3590 535 3662 nubis,
562 3589 631 3650 de
653 3606 764 3664 quo
793 3591 936 3654 Deus
959 3590 1122 3658 Pater
1146 3592 1392 3650 dixerat:
1423 3591 1560 3657 Ecce
1577 3609 1671 3664 ego
1702 3593 1850 3648 mitto

263 3680 517 3754 malum
555 3697 724 3738 meum
769 3691 893 3740 ante
937 3673 1127 3755 [aciem
1170 3693 1334 3749 tuam,
1371 3686 1457 3756 qui
1483 3683 1690 3756 parabit
1715 3685 1852 3740 uiam

268 3780 423 3826 tuam
473 3779 596 3828 ante
633 3780 680 3826 te
707 3769 904 3842 (Marc.
931 3774 1006 3844 1);
1034 3781 1092 3830 et
1133 3772 1244 3832 tilio
1270 3773 1416 3832 Nave
1440 3775 1556 3845 ipse
1574 3775 1722 3832 visus
1747 3783 1850 3841 est,

268 3861 370 3934 qui
399 3869 454 3916 et
478 3861 689 3916 dicebat
721 3880 733 3914 :
768 3861 884 3932 Ego
912 3879 1026 3917 sum
1044 3865 1282 3936 princeps
1304 3865 1504 3921 militiae
1522 3867 1723 3920 virtutis
1745 3865 1854 3920 Do-

270 3953 408 4029 mini
429 3951 607 4024 (Josue
634 3952 732 4024 ιιι),
766 3955 951 4026 utique
978 3962 1034 4010 et
1063 3953 1229 4011 Filius
1256 3963 1340 4012 est
1373 3955 1572 4024 Patris;
1605 3948 1858 4029 et‘Ange-

267 4039 366 4102 lus
395 4043 510 4118 ejus
537 4043 753 4112 dicitur,
777 4045 831 4101 id
858 4055 942 4104 est
963 4047 1203 4118 nuntius,
1227 4055 1282 4104 et
1302 4049 1583 4122 propheta,
1607 4058 1664 4106 et
1687 4065 1860 4106 sacer-

267 4135 404 4208 dos,
433 4146 489 4198 et
513 4154 664 4209 puer,
695 4145 752 4196 et
777 4131 1088 4222 advocatus,
1111 4151 1168 4198 et
1194 4141 1383 4208 virtus,
1411 4150 1468 4198 et
1494 4143 1774 4216 sapientia,
1805 4151 1861 4199 et

274 4237 496 4286 extera.
521 4228 654 4283 Nam
677 4231 802 4300 quia
824 4231 1050 4286 Abrahae
1072 4231 1215 4288 visus
1241 4241 1344 4302 est,
1372 4233 1495 4290 andi
1529 4234 1860 4304 Scripturam

271 4317 498 4394 (Cenes.
554 4319 694 4390 xxii)
739 4320 1007 4380 dicentem
1051 4341 1065 4378 :
1119 4322 1330 4379 Vocavit
1384 4326 1598 4397 angelus
1651 4325 1862 4382 Domini

275 4412 549 4472 Abraham
576 4413 805 4482 “calo,
831 4425 882 4470 et
924 4417 1038 4470 ait:
1087 4415 1369 4486 Abraham,
1423 4417 1707 4488 Abraham,
1757 4436 1862 4476 non

1943 3327 2204 3399 invocari,
2227 3332 2285 3380 ut
2303 3323 2593 3379 auxilietur
2607 3319 2944 3392 supplicibus
2955 3317 3088 3383 suis,
3112 3325 3273 3389 prout
3295 3315 3523 3382 diceret:

1945 3420 2109 3477 mide
2137 3417 2283 3473 Patri
2313 3413 2631 3486 obsequium
2660 3411 2850 3478 laudis,
2881 3415 2938 3465 et
2974 3421 3076 3478 ego
3115 3407 3212 3462 tibi
3255 3406 3523 3477 prestaho

1947 3513 2203 3569 auxilium
2229 3507 2592 3583 protegentis;
2619 3506 2827 3564 honora
2855 3503 3178 3572 genitorem,
3221 3508 3280 3570 et
3323 3513 3409 3554 me
3448 3497 3529 3573 in-

1947 3607 2133 3666 venies
2161 3603 2480 3674 adjutorem.
2523 3597 2676 3655 Unde
2715 3597 2830 3668 ipse
2867 3594 2999 3650 etin
3025 3600 3209 3650 sancto
3239 3587 3559 3658 Evangelio'

1947 3699 2163 3759 dicebat
2194 3716 2207 3752 :
2241 3694 2353 3768 Ego
2374 3691 2658 3762 honoriﬁco
2691 3687 2904 3747 Patrem
2926 3701 3116 3746 ιιιοιιιιι.
3137 3692 3186 3738 et
3206 3699 3292 3738 ros
3321 3680 3531 3754 inhono-

1951 3793 2108 3848 rastis
2161 3805 2244 3844 me
2288 3785 2469 3861 (lacn.
2523 3781 2658 3853 vni).
2711 3781 2823 3840 Nos
2863 3792 2996 3848 ergo
3033 3774 3323 3834 Christiani
3368 3787 3532 3830 unum

1953 3883 2123 3940 Deum
2145 3881 2359 3936 Patrem
2378 3876 2647 3934 credimus
2692 3883 2748 3931 et
2773 3871 3114 3939 conﬁtemur,
3138 3877 3194 3926 et
3217 3883 3380 3926 unum
3425 3867 3532 3922 Do-

1955 3977 2162 4032 minum
2179 3980 2425 4028 nostrum
2444 3967 2627 4024 Jesnm
2665 3965 2940 4025 Christum
2969 3961 3164 4020 Filium
3207 3960 3341 4030 eius,
3371 3973 3532 4030 quem

1957 4075 2015 4125 et
2037 4066 2126 4122 lex
2153 4075 2208 4120 et
2235 4062 2510 4134 propheta:
2536 4058 2700 4116 locuti
2730 4063 2875 4120 sunt.
2904 4061 2960 4112 et
3000 4067 3096 4125 per
3141 4053 3318 4122 ipsum
3367 4048 3536 4118 Deum

1960 4157 2174 4212 Patrem
2225 4168 2460 4220 oramus,
2487 4159 2544 4206 et
2585 4149 2687 4220 ipsi
2715 4147 2916 4217 gratias
2935 4145 3160 4214 agimus,
3191 4141 3316 4212 quia
3343 4148 3399 4194 et
3423 4139 3538 4212 ipse

1959 4249 2210 4306 Salvator
2256 4246 2330 4301 ita
2384 4242 2542 4299 nobis
2581 4238 2892 4303 mandavit,
2941 4235 3147 4302 dicens,
3199 4240 3255 4287 et
3290 4229 3540 4288 omnibus

1962 4338 2184 4396 credere
2204 4333 2507 4392 volentibus
2538 4347 2552 4384 :
2585 4327 2716 4386 Haec
2737 4336 2814 4384 est
2837 4327 2939 4382 rita
2991 4331 3207 4386 teterna,
3241 4331 3296 4374 ut
3316 4391 3320 4394 η
3341 4333 3537 4392 cogno-

1961 4442 2114 4489 scant
2160 4441 2208 4484 te
2257 4428 2424 4484 solum
2450 4439 2624 4480 rerum
2671 4421 2857 4484 Deum,
2905 4427 2956 4470 et
2982 4431 3128 4487 quem
3153 4411 3338 4468 misisti
3363 4409 3539 4482 Iesum

273 4505 532 4566 extendes
551 4523 760 4562 mnuum
786 4517 927 4570 tuens,
945 4525 1096 4580 super
1121 4527 1332 4582 puerum
1377 4551 1390 4565 .
1470 4553 1486 4568 .
1563 4552 1578 4568 .
1657 4553 1672 4570 .
1749 4553 1764 4568 .
1844 4552 1860 4569 .
1891 4590 1908 4591 ί
1966 4522 2226 4578 Christum
2253 4519 2434 4591 (Joan.
2463 4514 2616 4583 xvn).
2667 4509 2806 4578 Ergo
2853 4512 3242 4575 cognoscentes
3279 4508 3542 4574 praecepta

402 4638 417 4654 .
509 4636 524 4654 .
613 4641 630 4658 .
705 4639 721 4656 .
801 4641 814 4658 .
892 4641 906 4656 .
986 4641 1000 4658 .
1079 4643 1093 4657 .
1175 4643 1188 4660 .
1267 4645 1282 4662 .
1361 4645 1375 4660 .
1455 4647 1468 4662 .
1547 4647 1562 4663 .
1644 4648 1659 4664 .
1751 4648 1767 4664 .
1845 4590 2268 4671 .’Salvatoris
2306 4607 2479 4666 nostri
2522 4601 2741 4667 Christi,
2773 4613 2938 4654 unum
2967 4597 3138 4652 Deum
3186 4592 3400 4648 Patrem
3447 4603 3544 4660 per

1971 4709 2143 4780 ipsum
2171 4717 2385 4774 semper
2413 4697 2710 4762 laudemus,
2741 4693 2827 4750 cui
2873 4699 2959 4748 est
3004 4689 3176 4758 gloria
3219 4688 3271 4742 in
3327 4683 3542 4742 saecula.

277 4781 756 4859 laici-coquom
842 4827 857 4842 .
933 4827 948 4842 .
1029 4828 1042 4842 .
1118 4828 1137 4843 .
1215 4828 1231 4846 .
1307 4791 1547 4850 invenies
1584 4796 1867 4866 scriptu,
1973 4799 2164 4855 Amen.

364 5167 382 5202 ³
409 5164 699 5249 ιιιρινιιιιιι
741 5165 988 5249 Ρθινιιοοιιι
1039 5179 1147 5249 non
1185 5171 1268 5222 est
1311 5166 1562 5249 prior-itas
1589 5179 1866 5249 tempo___s,

277 5251 413 5318 cum
456 5236 568 5318 sint
605 5251 794 5318 omnes
832 5245 944 5294 tres
1355 5236 1871 5318 Solqmconcipitur

277 5305 433 5378 (gs-do
455 5305 594 5362 inter
616 5306 787 5376 ipsas;
813 5322 1004 5378 nempe
1033 5305 1210 5378 Pater,
1242 5307 1434 5363 deinde
1464 5305 1654 5378 Filius,
1681 5305 1869 5378 postea

275 5373 526 5446 Spiritus
549 5373 797 5446 sanctus;
825 5373 956 5446 quia
979 5391 1101 5433 cum
1149 5375 1313 5432 Filius
1357 5378 1427 5433 sit
1467 5392 1591 5432 vere
1627 5373 1867 5446 Persona

273 5445 520 5529 gerula”
545 5445 602 5502 in
649 5445 912 5530 conceptu
944 5447 1072 5530 eius
1123 5447 1308 5530 debet
1336 5447 1642 5530 prtecedere
1689 5445 1869 5515 Pater,

277 5518 1370 5640 Βῗᾶῗένῖἓωιξιῖέἐῗῗῖῗέῧεῗθὲα⁰ὅᾟῗ¹ἐιῗι³
1395 5518 1593 5640 ⁸⁸-Ὲῖ³
1607 5531 1873 5640 Tim?”

789 5629 804 5640 .
1387 5605 1467 5640 SOI
1559 5604 1621 5640 lll'
1681 5604 1713 5640 ι)
1738 5605 1780 5640 1⁵1
1809 5602 1870 5640 IIS

334 5583 484 5643 atris
499 5587 568 5642 ad
593 5583 804 5659 Filium,
835 5587 1029 5644 etFilii
1057 5587 1124 5642 ad
1144 5583 1365 5644 Patrem
1387 5583 1621 5659 spiratur
1638 5583 1870 5659 Spiritus

278 5666 544 5742 ganctus,
576 5657 945 5742 ideospiratio
991 5659 1265 5742 utriusque
1289 5657 1526 5742 habetur
1570 5667 1630 5713 ut
1657 5657 1867 5742 initium

280 5726 531 5805 Spiritus
557 5726 774 5805 sancti;
801 5743 908 5783 non
947 5726 1260 5805 posterioris
1285 5737 1465 5784 tamen
1505 5729 1560 5783 in
1596 5734 1870 5805 naturaet

281 5794 662 5858 subsistentia.
684 5797 778 5854 sed
801 5794 1072 5855 coaeterni.
1101 5799 1179 5856 Ac
1205 5806 1532 5856 coaeternum
1559 5799 1774 5859 quidem
1787 5797 1870 5851 ita

1977 5171 2174 5220 .atetur
2193 5174 2432 5232 pruriens
2452 5173 2505 5232 in
2531 5169 2662 5212 locis
2681 5153 2963 5232 Maximus,
2995 5157 3064 5232 ιιι
3095 5149 3391 5232 verendum
3443 5165 3551 5232 non

1977 5235 2067 5302 sit,
2098 5220 2222 5288 eum
2251 5245 2413 5302 sensu
2441 5229 2516 5302 ab_
2532 5242 2620 5302 eo.
2649 5239 2810 5296 quem
2833 5221 3189 5302 judicavimus
3213 5220 3552 5291 discrepante

1978 5295 2267 5362 ré'initium
2296 5301 2363 5357 ab
2393 5315 2459 5355 eo
2489 5295 2652 5365 fuisse
2670 5295 3011 5365 usurpatum.

2008 5419 2016 5426 .
2048 5375 2070 5406 ’
2104 5372 2424 5436 Rursumque
2452 5368 2526 5423 ait
2550 5384 2568 5422 :
2593 5364 2646 5421 Ν
2650 5381 2716 5421 on
2735 5361 2926 5435 poteris
2954 5361 3124 5418 ridere
3161 5362 3348 5436 faciem
3365 5371 3555 5423 meum,

1978 5460 2084 5502 non
2105 5445 2243 5497 enim
2260 5437 2447 5496 ridebit
2471 5457 2553 5494 me
2578 5438 2728 5493 homo
2751 5445 2801 5490 et
2822 5437 2966 5490 vivet.
3080 5499 3089 5502 _
3186 5499 3204 5502 Δ
3274 5501 3277 5502 ν
3325 5500 3333 5502 Α
3431 5479 3472 5502 _.
3531 5469 3539 5474 -

2053 5515 2073 5546 ³
2103 5513 2232 5568 Cum
2254 5523 2421 5567 autem
2449 5518 2580 5565 esset
2607 5509 2765 5564 Josue
2784 5507 2836 5560 in
2858 5520 2984 5576 agro
3007 5499 3148 5580 urbis
3169 5499 3397 5580 Iericho,
3421 5499 3560 5580 leva-

1978 5587 2048 5640 rit
2068 5584 2262 5650 oculos,
2285 5593 2335 5638 et
2355 5581 2481 5638 vidit
2501 5582 2664 5638 uirum
2681 5572 2910 5633 stantem
2929 5575 3110 5650 contra
3133 5587 3208 5636 se,
3231 5572 3561 5650 euaginatum

1975 5637 2236 5710 tenentem
2250 5637 2515 5722 ,gtadium,
2528 5650 2848 5722 perrexitque
2885 5643 2954 5697 ad
2975 5660 3111 5722 eum,
3150 5643 3298 5722 et‘ait
3319 5637 3342 5694 Ξ
3366 5637 3559 5696 Noster

1975 5743 2051 5792 es,
2101 5742 2168 5779 an
2204 5710 2658 5792 aduersariorum?
2705 5710 2803 5792 Qui
2843 5713 3145 5792 respondit:
3193 5710 3555 5792 Nequaquam,

1979 5782 2073 5851 sed
2093 5811 2208 5850 sum
2226 5795 2463 5856 princeps
2482 5790 2733 5849 exercitus
2754 5782 2982 5842 Domini.
3000 5792 3050 5838 et
3075 5799 3213 5838 nunc
3239 5782 3401 5837 senio
3452 5789 3560 5838 etc.
