4072 6332
245 403 345 458 f0!)

996 424 1015 435 ι
1058 400 1143 453 DE
1181 396 1537 454 CAPITULIS
1574 399 2109 457 EVANGELIORUM
2150 402 2651 463 EXPOSITIONES.

3346 366 3356 379 0
3387 418 3490 471 81η

245 521 538 593 spiritalem
568 532 782 589 aquam,
811 520 901 587 qui
923 518 1082 574 hodie
1109 517 1321 572 dicebat
1346 536 1358 570 :
1387 517 1489 584 Qbi
1518 517 1626 570 sitit
1647 516 1816 571 veniat
1844 524 1893 581 Α
1921 520 2097 575 divina
2124 521 2382 589 liberatur
2409 539 2438 579 a
2462 535 2708 595 peccato;
2742 532 2893 583 timor
2920 530 3062 585 enim
3094 529 3210 599 Dei,
3240 533 3378 589 sicut
3404 535 3490 589 di-

247 614 314 667 ad
350 628 448 678 me,
491 620 542 665 et
581 609 718 664 bibat
759 609 938 682 (Joan.
973 609 1084 679 vn).
1114 606 1238 664 llaec
1265 609 1423 676 igitur
1451 606 1635 673 Maria,
1666 605 1818 675 cujus

244 703 467 759 fecimus
493 702 843 765 mentionem,
876 708 934 754 ut
978 699 1107 753 mihi
1136 689 1369 761 videtur,
1405 712 1689 768 personam
1730 712 1820 750 os-

246 792 418 847 tendit
454 790 622 846 fidelis
652 784 920 852 Ecclesiae,
950 802 1067 856 qua:
1098 787 1298 841 mavult
1325 785 1552 841 Domino
1579 785 1819 840 adlicere-

247 899 324 947 re,
348 897 510 952 quam
533 880 769 951 alloquio
796 895 894 934 suo
916 879 1173 941 Dominus
1196 893 1408 947 semper
1426 876 1677 944 :edilicat,
1701 890 1817 946 qum

246 974 314 1028 de
344 974 582 1029 tontibus
622 970 818 1027 Christi
866 969 1131 1039 frequenti
1169 968 1516 1024 inundatione
1543 966 1816 1037 perfundi-

248 1075 354 1128 tur.
380 1080 541 1136 quam
570 1064 896 1121 assidentem
921 1063 1024 1119 sibi
1053 1062 1326 1126 Dominus,
1367 1060 1556 1115 etsuis
1584 1058 1819 1127 vestigiis

248 1155 607 1209 adhrcrentem
646 1169 753 1208 non
783 1160 1118 1223 aspernatur,
1149 1149 1241 1205 sed
1270 1150 1448 1220 potius
1477 1148 1839 1211 consolatur;‘

245 1244 337 1314 qui
383 1250 438 1299 et
478 1244 644 1314 pedes
687 1242 1069 1314 discipulorum
1106 1241 1286 1295 lavare
1326 1239 1573 1309 dignatus
1600 1246 1727 1292 est:
1762 1244 1819 1290 ut

243 1330 390 1409 quod
429 1337 479 1392 ei
527 1336 791 1391 Abraham
829 1335 1119 1406 aliquando
1159 1332 1382 1401 fecerat,
1424 1334 1528 1387 hoc
1554 1332 1668 1402 ipse
1698 1329 1817 1386 filiis

162 1471 170 1477 .
246 1429 473 1484 Abrabze
515 1428 769 1484 exhibere
805 1435 1035 1483 curaret.
1067 1426 1255 1481 Nonne
1286 1425 1379 1479 tibi
1406 1424 1634 1487 videtur,
1667 1438 1818 1492 rogo,

242 1520 382 1575 hanc
404 1519 625 1575 Mariam
653 1516 1127 1588 vestigiisDomini
1157 1518 1476 1575 assidentem
1520 1558 1532 1569 .
1612 1557 1623 1568 .
1708 1557 1719 1569 .
1803 1558 1814 1570 .

338 1648 355 1665 .
432 1610 657 1665 dicimus
695 1620 980 1679 personam
1012 1609 1254 1679 perdere.
1334 1648 1346 1658 .
1428 1647 1440 1659 .
1521 1644 1533 1657 .
1615 1647 1626 1659 .
1710 1644 1725 1660 .
1805 1646 1815 1657 .

241 1700 297 1757 In
329 1696 452 1757 Psal
476 1702 558 1757 uis
584 1717 760 1756 sermo
789 1698 1001 1756 divinus
1025 1697 1316 1769 alloquitur
1345 1714 1357 1750 :
1383 1697 1538 1762 Audi,
1570 1698 1717 1767 ﬁlia;
1749 1699 1823 1750 in-

240 1793 383 1848 cl‘na
410 1777 588 1848 aurem
619 1804 776 1859 luant,
799 1803 848 1847 et
872 1792 1169 1848 obliviscere
1186 1792 1431 1863 populant
1463 1800 1621 1856 tuum,
1651 1800 1701 1844 et
1728 1791 1821 1845 do-

1920 613 1994 668 cit
2036 611 2333 683 Scriptura.
2374 617 2579 686 expellit
2613 629 2878 687 peccatum
2918 621 3105 692 (Ecc'li.
3147 626 3208 693 l).
3239 625 3369 682 Nam
3398 629 3489 697 qui

1920 703 2036 756 sine
2064 703 2258 758 timere
2286 713 2495 760 estnon
2523 709 2721 776 poterit
2740 709 3051 779 justilicari;
3082 730 3214 785 ergo
3239 718 3288 771 si
3314 720 3490 774 oculus

1921 801 2035 847 tuus
2055 795 2374 850 scandalizat
2396 804 2466 863 te,
2484 814 2605 853 erue
2632 801 2774 856 illum
2794 817 2843 856 et
2869 805 3064 874 projice
3089 805 3179 861 abs
3203 817 3251 862 le
3273 808 3495 879 (Matth.

1920 886 1975 951 v)
2001 901 2015 947 ;
2046 886 2238 941 melius
2258 896 2339 941 est
2366 888 2513 942 enim
2540 890 2747 957 plagam
2777 896 3017 963 corporis
3039 898 3304 954 sustinere
3328 916 3490 970 quam

1923 975 2031 1043 pati
2075 975 2405 1046 naufragium
2448 979 2726 1042 castitatis,
2776 982 2864 1036 ubi
2910 986 3086 1040 anima
3123 988 3327 1058 pariter
3369 1005 3492 1045 cum

1921 1080 2150 1135 corpore
2179 1066 2432 1123 interibit.
2466 1069 2571 1124 Sed
2600 1086 2670 1125 ne
2698 1080 2773 1135 te,
2801 1068 3026 1145 'quisque
3054 1077 3143 1133 ille
3169 1094 3247 1144 es,
3288 1079 3493 1150 fragilis

1921 1169 2110 1211 sensus
2147 1158 2399 1215 sollicitet
2427 1160 2525 1214 ista
2564 1163 2827 1230 priocisio,
2868 1174 2927 1219 ut
2959 1177 3113 1236 putes
3140 1171 3381 1226 membra
3412 1174 3491 1228 tui

1842 1308 1849 1317 ,
1922 1249 2184 1319 corporis,
2215 1259 2269 1305 et
2314 1252 2545 1307 maxime
2591 1256 2890 1312 necessaria
2932 1269 3211 1328 amputare
3252 1263 3489 1329 debere;

1924 1354 2029 1394 non
2059 1341 2291 1395 membra
2318 1343 2497 1412 plane,
2520 1346 2615 1401 sed
2637 1347 2763 1402 vitia
2784 1346 3039 1406 Dominus
3065 1355 3313 1424 pratcepit
3340 1368 3492 1412 rese-

1922 1429 2197 1496 canda,~et
2242 1442 2419 1488 motus
2464 1449 2652 1491 omnes
2692 1436 3034 1507 frangendos,
3064 1451 3226 1512 atque
3261 1446 3494 1517 impetus

1923 1529 2267 1588 peccatorum
2293 1538 2306 1575 :
2329 1530 2388 1577 nt
2408 1524 2480 1578 ibi
2515 1525 2580 1580 ad
2602 1528 2950 1598 pmoipitimn
2972 1529 3325 1591 damnationis
3342 1551 3494 1592 men-

1924 1619 2029 1665 tem
2058 1612 2249 1667 incutit
2272 1613 2541 1682 inimicus,
2578 1617 2794 1685 ibidem,
2827 1622 3110 1687 resistente
3136 1625 3240 1681 sibi
3263 1630 3507 1689 maceria.

1924 1703 2202 1767 castitatis,
2253 1714 2478 1774 pereant
2523 1707 2640 1774 ejus
2683 1713 3111 1770 machinamenta
3164 1719 3388 1786 peccati.
3436 1719 3494 1776 Si

1924 1794 2110 1847 oculus
2138 1802 2261 1848 tuus
2289 1795 2479 1851 dexter
2505 1799 2829 1856 scandalizat
2854 1811 2929 1870 te,
2968 1805 3073 1861 hoc
3099 1818 3198 1872 est,
3230 1809 3276 1864 si
3318 1810 3494 1867 inten-

240 1901 379 1939 mum
399 1886 563 1955 patris
586 1886 655 1938 tui
671 1902 688 1950 ;
719 1894 768 1938 et
791 1885 1111 1954 concupiscet
1139 1897 1231 1935 rex
1256 1882 1475 1951 speciem
1501 1890 1661 1948 luant,
1691 1898 1819 1952 quo-
1856 1887 1899 1946 Β
1926 1882 2089 1937 tione'
2109 1883 2292 1939 illicita
2332 1885 2618 1943 delectaris
2647 1890 2827 1947 videre
2854 1895 2999 1962 quod
3027 1900 3198 1965 possit
3225 1901 3491 1968 occidere,

239 1976 383 2030 uiam
420 1975 530 2046 ipse
563 1986 639 2029 est
679 1968 932 2029 Dominus
968 1971 1108 2027 Deus
1146 1982 1291 2036 tuus,
1319 1980 1380 2059 et
1418 1970 1662 2024 adorabis
1707 1987 1820 2024 eum

238 2065 416 2131 (Psal.
448 2066 613 2136 xuv).
640 2063 781 2135 Ergo
809 2058 878 2120 de
907 2062 1143 2119 fontibus
1170 2058 1391 2126 Christi,
1416 2073 1467 2115 ut
1489 2061 1689 2118 dictum
1717 2070 1817 2127 est,

238 2157 493 2229 irrigatur
520 2155 777 2212 Ecclesia.
809 2154 990 2224 Diligit
1040 2153 1185 2209 enim
1233 2161 1288 2207 et
1327 2152 1527 2208 dilexit-
1566 2152 1821 2206 Dominus
1896 2166 1899 2167 '

237 2247 488 2323 Christus
514 2245 808 2302 Ecclesiam
834 2287 850 2313 ,
879 2245 1142 2317 probante
1180 2242 1439 2314 Apostolo
1468 2254 1523 2296 et
1563 2243 1776 2297 dicente
1804 2258 1815 2292 :

237 2336 476 2393 Christus
508 2336 687 2392 dilexit
720 2335 1028 2402 Ecclesium,
1051 2343 1100 2389 et
1136 2334 1463 2404 semetipsum
1482 2333 1695 2386 tradidit
1727 2349 1819 2402 pro

238 2445 324 2494 ea,
345 2438 402 2482 ut
428 2445 543 2483 eam
574 2428 944 2496 sanctiﬁcarel,
964 2426 1219 2479 ntundans
1239 2412 1355 2478 eam
1377 2424 1580 2479 lavacro
1600 2438 1747 2494 aquae
1765 2422 1818 2475 in

237 2516 392 2572 verba
441 2520 558 2572 ﬁta:
606 2516 819 2589 (Epltes.
868 2516 943 2586 v),
977 2523 1080 2571 etc.
1110 2514 1251 2583 Ergo
1278 2514 1370 2584 qui
1397 2515 1509 2569 sitit
1538 2515 1713 2569 veniat
1753 2512 1819 2567 ad

236 2625 328 2666 me
356 2618 413 2665 et
449 2609 620 2665 bibat.
654 2609 934 2672 Bibamus,
967 2595 1211 2664 obsecro.
1232 2623 1355 2668 vos.
1406 2606 1616 2672 fratres,
1655 2620 1821 2675 aquas

235 2703 363 2759 illas
389 2702 635 2759 cmlestes
661 2702 730 2757 de
770 2700 970 2757 Christi
1009 2698 1245 2755 fontibus
1272 2699 1566 2762 venientes,
1598 2705 1652 2752 et
1691 2711 1819 2752 can-

235 2789 417 2866 temus
442 2791 614 2848 eidem
644 2792 875 2847 Domino
899 2799 1086 2847 nostro
1108 2791 1381 2847 canticum
1412 2804 1629 2845 novum.
1659 2786 1820 2843 luno-

233 2892 395 2939 vatns
424 2883 567 2939 enim
596 2882 847 2938 Ecclesia:
875 2882 1105 2953 populus
1132 2896 1332 2939 novum
1360 2886 1541 2935 cantet
1567 2887 1621 2934 et
1649 2878 1821 2934 can’ti-

233 2990 380 3029 cum.
404 2972 717 3029 lncmlamos
736 2973 1025 3045 psallentes
1044 2973 1130 3027 via
1159 2972 1344 3041 regali,
1370 2978 1427 3025 ut
1447 2969 1822 3041 perveniamus

225 3066 308 3121 'ad
337 3064 554 3121 Patrem
584 3063 815 3119 Domini.
857 3064 997 3118 Dicis
1026 3063 1155 3117 mihi
1188 3081 1200 3115 :
1234 3078 1355 3132 qua:
1383 3069 1466 3117 est
1490 3061 1589 3115 ista
1619 3062 1706 3114 via
1735 3045 1822 3114 re-

231 3159 408 3230 galis?
437 3157 571 3212 Audi
600 3158 775 3229 ipsum
812 3155 1148 3211 Salvator-em
1188 3155 1454 3211 dicentem
1498 3172 1509 3207 :
1556 3152 1669 3224 Ego
1705 3169 1819 3207 sum

1923 1983 1979 2028 et
2023 1974 2229 2043 gladios
2274 1978 2370 2035 tibi
2416 1982 2641 2036 curiosis
2684 1983 2970 2044 luminibus
3007 2006 3342 2062 pneparare;
3372 2013 3489 2056 cuzs
3523 1996 3529 2002 “

1922 2068 2091 2137 magis
2111 2067 2311 2125 debeas
2336 2070 2584 2127 laudabili
2606 2074 2814 2145 pudore
2840 2077 3017 2146 digitis
3036 2082 3165 2152 ipsis
3190 2086 3377 2142 oculos
3401 2104 3495 2143 cu-

1920 2157 2157 2224 stodire,
2202 2158 2507 2246 decoreque
2555 2166 2821 2224 velamine
2865 2171 3129 2228 castitatis
3174 2188 3492 2246 coopertos,

1922 2247 2079 2302 nullis
2105 2244 2504 2307 lascivientibus
2525 2253 2669 2333 vitiis
2695 2256 2959 2328 relaxare,
2988 2261 3081 2316 sed
3109 2244 3300 2334 rapere
3326 2244 3490 2338 ipsos,

1921 2346 1983 2393 ut
1997 2338 2322 2410 dictum‘est,
2343 2343 2488 2399 visus
2513 2353 2636 2401 tuos
2662 2347 2934 2419 divinique
2959 2353 3156 2421 vigoris
3182 2355 3344 2413 frenis
3366 2360 3493 2413 sub-

1915 2429 2112 2499 jicere;
2144 2448 2214 2490 ne
2257 2435 2409 2499 miles
2434 2435 2634 2492 Christi
2660 2437 2815 2495 fluxis
2841 2441 3087 2505 vincatur
3109 2447 3492 2516 cogitationum

1919 2524 2216 2596 illecebris,
2254 2545 2389 2588 neve
2427 2541 2577 2589 casta
2604 2532 2802 2591 femina
2831 2536 3490 2603 ludentibuseoculis'sero

1918 2617 2163 2686 pentiuis-
2178 2620 2415 2677 nexibus
2430 2631 2695 2681 teneatur.
2720 2626 2975 2701 Cavenda
2987 2640 3113 2687 sunt
3139 2633 3259 2700 ista,
3281 2638 3494 2693 carissi-

1918 2708 2012 2763 mi.
2040 2708 2152 2782 Ego
2177 2727 2311 2776 sum,
2340 2714 2415 2769 ait
2435 2714 2710 2783 Dominus,
2740 2718 2830 2772 tua:
2853 2722 3065 2787 mundi;
3085 2726 3170 2793 qui
3191 2737 3495 2784 mesecutus

1920 2799 2098 2870 fuerit,
2138 2817 2239 2855 non
2262 2804 2484 2861 manebit
2526 2806 2583 2860 in
2611 2808 2846 2873 tenebris,
2887 2812 3045 2885 755
3074 2814 3166 2868 sed
3195 2814 3394 2871 habebit
3415 2819 3495 2872 lu-

1919 2906 2036 2944 men
2063 2891 2181 2946 vita:
2203 2890 2384 2962 (Joan.
2401 2894 2535 2966 vin).
2563 2894 2833 2965 Eligamus
2853 2900 3035 2967 igitur,
3060 2903 3338 2970 carissimi,
3361 2921 3493 2962 can—

1920 2979 2095 3036 didam
2136 2981 2331 3047 lucem,
2362 2999 2523 3053 quam
2551 2988 2891 3046 tenebrarum
2920 3006 3181 3062 errorem,
3210 3003 3267 3049 ut
3293 2996 3355 3051 in
3376 2996 3497 3053 luce

1920 3080 2215 3139 manentes,
2248 3083 2306 3129 ut
2333 3076 2468 3132 lucis
2495 3078 2716 3148 auxilio,
2738 3083 3009 3137 communi
3031 3083 3184 3139 bona:
3211 3087 3495 3143 conscien-

1922 3165 2009 3220 tia:
2037 3165 2230 3233 gaudio
2258 3168 2578 3237 repleantur,
2610 3186 2824 3242 semper
2848 3175 3050 3242 gratias
3077 3185 3296 3245 agentes
3322 3177 3497 3235 Domi-

231 3252 341 3315 tia,
373 3257 422 3302 el
454 3249 662 3311 veritas,
684 3255 731 3300 et
761 3247 894 3309 tita;
919 3261 1065 3299 nemo
1088 3244 1221 3299 venit
1249 3243 1317 3297 ad
1346 3243 1579 3306 Patrem,
1605 3241 1703 3294 nisi
1733 3257 1824 3312 per
1850 3244 1893 3303 Ο
1926 3269 2016 3318 no,
2047 3256 2139 3323 qui
2167 3264 2249 3310 εει
2274 3257 2585 3314 benedictus
2613 3261 2666 3315 in
2702 3241 2915 3318 mnia.
2948 3241 3136 3321 Am“:

230 3356 321 3396 me
343 3338 523 3411 (Joan.
553 3336 681 3409 xw).
713 3336 808 3392 Via
840 3335 1036 3404 regalis
1064 3334 1278 3399 dicitur,
1307 3333 1431 3403 quia
1474 3333 1587 3402 ipse
1609 3339 1693 3384 est
1726 3345 1819 3384 rex

232 3438 463 3495 noster;
492 3437 547 3487 et
579 3428 841 3499 propheta
868 3426 944 3480 ait
975 3443 986 3477 :
1021 3423 1184 3497 754
1213 3423 1369 3488 Dens,
1398 3422 1652 3494 judicium
1679 3430 1820 3474 tuum

232 3523 349 3594 regi
387 3521 476 3587 da,
506 3527 555 3573 et
580 3518 838 3590 justitiam
862 3526 1001 3569 luant
1020 3514 1130 3585 ﬁlio
1156 3514 1289 3585 regis
1313 3511 1482 3583 (Psal.
1516 3512 1684 3579 uxr).
1718 3509 1819 3562 [sta

231 3620 322 3666 est
350 3610 438 3665 via
467 3609 677 3679 regalis,
710 3608 810 3662 iste
841 3614 924 3661 est
948 3603 1070 3675 fons
1098 3604 1217 3657 vita:
1243 3602 1310 3658 de
1338 3617 1465 3672 quo,
1511 3600 1637 3655 dum
1682 3598 1819 3653 vivi-

234 3716 383 3766 mus,
412 3700 591 3755 anima
611 3699 909 3753 satietatem
940 3695 1180 3752 omnium
1209 3694 1473 3748 bonorum
1504 3690 1719 3762 accipit.
1743 3688 1822 3744 Ex

236 3789 410 3859 ipsius
444 3802 673 3859 persona
712 3785 921 3841 Domini
961 3785 1277 3853 loquebatur
1320 3784 1515 3837 iterum
1549 3781 1822 3852 'proplieta

235 3884 429 3951 dicens
451 3896 473 3931 .:
517 3877 711 3945 Venite,
740 3877 870 3947 ﬁlii;
902 3876 1075 3930 audite
1096 3892 1193 3940 me,
1225 3876 1457 3935 timorem
1486 3871 1696 3926 Domini
1725 3871 1822 3925 do-

236 3969 364 4025 cebo
404 3984 492 4023 eos
534 3966 703 4037 (Psal.
744 3965 955 4037 xxxiii).
997 3964 1206 4031 Venite,
1249 3962 1359 4018 filii.
1405 3963 1527 4018 Filii
1563 3962 1657 4029 ait,
1697 3964 1824 4032 quia

237 4069 487 4134 quotquot
516 4070 813 4129 receperunt
834 4076 948 4113 eum
977 4058 1118 4112 dedit
1138 4059 1211 4112 eis
1232 4065 1535 4139 potestatem
1562 4056 1699 4126 ﬁlios
1727 4054 1825 4110 Dei

236 4151 359 4222 ﬁeri
391 4148 568 4222 (Joan.
600 4152 660 4218 1).
693 4146 831 4216 Ergo
870 4148 1065 4211 venite,
1101 4145 1209 4212 lilii,
1253 4145 1438 4200 audite
1484 4161 1601 4212 me;
1646 4145 1824 4200 venite

237 4244 308 4297 ad
339 4256 428 4296 me
456 4239 613 4305 viam,
646 4246 704 4293 ut
732 4238 798 4292 ab
819 4237 1091 4293 erroribus
1119 4244 1175 4291 et
1199 4235 1522 4290 anfractibus
1551 4235 1730 4289 szeculi
1760 4234 1823 4289 li~~

236 4332 439 4396 berati,
474 4338 614 4385 lecto
661 4328 852 4384 itinere
876 4328 1110 4399 pergatis
1150 4327 1217 4381 ad
1247 4324 1482 4381 Patrem.
1529 4324 1643 4396 Ego
1685 4341 1821 4391 sum,

239 4420 443 4492 inquit,
464 4419 568 4485 via,
592 4419 646 4475 in
671 4433 775 4488 qua
799 4419 931 4473 nulli
953 4431 1078 4474 sunt
1101 4420 1363 4473 scelerum
1387 4420 1612 4475 tortuosi
1636 4417 1821 4485 flexus,

239 4512 395 4567 nulla
424 4510 789 4581 perversitatis
816 4510 1043 4580 malitia,
1069 4527 1175 4566 non
1205 4519 1444 4580 petrosa,
1472 4527 1579 4567 non
1608 4511 1824 4581 spinosa

240 4605 403 4669 loca;
433 4602 528 4659 sed
553 4611 723 4659 totum
746 4602 1039 4681 limpidum,
1070 4611 1242 4659 totum
1266 4619 1448 4668 suave,
1475 4612 1645 4658 totum
1675 4604 1828 4660 iuno-
1858 4597 1902 4656 υ
1930 4621 2013 4668 εει
2046 4629 2058 4663 ς
2092 4609 2195 4675 Qui
2231 4611 2473 4680 loquitur,
2511 4607 2715 4663 verbum
2757 4607 2997 4669 seminat,
3028 4612 3085 4658 et
3121 4618 3257 4673 quos
3298 4602 3504 4658 fructus
3602 4612 3609 4617 ‘

241 4709 384 4751 cens
411 4703 572 4762 atque
606 4707 873 4759 securum,
905 4692 995 4747 ubi
1025 4694 1244 4762 vestigia
1283 4692 1453 4747 ﬁdelis
1494 4694 1686 4748 animae
1718 4708 1824 4748 non

244 4784 535 4839 licdantur.
569 4782 685 4836 Non
736 4791 821 4835 est
861 4782 1077 4851 aliquid,
1111 4783 1319 4847 fratres,
1364 4782 1504 4853 apud
1544 4781 1828 4837 Dominum

241 4890 529 4947 asperum,
558 4867 665 4928 non
695 4884 789 4931 est.
820 4873 964 4943 quod
1002 4875 1222 4929 horreat
1249 4874 1393 4944 apud
1421 4873 1708 4940 Christum,
1740 4872 1829 4927 ubi

242 4974 433 5020 totum
460 4979 623 5019 suave
652 4972 869 5035 paterna
899 4964 1182 5019 clementia
1210 4965 1546 5034 praeparavit.
1578 4964 1717 5031 Ergo
1762 4978 1830 5019 ex

241 5054 416 5124 hujus
454 5070 683 5133 persona
723 5055 1045 5124 evangelista
1075 5054 1287 5126 (Matth.
1334 5057 1409 5125 ιιι)
1440 5056 1598 5111 docet
1639 5055 1830 5112 melius

241 5160 387 5203 esse.
407 5161 528 5200 cum
561 5162 669 5202 uno
697 5148 883 5211 oculo,
917 5156 971 5201 et
997 5164 1100 5203 una
1140 5163 1298 5203 manu
1324 5190 1337 5215 ,
1368 5156 1424 5203 et
1453 5165 1558 5204 uno
1586 5150 1721 5221 pede
1747 5151 1829 5206 in-

245 5237 428 5293 troire
450 5238 502 5291 in
523 5251 745 5306 regnum
767 5236 882 5302 Dei,
907 5255 1069 5307 quam
1096 5240 1357 5296 habentes
1385 5241 1521 5295 duos
1548 5242 1751 5309 oculos,
1777 5251 1831 5299 et

238 5312 625 5406 duas‘manus,
662 5338 716 5383 ct
743 5330 879 5409 duos
903 5331 1066 5400 pedes
1092 5332 1229 5386 mitti
1267 5332 1320 5386 in
1346 5333 1645 5401 gehennam
1671 5334 1825 5401 ignis,

240 5419 350 5495 ubi
379 5419 575 5474 vermis
601 5435 787 5474 eorum
817 5437 923 5476 non
951 5424 1228 5489 morietur,
1250 5431 1307 5478 et
1333 5423 1471 5492 ignis
1497 5439 1606 5478 non
1633 5425 1828 5480 exstin-

239 5517 471 5577 guetur.
502 5508 616 5585 Hoc
637 5511 730 5579 qui
755 5512 921 5578 audit,
948 5513 1062 5568 sine
1090 5514 1251 5569 dubio
1279 5523 1609 5584 conteretur,
1637 5526 1691 5571 et
1719 5517 1825 5571 uti-

238 5616 385 5665 nam
415 5601 779 5658 vehementius
807 5611 1098 5668 terreatur;
1146 5606 1271 5673 quia
1301 5606 1534 5662 timendo
1562 5620 1827 5678 prtcccpta

333 5779 349 5808 '
384 5775 606 5839 Vulgata
637 5776 761 5844 legit
790 5796 801 5829 :
827 5775 926 5839 Qui
952 5778 1185 5839 setnina',
1218 5777 1414 5831 verbum
1447 5778 1681 5831 seminat.

553 5870 808 5930 l’sTttuL.
863 5870 1043 5928 LVII.

1923 3345 2038 3401 111.
2082 3345 2523 3428 Itctn_recitgtum
2553 3361 2640 3428 est
2670 3354 2727 3407 in
2765 3361 2949 3428 sancto
2983 3355 3285 3428 Evangelia,
3324 3357 3475 3421 Marc

2114 3432 2183 3483 tv,
2218 3417 2285 3471 14
2316 3437 2327 3471 :
2364 3418 2464 3483 Qui
2504 3421 2744 3492 loquitur,
2774 3424 2978 3487 verbum
3009 3417 3228 3481 seminat
3268 3417 3305 3482 ί.

1992 3509 2144 3576 llinc,
2176 3511 2457 3576 carissimi,
2484 3512 2553 3568 de
2581 3512 2790 3569 Domini
2818 3531 3086 3580 sermone.
3120 3519 3235 3588 ipso
3270 3519 3497 3591 Domino

1921 3601 2224 3670 adiuvante,
2254 3603 2536 3675 loquamur
2568 3622 2579 3658 :
2615 3602 2713 3670 Qui
2742 3607 2982 3678 loquitur,
3019 3609 3222 3664 verbum
3255 3614 3493 3668 seminat.

1922 3693 2290 3749 Ccrtissimum
2317 3702 2399 3750 est
2426 3696 2550 3764 quia
2579 3697 2672 3765 qui
2700 3697 2957 3768 loquitur,
2985 3700 3205 3756 verbum
3235 3703 3493 3768 seminat;

1922 3786 2125 3855 spargit
2143 3785 2357 3854 quidem
2386 3786 2549 3841 verba
2578 3796 2634 3841 ut
2658 3789 2882 3854 semina,
2911 3790 3004 3844 sed
3026 3789 3167 3846 Deus
3196 3791 3494 3848 incremen-

1925 3884 2037 3931 tum
2087 3884 2321 3947 praestat.
2382 3876 2514 3932 Nam
2556 3878 2738 3949 accipe
2789 3881 3284 3949 comparationem:
3316 3897 3497 3937 semen

1918 3984 2043 4023 cum
2088 3975 2298 4023 tenetur
2326 3967 2379 4023 in
2420 3983 2602 4033 manu,
2628 3969 2802 4039 ipsum
2843 3970 3016 4025 solum
3058 3979 3266 4038 manet;
3296 3973 3341 4027 si
3369 3987 3499 4031 vero

1919 4057 2175 4127 jactatum
2192 4058 2374 4124 fuerit,
2386 4068 2443 4114 et
2459 4050 2776 4114 sémiuatum
2795 4061 3000 4128 cmlesti
3022 4061 3191 4118 imbre
3205 4060 3497 4132 perfusum,

1924 4149 2102 4205 divina
2124 4134 2754 4206 Providentiaradicatur
2774 4160 2829 4206 et
2848 4151 3058 4207 crescit.
3078 4150 3156 4207 lta
3176 4159 3233 4207 et
3252 4168 3354 4208 nos
3373 4152 3501 4207 dum

1927 4242 2147 4299 verbum
2168 4250 2412 4299 tenemus
2436 4242 2490 4298 in
2511 4258 2627 4307 ore,
2653 4242 2825 4313 ipsum
2845 4243 3015 4300 solum
3040 4252 3223 4300 manet
3253 4261 3266 4297 :
3299 4244 3346 4299 si
3372 4258 3502 4300 vero

1921 4336 2184 4405 jactatum
2204 4337 2387 4403 luerit,
2408 4342 2464 4391 et
2489 4336 2888 4405 quodammodo
2914 4335 3257 4400 seminatum,
3286 4349 3384 4405 per
3405 4333 3499 4391 Dei

1925 4429 2152 4498 gratiam
2174 4428 2442 4484 radientur
2473 4426 2525 4483 in
2547 4426 2798 4483 cordibus
2823 4424 3173 4491 singulorum,
3202 4430 3260 4477 et
3284 4423 3500 4490 crescit,

1928 4529 2090 4589 atque
2116 4518 2498 4588 multiplicatur
2525 4517 2579 4571 in
2606 4514 2882 4572 fructibus.
2915 4513 3056 4581 Ergo
3084 4513 3277 4568 merito
3301 4511 3502 4567 dictum

1930 4701 2118 4759 afferat
2143 4716 2326 4757 semen
2354 4699 2470 4764 Dei,
2501 4698 2722 4757 verbum
2751 4696 3007 4767 spiritale,
3048 4696 3171 4751 audi
3226 4717 3239 4749 ;
3279 4694 3505 4749 Fructus

1930 4804 2100 4855 autem
2147 4792 2374 4863 spiritus,
2423 4789 2611 4860 inquit,
2654 4805 2788 4859 spes,
2830 4787 3038 4852 caritas,
3087 4786 3353 4858 gaudium,
3399 4802 3505 4857 pax

1934 4882 2132 4954 (Galat.
2159 4882 2235 4950 v),
2259 4889 2315 4936 et
2338 4888 2549 4937 caetera.
2575 4876 2743 4933 Atl'ert
2767 4878 2971 4937 fructus
3000 4884 3140 4931 terra
3165 4876 3362 4940 cordis,
3383 4888 3508 4944 quas

1932 4974 2156 5043 suscipit
2182 4986 2364 5027 semen
2393 4968 2717 5024 dominicum
2747 4975 2802 5022 et
2826 4967 2880 5023 in
2907 4981 3136 5037 corpore
3164 4966 3332 5031 lzetos,
3363 4974 3421 5021 et
3452 4966 3506 5021 in

1928 5066 2141 5136 spiritu.
2176 5063 2328 5119 Unde
2363 5072 2419 5120 et
2453 5062 2730 5133 apostolus
2767 5059 2960 5117 Paulus
2997 5061 3328 5131 auditoribus
3356 5060 3509 5116 dice-

1934 5158 2025 5213 bat
2053 5175 2066 5209 :
2095 5154 2205 5209 Nos
2227 5154 2367 5209 vobis
2394 5153 2687 5225 spiritualia
2725 5154 3114 5219 seminavimus;
3144 5168 3389 5224 magnum
3408 5164 3504 5217 est,

1933 5247 1981 5301 si
2002 5255 2166 5301 restra
2192 5244 2427 5299 carnalia
2453 5253 2701 5299 metamus
2735 5242 2790 5315 (1
2809 5243 2931 5299 Cor.
2951 5246 3069 5315 ix)?
3091 5243 3233 5312 Ergo
3260 5242 3510 5299 fecundo-

1937 5345 2022 5390 tur
2048 5348 2176 5403 ager
2203 5333 2437 5404 pectoris
2461 5334 2652 5399 nostri,
2679 5342 2737 5388 ut
2764 5334 3021 5404 suscipiat
3045 5349 3231 5389 semen
3272 5334 3505 5389 domini-

1935 5439 2079 5493 cum,
2108 5432 2164 5480 et
2208 5423 2371 5479 fertili
2410 5422 2560 5492 fruge
2593 5422 2919 5494 locupletet;
2970 5438 3075 5478 non
3115 5423 3221 5478 sint
3266 5422 3319 5477 in
3363 5430 3506 5478 terra

1935 5516 2113 5572 cordis
2141 5515 2313 5572 nostri
2331 5514 2497 5584 spina:
2524 5522 2579 5569 et
2606 5513 2792 5573 tribuli
2803 5512 3192 5568 malevolentiae
3214 5512 3505 5579 smcularis,

1937 5626 2003 5664 ne
2033 5611 2230 5665 bonum
2273 5622 2456 5664 semen
2501 5593 2654 5662 necet
2698 5605 2915 5661 noxium
2959 5616 3175 5671 germen
3210 5619 3361 5658 :non
3400 5606 3508 5660 sint

3192 5863 3270 5922 ‘26
