4072 6332
271 400 381 460 815

1106 404 1191 459 DE
1229 405 1589 463 CAPITUUS
1627 404 2163 467 EVANGELIORUM
2199 409 2701 472 EXPOSITIONES.

3379 444 3404 465 ο
3428 420 3548 485 θη

271 528 435 585 gnam
463 517 665 587 reperit
690 518 997 573 sanitatem.
1029 517 1119 573 Sic
1138 518 1401 575 Dominus
1414 517 1659 575 Christus
1687 532 1866 572 remu-
1893 522 1943 591 Α
1969 534 2068 590 per
2094 534 2283 590 pacem
2314 520 2438 576 ﬁdei
2465 529 2524 577 et
2547 524 2752 579 timoris
2782 524 2894 588 Dei,
2927 475 2984 589 et
3008 536 3129 585 esto
3155 543 3287 587 sana
3327 547 3358 589 a
3385 475 3545 607 plaga

273 615 496 665 nerator
521 607 754 666 ﬁdelium
773 610 842 666 de
866 612 1046 682 parvis
1064 625 1257 680 magna
1278 610 1543 668 concedit.
1573 610 1736 667 Venit
1760 610 1858 680 igi-

272 709 361 757 tur
385 708 443 756 et
466 700 539 756 ad
565 701 785 757 domum
815 702 1092 773 principis,
1120 702 1251 759 dicit
1278 702 1655 773 plangentibus
1688 719 1701 755 :
1735 700 1859 755 Non

269 803 349 847 est
374 793 548 864 puella
575 804 800 860 mortua,
830 797 920 849 sed
945 796 1153 851 dormit.
1184 794 1231 850 Ο
1260 796 1484 852 Domine
1527 794 1674 859 Jcsu,
1718 811 1856 866 quo-

272 883 436 939 modo
463 900 570 939 non
600 894 685 940 est
709 886 885 956 puella
911 896 1143 952 mortua,
1166 887 1263 943 sed
1287 887 1507 953 dormit,
1540 889 1593 942 in
1620 904 1727 958 qua
1749 903 1856 942 non

270 983 354 1041 est
379 975 603 1044 spiritus
628 976 790 1032 vitae?
816 975 968 1042 Mihi,
997 977 1190 1047 inquit,
1235 977 1495 1033 Dominus
1520 977 1738 1041 dormit,
1767 978 1855 1048 qui

269 1066 547 1124 suscitabo
590 1083 750 1135 eam;
799 1070 1241 1141 apprehensaque
1269 1068 1386 1139 ejus
1429 1085 1612 1133 manu,
1663 1069 1852 1153 levavit

270 1172 413 1227 um,
443 1167 502 1214 et
526 1159 832 1230 splendhris
873 1161 956 1217 sui
984 1161 1103 1217 luce
1129 1162 1421 1241 restituens
1457 1162 1727 1217 viventem
1756 1161 1867 1230 piis

270 1250 586 1321 parentibus
614 1251 669 1306 in
696 1261 990 1321 conspectu
1017 1253 1258 1308 ominum
1298 1252 1715 1308 commendavit.
1740 1251 1855 1321 Ipse

270 1341 471 1411 estqui
495 1341 737 1399 omnium
758 1342 962 1412 pariter
994 1345 1449 1400 resurrectionem
1478 1343 1716 1399 facturus
1737 1350 1821 1398 est
1840 1359 1851 1395 :

273 1432 375 1503 ipsi
400 1434 571 1502 gloria
602 1433 658 1489 in
679 1433 894 1489 smcula.
927 1434 1116 1490 Amen.

280 1541 380 1599 Vl.
423 1543 558 1618 Item
597 1544 663 1600 de
698 1545 915 1618 lectione
952 1547 1122 1601 sancti
1157 1545 1432 1618 Evangelii
1472 1546 1559 1602 ubi
1593 1545 1788 1618 mulier
1825 1560 1857 1597 α

424 1617 683 1691 profluuio
705 1617 972 1689 “agninis
1003 1626 1230 1682 curatur,
1260 1616 1450 1671 Mittit.
1483 1634 1558 1683 Ix,
1584 1616 1677 1671 $0.

342 1706 434 1760 Ait
452 1704 713 1763 Dominus
736 1716 799 1763 et
819 1706 1068 1764 Salvator
1093 1716 1281 1764 noster
1298 1707 1561 1775 Christus,
1586 1709 1739 1779 cujus
1759 1710 1857 1766 ho-

270 1795 361 1852 die
387 1796 653 1854 mirabilia
680 1813 849 1870 opera
876 1797 1176 1855 audivimus
1203 1799 1257 1853 in
1297 1807 1487 1855 sancto
1515 1798 1808 1868 Evangelia
1840 1816 1853 1854 :

1963 619 2074 666 tua.
2106 611 2325 682 Plagam
2354 613 2410 668 in
2437 627 2498 668 se
2523 614 2756 670 habebat
2781 626 3129 687 peccatorum
3154 623 3331 679 omnis
3354 624 3541 692 homo,

1961 719 2069 759 non
2089 704 2265 760 solum
2285 719 2355 760 ex
2374 702 2589 769 ludatis,
2613 707 2708 763 sed
2726 715 2784 764 et
2797 723 2862 764 ex
2880 711 3158 779 gentibus;
3182 714 3249 770 ad
3269 715 3541 775 Christum

1961 794 2184 851 veniens
2209 795 2279 850 ab
2308 795 2426 865 ipso
2452 797 2723 864 salvatur;
2771 814 2870 869 per
2896 799 3056 856 ﬁdem
3098 811 3156 859 et
3181 805 3297 874 ejus
3325 808 3545 865 benedi-

1960 888 2385 942 ctionisauxilio
2413 890 2776 945 communitnr
2806 911 2818 944 :
2853 879 3145 962 ipsi'gloria
3176 905 3231 951 ct
3260 900 3542 969 imperium

1961 980 2016 1035 in
2044 981 2259 1063 saecula.
2284 979 2475 1036 Amen.
3124 1031 3136 1043 ,
3202 974 3211 979 “

2113 1112 2243 1167 VII.
2284 1112 2417 1168 Item
2443 1114 2507 1167 de
2532 1125 2713 1169 saneto
2738 1114 3017 1189 Evangtlio
3045 1120 3168 1176 Luc.
3203 1139 3275 1188 χι,
3307 1124 3397 1177 Ξῖ.

2029 1248 2167 1304 Cum
2194 1249 2399 1308 diceret
2426 1252 2684 1308 Dominus
2713 1254 2781 1310 ad
2818 1256 3022 1322 turbas,
3053 1267 3109 1313 et
3136 1262 3296 1316 verba
3328 1262 3545 1332 pietatis

1960 1349 2123 1412 atque
2154 1342 2345 1398 salutis
2373 1352 2690 1400 cunctorum
2718 1346 3028 1415 pectoribus
3054 1351 3364 1419 seminaret,
3395 1368 3545 1422 qutu-

1960 1430 2086 1486 dam
2125 1432 2321 1487 mulier
2354 1432 2424 1489 de
2463 1435 2621 1489 turba
2666 1436 2990 1491 exclamavit
3035 1438 3101 1493 ad
3128 1454 3250 1494 eum
3279 1451 3334 1497 et
3361 1445 3496 1499 dixit
3531 1464 3543 1497 :

1963 1520 2152 1577 Beatus
2180 1534 2355 1578 center
2373 1526 2459 1593 qui
2489 1533 2538 1578 te
2556 1528 2801 1597 portarit,
2824 1537 2874 1581 et
2893 1528 3052 1583 ubera
3078 1546 3192 1600 qua:
3218 1534 3423 1587 auxisti.
3447 1532 3546 1590 Cui

1960 1609 2220 1667 Dominus
2245 1612 2321 1666 ait
2352 1630 2365 1665 :
2397 1612 2546 1667 Beati
2573 1616 2660 1685 qui
2679 1615 2895 1670 audiunt
2926 1616 3130 1671 verbum
3159 1619 3276 1681 Dei,
3300 1630 3350 1673 et
3373 1632 3546 1677 custo-

1960 1702 2128 1758 dium.

2034 1793 2245 1858 Beatus,
2275 1792 2469 1863 inquit,
2501 1805 2674 1850 venter
2699 1814 2784 1868 qut
2819 1808 2867 1852 te
2891 1802 3135 1869 portavit,
3163 1810 3211 1854 et
3243 1805 3403 1856 ubera
3436 1810 3550 1875 qua:

274 1885 389 1960 Ego
402 1905 519 1944 sunt
538 1890 641 1953 via,
661 1899 712 1944 et
728 1889 938 1955 restitas,
961 1899 1013 1945 et
1033 1891 1169 1955 rita;
1198 1906 1348 1944 nemo
1368 1891 1503 1944 venit
1523 1891 1593 1944 ad
1621 1889 1856 1956 Patrem,
1893 1874 1936 1934 Β
1963 1886 2170 1957 misti.
2197 1885 2324 1942 Haec
2344 1887 2558 1951 mulier,
2581 1886 2796 1956 fratres,
2820 1892 2911 1960 pio
2938 1905 3100 1945 sensu
3118 1902 3408 1958 commota,
3436 1894 3551 1949 lau-

270 1980 377 2035 uisi
401 1995 496 2050 per
514 1995 595 2034 nte
622 1978 804 2045 (Joatt.
827 1978 964 2050 xiv).
984 1978 1321 2038 Aceedamus.
1334 1993 1466 2048 ergo
1484 1980 1553 2036 ad
1580 1995 1725 2046 eiun,
1746 1980 1862 2035 .fra-

272 2081 404 2136 tres,
436 2078 497 2126 ut
522 2086 621 2142 per
646 2086 771 2127 eum
801 2080 911 2125 tam
932 2072 1097 2127 heato
1126 2072 1320 2129 itinere
1343 2073 1703 2138 ambulantes,
1733 2088 1859 2143 per-

272 2161 457 2218 venire
482 2162 756 2232 possimus
782 2161 853 2217 ad
880 2159 1119 2218 Patrem.
1150 2160 1485 2219 Accedamus
1512 2161 1580 2217 ad
1607 2176 1753 2228 eum,
1783 2161 1859 2215 si-

268 2265 367 2313 cut
392 2256 495 2312 ista
525 2255 718 2312 mulier
736 2253 899 2310 hodie
918 2254 1151 2310 accessit
1180 2254 1427 2320 ﬁdeliter,
1458 2263 1516 2310 et
1541 2254 1644 2310 ﬁde
1674 2262 1860 2321 tanga-

269 2366 412 2405 mus.
444 2348 514 2404 Et
537 2349 666 2405 licet
700 2361 919 2417 semper
946 2347 1002 2402 in
1041 2347 1212 2403 turbis
1238 2348 1310 2403 sit
1354 2347 1563 2418 positus
1604 2347 1863 2402 Dominus

267 2439 448 2506 Iesus,
477 2447 536 2495 et
581 2452 771 2495 omnes
812 2438 959 2493 circa
998 2453 1123 2493 eum
1171 2453 1281 2494 non
1309 2437 1484 2493 solum
1529 2436 1761 2508 apostoli
1806 2446 1863 2491 et

222 2528 231 2535 ’
268 2531 573 2603 prophetat,
593 2528 689 2585 sed
706 2536 764 2584 et
779 2535 1064 2600 martyres,
1089 2535 1146 2583 et
1159 2527 1289 2599 justi
1310 2542 1523 2594 omnes,
1547 2526 1863 2595 angelorum

267 2630 492 2694 quoque
516 2620 865 2691 omniumque
902 2619 1207 2676 cmlestium
1235 2619 1495 2674 virtutum
1530 2618 1689 2673 turba
1731 2631 1863 2672 con-

266 2715 460 2780 sistat;
490 2720 672 2769 tamen
698 2712 745 2768 si
774 2710 1040 2768 ﬁmbriam
1068 2710 1375 2767 vestimenti
1412 2710 1531 2781 ejus
1559 2719 1859 2779 tangamus,

268 2815 332 2863 et
356 2821 459 2879 per
485 2806 661 2878 ipsum
689 2804 1080 2873 indumentum,
1111 2804 1167 2860 id
1193 2812 1279 2860 est
1315 2818 1416 2874 per
1454 2803 1701 2859 velamen
1740 2816 1864 2857 cor-

380 2895 1858 2967 is......estpropitiatoritun...

274 3032 291 3047 .
394 3029 412 3045 .
498 3028 516 3045 .
594 3028 655 3073 ,ἢ
686 3027 702 3041 .
778 2986 1077 3057 majestatis
1114 2985 1372 3042 auxilium
1418 2985 1752 3051 invocemus,
1782 2992 1865 3038 at.

270 3094 387 3154 que
411 3081 659 3153 supernis
685 3080 804 3151 ejus
846 3078 1163 3136 muneribus
1191 3076 1359 3148 adiuti
1386 3091 1703 3149 operemur;
1750 3084 1864 3131 sta-

271 3176 378 3231 tim
419 3176 606 3239 etum,
636 3181 694 3228 et
730 3187 801 3229 ex
829 3178 1013 3229 nostn
1044 3171 1360 3227 inlimitata
1385 3169 1729 3236 salvahimur,
1767 3181 1867 3223 nec

1964 1975 2113 2030 davit
2136 1985 2347 2031 uterum
2376 1978 2585 2042 matris,
2616 1978 2854 2053 laudavit
2882 1981 3059 2040 ubera.
3074 1984 3379 2051 genitricis;
3421 2000 3552 2041 vero

1964 2067 2169 2139 Spiritu
2195 2077 2386 2151 sancto
2412 2069 2627 2139 perfusa
2656 2072 2851 2128 merito
2880 2073 3093 2129 Iaudem
3116 2074 3328 2131 Domini
3355 2086 3552 2133 contu-

1962 2160 2027 2215 lit
2044 2162 2225 2226 ma:ri,
2242 2175 2363 2230 quae
2384 2162 2547 2216 talem
2569 2161 2809 2219 ediderat
2828 2172 3060 2234 partum,
3088 2166 3356 2244 talemque
3386 2168 3552 2224 lacta-

1964 2261 2117 2308 verat
2140 2253 2370 2323 prolem.
2418 2252 2517 2309 Cui
2559 2256 2718 2310 matri
2765 2256 2879 2327 ipse
2925 2256 3183 2314 Dominus
3226 2259 3551 2330 puccipuam
3656 2276 3663 2279 ·

1964 2346 2350 2414 beatitudinem
2372 2346 2428 2402 in
2450 2346 2556 2403 hoc
2574 2347 2816 2418 profecto
2838 2350 3158 2417 contulerat,
3177 2352 3319 2421 quod
3336 2360 3550 2409 uterum

1963 2436 2084 2506 ejus
2111 2436 2383 2507 majestati
2409 2453 2541 2502 sum,
2571 2440 2722 2509 quasi
2751 2438 2973 2496 domum
2995 2442 3287 2511 quamdam
3312 2443 3548 2513 regalem

1964 2527 2221 2595 elegerat,
2244 2528 2300 2583 in
2322 2543 2430 2599 qua
2452 2529 2567 2599 ipse
2588 2528 2704 2584 Rex
2726 2530 2965 2586 caelestis
2991 2531 3360 2588 descenderet.
3387 2531 3552 2589 Beata

1964 2619 2097 2675 satis
2123 2628 2179 2675 et
2198 2620 2450 2689 multum,
2470 2608 2739 2692 beataqne
2762 2631 2938 2679 mater
2957 2622 3168 2679 Domini
3188 2620 3311 2680 esse
3333 2630 3549 2689 meruit,

1966 2721 2023 2768 et
2058 2726 2126 2767 ex
2166 2713 2361 2768 ancilla
2407 2723 2681 2785 assumpta
2730 2723 3033 2771 maternum
3078 2732 3278 2772 nomen
3321 2719 3550 2789 accepit.

1968 2802 2109 2875 Ergo
2138 2803 2335 2868 beatus,
2369 2805 2561 2875 inquit,
2592 2813 2766 2861 venter
2804 2807 2890 2877 qui
2935 2814 2986 2860 te
3025 2809 3268 2877 portarit,
3305 2817 3355 2862 et
3400 2807 3557 2862 ubera

1967 2900 2307 2969 qmaxisti.
2332 2897 2531 2954 Beatus
2549 2907 2738 2956 venter
2756 2899 2847 2970 qui
2875 2896 3139 2955 artiﬁcem
3163 2899 3345 2955 mundi
3372 2909 3558 2970 porta-

1968 2988 2065 3053 vit,
2097 2988 2256 3044 beata
2284 2988 2455 3044 ubera
2483 2989 2827 3059 quiemundi
2867 2988 3152 3045 Dominum
3197 2989 3556 3046 iactaverunt.

1966 3080 2131 3153 7m
2158 3078 2222 3135 Et
2242 3079 2503 3136 Dominus
2529 3098 2540 3133 :
2568 3078 2737 3148 Beati,
2754 3081 2846 3144 ait,
2865 3082 2952 3152 qui
2975 3081 3195 3135 audiunt
3216 3080 3419 3135 verbum
3444 3078 3557 3146 Dei,

1968 3180 2017 3226 et
2037 3172 2350 3227 custodiunt.
2368 3170 2470 3237 Qui
2495 3167 2716 3226 verbum
2739 3170 2832 3226 Dei
2848 3171 3092 3238 audiunt,
3112 3170 3165 3226 id
3186 3180 3268 3226 est
3286 3171 3559 3227 Christum
3672 3230 3675 3241 λ

274 3281 384 3324 nos
409 3267 551 3322 ultra
574 3266 852 3335 sanguinis
876 3264 1041 3337 unda,
1072 3264 1126 3319 id
1152 3271 1237 3321 est
1264 3262 1563 3319 carnalium
1607 3262 1864 3317 vitiorum
1895 3239 1942 3301 (ἶ
1970 3264 2066 3320 Dei
2095 3265 2360 3329 Verbum;
2392 3271 2449 3319 et
2477 3263 2807 3329 custodiunt,
2838 3263 2943 3318 hoc
2969 3270 3053 3319 est
3091 3271 3415 3334 praeceptum
3445 3262 3560 3330 ejus

275 3357 586 3432 periculosa
615 3362 907 3427 tempestas
934 3353 1168 3410 occidet.
1201 3351 1352 3409 Fecit
1379 3352 1485 3408 hoc
1527 3351 1724 3406 mulier
1766 3349 1869 3405 ista

276 3448 478 3515 ﬁdelis,
490 3446 562 3503 de
578 3461 685 3517 qua
700 3446 862 3517 paulo
882 3456 1008 3500 ante
1026 3443 1215 3499 retulit
1226 3449 1473 3498 sanctum
1488 3439 1832 3510 Evangelium
1853 3457 1865 3491 :

277 3549 337 3597 et
363 3537 769 3595 consideremus
796 3536 926 3607 quid
953 3535 1198 3604 designet
1225 3535 1383 3605 hujus
1409 3547 1643 3604 persona
1678 3531 1893 3587 mulic-‘

278 3631 383 3685 ris.
415 3628 539 3684 llaec
582 3628 794 3695 mulier,
829 3635 889 3682 ut
923 3627 1055 3681 mihi
1090 3626 1323 3689 videtur,
1370 3624 1535 3680 totius
1572 3623 1873 3693 fragilitatis

279 3720 539 3776 humanm
568 3717 792 3788 ﬁguram
821 3718 876 3772 in
904 3716 1196 3787 semetipsa
1221 3715 1576 3778 monstrabat,
1606 3728 1727 3784 qua:
1747 3722 1875 3769 ante

282 3812 341 3866 in
371 3811 555 3866 carnis
573 3808 860 3865 vexatione
884 3809 1079 3880 posita,
1108 3807 1162 3864 id
1184 3808 1340 3864 estin
1362 3807 1506 3863 vitiis
1527 3806 1874 3878 peccatorum

280 3902 603 3966 constituta,
645 3916 754 3956 non
799 3900 959 3956 aliter
984 3899 1162 3956 curari
1190 3906 1424 3970 poterat,
1455 3899 1557 3953 nisi
1587 3913 1617 3952 a
1661 3897 1876 3952 Christo

282 3994 530 4052 remedia
552 3994 897 4065 percepisset.
918 3992 1014 4049 Vel
1035 3993 1227 4048 iterum
1249 3992 1545 4063 Synagogte
1570 3992 1623 4045 in
1640 4006 1712 4059 \se
1741 3990 1872 4044 iuta-

280 4089 471 4158 ginem
498 4086 852 4147 monstraba’t,
882 4098 1003 4155 qtae
1031 4084 1084 4138 in
1111 4082 1371 4151 sanguine
1411 4082 1573 4154 759
1607 4081 1878 4136 membro-

281 4193 414 4234 rum
459 4191 701 4241 suorum,
754 4175 807 4230 id
848 4185 933 4231 est
979 4172 1212 4229 ﬁliorum
1258 4173 1665 4228 circumcisione
1708 4170 1879 4247 multo

281 4280 541 4342 tempore
586 4269 884 4325 laborabat.
936 4266 1265 4335 Erogaverat
1302 4264 1520 4335 quidem
1546 4265 1700 4335 plura
1728 4263 1881 4334 quasi

1972 3356 2299 3412 custodiunt.
2319 3354 2552 3412 Verbum
2592 3354 2689 3409 Dei
2711 3354 2955 3410 tlhristus
2975 3362 3059 3409 est
3086 3353 3363 3418 Dominus,
3384 3354 3474 3424 qui
3504 3356 3560 3409 in

1972 3446 2226 3517 principio
2254 3454 2367 3499 erat
2408 3444 2651 3509 Verbum,
2691 3452 2741 3497 et
2776 3440 3001 3497 Verbum
3046 3451 3158 3496 erat
3197 3442 3339 3514 apud
3370 3441 3559 3506 Deum,

1972 3546 2021 3592 et
2044 3535 2183 3592 Deus
2207 3544 2319 3592 erat
2350 3535 2568 3591 Verbum
2592 3534 2770 3607 (Joan.
2796 3537 2857 3605 l).
2883 3533 3025 3602 Ergo
3044 3533 3190 3589 beati
3219 3534 3310 3604 qui
3339 3533 3563 3588 audiunt

1974 3630 2199 3686 verbum
2225 3629 2343 3694 Dei,
2370 3637 2424 3684 et
2450 3627 2779 3692 custodiunt,
2806 3626 2857 3681 id
2878 3634 2963 3681 est
2987 3625 3071 3680 vel
3095 3635 3418 3696 pneceplum
3441 3623 3558 3690 Dei,

1975 3733 2031 3780 et
2059 3731 2214 3779 cauta
2244 3721 2621 3777 observatione
2650 3718 2980 3775 custodiunt.
3008 3717 3228 3773 Summa
3261 3724 3421 3786 atque
3442 3732 3561 3787 ptr-

1977 3814 2115 3870 fccta
2142 3811 2418 3869 beatitudo
2449 3812 2502 3866 in
2527 3811 2633 3866 hoc
2658 3809 2927 3881 praecipue
2958 3810 3196 3879 ponitur,
3228 3807 3273 3861 si
3303 3807 3447 3877 quod
3475 3807 3563 3862 di-

1976 3906 2117 3961 citur
2139 3905 2444 3976 impleatur.
2471 3901 2619 3956 Beati
2646 3902 2731 3973 qui
2760 3900 2979 3954 audiunt
3007 3898 3210 3954 rerbum
3240 3897 3360 3965 Dei,
3383 3908 3432 3952 et
3471 3912 3562 3951 cu-

1977 4000 2246 4063 stodiunt;
2276 3997 2402 4066 quia
2433 3993 2776 4050 audientibus
2803 3993 3020 4048 auribus
3049 3999 3163 4048 toto
3198 3990 3361 4047 corde
3402 3992 3565 4047 verba

1978 4091 2159 4146 divina
2180 4095 2523 4149 conservant,
2546 4095 2927 4155 gestorumque
2953 4083 3206 4154 operibus
3231 4097 3262 4135 a
3292 4096 3351 4137 se
3379 4080 3570 4151 imple-

1981 4192 2094 4238 tum
2124 4196 2243 4236 esse
2271 4178 2634 4241 manifestant,
2665 4173 2810 4244 quod
2854 4172 3167 4245 praedicatio
3202 4170 3383 4225 divina
3426 4186 3571 4240 saepe

1980 4274 2350 4331 mandaverat.
2384 4268 2529 4325 Beati
2559 4270 2643 4341 qui
2673 4268 2891 4322 audiunt
2920 4255 3126 4321 uerbum
3162 4263 3279 4326 Dei,
3316 4272 3365 4316 et
3394 4273 3567 4317 custo-

281 4364 346 4417 ίιι
382 4360 623 4423 medic“:
651 4361 756 4416 hoc
782 4366 866 4414 εει
893 4359 946 4413 in
987 4357 1179 4413 scribis
1223 4364 1279 4413 εί
1316 4354 1619 4421 plurimis»
1650 4370 1879 4424 (Ιυοτιιηι
1984 4366 2131 4420 diunt
2157 4380 2175 4419 :
2206 4363 2297 4419 ubi
2318 4361 2514 4417 dicitur
2544 4378 2559 4412 :
2605 4356 2720 4412 Non
2749 4355 2982 4419 occides,
3012 4369 3121 4409 non
3149 4342 3605 4435 furaberis,‘nonl‘

285 4452 431 4509 falsa
473 4461 529 4508 et
565 4451 744 4507 inania
780 4450 1042 4507 doctrinm
1087 4449 1301 4522 eloquia
1344 4449 1648 4519 expetebat,
1681 4454 1737 4502 et
1764 4447 1883 4517 plus
1985 4454 2306 4510 adulterium
2355 4449 2542 4512 facies,
2572 4456 2628 4502 et
2657 4462 2762 4501 non
2807 4443 3177 4512 concupisces,
3221 4456 3330 4494 non
3379 4440 3567 4493 falsum
3604 4450 3615 4454 ·

283 4544 470 4614 magis
499 4542 622 4598 inde
648 4542 1037 4598 inﬁrmahatur.
1073 4542 1430 4625 Posteaquam
1454 4539 1725 4595 Christum
1755 4540 1885 4594 vidit
1917 4613 1958 4625 ﬁ
1988 4543 2357 4600 testimonium
2402 4540 2571 4602 dices,
2615 4552 2721 4591 non
2770 4532 3069 4603 pejerabis;
3115 4532 3318 4619 honora
3356 4536 3568 4599 patrem

282 4613 635 4694 Salvatorem
661 4634 914 4702 sentibus
941 4613 1245 4697 advenisse;
1269 4633 1431 4702 elegit
1457 4632 1735 4687 melimela
1758 4646 1883 4701 ρειτ-
1914 4613 1964 4671 D
1991 4649 2137 4693 tuum
2168 4644 2225 4691 et
2252 4642 2497 4695 matrem,
2525 4641 2575 4684 et
2600 4626 2742 4697 quod
2765 4625 2857 4679 tibi
2890 4640 2997 4679 non
3026 4613 3124 4689 vis,
3156 4622 3313 4676 alteri
3340 4636 3409 4676 ne
3436 4620 3572 4676 fece-

286 4741 432 4793 tem,
465 4736 521 4782 et
548 4726 794 4782 transivit
821 4726 887 4782 ad
918 4725 1095 4791 tidem,
1141 4734 1198 4780 et
1223 4726 1386 4794 erupit
1426 4724 1565 4779 intra
1595 4739 1655 4779 se
1682 4725 1882 4793 cogita-
1932 4766 1944 4779 .

285 4835 380 4885 re,
410 4818 596 4875 dicens
627 4834 641 4871 :
668 4818 729 4873 Si
752 4817 961 4889 tetigero
985 4816 1246 4887 fimbriam
1271 4815 1556 4869 uestimenti
1578 4815 1711 4885 ejus,
1740 4816 1884 4870 salva

285 4927 413 4968 ero.
444 4908 514 4964 Et
540 4910 724 4965 statim
750 4909 977 4965 credens
1018 4907 1186 4963 Deum
1217 4907 1269 4961 in
1298 4920 1528 4976 corpore
1567 4907 1793 4977 accepit,
1825 4906 1886 4960 ti-

286 5002 391 5058 dei
412 5000 615 5057 viribus
633 5001 870 5058 cucurrit
896 5000 963 5056 ad
981 4998 1279 5067 Christum,
1303 5008 1355 5054 ct
1379 5007 1603 5069 tangens
1627 4998 1886 5055 ﬁmbriam

287 5093 610 5151 vestimenti
649 5093 785 5164 ejus,
814 5090 1184 5164 plenissimum
1212 5090 1281 5146 de
1307 5085 1503 5145 divinis
1532 5090 1766 5145 fontibus
1795 5106 1885 5146 re-

286 5186 541 5243 medium
560 5186 749 5241 solutis
770 5184 996 5255 accepit.
1019 5181 1083 5238 Et
1109 5182 1233 5239 ideo
1253 5178 1323 5237 ad
1345 5196 1464 5239 eam
1492 5180 1751 5237 Dominus
1774 5183 1849 5237 ait
1872 5202 1883 5235 :

291 5280 313 5312 ³
345 5277 603 5333 Constans
621 5290 749 5340 esto,
780 5277 915 5347 ﬁlia,
941 5276 1073 5348 ﬁdes
1095 5285 1182 5330 tua
1206 5282 1254 5329 te
1271 5274 1467 5329 salsum
1487 5275 1609 5345 fecit
1635 5290 1654 5327 :
1682 5274 1810 5329 uade
1836 5275 1893 5329 in

287 5382 435 5441 pace
464 5385 483 5423 :
512 5368 565 5424 id
584 5377 670 5436 est
696 5367 911 5422 ambula
931 5381 1119 5422 secura
1149 5366 1202 5421 in
1228 5378 1399 5436 pace;
1430 5378 1624 5434 respue
1643 5363 1781 5419 bella
1814 5366 1893 5420 vi-

288 5463 529 5525 tiorum,
553 5475 673 5530 quac
692 5458 1056 5516 dilacerabant
1075 5459 1308 5513 animam
1330 5465 1497 5519 tuam,
1519 5464 1575 5510 et
1601 5462 1726 5509 tene
1755 5471 1896 5511 scm-

1989 4731 2090 4794 ris;
2114 4736 2170 4782 et
2196 4740 2315 4795 qua:
2342 4722 2503 4778 vultis
2531 4729 2591 4775 ut
2619 4717 2819 4773 facian‘t
2844 4706 3000 4771 vobis
3021 4712 3286 4779 homines,
3309 4712 3450 4767 bona
3475 4727 3569 4767 ea-

1988 4819 2112 4876 dem
2139 4826 2196 4872 et
2218 4830 2314 4871 vos
2342 4802 2501 4868 facite
2529 4810 2626 4866 eis.
2661 4807 2828 4872 Beati,
2864 4805 3055 4876 inquit,
3090 4805 3177 4878 qui
3210 4804 3427 4858 audiunt
3458 4819 3572 4857 ver-

1991 4912 2107 4964 bum
2151 4906 2290 4973 Dei,
2329 4913 2378 4960 et
2416 4901 2742 4965 custodiunt,
2775 4907 2836 4955 ut
2862 4894 3215 4954 custodiendo
3242 4902 3300 4951 et
3332 4893 3577 4950 faciendo

1990 4998 2268 5070 praemium
2316 4998 2733 5063 consequantur.
2766 4989 2896 5045 Post
2935 4987 3052 5043 lucc
3079 4987 3329 5051 refertur,
3362 4984 3577 5041 dicente

1992 5068 2220 5147 Domino
2246 5106 2259 5142 :
2293 5084 2571 5142 Generatio
2592 5085 2693 5138 ista
2722 5098 2939 5155 nequam
2960 5082 3163 5153 signum
3193 5078 3398 5153 quterit,
3426 5084 3475 5132 et
3501 5079 3576 5132 si—
3602 5068 3619 5087 ⁸

1993 5200 2150 5257 guunt
2171 5198 2275 5236 non
2296 5179 2503 5234 dabitur
2521 5177 2622 5243 illi,
2643 5176 2745 5231 nisi
2764 5176 2971 5257 signum
2987 5173 3141 5255 Iona:
3154 5172 3414 5243 praplteta:
3426 5167 3576 5241 (Luc.

1996 5256 2098 5344 ut).
2119 5271 2285 5329 Jonas
2313 5270 2414 5325 iste
2440 5267 2706 5340 propheta
2732 5256 3101 5323 sanctissimus
3127 5262 3345 5330 ﬁguram
3375 5258 3579 5328 passio-

2000 5366 2083 5420 nis
2111 5372 2168 5420 et
2209 5360 2622 5419 resurrectionis
2661 5357 2872 5413 Domini
2915 5357 2969 5411 in
2998 5354 3287 5422 semetipso
3314 5350 3578 5418 gestabat.

1999 5459 2019 5488 ²
2049 5455 2213 5512 Istum
2244 5452 2573 5525 praecipitem
2603 5448 2889 5519 aliquando
2918 5453 3094 5500 nautae
3114 5458 3234 5498 cum
3258 5442 3308 5495 in
3339 5439 3472 5494 mari
3497 5437 3581 5507 ja-

278 5626 295 5637 '
387 5618 403 5650 ⁸
441 5616 672 5686 Vulgata
699 5614 828 5681 legit
860 5632 873 5666 :
903 5612 1138 5682 Con/ide,
1169 5611 1301 5681 lilia.
1339 5608 1496 5664 Fides
1521 5620 1605 5661 tua
1630 5616 1678 5660 te
1703 5611 1902 5669 salvam
2009 5625 2096 5665 ras
2123 5607 2323 5686 Christi
2355 5598 3585 5686 Domini

289 5687 455 5765 (alii:

2011 5661 2335 5751 peculiarem
2364 5676 2524 5751 habet
2551 5674 2618 5728 de
2640 5671 2774 5727 Jona
2804 5661 3157 5734 mentionem,
3180 5670 3233 5719 et
3264 5662 3383 5717 aliis
3410 5661 3587 5719 verbis

384 5757 408 5789 '
435 5757 492 5812 In
532 5756 754 5812 humilia
798 5754 865 5808 de
896 5748 1155 5806 Pascltatc
1201 5764 1319 5819 qua:
1363 5748 1550 5817 incipit
1584 5754 1609 5819 εί
1643 5745 1902 5818 Beneﬁcia
2011 5745 2198 5805 eadem
2230 5746 2623 5817 complectitur.

288 5825 404 5885 Dei
440 5828 605 5895 nostri
629 5841 744 5880 runt
772 5838 960 5890 maqua
981 5831 1029 5876 et
1054 5818 1274 5883 miriﬁca
1302 5821 1424 5885 sint,
1442 5825 1572 5883 etc.,
1599 5818 1739 5873 inter
1767 5820 1900 5884 ligu-
