4072 6332
584 392 687 445 815

1762 386 1846 473 qs.
1886 386 2128 443 MAli
2166 348 2612 444 raemususis
3654 399 3734 451 διε

580 510 809 566 ctarent,
842 508 1116 570 susceptus
1143 517 1173 553 a
1202 509 1343 567 ceto,
1366 509 1416 554 et
1440 498 1644 554 limosis
1671 498 1909 554 faucibus
1941 508 2142 567 raptus,
2178 505 2221 561 Α
2254 501 2412 564 Deus,
2442 504 2636 571 gratias
2666 502 2758 554 tibi
2786 518 2883 577 ago
2912 518 3029 571 quia
3059 516 3159 553 non
3189 515 3299 552 sum
3336 500 3454 553 sicut
3486 506 3628 557 (ποιαί
3664 508 3736 561 ho-

568 584 793 662 ‘portasn
837 589 994 643 ferini
1024 590 1223 644 ventris
1253 590 1515 655 intravit”
1534 590 1810 659 tribusque
1842 589 2030 645 diebus
2060 591 2147 644 iti-

583 680 809 746 demque
835 679 1081 733 noctibus
1098 678 1285 733 carnei
1308 680 1546 734 carceris
1570 679 1809 733 tenebris
1836 687 2147 748 occupatus,

584 767 905 837 tandemque
934 769 1169 824 redditus
1196 769 1319 833 luci,
1352 768 1625 835 dominici,
1655 776 1713 822 ut
1755 767 2007 833 diximus,
2037 783 2151 838 my-

583 859 731 912 sterii
763 858 938 913 futura
966 864 1300 914 sacramenta
1331 860 1665 914 monstravit.
1695 859 1809 916 Hoc
1836 860 2009 929 ipsum
2044 859 2151 913 Do-

586 950 759 1003 minus
786 954 1323 1039 cornmemorans,|de
1341 967 1437 1005 sua
1458 950 1704 1021 passione
1731 958 1787 1005 et
1804 950 2154 1005 resurrectio-

588 1040 931 1107 nesignavit.
1012 1081 1024 1092 .
1106 1082 1118 1093 .
1387 1082 1399 1094 .
1482 1082 1493 1095 .
1574 1082 1587 1093 .
1668 1082 1680 1093 .
1762 1082 1774 1095 .
2041 1081 2150 1095 ..

586 1129 657 1183 Et
684 1131 748 1184 de
773 1131 950 1202 regina
979 1132 1173 1195 Austri,
1206 1150 1317 1204 qua:
1349 1132 1479 1187 venit
1506 1134 1685 1186 au‘dire
1715 1133 2022 1203 sapientiam
2052 1131 2155 1187 Sa-

586 1228 805 1283 lomonis
836 1227 1048 1298 (Ibid),
1078 1228 1395 1285 erubescant
1420 1227 1585 1284 Judaei
1627 1235 1683 1283 et
1730 1225 2152 1289 confundantur;

588 1318 783 1374 femina
828 1318 1053 1387 requirit
1094 1319 1412 1388 sapientiam
1459 1319 1711 1384 hominis,
1757 1326 1813 1371 et
1860 1317 2051 1372 scriba:
2101 1325 2157 1369 et

588 1406 838 1462 Pharisazi
868 1417 1217 1464 contemnunt
1246 1409 1339 1463 Dei
1372 1409 1709 1479 sapientiam.
1732 1408 1823 1462 llla
1845 1408 2154 1477 peregrina-

590 1509 675 1553 tur
710 1507 767 1553 ut
810 1499 980 1555 discat
1007 1499 1350 1556 Salomonem
1378 1500 1540 1554 lilium
1571 1499 1773 1565 David;
1805 1500 1890 1553 isti
1919 1513 2155 1569 prtesen-

578 1600 696 1651 tem
741 1598 1091 1646 contemnunt
1137 1598 1192 1644 et
1234 1590 1516 1644 Dominum
1564 1589 1864 1645 Salomonis
1908 1598 1963 1643 et
1991 1588 2157 1656 ipsius

588 1679 776 1745 David,
808 1680 925 1751 ipso
971 1680 1137 1735 David
1175 1681 1387 1736 dicente
1420 1700 1431 1733 :
1467 1681 1611 1735 Dixit
1645 1681 1896 1735 Dominus
1932 1679 2157 1734 Domino

574 1786 703 1828 .meo
732 1786 750 1823 :
781 1768 917 1825 Sede
950 1787 981 1823 a
1022 1770 1217 1825 dextris
1246 1773 1372 1824 meis
1403 1769 1573 1840 (Psal.
1605 1770 1734 1841 eis).
1768 1769 1968 1825 Deinde
1995 1778 2050 1823 et
2090 1768 2157 1823 de

2250 595 2432 656 mines,
2461 602 2711 663 raptores,
2734 593 2932 661 injusti,
2963 590 3200 653 adulteri,
3232 591 3467 656 quomodo
3484 599 3531 643 et
3557 594 3741 661 publica-

2251 700 2347 737 nus
2374 687 2489 747 iste,
2514 693 2618 737 etc.
2651 674 2983 734 'Publicanus
3015 688 3185 735 autent
3224 678 3287 730 de
3322 678 3570 749 longinquo
3593 681 3741 749 stabat,

2252 784 2299 829 et
2323 791 2481 845 neque
2509 774 2683 827 oculos
2727 773 2923 826 volebat
2971 771 3040 823 ad
3082 772 3262 824 (telum
3290 770 3472 833 leuare;
3501 772 3578 824 sed
3602 790 3744 841 perut-

2256 866 2409 919 tiebat
2435 874 2609 933 pectus
2646 879 2795 916 suum
2834 862 3049 914 dicens:
3092 859 3249 924 Deus,
3275 860 3507 930 propitius
3540 871 3630 916 esto
3652 866 3747 918 mihi

2253 956 2530 1026 peccaturi.
2559 952 2624 1005 Et
2645 952 2906 1006 descendit
2927 953 3008 1005 hic
3029 951 3334 1020 publicanus
3358 952 3407 1003 in
3436 951 3616 1004 domum
3636 969 3750 1007 sum

2249 1049 2562 1123 jnstijjcatus
2584 1088 2599 1111 ,
2634 1046 2800 1116 magis
2841 1060 2993 1115 quam
3030 1044 3117 1096 ille
3156 1043 3461 1111 pharisteus;
3490 1043 3595 1113 quia
3622 1046 3751 1098 omnis

2253 1141 2416 1210 quise
2440 1137 2637 1191 exaltat
2656 1134 3024 1188 humiliabitur.
3049 1132 3229 1208 Primo
3251 1133 3301 1186 in
3332 1131 3438 1186 istis
3461 1132 3641 1186 duobus
3656 1132 3755 1187 duo-

2257 1247 2373 1287 rum
2395 1229 2715 1301 populorum
2737 1227 2975 1295 intelligo
2998 1224 3261 1293 designari
3284 1237 3566 1292 personam,
3591 1221 3757 1277 ladano-

2256 1340 2374 1380 rum
2422 1325 2583 1396 762
2638 1330 2693 1376 et
2737 1320 2992 1387 gentium.
3062 1317 3203 1385 Ergo
3248 1315 3452 1371 dicebat
3491 1315 3757 1384 pharismns,

2260 1416 2417 1479 Deus,
2443 1414 2639 1485 gratias
2660 1427 2756 1482 ago
2789 1409 2877 1464 tibi
2906 1410 3027 1479 quia
3054 1423 3158 1462 non
3179 1421 3290 1459 sum
3317 1407 3442 1458 sicut
3466 1405 3619 1458 cteteri
3635 1404 3762 1457 homi-

2259 1523 2347 1560 nes
2369 1546 2383 1570 ,
2407 1515 2638 1576 raptores
2659 1543 2673 1568 ,
2696 1491 2879 1573 injusti
2901 1540 2914 1564 ,
2948 1500 3189 1561 adulteri,
3214 1500 3344 1557 sicut
3370 1494 3641 1564 publicanus
3673 1495 3761 1548 iste.

2259 1596 2898 1664 Benegratiasageres.
2979 1632 2989 1643 .
3071 1631 3082 1642 .
3164 1630 3175 1641 .
3257 1628 3269 1640 .
3351 1626 3363 1639 .
3440 1626 3453 1639 .
3525 1626 3534 1637 .
3607 1626 3617 1636 .
3684 1625 3763 1637 ..

2265 1693 3763 1740 ......mtmmeaccusas......

2265 1821 2277 1833 .
2358 1820 2370 1831 .
2450 1817 2463 1829 .
2547 1818 2557 1829 .
2638 1816 2649 1827 .
2731 1815 2743 1829 .
2822 1774 2959 1827 bene
2999 1785 3187 1839 ageres
3214 1769 3259 1823 si
3290 1782 3397 1822 non
3417 1765 3640 1835 superbis
3663 1765 3768 1819 toci-

590 1861 836 1917 Ninivitis
871 1862 962 1932 qui
1005 1871 1228 1930 egerunt
1270 1862 1636 1931 pmnitentiam
1685 1862 1738 1916 in
1782 1861 2159 1931 praedicatione
2193 1870 2233 1925 ις
2263 1870 2361 1924 [ius
2380 1864 2697 1928 extulisses;
2747 1879 2868 1918 cum
2914 1862 3055 1915 enim
3102 1860 3237 1932 aliqs
3283 1872 3526 1921 accusas,
3572 1855 3771 1924 teipsum
3872 1855 3879 1864 '

589 1952 738 2009 Iona:
769 1972 780 2006 :
817 1956 830 1984 ¹
867 1952 934 2005 Et
974 1969 1088 2006 ecce
1122 1954 1238 2023 plus
1266 1969 1416 2023 quam
1442 1951 1605 2005 Jonas
1637 1951 1747 2009 hic:
1794 1950 2160 2020 pmnitentiam

589 2051 818 2112 egerunt
836 2043 1096 2109 Ninivitze,
1121 2042 1441 2113 prindieante
1461 2057 1636 2106 servo,
1660 2050 1712 2096 et
1732 2040 1916 2104 Judtei,
1936 2038 2161 2101 Domino

576 2135 936 2204 Aprtcdicante.
965 2136 1122 2206 761
1144 2141 1514 2196 contemnunt,
1536 2148 1637 2187 nec
1657 2133 1843 2187 volunt
1862 2144 2020 2198 agere
2048 2144 2164 2198 pm-

592 2224 895 2290 nitentiam,
923 2224 1048 2293 quia
1092 2238 1193 2278 nec
1214 2222 1408 2278 salvari
1432 2231 1723 2277 merentur.
1758 2221 1894 2275 Vere
1922 2227 2047 2275 sunt
2072 2234 2161 2274 as-

594 2313 743 2383 pides
788 2313 961 2367 surda:
1003 2322 1057 2368 et
1097 2310 1409 2368 obturantes
1452 2328 1610 2367 aures
1636 2328 1761 2367 suas
1800 2310 1969 2382 (Psal.
2013 2309 2160 2379 Lvn),

592 2420 711 2475 qua:
739 2420 847 2459 non
876 2403 1378 2481 exaudiuntvocem
1409 2402 1815 2467 incantantium,
1847 2409 1902 2455 et
1927 2388 2162 2453 medica-

592 2496 761 2551 menti
788 2494 929 2565 quo-l
954 2478 1247 2549 medicatur
1276 2509 1305 2547 a
1331 2495 1602 2563 sapiente;
1632 2506 1769 2562 quos
1798 2491 1907 2560 ipsa
1938 2474 2192 2557 Sapien-°

596 2588 669 2641 tia
704 2586 873 2640 Patris
900 2584 1156 2640 Dominus
1182 2584 1424 2640 Christus
1451 2584 1780 2655 frequentius
1818 2581 2072 2641 edocens,
2113 2586 2167 2634 et

595 2695 691 2749 per
732 2679 947 2749 Moysen
1005 2678 1084 2732 rei
1112 2686 1335 2732 cancros
1379 2677 1686 2747 prophetas,
1734 2688 2068 2745 nequaquam
2098 2670 2167 2727 ad

596 2777 804 2823 rectum
832 2768 950 2820 vitae
996 2767 1262 2820 tramitem
1292 2765 1589 2829 revocavit;
1621 2764 1745 2834 quia
1792 2765 1904 2837 ipse
1942 2764 2168 2817 liberum

582 2858 742 2931 quod
764 2856 973 2913 homini
1011 2855 1156 2909 dedit
1196 2855 1493 2916 arbitrium,
1525 2855 1693 2907 noluit
1723 2854 1913 2927 iterum
1956 2852 2165 2905 abrum-

598 2962 745 3018 pere,
779 2962 845 3001 ne
874 2961 903 2999 a
949 2961 1008 3001 se
1039 2960 1209 3015 nuper
1235 2959 1564 3006 concessam,
1607 2952 1664 2997 ut
1709 2943 1956 3016 diximus,
2007 2942 2169 2996 animi

596 3037 898 3095 libertatem
925 3036 1256 3116 infringeret.
1289 3033 1428 3101 Ergo
1453 3034 1651 3087 dimisit
1679 3034 1730 3086 in
1758 3032 2171 3100 uniuscujusque

586 3123 813 3193 judicio.
846 3139 944 3193 pro
973 3124 1167 3193 quibus
1204 3138 1429 3177 examen
1460 3122 1696 3177 futurum
1743 3122 1953 3176 sibimet
1993 3137 2161 3179 reser-

2263 1957 2550 2027 reprobas;
2572 1956 2698 2025 quia
2742 1969 2810 2008 ex
2858 1953 3082 2007 aliorum
3117 1941 3288 2019 culpis
3316 1948 3410 2002 tibi
3433 1945 3622 2001 laudem
3643 1944 3773 1999 ascri-

2263 2048 2376 2113 his;
2401 2047 2510 2101 noli
2540 2047 2706 2100 altum
2734 2057 2951 2113 sapere,
2988 2040 3082 2096 sed
3126 2041 3287 2105 time;
3320 2038 3483 2099 Deus,
3508 2038 3679 2107 gratias
3701 2050 3775 2104 ags

2264 2137 2354 2190 tibi
2383 2139 2502 2205 quia
2524 2151 2625 2189 non
2645 2150 2761 2188 sum
2781 2134 2912 2186 sicut
2931 2131 3105 2184 caueri
3131 2129 3383 2189 homines,
3406 2135 3651 2197 raptores,
3670 2125 3785 2193 injs-'

2264 2229 2352 2290 sti,
2384 2226 2607 2280 adulteri
2630 2263 2645 2287 ,
2683 2223 2934 2295 quomodo
2957 2231 3004 2275 et
3037 2220 3344 2290 publicanus
3362 2220 3473 2271 iste.
3518 2215 3586 2269 Tu
3611 2216 3703 2285 quis
3721 2230 3778 2271 es.

2263 2319 2351 2388 qui
2392 2317 2601 2387 judicas
2660 2329 2857 2368 seruum
2896 2310 3177 2367 alienum?
3226 2308 3449 2364 Domino
3484 2322 3570 2361 suo
3604 2313 3690 2359 stat
3716 2313 3782 2356 aut

2265 2408 2422 2461 cadit.
2452 2406 2641 2460 Potens
2671 2412 2747 2459 est
2768 2403 2908 2458 Deus
2930 2412 3155 2457 statuere
3187 2400 3338 2454 illum
3366 2397 3535 2468 (Rom.
3565 2397 3677 2462 ius).
3703 2394 3782 2447 Ad-

2266 2500 2371 2553 huc
2398 2497 2532 2552 dicis
2556 2514 2568 2548 :
2599 2495 2788 2565 Jejuno
2807 2494 2885 2548 bis
2912 2497 2966 2548 in
2998 2492 3208 2547 sabbato
3229 2535 3243 2556 ,
3273 2491 3498 2544 decimas
3522 2489 3586 2541 do
3604 2487 3786 2541 omnium

2266 2604 2380 2661 qua:
2406 2587 2673 2658 possideo;
2717 2587 2770 2639 in
2804 2584 3019 2654 propria
3048 2582 3203 2637 laude
3232 2581 3421 2637 odiosa
3439 2578 3663 2647 jactatio.
3675 2574 3783 2641 Jeju-

2268 2697 2340 2736 no
2368 2681 2449 2735 bis
2492 2680 2546 2733 in
2585 2666 2846 2733 sabba'to:
2880 2675 2979 2740 Qui
3012 2675 3254 2746 jejunat,
3304 2673 3678 2726 manducantem
3710 2681 3788 2719 nos

2261 2774 2499 2844 judicet,
2547 2780 2599 2824 et
2637 2772 2721 2840 qui
2766 2768 3066 2832 rnanducat,
3092 2766 3420 2836 jejunantent
3452 2778 3549 2816 non
3585 2765 3788 2831 spernat;

2269 2864 2389 2935 quia
2413 2872 2461 2915 et
2496 2862 2583 2932 qui
2622 2859 2929 2922 manducet,
2978 2855 3202 2911 Domino
3237 2853 3540 2914 manducet,
3569 2857 3612 2902 et
3636 2846 3791 2918 gratias

2269 2955 2375 3024 agit
2400 2952 2534 3016 Deo;
2563 2960 2612 3004 et
2635 2952 2719 3022 qui
2752 2966 2855 3003 non
2896 2946 3203 3008 manducet,
3235 2943 3461 2999 Domino
3484 2956 3587 3031 post
3611 2935 3793 3031 mittil-

2271 3056 2372 3109 cat,
2416 3055 2465 3096 et
2510 3042 2707 3113 gratias
2745 3041 2855 3111 agit
2893 3037 3002 3093 Deo
3034 3036 3250 3107 (Ibid.);
3291 3043 3353 3088 et
3370 3025 3582 3097 tamen,
3608 3026 3684 3082 cui
3707 3025 3793 3077 bac

2271 3136 2438 3191 dicis?
2468 3133 2584 3189 Non
2616 3132 2865 3200 intelligis
2892 3130 3017 3198 quia
3042 3129 3109 3184 ad
3139 3143 3261 3183 eum
3283 3120 3523 3196 loqueris
3550 3121 3630 3177 cui
3651 3116 3794 3173 omnia

599 3215 761 3279 vavit,
781 3224 840 3269 ut
866 3215 1116 3284 puniatur
1136 3214 1227 3283 qui
1253 3212 1413 3268 fuerit
1438 3229 1584 3283 rcus,
1611 3222 1666 3267 et
1693 3214 1927 3268 salvetur
1953 3212 2043 3281 qui
2072 3211 2169 3265 cri-
2195 3230 2240 3291 c
2273 3237 2399 3284 ηοω
2423 3235 2547 3282 sum
2568 3264 2583 3289 ,
2624 3233 2682 3281 ει
2707 3233 2992 3292 antequam
3035 3220 3195 3276 ﬁam?
3224 3220 3469 3274 υεοίηιαε
3507 3216 3569 3269 do
3610 3210 3795 3266 omnium

600 3319 721 3359 men
753 3304 922 3358 noluit
960 3319 1028 3358 ne
1058 3304 1340 3374 puniretur
1372 3305 1667 3359 admittere.
1694 3302 1758 3356 Et
1787 3303 1929 3370 ideo,
1960 3303 2165 3368 fratres,

587 3380 948 3464 “inprxecepto
976 3392 1139 3447 diuini
1168 3380 1674 3462 serm'onis,eloquia
1698 3394 1842 3448 omni
1869 3392 2061 3447 mentis
2083 3393 2166 3446 in—

600 3483 839 3537 tentione
865 3492 1163 3538 scrutemur
1191 3502 1202 3535 :
1229 3483 1445 3552 Deoque
1472 3481 1616 3536 Patri
1647 3482 2000 3552 omnipotenti
2029 3498 2168 3538 sem-

590 3592 697 3646 per
720 3593 818 3648 per
843 3576 1107 3632 Christum
1148 3576 1432 3632 Dominum
1462 3584 1704 3632 nostrum
1750 3575 1934 3631 laudes
1962 3584 2017 3630 et
2043 3589 2166 3643 gra-

600 3667 701 3722 tias
728 3666 1039 3731 releramus,
1070 3668 1156 3722 cui
1193 3675 1274 3721 est
1297 3667 1464 3735 gloria
1494 3668 1547 3721 in
1576 3666 1784 3721 smcula.
1812 3664 2000 3719 Amen.

672 3756 839 3811 VIII.
874 3757 1005 3811 Item
1034 3758 1097 3811 de
1125 3757 1336 3812 lectione
1366 3758 1659 3828 evangelica
1691 3755 1815 3811 Luc.
1846 3773 1990 3821 xvnt,
2026 3755 2106 3809 10.

566 3838 587 3887 ς’
654 3846 889 3903 Lectum
934 3855 1015 3903 est
1064 3847 1131 3901 de
1165 3847 1442 3916 pharisaeo
1489 3856 1545 3902 et
1586 3832 1909 3917 publicano,
1943 3860 2169 3915 quorum

532 3992 539 3999 .
600 3938 828 3995 duorum
857 3939 982 3994 dum
1012 3940 1221 4003 merita,
1255 3955 1463 4010 preces,
1494 3954 1850 4009 personasque
1866 3938 2167 4001 considero,

602 4030 731 4082 satis
780 4029 1017 4083 admiror
1077 4029 1369 4083 bonitatem
1424 4029 1521 4082 Dei
1565 4030 1871 4098 iustumque
1911 4027 2170 4096 judicium

604 4119 820 4174 Christi.
851 4118 1084 4173 Confusa
1112 4122 1392 4188 superbia,
1428 4121 1621 4175 meruit
1643 4120 1922 4189 justilicari
1953 4119 2170 4173 humili—

604 4219 715 4273 tas;
764 4208 1009 4277 iacrymze
1057 4209 1371 4262 invenerunt
1418 4209 1833 4263 misericordiam
1858 4249 1872 4274 ,
1916 4209 2172 4277 jactantia

604 4304 940 4375 reprobatur.
984 4303 1207 4358 Erubuit
1237 4304 1544 4373 pharisaeus,
1576 4306 1664 4374 qui
1693 4303 1987 4371 gaudebat;
2030 4305 2174 4372 gavi-

604 4411 695 4450 sus
723 4402 804 4450 ost
830 4393 1162 4464 publicanus,
1190 4394 1280 4463 qui
1305 4394 1605 4463 plangebat,
1638 4402 1692 4447 et
1720 4394 1866 4449 audit
1886 4393 2170 4463 justitiam;

604 4488 728 4557 quia
752 4488 917 4547 omnis
941 4527 954 4551 ,
989 4485 1161 4555 inquit
1200 4486 1455 4539 Dominus
1483 4526 1496 4551 ,
1518 4487 1607 4554 qui
1630 4502 1685 4539 se
1708 4486 1907 4556 equtat
1934 4485 2169 4538 humilia-

2270 3337 2383 3392 qua:
2408 3319 2663 3389 possideo.
2712 3316 2956 3371 Decimas
3000 3314 3133 3369 das:
3164 3312 3257 3367 sed
3283 3313 3407 3381 plus
3448 3307 3637 3376 accipis
3669 3315 3798 3392 quam

2271 3391 2402 3467 das:
2435 3411 2656 3466 nimium
2685 3408 2962 3479 possides;
3003 3406 3181 3474 fruges
3215 3404 3309 3458 tibi
3344 3402 3522 3473 multa:
3548 3395 3720 3469 pluviis
3736 3391 3798 3447 di-

2272 3502 2409 3555 vinis
2432 3506 2762 3562 accrescunt,
2792 3504 2849 3552 et
2868 3496 2954 3552 cui
2982 3495 3051 3550 de
3077 3493 3244 3549 multo
3272 3493 3372 3547 des
3399 3504 3634 3562 parvum,
3662 3484 3801 3539 adhuc

2271 3595 2624 3664 improperas.
2654 3589 2969 3644 Publicanus
3006 3596 3174 3641 autem
3220 3585 3283 3639 de
3333 3584 3608 3654 longinquo
3637 3573 3799 3631 stabat;

2272 3697 2554 3754 personam
2580 3681 2839 3749 gentium.
2873 3688 2931 3732 ut
2949 3677 3179 3733 diximus
3195 3715 3210 3738 ,
3242 3683 3488 3745 portans,
3511 3670 3628 3739 quia
3651 3670 3804 3733 gentes

2272 3792 2303 3830 a
2346 3776 2456 3830 Deo
2480 3774 2714 3844 peccatis
2742 3772 2951 3839 longius
2979 3770 3317 3833 tenebantur.
3370 3765 3515 3833 Ergo
3541 3762 3605 3816 de
3629 3755 3803 3825 longin-

2271 3881 2380 3935 quo
2406 3864 2603 3929 stabat,
2644 3871 2700 3917 et
2740 3876 2913 3930 neque
2952 3860 3138 3915 oculos
3179 3858 3399 3913 volebat
3445 3855 3512 3910 ad
3556 3846 3810 3908 uelumlc-

2277 3972 2421 4012 vare.
2456 3953 2637 4017 Vides,
2667 3952 2777 4022 jam
2807 3949 3127 4022 postulantis
3157 3946 3216 4002 lit
3241 3948 3345 4005 sibi
3372 3944 3539 4016 judex
3566 3938 3807 3997 conscien-

2272 4048 2380 4109 tia;
2413 4044 2565 4115 punit
2591 4043 2646 4098 in
2673 4042 2958 4109 semetipsa
2982 4046 3221 4109 peccata,
3247 4052 3356 4092 non
3379 4035 3541 4095 audet
3560 4026 3810 4103 proximius

2273 4136 2532 4192 accedere
2556 4175 2570 4199 ,
2622 4148 2728 4188 non
2774 4132 2935 4186 audet
2979 4131 3165 4184 oculos
3206 4127 3273 4183 ad
3303 4128 3505 4183 caelum
3534 4118 3713 4183 levare,
3735 4129 3811 4171 nec

2276 4228 2390 4281 vult
2432 4224 2650 4295 pollutis
2694 4222 2864 4277 oculis
2908 4219 3090 4273 videre
3137 4217 3426 4274 candidam
3474 4216 3675 4273 lucem,
3712 4206 3814 4277 quia

2274 4316 2463 4372 oculos
2504 4315 2556 4368 in
2594 4313 2779 4367 dolore
2827 4311 3031 4381 positos
3075 4310 3165 4363 lux
3206 4323 3398 4363 serena
3452 4299 3740 4375 perstringit
3772 4303 3814 4348 et

2276 4405 2535 4475 percutit;
2569 4403 2798 4469 ideoque
2845 4400 3129 4454 inclinatus
3175 4396 3241 4451 ad
3282 4406 3487 4452 terram
3526 4386 3817 4464 percutiebat

2273 4504 2463 4567 pectus
2489 4509 2642 4549 suum
2668 4491 2853 4546 dicens
2876 4508 2887 4542 :
2920 4489 3083 4557 Deus,
3112 4487 3365 4559 propitius
3394 4496 3506 4540 esto
3529 4483 3648 4538 mihi
3669 4485 3819 4546 ρειωέ

607 4578 772 4646 bitur,
830 4580 914 4647 qui
964 4587 1132 4629 autem
1182 4592 1237 4629 se
1281 4576 1621 4629 humiliarerit
1658 4575 1969 4630 exaltabitur
2009 4573 2170 4645 (an.
2207 4597 2249 4653 ι)
2280 4588 2398 4642 τοι-ί,
2422 4584 2490 4639 Et
2513 4583 2769 4638 Dominus
2806 4582 2917 4651 ait;
2948 4580 3107 4633 Amen
3136 4579 3252 4631 diro
3280 4577 3424 4631 vobis
3447 4616 3462 4640 ,
3495 4568 3819 4628 descendtolif

608 4669 790 4738 ut");
833 4676 887 4720 et
913 4669 997 4737 qui
1025 4667 1279 4720 seminant
1312 4668 1366 4719 in
1394 4666 1635 4736 lacrymis
1652 4707 1665 4729 ,
1697 4668 1751 4719 in
1774 4666 1962 4737 gaudio
1984 4674 2175 4721 metent

589 4743 777 4828 '(Psal.
801 4760 992 4828 cxxv);
1023 4776 1180 4829 prope
1210 4750 1291 4813 est
1310 4774 1521 4829 semper
1541 4758 1792 4813 Dominus
1817 4762 1878 4812 iis
1906 4760 1991 4828 qui
2017 4758 2173 4811 tribu-

529 4900 535 4905 .
610 4859 715 4901 .ato
756 4858 869 4901 sunt
910 4850 1099 4917 corde,
1158 4857 1206 4902 et
1253 4849 1465 4902 humiles
1504 4850 1686 4919 spiritu
1728 4848 1943 4915 saluqbit
1982 4847 2170 4918 (Psal.

612 4941 818 5008 usus).
863 4939 1300 5002 Consideremus,
1334 4938 1553 5003 fratres,
1592 4938 1749 5007 hujus
1787 4938 2029 4992 lectionis
2056 4947 2173 4993 tex-

538 5064 555 5081 .
611 5039 744 5083 tum.
775 5029 1145 5096 Ascenderunt,
1171 5030 1358 5101 inquit,
1382 5032 1434 5083 in
1476 5031 1711 5098 templum
1733 5039 1787 5081 ut
1819 5039 2024 5083 orarent
2050 5030 2178 5100 pha—

611 5121 795 5174 risaeus
833 5128 882 5173 et
918 5118 1233 5189 publicanus.
1285 5119 1427 5175 Bene
1471 5122 1669 5175 dictum
1708 5130 1789 5175 est
1826 5121 2181 5177 ascenderunt

584 5250 629 5287 ν.
712 5249 724 5261 .
806 5249 819 5262 .
902 5250 913 5261 .
993 5249 1005 5261 .
1086 5250 1098 5262 .
1179 5250 1191 5262 .
1460 5252 1473 5264 .
1555 5253 1569 5266 .
1648 5212 2176 5267 .tationeettamen

1641 5304 1730 5371 qui
1760 5302 1915 5370 erigit
1943 5312 2177 5356 mentem

584 5406 762 5472 suam
786 5389 851 5444 ad
880 5390 1047 5444 Deum
1092 5390 1303 5445 nonnisi
1346 5391 1396 5444 in
1447 5393 1743 5445 humilitate
1784 5391 2175 5459 justilicabitur.

614 5479 753 5549 Ergo
774 5481 1175 5538 consideremus
1201 5500 1212 5534 :
1238 5482 1594 5538 ascenderunt
1623 5484 1718 5537 viri
1747 5485 1819 5537 illi
1844 5486 1895 5538 in
1921 5485 2175 5553 templum

615 5583 670 5626 ut
699 5583 934 5630 orarent.
976 5576 1267 5645 pharisaeus
1304 5576 1621 5645 precabatur
1647 5575 1787 5644 apud
1828 5589 1919 5639 se,
1959 5575 2179 5631 dicens:

690 5687 703 5715 ‘
729 5684 803 5738 De
824 5684 1169 5740 Ninivitarum
1183 5686 1495 5751 pmnitentia
1517 5685 1626 5751 agit
1644 5683 1700 5738 S.
1719 5685 1978 5740 Maximus
1997 5688 2046 5741 in
2073 5687 2172 5741 ho-

606 5753 760 5807 milia
789 5768 905 5822 qua:
929 5756 1109 5825 incipit
1143 5773 1153 5807 :
1183 5753 1417 5826 Legimus
1444 5757 1496 5809 in
1536 5754 1815 5824 prophetis,
1852 5773 1961 5810 cum
1988 5755 2177 5813 Niniee

2207 4742 2221 4758 .
2274 4678 2591 4747 justiﬁcatus
2627 4675 2680 4727 in
2702 4673 2907 4726 domum
2944 4685 3091 4724 suam
3114 4708 3127 4731 ,
3177 4670 3345 4739 "sagis
3374 4682 3533 4737 quam
3564 4664 3645 4717 me
3671 4658 3821 4754 ριωνιι

2281 4745 2443 4831 satus;
2465 4766 2585 4837 quia
2613 4764 2779 4818 omnis
2802 4764 2885 4832 qui
2912 4778 2965 4815 se
2992 4760 3186 4814 exultat
3215 4758 3593 4820 humiliabitur,
3614 4762 3662 4807 et
3686 4745 3821 4804 omnis

2283 4860 2369 4930 qui
2396 4873 2449 4910 se
2481 4855 2714 4908 humiliat
2748 4842 3078 4907 multabitur.
3125 4849 3359 4917 ideoque
3388 4857 3449 4903 et
3489 4861 3617 4910 nos,
3642 4840 3821 4898 fratres,

2284 4947 2635 5003 humilitatem
2664 4936 2946 5006 sectemur,
2983 4951 3039 4995 et
3064 4941 3178 4994 miti
3204 4938 3369 4995 corde
3396 4946 3457 4994 et
3488 4933 3671 4992 humili
3694 4937 3823 5001 prece

2286 5038 2512 5094 Domino
2537 5035 2923 5105 supplicemus,
2968 5041 3028 5087 ut
3055 5032 3171 5101 ejus
3199 5028 3582 5085 misericordiae
3604 5020 3823 5080 auxilium

2281 5141 2693 5197 consequamur,
2725 5124 2810 5199 cui
2838 5132 2920 5179 est
2945 5123 3114 5191 gloria
3140 5124 3194 5176 in
3221 5122 3438 5176 ssecuia.
3472 5120 3660 5174 Amen.

2388 5215 2490 5269 IX.
2527 5214 2657 5268 Item
2685 5214 2747 5267 de
2778 5213 2992 5267 lectione
3017 5211 3307 5283 evangelica
3337 5210 3534 5265 Matth.
3566 5223 3671 5271 nt,
3694 5203 3739 5255 l.

2354 5305 2648 5360 Destinavit
2672 5302 2930 5357 Dominus
2956 5301 3110 5356 Jesus
3137 5301 3428 5371 discipulos
3452 5308 3513 5355 ut
3536 5294 3825 5353 adducerem
3866 5316 3871 5319 ·

2282 5399 2345 5452 ad
2378 5413 2436 5452 sc
2458 5398 2658 5467 pullum
2688 5396 2867 5460 asinze,
2902 5396 2953 5448 in
2983 5396 3090 5464 quo
3111 5395 3354 5457 sederet;
3390 5393 3593 5462 quique
3614 5380 3826 5453 discipuli

2284 5491 2553 5544 abierunt.
2587 5488 2655 5542 lIt
2683 5489 3004 5541 invenerunt
3031 5486 3233 5555 pullum
3262 5485 3563 5551 alligatum,
3594 5479 3827 5543 solvente!

2283 5581 2550 5634 duxerunt
2596 5578 2664 5632 ad
2710 5578 3078 5641 Salvatorem,
3139 5584 3196 5631 et
3238 5573 3467 5639 sedebat
3516 5587 3673 5641 suier
3708 5581 3827 5622 eum.

2277 5691 2469 5744 civitati
2494 5691 2751 5744 subt'ersio
2778 5690 3014 5744 diuinitus
3046 5688 3348 5753 immineret,
3371 5697 3483 5743 etc.
3509 5687 3638 5742 item
3660 5681 3825 5740 inalte

2281 5775 2358 5819 ra.
2401 5760 2552 5822 cuius
2595 5760 2799 5816 initium
2835 5778 2845 5812 :
2883 5758 3120 5815 Diximus
3148 5760 3409 5817 anteriore
3445 5758 3720 5816 donunica.
3744 5761 3827 5808 etc.
