4072 6332
297 294 403 350 817

1113 290 1198 346 DE
1233 291 1432 347 CAPIT
1441 290 1592 346 ULIS
1608 272 2166 352 ἘγΑΝδΕιιιοιιωί
2206 298 2711 361 EXPUSITIONES.

3467 311 3564 367 813

297 403 458 475 763
483 401 713 495 Audite,
746 403 972 471 t‘ratres;
1014 405 1185 495 sancti
1225 405 1374 460 [sanae
1413 407 1640 461 vendica
1687 410 1876 463 vatict-
1913 419 1953 471 It
1987 389 2186 469 scatur.
2219 417 2454 472 Curatur
2481 421 2674 476 deinde
2703 424 2866 480 homo
2897 436 3074 481 mutus
3099 435 3156 483 et
3181 427 3406 495 surdus;
3455 429 3564 487 duo

275 495 450 560 natio
479 493 533 550 in
563 493 794 562 Domino
835 503 1020 551 nostro
1065 494 1192 552 Iesu
1230 496 1444 552 Christo
1472 497 1739 566 completa
1769 507 1878 564 est;

295 587 377 642 sic
403 587 548 642 enim
586 587 702 657 ipse
729 586 894 649 Isaias
927 589 1191 658 propheta
1229 589 1418 659 plenus
1458 589 1660 658 Spiritu
1693 598 1880 645 sancto

298 678 510 735 loculus
537 679 710 736 estde
746 680 1056 746 Salvatore,
1091 683 1317 737 dicens:
1353 681 1532 737 Gaude
1568 683 1736 751 valde,
1767 683 1882 753 filia

276 772 432 838 _Sion
454 789 472 826 :
495 788 611 830 ecce
653 771 761 828 Rea:
795 781 914 826 tuus
946 775 1082 828 renit
1110 775 1200 829 tibi
1227 777 1365 829 mitis
1415 785 1464 830 et
1511 775 1642 830 lenis
1698 776 1879 831 sedens

295 878 452 932 super
479 863 677 932 pullum
703 863 868 919 asina:
887 864 1040 933 ,(lsa.
1074 881 1209 930 un;
1239 865 1404 920 Zach.
1429 865 1526 934 is).
1577 866 1717 934 Quid
1745 867 1878 922 dici-

275 971 450 1021 .mus,
491 955 726 1010 fratres?
763 951 944 1012 Primo
989 955 1304 1016 minitantia
1343 968 1427 1014 est
1473 959 1681 1013 Domini
1731 967 1880 1015 tanta

297 1045 612 1111 humilitas;
653 1032 834 1102 sciens
871 1047 1197 1119 supuﬂuum
1225 1063 1346 1104 esse
1379 1051 1638 1105 ambitum
1675 1051 1878 1114 mundi,

295 1151 405 1192 non
434 1137 604 1206 equis-
631 1137 934 1194 delectatus
977 1145 1082 1198 est
1103 1123 1334 1210 superba
1363 1141 1576 1196 cervice
1607 1141 1881 1197 frementi-

295 1228 418 1292 bus,
449 1243 626 1298 neque
654 1228 776 1283 altis
799 1229 1047 1299 passibus
1072 1229 1458 1296 incedentibus,
1485 1231 1578 1286 sed
1608 1232 1728 1286 vilis
1751 1233 1879 1303 pulli

298 1322 467 1380 voluit
487 1321 654 1377 dorso
683 1307 921 1390 vectari,
952 1323 1244 1390 ostendens
1270 1325 1396 1394 quia
1424 1326 1595 1393 magis
1622 1341 1730 1382 non
1770 1327 1881 1385 ela-

296 1419 456 1469 tonet
479 1413 884 1469 extollentesse
904 1456 919 1480 ,
955 1413 1052 1468 sed
1078 1414 1236 1469 mites
1257 1413 1428 1484 diligit
1460 1423 1518 1470 et
1543 1417 1697 1486 quasi
1726 1417 1880 1484 viles,

293 1502 386 1571 qui
415 1503 564 1558 velut
597 1511 834 1560 stercora
863 1503 1043 1559 mundi
1073 1505 1372 1572 habeatur;
1404 1506 1549 1576 quia,
1581 1507 1722 1562 sicut
1751 1507 1882 1563 dicit

293 1593 626 1664 Apostolus:
681 1594 942 1666 Ignobilia
987 1596 1138 1666 hujus
1180 1597 1358 1651 mundi
1404 1598 1555 1668 elegit
1603 1596 1743 1652 Deus
1766 1639 1782 1664 ,
1824 1608 1882 1652 ut

294 1685 582 1758 confundat
610 1687 790 1759 fortia,
819 1697 868 1741 et
893 1672 1097 1758 objecta
1125 1689 1277 1760 elegit
1308 1689 1445 1744 Deus
1473 1707 1589 1762 qua:
1609 1707 1710 1744 non
1738 1701 1878 1757 sunt,

1985 505 2224 559 membra
2253 505 2448 562 debilia
2477 511 2745 581 accipiunt
2773 505 3113 571 medicinam.
3133 515 3356 589 Exspuit
3376 519 3562 576 Domi-

1967 611 2105 664 nus,
2129 605 2186 651 et
2224 599 2398 667 tetigit
2425 600 2660 670 linguam
2690 604 2824 673 ejus,
2858 607 2909 679 i_n
2931 608 3198 663 auriculas
3225 608 3340 679 ejus
3367 609 3566 678 digitos

1985 687 2146 755 misit,
2177 685 2232 742 et
2259 689 2334 743 ait
2359 707 2371 742 :
2405 689 2680 761 Ephetha,
2699 697 2842 764 quod
2866 705 2952 752 est
2976 697 3286 770 adaperire;
3317 709 3374 756 et
3401 717 3562 772 aper-

1986 784 2054 830 L'e
2072 787 2198 832 sunt
2225 781 2480 836 continuo
2506 781 2686 852 janua:
2715 787 2824 842 oris
2851 787 2966 856 ejus
2987 798 3042 844 et
3063 805 3220 846 aures
3244 791 3377 860 ejus.
3411 793 3562 848 Inve-

1985 871 2061 924 nit
2104 887 2207 926 vox
2244 887 2348 942 qua
2394 886 2742 946 erumperet,
2789 879 3106 937 invenerunt
3155 891 3211 938 et
3253 901 3411 940 aures
3455 902 3560 956 qua

1981 975 2172 1016 sonum
2198 963 2463 1020 audirent.
2495 964 2879 1038 Impedimenta
2905 972 3094 1040 lingure
3123 975 3298 1044 fugata
3322 984 3444 1031 sunt
3462 1017 3476 1040 ,
3507 987 3564 1032 et

1983 1053 2190 1107 aurium
2241 1057 2476 1124 tegmina
2523 1059 2851 1116 ceciderunt.
2921 1063 3110 1125 Meruit
3157 1070 3560 1136 perr-n'irabiiia

1983 1142 2366 1202 Salvatoriout
2385 1157 2442 1204 et
2463 1165 2560 1205 ore
2588 1149 2822 1208 Domino
2846 1155 3045 1223 gratias
3073 1169 3257 1226 ageret
3281 1203 3296 1226 ,
3342 1169 3398 1216 et
3442 1178 3562 1218 ver-

1984 1237 2112 1292 bum
2157 1237 2252 1294 Dei
2299 1256 2329 1294 a
2378 1243 2703 1312 pmdicante
2747 1245 2993 1314 audiret;
3053 1248 3212 1304 iidem
3259 1267 3328 1307 ex
3377 1251 3562 1309 auditu

1971 1330 2246 1399 suscepit,
2277 1333 2440 1388 corde
2481 1333 2711 1389 credidit
2737 1335 2806 1389 ad
2823 1335 3562 1406 justitiam,‘etore‘confes-
3609 1365 3616 1371 α

1981 1436 2074 1476 sus
2121 1429 2206 1475 est
2247 1422 2314 1476 ad
2361 1424 2607 1479 salutem.
2655 1425 2792 1493 Quid
2833 1435 2889 1482 et
2929 1429 2997 1484 de
3034 1433 3210 1487 ρωοοῖ
3247 1431 3482 1490 Curatur
3507 1445 3563 1491 et

1983 1526 2174 1576 ca'cus,
2203 1512 2503 1570 claritatem
2534 1515 2792 1572 luminum
2820 1535 2920 1589 per
2944 1535 3136 1576 manus
3157 1522 3351 1594 accipit
3371 1524 3560 1581 Salva-

1985 1601 2154 1656 toris:
2202 1602 2400 1658 cedunt
2444 1605 2630 1662 lumini
2659 1608 2924 1677 tenebrae,
2973 1619 3028 1666 et
3056 1611 3339 1668 virtutibus
3365 1613 3558 1671 Christi

1985 1694 2162 1748 omnis
2187 1695 2401 1751 accitas
2420 1695 2714 1766 ell'ugatur;
2745 1701 2988 1756 redditur
3009 1703 3336 1760 desideranti
3359 1704 3560 1774 lumen,

291 1787 348 1832 ut
376 1795 490 1852 qua:
515 1789 636 1834 sunt
663 1779 945 1834 destrueret
974 1779 1030 1852 (I
1057 1779 1177 1836 Cor.
1213 1782 1272 1850 ι).
1331 1781 1472 1852 Ergo
1495 1782 1769 1838 adducunt
1795 1783 1879 1838 di-
1917 1792 1954 1848 Β
1985 1795 2040 1840 et
2085 1793 2192 1840 tam
2255 1787 2402 1842 claro
2447 1789 2734 1858 splendore
2778 1803 3033 1864 percepto
3057 1835 3072 1860 ,
3116 1797 3328 1851 lmtatur
3370 1813 3563 1863 aecus,

291 1871 482 1942 scipuli
533 1873 737 1942 pullum
766 1873 960 1940 asinae,
1004 1875 1276 1932 solventes
1305 1893 1446 1932 cum.
1489 1875 1582 1932 Est
1608 1877 1697 1932 hic
1722 1877 1882 1933 caris-

291 1966 436 2032 simi,
466 1965 668 2034 grande
701 1968 1038 2038 mysterium.
1089 1966 1270 2023 Pnilus
1309 1971 1408 2024 iste
1449 1970 1612 2024 asina:
1639 1969 1879 2038 gentium

293 2057 523 2128 populus
547 2058 880 2127 intelligitur,
917 2060 1009 2128 qui
1047 2059 1166 2115 vilis
1193 2069 1248 2114 et
1291 2060 1542 2129 abjectus'
1561 2061 1876 2128 habebatur,

289 2159 348 2205 et
373 2149 570 2219 ligatus
608 2153 890 2207 tenebatur
927 2153 1153 2209 vinculis
1187 2163 1566 2224 peccatorum;
1597 2154 1821 2210 Solvitur
1847 2169 1876 2208 a

289 2239 566 2311 discipulis
593 2251 865 2313 pnecepto
885 2243 1104 2299 Domini
1137 2245 1203 2299 ad
1233 2245 1459 2300 salutem
1490 2255 1546 2300 et
1574 2247 1877 2300 libertatem

290 2333 536 2400 gentium
561 2334 874 2398 destinatis,
905 2343 960 2390 et
989 2333 1278 2391 adducitur
1316 2335 1382 2390 ad
1409 2336 1727 2404 obsequimn
1756 2334 1876 2390 Sal-

292 2424 520 2490 vatoris,
547 2424 598 2480 id
628 2433 712 2480 est
739 2426 807 2480 ad
851 2424 970 2481 lidei
1001 2427 1312 2498 mysterium
1335 2470 1350 2493 ,
1389 2434 1450 2480 ut
1473 2435 1653 2506 portet
1681 2427 1733 2481 in
1763 2441 1879 2482 sese

294 2517 611 2585 Dominum,
642 2528 805 2590 atque
845 2521 896 2574 in
926 2537 992 2576 eo
1021 2522 1326 2592 requiescat
1354 2529 1408 2576 et
1432 2523 1670 2588 habitet;
1709 2523 1879 2578 lactu-

292 2623 386 2663 rus
413 2621 512 2678 per
547 2625 700 2664 suam
741 2610 1054 2679 dignitatem
1106 2611 1176 2666 de
1205 2613 1459 2668 vilissima
1494 2613 1652 2684 plebe
1677 2615 1879 2684 pretio-

289 2701 560 2756 sissimum
587 2703 866 2773 p0pnium,
897 2717 1066 2773 genus
1111 2704 1290 2772 regale
1329 2713 1490 2774 atque
1516 2703 1876 2773 sacerdotale,

289 2802 350 2848 ut
371 2807 564 2863 segnes
591 2803 749 2851 antea
772 2797 980 2852 animos
1010 2795 1246 2866 vigilanti
1269 2807 1536 2868 praecepto
1564 2807 1875 2868 componat,

284 2893 347 2940 et
373 2885 604 2942 honesto
625 2873 1076 2957 devotionisjugo
1093 2890 1393 2952 submittat,
1419 2898 1475 2944 ut
1494 2891 1594 2945 sibi
1616 2891 1872 2954 serviant,

283 2985 345 3031 et
374 2976 430 3030 in
471 2977 664 3046 quibus
689 2977 878 3033 sedeat
902 2978 1188 3044 Dominus,
1226 2996 1256 3033 a
1287 2980 1492 3035 ueteris
1519 2980 1873 3047 honorantur,

1982 1875 2246 1946 erigitque
2270 1879 2460 1936 oculos
2487 1889 2708 1952 apertos
2735 1883 2803 1938 ad
2831 1885 3047 1952 omium,
3077 1894 3132 1942 et
3153 1887 3365 1944 dulcem
3393 1891 3562 1946 visum

1981 1970 2282 2040 accipiens,
2325 1973 2526 2042 gratias
2569 1976 2805 2031 omnium
2830 1976 3028 2033 referet
3056 1979 3165 2036 Deo
3191 1999 3204 2034 :
3236 1982 3288 2036 in
3319 1984 3563 2041 manibus

1979 2060 2178 2116 Christi
2204 2064 2383 2118 omnia
2407 2063 2664 2121 beneﬁcia
2697 2077 2936 2123 manent.
2968 2068 3234 2140 impositis
3262 2074 3436 2142 primo
3455 2089 3562 2130 ma-

1982 2152 2139 2208 nibus
2161 2192 2176 2217 ,
2224 2155 2590 2224 interrogabat
2628 2174 2825 2213 czeeum
2854 2161 2898 2214 si
2929 2161 3127 2230 aliquid
3157 2163 3380 2219 videret.
3433 2167 3520 2222 Ait
3546 2187 3557 2220 :

1993 2245 2149 2300 Video
2178 2247 2406 2303 homines
2435 2251 2566 2303 sicut
2607 2251 2816 2307 arbores
2855 2253 3174 2310 ambulantes
3195 2255 3388 2327 (Marc.
3421 2263 3555 2329 Vill).

1981 2335 2168 2394 Adhuc
2184 2339 2404 2393 nutabat
2419 2340 2762 2406 visus,adhuc
2781 2345 3046 2413 caligabat
3059 2356 3326 2416 aspectus.
3359 2349 3560 2406 Deinde

1981 2428 2176 2482 iterum
2207 2429 2474 2501 impositis
2503 2434 2768 2500 manibus,
2799 2446 3012 2493 remoto
3034 2441 3186 2495 ‘omni
3217 2442 3558 2499 tenebrarum

1977 2535 2182 2600 errore,
2205 2521 2385 2577 lumen
2409 2524 2612 2579 clarum
2632 2527 2782 2581 suavi
2819 2527 3103 2598 splendore
3125 2533 3378 2603 suscepit.
3422 2531 3558 2590 lluie

1979 2613 2206 2669 Domino
2231 2623 2416 2671 nestro
2429 2615 2555 2673 Jesu
2568 2617 2784 2678 Christo
2798 2635 3012 2691 semper
3024 2623 3222 2692 gratias
3243 2625 3556 2690 referamus,

1977 2705 2066 2759 cui
2097 2705 2380 2775 impcrimu
2413 2709 2464 2762 in
2492 2709 2685 2762 sarcula
2715 2711 3050 2767 smculorum.
3081 2713 3272 2768 Amen.

2081 2792 2188 2850 XI.
2225 2795 2358 2850 Item
2387 2798 2450 2851 de
2483 2798 2698 2854 lectione
2723 2803 3014 2873 evangelica
3042 2802 3210 2860 Marc.
3238 2813 3331 2870 x’n,
3361 2805 3450 2862 42.

2049 2882 2349 2939 Recitatum
2379 2894 2464 2941 est
2490 2887 2652 2944 hodie
2674 2928 2688 2953 ,
2737 2891 2860 2958 quia
2889 2905 3010 2946 cum
3046 2892 3302 2950 Dominus
3332 2897 3560 2956 sedisset

1977 2979 2028 3032 in
2059 2980 2260 3050 templo
2289 2989 2478 3036 contra
2503 2983 2965 3056 gazophylacium,
2994 2986 3126 3042 vidit
3145 2989 3326 3045 turbas
3347 2989 3559 3058 jactan-
3593 3045 3606 3056 ,

285 3069 450 3123 sicuti
473 3067 635 3124 hodie
659 3069 900 3124 videmus
929 3070 981 3124 in
1009 3069 1216 3126 honore
1240 3070 1444 3125 Domini
1468 3069 1777 3140 religiosos,
1819 3081 1875 3126 et
1973 3079 2058 3126 tes
2088 3071 2138 3126 in
2168 3073 2584 3144 gazophylacio;
2633 3082 2689 3129 et
2725 3073 2917 3131 divites
2960 3078 3126 3132 multa
3163 3077 3295 3134 vidit
3322 3083 3556 3150 mittere,

275 3161 432 3230 inse
459 3161 729 3216 Christum
771 3170 1074 3231 gestantes,
1107 3171 1269 3232 atque
1298 3163 1352 3218 in
1379 3164 1619 3222 moribus
1641 3164 1758 3233 ejus
1785 3163 1870 3218 di-
1899 3156 1945 3220 C
1975 3169 2030 3214 et
2066 3176 2226 3215 unam
2271 3162 2486 3217 viduam
2535 3167 2914 3234 pauperculam
2961 3167 3253 3236 iactantem
3295 3170 3404 3226 dno
3450 3188 3559 3230 tera

285 3254 577 3324 sciplinam
606 3254 866 3309 habentes
891 3269 922 3308 a
953 3254 1162 3309 caneris
1188 3254 1436 3324 plebibus
1463 3254 1738 3310 honorari.
1765 3255 1876 3310 Deo

286 3347 513 3415 gratias.

287 3435 367 3490 Χ.
412 3436 540 3492 Item
568 3437 874 3493 delectione
920 3439 1088 3492 sancti
1120 3435 1390 3510 Evangelii
1419 3437 1606 3492 Matth.
1641 3454 1750 3500 xw,
1785 3436 1872 3491 20.

370 3527 614 3583 Recitata
643 3537 726 3583 est
759 3528 920 3584 lectio
949 3529 1038 3583 ubi
1079 3527 1328 3584 Salvator
1367 3529 1436 3584 de
1460 3529 1696 3599 quinque
1724 3528 1878 3599 pani-

288 3619 402 3674 bus
425 3621 688 3674 saturavit
710 3619 946 3690 quinque
973 3618 1139 3674 millia
1167 3619 1466 3688 hominum,
1497 3628 1569 3704 et.
1581 3620 1650 3674 de
1670 3619 1880 3675 duobus

288 3709 535 3781 piscibus
559 3719 672 3776 ,.et
713 3710 928 3765 collecti
969 3718 1094 3766 sunt
1138 3710 1421 3766 duodecim
1467 3710 1684 3780 cophini
1713 3710 1873 3779 pleni.

290 3799 506 3857 Deinde
551 3800 693 3870 quod
741 3801 936 3855 iterum
981 3800 1050 3856 de
1086 3808 1292 3870 septem
1353 3801 1578 3872 panibus
1623 3800 1880 3855 saturavit

285 3901 531 3962 quatuor
577 3893 741 3948 millia
787 3893 1091 3958 liotninum,
1130 3903 1186 3949 et
1223 3894 1461 3949 collecta:
1508 3903 1634 3949 sunt
1673 3901 1878 3962 septem

286 3991 497 4052 asporta:
535 3983 710 4054 plena:
752 3982 1192 4052 fragmentorum.
1242 3983 1474 4039 Curatur
1494 3995 1550 4051 et
1577 3985 1741 4040 homo
1763 4000 1880 4038 inn-

288 4083 404 4137 tus,
435 4081 492 4128 et
517 4071 752 4128 surdus:
789 4070 1010 4143 Exspuit
1048 4073 1330 4138 Dominus,
1373 4082 1424 4126 et
1463 4074 1627 4143 tetigit
1650 4073 1878 4144 linguam

283 4167 436 4236 ejus,
456 4179 506 4218 et
531 4166 670 4219 misit
699 4165 888 4236 digitos
910 4165 962 4219 in
986 4166 1249 4226 auriculas
1276 4165 1390 4234 ejus
1413 4181 1430 4217 :
1461 4174 1511 4218 et
1537 4165 1796 4234 aspiciens
1824 4165 1878 4217 in

285 4257 483 4312 caelum
509 4257 778 4327 ingemuit,
806 4265 856 4310 ct
884 4257 994 4310 ait:
1026 4254 1289 4324 Ephetha,
1327 4256 1462 4327 quod
1481 4265 1560 4309 est
1578 4255 1876 4324 adaperire;

282 4357 343 4401 et
363 4347 590 4406 solutum
610 4357 688 4400 est
707 4347 962 4400 uinculum
982 4347 1175 4418 lingua:
1196 4345 1328 4416 ejus,
1351 4356 1400 4400 et
1419 4355 1614 4414 aperta:
1635 4355 1753 4399 sunt
1779 4362 1878 4399 au-

285 4454 380 4491 res
403 4436 535 4506 ejus,
557 4446 606 4490 et
627 4437 927 4495 loquebatur
945 4445 1082 4490 recte
1110 4434 1303 4507 (Marc.
1335 4438 1448 4505 vn).
1495 4435 1664 4491 Curat
1688 4443 1744 4490 et
1770 4451 1878 4492 ca:-

1980 3251 2202 3304 minuta.
2239 3249 2306 3304 Et
2335 3268 2620 3308 convocans
2649 3254 2927 3325 discipulos
2958 3273 3076 3312 suos
3105 3259 3182 3312 ait
3211 3259 3318 3314 illis
3339 3278 3357 3314 :
3397 3261 3558 3318 Amen

1979 3341 2096 3396 dico
2125 3340 2262 3396 robis
2284 3381 2300 3408 ,
2330 3345 2572 3413 quoniam
2614 3344 2767 3398 vidua
2809 3345 2919 3400 haec
2949 3363 3146 3418 pauper
3190 3349 3304 3420 plus
3326 3351 3559 3406 omnibus

1980 3437 2138 3489 misit.
2172 3431 2362 3490 Omnes
2394 3437 2532 3490 enim
2574 3455 2641 3492 ea:
2676 3455 2734 3492 eo
2774 3437 2910 3509 quod
2952 3438 3048 3493 sibi
3085 3441 3363 3496 abunda:it
3405 3447 3558 3498 mise-

1977 3536 2130 3594 runt;
2153 3528 2262 3583 hac
2291 3545 2407 3583 rere
2449 3528 2512 3582 de
2557 3531 2772 3599 pecunia
2812 3547 2910 3584 sua
2953 3547 3154 3586 omnem
3192 3550 3338 3604 quem
3383 3533 3560 3589 habuit

1980 3619 2163 3673 victum
2183 3621 2345 3674 misit.
2375 3618 2422 3674 0
2449 3629 2744 3683 amatorem
2772 3621 3172 3689 misericordize,
3203 3623 3295 3692 qni
3325 3640 3432 3680 non
3461 3641 3556 3680 co-

1979 3711 2096 3782 pias
2121 3711 2379 3778 divitum,
2418 3699 2512 3767 sed
2551 3727 2845 3782 pauperum
2873 3713 3053 3768 laudat
3077 3716 3380 3782 angustias!
3412 3715 3560 3788 Opus
3601 3737 3612 3750 -

1979 3803 2246 3874 praecipue
2273 3803 2612 3874 paupercula:
2641 3803 2801 3876 765
2827 3817 2941 3873 pra:
2973 3805 3183 3860 creteris
3209 3805 3556 3861 commenda-

1979 3893 2082 3958 vit;
2132 3900 2188 3948 et
2229 3894 2369 3949 inter
2405 3893 2786 3948 abundantiam
2823 3893 3005 3964 copias
3029 3895 3150 3964 plus
3177 3895 3356 3950 valere
3383 3896 3560 3952 modi~

1980 4000 2137 4042 cum:
2187 3984 2440 4054 quoniam
2488 3985 2554 4054 ab
2585 3983 2676 4038 illo
2706 4000 2814 4038 non
2841 3983 3126 4040 multitudo
3162 3985 3433 4054 pecuniae,
3463 3985 3578 4062 sed.

1981 4075 2177 4129 mentis
2221 4073 2437 4129 devotio
2481 4075 2885 4144 comprobatur.
2933 4076 2979 4128 0
3025 4074 3241 4130 beatam
3279 4075 3560 4145 etjustam

1979 4165 2212 4228 viduam.
2239 4178 2359 4233 qum
2387 4165 2581 4219 meruit
2609 4173 2734 4220 ante
2757 4153 2943 4234 iudicii
2965 4165 3105 4221 diem
3129 4166 3364 4222 laudari!
3417 4167 3561 4224 Misit

1981 4254 2034 4309 in
2055 4254 2439 4324 gazophylaeio
2466 4271 2571 4309 azra
2601 4257 2804 4310 minuta
2833 4255 2962 4320 duo,
2992 4265 3048 4310 et
3075 4257 3295 4312 tantilla:
3323 4258 3560 4312 eleemo—
3590 4245 3598 4250 ’

1982 4359 2126 4416 synae
2154 4359 2378 4400 munere
2395 4385 2410 4409 ,
2455 4359 2703 4413 magnum
2731 4345 2995 4401 mercedis
3019 4346 3298 4414 praemium
3325 4346 3558 4414 acquisi-

1962 4429 2088 4501 ‘vit;
2121 4443 2204 4499 et,
2237 4443 2296 4489 ut
2322 4435 2452 4489 mihi
2480 4435 2712 4500 videtur,
2746 4433 2955 4489 duobus
2983 4435 3131 4496 istis,
3165 4434 3314 4488 velut
3336 4434 3557 4502 quibus-

283 4541 424 4598 eum
471 4525 736 4595 impositis
767 4525 1026 4580 'manibus
1048 4566 1063 4588 ,
1113 4535 1170 4580 et
1208 4535 1432 4580 caeteras
1459 4527 1686 4580 virtutes
1713 4524 1880 4580 efficit
1905 4531 1956 4592 ι)
1981 4526 2104 4580 dam
2151 4525 2377 4604 duabus-
2405 4526 2504 4580 alis
2551 4525 2760 4578 elevata
2793 4534 2953 4592 atque
2991 4539 3248 4594 suspensa
3272 4524 3337 4577 ad
3367 4525 3557 4578 altiora

282 4615 613 4670 sanitatum.
650 4612 888 4683 Ubique,
919 4613 1141 4675 fratres,
1193 4614 1438 4674 Christus
1476 4614 1734 4669 Dominus
1755 4627 1876 4667 om-

285 4706 458 4762 nibus
479 4713 562 4760 est
603 4705 831 4768 sanitas,
862 4720 1050 4759 omnes
1077 4704 1270 4773 pascit,
1295 4702 1460 4775 765.
1484 4719 1673 4758 omnes
1701 4710 1875 4767 curat,

282 4811 492 4853 ornnes
518 4795 754 4850 vivitieat
776 4837 792 4862 ,
821 4809 1009 4854 omnes
1051 4793 1301 4848 subvenit
1324 4835 1340 4860 ,
1388 4794 1636 4848 oumibus
1663 4793 1881 4848 misere-

281 4901 410 4954 tur,
433 4897 621 4960 utpote
647 4888 788 4948 Deus
815 4887 989 4946 omnis
1014 4878 1291 4948 creatum,
1321 4885 1411 4953 qui
1439 4901 1469 4938 a
1499 4883 1659 4940 Patre
1685 4885 1881 4940 missus

283 4978 549 5046 imaginis
594 4993 704 5033 sua:
749 4978 966 5032 dolores
988 5016 1004 5040 ,
1055 4976 1202 5030 varia
1248 4974 1555 5029 morborum
1594 4975 1880 5030 vexatione

281 5081 541 5137 remota,
572 5087 763 5128 curare
795 5071 1044 5139 dignatus
1079 5076 1179 5124 est.
1224 5068 1500 5123 Benedicit
1545 5083 1710 5137 panes
1736 5066 1878 5136 pari-

277 5175 490 5234 terque
513 5172 570 5218 et
594 5165 768 5234 pisces
784 5202 800 5227 ,
844 5171 902 5218 ut
948 5161 1256 5217 ostenderet
1289 5175 1346 5215 se
1367 5175 1486 5214 esse
1507 5168 1662 5214 terra:
1691 5159 1880 5214 nitaris-

272 5271 408 5329 que
429 5256 675 5331 opilleem
698 5296 714 5321 ,
759 5255 852 5324 qui
880 5255 1060 5312 omnia
1089 5263 1144 5308 et
1171 5253 1222 5306 in
1255 5253 1442 5326 terris,
1467 5261 1523 5306 et
1543 5253 1596 5306 in
1621 5253 1774 5320 aquis
1799 5251 1893 5306 di~.

279 5348 426 5403 vina
454 5345 696 5414 largitate
723 5344 986 5399 concedit.
1021 5341 1309 5398 Duodecim
1333 5341 1566 5410 cophini,
1598 5346 1652 5395 et
1673 5349 1878 5410 septem

271 5443 472 5516 plena:
518 5439 843 5506 colliguntur
883 5431 1098 5506 sperne,
1142 5442 1201 5489 ut
1221 5442 1275 5489 et
1298 5433 1669 5502 apostolorum
1693 5446 1881 5486 nume-

273 5547 394 5590 rus
439 5540 495 5590 et
541 5529 900 5612 Ecelesiarum
941 5527 1188 5596 largitate
1229 5524 1425 5580 Christi
1455 5523 1750 5578 exuberare
1775 5535 1878 5594 no:

1981 4618 2246 4687 pervenit.
2292 4616 2501 4670 Invenit
2539 4615 2717 4668 locum
2748 4615 2800 4668 in
2829 4615 2994 4678 cmlo,
3025 4614 3444 4682 qun-angustias
3472 4624 3558 4669 to-

1983 4709 2190 4762 lerabat
2217 4709 2268 4762 in
2294 4707 2511 4762 saeculo.
2556 4707 2612 4760 in
2641 4716 2932 4776 conspectu
2957 4705 3340 4778 discipulorum
3370 4715 3428 4762 et-
3449 4707 3560 4763 Do-

1980 4801 2156 4855 minus
2183 4795 2426 4855 exhibuit
2459 4799 2848 4862 testimonium,
2889 4806 2948 4852 ut
2974 4798 3229 4868 probaret
3256 4799 3418 4853 etiam
3447 4799 3561 4854 exi-

1979 4907 2136 4959 guam
2174 4891 2570 4960 eleemosynam
2605 4901 2850 4957 magnam
2887 4888 3027 4959 apud
3067 4888 3350 4944 Dominum
3379 4905 3440 4946 se
3460 4891 3560 4944 ha-

1985 4983 2113 5036 bere
2158 4979 2498 5044 mercedem;
2564 4979 2706 5049 quod
2751 4979 2881 5034 dicit
2933 4988 2990 5035 ct
3035 4978 3562 5050 beatus-Apostolus

1984 5071 2238 5140 (ninnium
2269 5073 2283 5102 ¹
2315 5071 2400 5142 qui
2429 5070 2569 5140 large
2594 5071 2852 5136 seminat,
2895 5071 3124 5142 large-et
3161 5079 3348 5137 metu;
3389 5081 3440 5126 et
3474 5073 3576 5142 qui'

1985 5163 2204 5215 seminat
2240 5162 2292 5214 in
2335 5159 2685 5214 benedictione
2707 5199 2722 5222 ,
2753 5161 2809 5214 in
2838 5159 3186 5216 benedictione
3212 5172 3264 5215 et
3293 5171 3444 5215 metet
3471 5159 3561 5232 (II

1985 5254 2104 5310 Cor.
2131 5255 2228 5322 vx).
2272 5252 2510 5307 Hilarem
2540 5252 2684 5307 enim
2743 5252 2986 5308 datorem
3034 5254 3206 5321 diligit
3247 5253 3420 5318 Deus;
3467 5254 3558 5322 qui

1982 5345 2124 5398 enim
2173 5344 2476 5406 miseretur,
2523 5337 2944 5398 misericordiam
2977 5351 3354 5411 consequetur,
3385 5351 3441 5397 et
3466 5343 3558 5410 qui

1983 5433 2344 5490 communicat
2371 5431 2752 5502 indigentibus,
2783 5417 3092 5488 coelestibus
3118 5431 3351 5500 prtemiis
3379 5445 3558 5484 eumu-

1983 5524 2139 5578 Iatur.
2171 5521 2358 5580 Junior
2385 5521 2686 5593 fui,‘inquit
2707 5521 2896 5588 David,
2935 5530 2983 5574 et
3022 5521 3197 5584 senui,
3245 5529 3296 5573 et
3331 5534 3436 5574 non
3457 5519 3586 5576 ridi'

359 5693 384 5728 ι
432 5689 706 5756 Ouiparce
739 5670 995 5765 seminat,
1016 5705 1168 5756 parce
1195 5698 1242 5744 et
1278 5696 1428 5744 metet
1443 5724 1472 5754 ,_
1489 5692 1596 5741 etc.
1625 5683 1703 5742 ita
1729 5684 1976 5752 Vulgata.
