4072 6332
588 321 696 379 819
1819 314 1874 370 S.
1916 313 2161 370 MAXIM]

2201 274 2654 371 Taunlueums
3697 326 3777 384 διο

588 437 780 506 justum
806 435 1101 505 derelictum
1120 475 1132 499 ,
1175 447 1337 504 neque
1374 444 1546 485 semen
1576 428 1688 498 ejus
1707 443 1941 497 querens
1968 442 2173 496 panem.
2205 428 2256 488 Α
2282 437 2403 497 gent
2446 428 2533 499 qui
2578 426 2712 482 bona
2757 436 3021 499 gesserunt
3064 429 3120 483 in
3169 416 3566 486 resurrectionem
3587 436 3699 503 vita,
3715 442 3787 511 qui

590 529 723 585 'lota
742 528 827 583 die
854 528 1121 582 miseretur
1148 510 1205 580 et.
1222 521 1516 578 commodat
1538 562 1554 586 ,
1597 530 1647 575 et
1676 536 1844 587 semen
1863 520 1976 591 ejus
2012 519 2065 573 in
2090 517 2176 573 be-
2277 527 2449 573 autem
2484 520 2627 574 mala
2662 520 2720 574 in
2747 520 3174 575 resurrectionem
3198 518 3383 590 judicii
3411 519 3569 591 (Joan.
3600 524 3664 597 ν).
3699 527 3780 599 Ipsi

590 618 880 672 nedictione
899 618 997 671 erit
1016 614 1188 686 (Psal.
1220 612 1425 685 xxxvn).
1462 611 1618 671 Unde
1644 611 1835 667 beatus
1858 609 2022 666 Isaias
2045 624 2175 679 pro-
2275 609 2445 678 gloria
2471 618 2528 664 et
2549 609 2832 680 imperium
2860 610 2913 665 in
2942 610 3156 666 secula.
3188 610 3375 666 Amen.
3759 661 3769 677 ,

589 708 754 778 pheta
799 717 1109 765 commonet
1155 707 1467 771 universos,
1518 713 1575 761 et
1598 706 1844 760 hortatur
1872 701 1941 757 ad
1967 702 2178 758 miseri-
2348 698 2523 754 XIII.
2558 698 2690 754 Item
2719 701 2784 755 de
2820 711 3001 757 sancto
3028 700 3311 773 Evangelia
3335 701 3512 757 Matth.
3542 721 3666 775 xm,
3687 708 3730 763 'I.
3761 690 3765 695 ’

590 801 787 856 cordia:
842 815 1006 871 opera
1030 840 1045 863 ,
1107 798 1291 854 dicens
1325 816 1336 850 :
1382 799 1396 829 ¹
1442 795 1657 867 Frange
1701 795 1946 850 esurienti
1992 809 2177 863 panem
2348 790 2559 847 Dictum
2585 800 2669 848 est
2695 792 2843 864 quia,
2863 793 3243 850 discumbente‘
3256 792 3475 851 Domino
3501 798 3548 852 in
3572 800 3786 867 convivio,

588 903 763 957 tuam,
810 902 862 946 et
893 907 1079 963 egenos
1108 880 1225 945 sine.
1250 898 1378 945 tecto
1398 888 1554 943 induc
1590 889 1645 942 in
1673 887 1881 942 domum
1902 895 2063 940 tuam.
2116 884 2178 940 Si
2277 887 2428 952 venit
2451 886 2697 956 quaedam
2725 886 2918 942 mulier
2952 887 3223 958 peccatrix
3242 928 3257 953 ,
3291 897 3501 958 portans
3525 891 3787 948 alabastrum

590 984 774 1039 videris
804 985 1016 1048 nudum,
1041 984 1186 1043 vesti,
1220 991 1270 1035 et
1298 980 1603 1036 domesticos
1623 981 1832 1034 seminis
1855 980 1927 1033 tui
1955 995 2055 1033 non
2086 976 2177 1031 de-
2278 978 2573 1046 unguenti,
2622 986 2678 1033 et
2722 984 2870 1033 stans
2896 977 2966 1032 ad
2986 979 3211 1047 vestigia
3243 978 3479 1055 Domini,
3508 981 3789 1054 lacrymisri-

590 1075 793 1145 spicies.
839 1073 980 1145 Tunc
1020 1082 1248 1140 erumpet
1296 1081 1684 1140 temporaneum
1731 1070 1904 1123 lumen
1938 1077 2100 1129 tuum,
2130 1077 2181 1122 et
2279 1070 2443 1139 gabat
2468 1069 2585 1139 ejus
2609 1069 2775 1140 pedes
2796 1111 2811 1135 ,
2861 1077 2917 1145 et
2955 1070 3165 1140 capillis
3194 1071 3463 1140 tergebat,
3490 1081 3541 1127 et
3565 1073 3790 1129 osculaba-

591 1168 888 1221 uestimenta
912 1175 998 1219 tua
1027 1165 1129 1219 cito
1157 1164 1405 1228 orientur,
1436 1171 1485 1216 et
1507 1159 1710 1233 prteibit
1733 1170 1855 1215 ante
1874 1170 1924 1214 te
1941 1160 2177 1230 justitia;
2278 1169 2387 1226 tur,
2413 1170 2471 1216 et
2497 1170 2772 1230 unguento
2816 1161 3068 1230 tingebat.
3128 1161 3246 1218 Non
3287 1162 3510 1218 audebat
3534 1178 3588 1219 se
3610 1166 3792 1220 sanctis-
3823 1231 3827 1234 ι

592 1259 809 1312 claritas
839 1257 941 1311 Dei
988 1254 1328 1311 circumdabit
1380 1265 1428 1309 te
1472 1253 1626 1325 (lsai.
1662 1254 1832 1323 LVIII),
1880 1261 1936 1307 et
1961 1260 2174 1307 cetera.
2280 1252 2749 1324 simisaspectibus
2772 1252 3111 1324 impudenter
3130 1254 3520 1321 ingerere;nec
3540 1255 3587 1309 in
3608 1255 3794 1311 tenebris

590 1346 752 1416 Ergo,
784 1347 1010 1413 fratres,
1034 1346 1104 1401 de
1132 1360 1241 1415 quo
1283 1344 1540 1411 Dominus
1566 1344 1746 1413 largiri
1775 1343 2046 1412 dignatur,
2078 1340 2176 1396 de-
2280 1342 2575 1400 constituta
2602 1351 2987 1414 peccatorum,
3032 1344 3300 1399 tantillum
3343 1343 3395 1399 in
3430 1345 3508 1420 bis
3530 1353 3713 1415 poterat
3730 1362 3794 1401 ra-

590 1453 713 1494 mus
735 1439 997 1494 esurienti
1026 1440 1224 1504 cibum,
1250 1440 1450 1496 sitienti
1470 1448 1656 1510 potum
1677 1480 1692 1505 ,
1722 1438 1865 1493 nudo
1891 1437 2177 1493 indumen-
2280 1432 2401 1490 dios
2426 1434 2691 1489 sustinere
2709 1474 2724 1498 ,
2755 1433 2851 1489 sed
2879 1433 2948 1489 ad
2974 1433 3142 1505 pedes
3166 1436 3346 1490 stabat
3372 1436 3682 1492 novissimam
3704 1452 3798 1507 par-

593 1538 736 1595 tum,
767 1531 1055 1599 peregrino
1093 1532 1416 1601 hospitium,
1448 1530 1663 1586 intirmo
1696 1530 2044 1586 exhibeamus
2086 1529 2182 1584 mi—
2282 1535 2394 1581 tem
2422 1525 2545 1595 ejus‘
2561 1526 2806 1597 corporis
2847 1526 3115 1595 adorans,
3161 1536 3218 1583 et
3253 1528 3401 1583 velut
3425 1529 3518 1584 sub
3544 1529 3797 1585 umbraculo

590 1618 872 1675 nistcrium
896 1662 912 1687 ,
946 1618 1147 1678 afflicto
1170 1621 1456 1686 solatium,
1488 1622 1543 1675 in
1569 1618 1955 1691 gazophylacio
1975 1661 1990 1685 ,
2016 1626 2177 1689 prout
2281 1615 2478 1686 pedum
2506 1615 2842 1684 refrigerium
2878 1617 3036 1689 767
3065 1626 3410 1688 peccatorum
3447 1634 3645 1675 suorum
3678 1619 3799 1675 ardo-

592 1709 852 1777 ralemus,
881 1712 1077 1782 saepius
1101 1727 1415 1783 operemur;
1447 1711 1588 1768 oculi
1618 1710 1762 1765 enim
1792 1709 2004 1764 Domini
2032 1723 2177 1764 sem—
2281 1709 2430 1765 ribus
2450 1709 2837 1779 conquirebat;
2880 1708 3107 1765 credens
3133 1710 3394 1780 quoniam
3418 1726 3602 1781 corpus
3624 1720 3799 1781 propter

593 1817 689 1872 per
710 1818 812 1857 nos
837 1804 1115 1860 intuentur
1142 1818 1463 1874 semperque
1487 1802 1701 1866 adsunt,
1726 1810 1783 1857 et
1809 1803 1861 1856 in
1882 1801 2032 1857 omni
2058 1800 2178 1857 loco
2209 1794 2255 1853 Β
2283 1799 2656 1855 remissionem
2692 1807 3041 1871 peccatorum
3075 1810 3420 1871 susceperat,
3460 1802 3611 1871 pedes
3633 1801 3798 1856 oscula-

592 1894 938 1964 speculantur
982 1895 1156 1951 bonos
1182 1903 1239 1951 et
1267 1894 1438 1950 malos
1460 1933 1477 1959 ,
1527 1892 1786 1949 reddituri
1815 1891 2180 1961 unusquisque
2284 1890 2461 1957 batur,
2511 1900 2568 1947 et
2615 1891 2865 1963 lacrymis
2908 1891 3162 1959 irrigabat
3184 1933 3200 1959 ,
3249 1902 3305 1947 et
3353 1891 3581 1960 tergebat
3618 1891 3797 1962 capillis,

594 1984 863 2040 rationem
906 1985 1202 2042 secundum
1249 2000 1416 2056 opera
1462 1984 1579 2055 ejus
1609 2003 1621 2038 :
1666 1984 1766 2055 ipsi
1795 1984 1969 2055 gloria
1993 1983 2046 2039 in
2077 1999 2178 2040 ειε-
2268 1977 2478 2052 quibus
2504 1982 2829 2052 peragrabat
2853 1982 3062 2037 diversa
3093 1982 3231 2049 loca,
3264 1988 3320 2038 et
3337 1998 3458 2039 sesc
3478 1983 3668 2039 cunctis
3687 1980 3801 2036 inlit-

597 2076 740 2132 cula.
765 2076 956 2131 Amen.
2000 2092 2007 2099 π
2283 2073 2560 2128 mitatibus
2595 2073 2775 2128 lumen
2813 2072 3148 2135 salutifernm
3188 2074 3466 2130 olferebat.
3507 2072 3636 2142 Ergo
3655 2073 3802 2127 mulier

610 2179 617 2183 ·
706 2167 1017 2223 Xll.‘ltem
1045 2172 1111 2223 de
1144 2168 1362 2223 lectione
1393 2169 1688 2239 euangelica
1721 2166 1879 2222 Joan.
1912 2180 1986 2231 ιι,
2020 2165 2069 2219 1.
2285 2161 2387 2220 ista
2412 2164 2683 2234 peccatrix
2710 2171 2766 2219 et
2786 2163 2983 2229 oculis,
3014 2173 3071 2219 et
3094 2163 3367 2228 crinibus,
3396 2172 3451 2219 et
3472 2163 3633 2228 labiis,
3656 2161 3806 2231 iniibus

669 2258 973 2314 Rccitatum
1020 2268 1105 2315 est
1153 2258 1309 2314 nobis
1355 2258 1516 2314 hodie
1546 2258 1601 2312 in
1628 2258 1685 2313 S.
1716 2256 2010 2325 Evangelio
2036 2255 2181 2325 quod
2286 2256 2519 2310 maxime
2542 2263 2888 2327 peccatorum
2916 2255 3044 2309 vitia
3071 2261 3449 2320 contraxerat,
3479 2255 3597 2325 ipsis
3620 2253 3803 2325 penite-

595 2351 884 2407 suscitatus
912 2352 1031 2406 sita
1053 2351 1279 2407 Domino
1308 2349 1541 2405 Lazarus
1561 2348 1969 2420 quatriduanus,
1994 2357 2183 2405 orante
2285 2345 2398 2411 bat,
2427 2352 2484 2400 et
2511 2345 2896 2415 indulgentiam
2917 2345 3289 2416 conquirebat.
3316 2346 3567 2401 Dominus
3587 2360 3714 2409 vero,
3735 2345 3803 2414 qui

595 2443 714 2513 ipso
743 2441 1022 2499 Salvatore
1052 2442 1121 2498 ad
1158 2441 1373 2499 Patrem
1410 2450 1467 2498 et
1491 2441 1704 2498 dicente
1728 2459 1741 2495 :
1774 2442 1955 2507 Pater,
1985 2442 2185 2513 gratias
2284 2452 2500 2507 semper
2525 2437 2641 2492 vult
2661 2436 3036 2508 pamitcntium
3064 2438 3338 2494 medicare
3367 2438 3650 2507 languor-es,
3676 2437 3738 2491 ait
3756 2436 3805 2490 ad

597 2552 698 2608 ago
719 2533 809 2589 tibi
838 2535 961 2604 quia
983 2533 1177 2589 audisti
1206 2550 1319 2600 me;
1364 2544 1414 2589 et
1444 2550 1539 2606 ego
1577 2532 1802 2609 sciebam
1826 2533 1949 2602 quia
1983 2548 2185 2602 semper
2285 2545 2406 2587 eam
2431 2548 2443 2583 :
2475 2529 2496 2562 ³
2535 2527 2876 2584 Dimittentur
2903 2528 2998 2609 tibi
3021 2539 3231 2600 peccata
3262 2538 3387 2598 tua;
3424 2539 3478 2586 et
3504 2530 3706 2585 iterum:
3735 2526 3808 2582 Di-

596 2643 679 2681 me
706 2627 894 2691 audis;
916 2624 1027 2696 lsed
1070 2635 1278 2698 propter
1304 2626 1547 2697 populum
1583 2627 1669 2697 qui
1705 2610 2186 2696 circuntstai766
2286 2625 2550 2678 mittentur
2564 2624 2612 2677 ei
2632 2630 2842 2693 peccata
2865 2621 3046 2686 multa,
3070 2622 3191 2693 quia
3213 2621 3400 2676 dilexit
3419 2622 3619 2676 multum
3638 2617 3805 2690 (Hattlt.

597 2719 732 2786 dixi,
752 2727 809 2771 at
829 2715 1041 2770 credant
1062 2717 1182 2785 quia
1207 2734 1288 2771 me
1308 2717 1527 2782 misisti;
1550 2724 1606 2771 ct
1630 2722 1751 2787 post
1774 2715 1794 2747 ²
1826 2714 2141 2786 lacrymavit
2168 2731 2179 2765 :
2288 2714 2457 2777 xm).
2486 2713 2533 2769 Ο
2558 2714 2731 2786 pietas
2758 2713 3173 2769 iniustimabilis!
3225 2712 3459 2769 reddidit
3494 2728 3589 2784 pro
3624 2712 3731 2768 ﬂetu
3748 2710 3807 2765 luo

598 2806 823 2870 Lazare,
848 2807 963 2859 veni
991 2808 1167 2876 foras;
1197 2817 1247 2861 et
1274 2808 1450 2864 statim
1488 2807 1682 2880 prodiit
1713 2808 1800 2878 qui
1841 2808 2010 2878 fuerat
2041 2823 2183 2861 mor-
2289 2806 2460 2862 titiam
2482 2847 2497 2866 .
2546 2814 2604 2862 et
2640 2813 2992 2875 mgrotantem
3023 2805 3077 2861 in
3114 2803 3272 2861 malis
3312 2806 3430 2862 suis
3455 2814 3599 2862 curat
3621 2804 3809 2860 medicus

602 2909 739 2963 tuus,
762 2897 951 2972 ligatus
970 2897 1123 2967 pedes
1152 2908 1201 2953 et
1232 2915 1414 2955 manus
1434 2901 1656 2964 institis;
1695 2908 1743 2954 et
1766 2900 1928 2970 [acies
1954 2901 2068 2971 ejus
2093 2917 2183 2955 su-
2291 2898 2393 2953 iste
2419 2896 2688 2953 cmlestis:
2738 2903 2798 2952 ut
2844 2896 2935 2951 ubi
2980 2894 3156 2951 fuerat
3199 2896 3505 2967 desperatio
3526 2895 3808 2956 delictorum,

601 2991 752 3046 dario
790 2998 901 3045 erat
930 2972 1203 3063 colligata;
1245 3001 1294 3045 et
1325 2991 1486 3062 jussit
1517 3008 1633 3046 eum
1659 2991 1788 3048 solvi
1814 3002 1864 3047 et
1885 2993 1962 3047 ire
2000 2991 2181 3063 (Joan.
2289 2989 2444 3046 ﬁeret
2467 2989 2728 3046 securitas
2753 2987 3091 3058 gaudiorum;
3136 2987 3227 3043 Ait
3265 2987 3483 3044 adhuc:
3529 2988 3646 3058 fides
3677 2997 3747 3039 tu
3777 2993 3810 3035 ιι

550 3076 562 3085 ’
597 3083 694 3152 xi).
727 3080 943 3148 Audite,
966 3078 1205 3137 ‘fratres:
1228 3081 1446 3151 jacebat
1466 3080 1650 3137 Lazari
1670 3098 1865 3154 corpus
1891 3092 2183 3151 mortuum,
2287 3079 2486 3137 saluam
2511 3080 2669 3151 fecit;
2700 3077 2836 3134 vade
2863 3078 2917 3133 in
2945 3085 3101 3149 pace,
3131 3077 3254 3147 fuge
3279 3079 3532 3134 vitiorum
3557 3076 3698 3143 bella,
3718 3089 3808 3129 am-

596 3179 759 3241 atque
785 3171 1036 3228 exanime
1084 3171 1136 3226 in
1166 3171 1433 3241 sepulcro,
1464 3180 1522 3226 et
1549 3171 1796 3240 languida
1824 3171 2099 3238 membra,
2130 3171 2183 3227 in
2211 3172 2258 3235 C
2287 3172 2413 3227 bula
2441 3171 2495 3227 in
2518 3186 2652 3243 pace
2679 3170 2967 3242 pudicitiae,
2995 3169 3047 3225 in
3079 3170 3428 3237 humilitatis,
3458 3167 3748 3231 sobrietatis,
3769 3171 3811 3219 et

594 3263 788 3331 quibus
810 3262 918 3316 vita
943 3278 1051 3317 non
1082 3261 1255 3318 fuerat
1277 3277 1373 3333 per
1394 3264 1760 3334 quatriduum,
1789 3264 2046 3335 paulatim
2071 3264 2180 3320 dis-
2283 3274 2501 3322 ctctera.

593 3353 942 3409 solvebantur
968 3354 1023 3434 in
1052 3354 1276 3410 tumulo.
1321 3352 1452 3410 Orat
1475 3354 1720 3411 Christus
1745 3355 1813 3410 ad
1842 3354 2055 3411 Patrem
2074 3398 2089 3422 ,
2124 3366 2181 3412 et
2381 3354 2542 3410 XIV.
2570 3354 2702 3410 Item
2722 3348 2786 3409 die
2813 3356 3032 3410 lectione
3057 3356 3358 3428 evangelica
3387 3354 3570 3409 Matth.
3596 3370 3645 3419 ν,
3664 3351 3736 3405 η.

594 3453 841 3499 mortuus
860 3445 1053 3516 recipit
1086 3445 1272 3510 vires;.
1287 3446 1556 3516 supplicat
1583 3440 1848 3513 Genitori,
1882 3456 1938 3504 et
1965 3448 2056 3504 ille
2085 3447 2176 3503 llr-
2355 3449 2444 3504 Ait
2466 3448 2722 3504 Dominus
2745 3466 2757 3501 :
2795 3447 2895 3504 Vos
2914 3448 3037 3503 estis
3058 3449 3149 3503 tua:
3169 3448 3322 3518 Iutjus
3345 3448 3540 3503 mundi.
3562 3444 3673 3501 Non
3685 3452 3811 3516 potest

592 3543 788 3591 tnatur.
822 3534 1033 3590 Clamat
1055 3534 1249 3591 deinde
1273 3554 1286 3589 :
1333 3535 1562 3603 Lazare,
1585 3538 1698 3592 veni
1723 3540 1865 3609 foras
1882 3580 1897 3603 ,
1928 3546 1987 3594 et
2010 3554 2177 3609 cxpa-
2280 3540 2458 3595 civitas
2485 3538 2728 3595 abscondi
2755 3554 2909 3610 super
2927 3549 3149 3594 montem
3177 3541 3379 3611 posita,
3403 3556 3557 3612 neque
3581 3534 3812 3592 mendum

596 3628 769 3683 vcscit
814 3644 961 3684 mors
988 3670 1003 3695 ,
1053 3628 1423 3685 contremiscit
1465 3629 1705 3685 infernus
1727 3672 1741 3695 ,
1783 3631 2076 3700 statimque
2123 3631 2177 3687 in
2278 3630 2575 3691 lucernam,
2608 3639 2657 3685 et
2680 3639 2877 3700 ponunt
2903 3646 3019 3684 eam
3043 3628 3137 3684 sub
3165 3630 3362 3696 modio,
3386 3631 3477 3685 sed
3501 3646 3645 3697 supra
3662 3624 3811 3681 cande-

498 3750 503 3755 ~
592 3736 730 3779 voce
755 3722 1050 3780 Salvatoris
1078 3724 1371 3779 animatum
1393 3724 1661 3779 excutitur
1688 3739 1907 3794 corpus,
1937 3733 1993 3779 et
2020 3724 2181 3779 obvo-
2280 3718 2502 3788 labrum,
2530 3708 2783 3773 ut-lttceat
2816 3719 3056 3775 omnibus
3093 3721 3180 3791 qui
3217 3720 3273 3775 in
3313 3722 3473 3776 domo
3498 3730 3640 3785 sunt,
3662 3726 3711 3773 et
3729 3730 3813 3771 ra-

593 3811 703 3866 lula
743 3812 1141 3871 linteaminibus
1180 3815 1418 3870 membra
1466 3814 1615 3869 vitali
1654 3824 1803 3869 motu
1851 3812 2173 3872 fervescunt.
2278 3820 2410 3868 tera.

593 3900 750 3958 iubet
788 3917 912 3958 cum
952 3904 1210 3961 Dominus
1254 3906 1389 3960 solvi
1436 3914 1494 3960 et
1538 3906 1716 3971 abire,
1763 3922 1832 3960 ne
1860 3907 2176 3976 phantasma
2349 3904 2490 3974 Ergo
2520 3922 2636 3972 vos,
2666 3906 2841 3977 inquit
2861 3906 3160 3976 discipulis,
3184 3907 3316 3961 estis
3342 3907 3432 3961 lux
3460 3905 3614 3974 hujus
3637 3899 3809 3957 tiiutuli:

593 4001 951 4062 reputaretur.
983 3994 1319 4064 Solvijubet,
1352 4004 1410 4050 ut
1435 4004 1494 4050 ct
1521 3995 2176 4065 ligamentajamhumida
2280 4013 2388 4052 non
2430 4001 2611 4066 potest
2647 3999 2835 4054 civitas
2878 3998 3134 4053 abscondi
3179 4003 3345 4069 supra
3392 4006 3621 4053 montem
3656 3991 3810 4065 posita-

597 4078 887 4156 et‘corpus
913 4096 1300 4154 agnoscerent,
1351 4097 1513 4158 atque
1554 4089 1791 4144 recentia
1821 4088 2061 4150 membra
2085 4103 2174 4144 rc-
2278 4086 2496 4142 Certum
2520 4095 2605 4143 est
2629 4088 2753 4157 quia
2780 4088 2971 4143 civitas
3013 4104 3174 4159 supra
3209 4097 3455 4144 montem
3483 4088 3648 4159 posita
3672 4081 3811 4139 omni-

596 4175 739 4230 centi
768 4176 974 4245 pallore
1001 4176 1262 4233 viderent.
1313 4176 1561 4233 Ostendit
1591 4178 1851 4239 Dominus
1888 4179 1943 4233 in
1973 4177 2176 4234 Lazaro
2276 4178 2378 4234 bus
2416 4179 2578 4246 lucet,
2611 4188 2668 4234 et
2692 4180 2955 4235 omnibus’
2965 4180 3109 4237 clara
3134 4188 3239 4244 est,
3267 4188 3323 4235 et
3350 4178 3603 4236 abscondi
3628 4186 3812 4243 nonpo-

593 4266 783 4322 t'utura:
828 4266 1240 4322 resurrectionis
1283 4267 1534 4322 indicium
1558 4309 1573 4333 ,
1618 4269 1755 4324 sicut
1780 4280 1835 4324 ct
1871 4270 1923 4324 in
1957 4270 2064 4325 lilio
2091 4271 2175 4324 vi-
2280 4278 2402 4325 test.
2444 4268 2560 4325 Hoc
2593 4268 2850 4326 Dominus
2874 4271 2927 4326 in
2958 4270 3126 4340 figura
3156 4270 3545 4341 discipulorum
3574 4283 3664 4339 per
3686 4279 3811 4335 para-

590 4358 741 4419 dutc.
771 4365 827 4413 et
855 4358 907 4412 in
937 4357 1043 4412 lilia
1073 4344 1498 4428 archisynagogi.
1550 4356 1808 4414 Poterant
1832 4360 2051 4430 quippe,
2084 4377 2175 4416 ca—
2275 4361 2428 4416 boias
2474 4362 2812 4431 loquebatur.
2879 4362 3081 4418 Civitas
3124 4378 3360 4434 namque
3416 4378 3573 4433 supra
3617 4365 3811 4415 moan

590 4448 823 4513 rissimi,
866 4448 936 4503 ad
984 4463 1146 4515 unam
1175 4463 1365 4504 vocem
1411 4447 1709 4504 Saluatoris
1753 4465 1941 4506 omnes
1973 4451 2177 4521 pariter
2277 4452 2452 4521 posita
2494 4452 2672 4507 anima
2718 4434 3031 4520 intelligitur
3057 4454 3109 4508 in
3132 4452 3352 4509 Christo
3380 4454 3611 4515 sociata,
3654 4445 3813 4519 quasi"

590 4539 787 4595 mortui
816 4540 1057 4595 suscitati
1093 4553 1417 4608 exsurgere,
1465 4539 1567 4595 nisi
1598 4540 1909 4596 nominatim
1937 4542 2176 4610 singulos
2208 4539 2255 4598 D
2280 4543 2396 4613 ipso
2424 4552 2665 4608 constat,
2703 4552 2760 4599 ct
2800 4542 2904 4599 ﬁde
2927 4544 3046 4613 ejus
3072 4553 3253 4600 erecta
3280 4545 3497 4615 longius
3523 4543 3721 4599 eminet.
3746 4536 3814 4592 Ci—

587 4639 971 4696 convocasset;
1000 4630 1123 4687 ideo
1153 4630 1376 4699 singulis
1407 4630 1661 4686 dicebat:
1703 4630 1923 4698 Lazare,
1944 4635 2057 4687 veni
2086 4635 2168 4703 {o-
2280 4634 2415 4688 vitas
2459 4633 2581 4688 ideo
2626 4634 2822 4689 dicitur
2862 4636 3069 4702 anima,
3118 4637 3246 4706 quia
3286 4638 3340 4691 in
3393 4638 3508 4707 ipsa
3546 4632 3815 4701 conscripta:

588 4739 708 4786 ras;
734 4722 1042 4779 Adolescens
1065 4764 1081 4788 ,
1126 4721 1214 4777 tibi
1244 4723 1358 4777 dico
1377 4762 1391 4786 ,
1422 4739 1595 4795 surge.
1641 4724 1789 4788 Tibi,
1823 4725 2023 4796 inquit,
2048 4725 2170 4781 dico
2277 4730 2404 4778 sunt
2423 4722 2568 4791 leges
2594 4732 2645 4778 et
2669 4724 2792 4792 jura
2819 4723 2998 4787 divina
3026 4743 3038 4777 :
3072 4724 3173 4789 Qui
3193 4727 3492 4792 ostendunt,
3513 4724 3691 4796 inquit,
3715 4734 3813 4789 opst

588 4812 959 4867 tantummodo
1000 4813 1066 4867 ad
1094 4800 1331 4882 pnesens’
1357 4821 1595 4882 tempus,
1628 4823 1710 4879 tu,
1737 4830 1927 4886 surge:
1964 4815 2168 4870 Talitim
2276 4816 2405 4885 legis
2447 4816 2791 4882 conscriptum
2834 4816 2890 4869 in
2937 4816 3176 4870 cordibus
3222 4820 3329 4872 suis
3373 4817 3554 4889 (Rom.
3583 4813 3658 4884 ιι).
3706 4810 3816 4877 Ergo

588 4901 743 4967 cumi,
772 4901 917 4969 quod
946 4910 1045 4965 est,
1071 4902 1262 4971 puella,
1294 4918 1463 4973 surge.
1495 4902 1638 4971 Ergo
1666 4905 1924 4973 singulos,
1950 4915 2009 4960 ut
2035 4906 2167 4971 dixi,
2277 4923 2385 4962 non
2429 4914 2610 4976 potest
2649 4907 2837 4961 civitas
2881 4906 3135 4962 abscondi
3179 4922 3339 4978 supra
3384 4917 3618 4963 montem
3655 4901 3809 4974 posita

589 4992 925 5048 nominatim.
958 4992 1025 5047 Et
1051 4996 1251 5049 amavit
1280 5004 1340 5048 ut
1365 4994 1511 5065 quod
1531 4996 1584 5051 in
1610 4997 1830 5065 singulis
1852 4997 2083 5063 videtur,
2114 4998 2167 5053 in
2275 4998 2431 5053 Mons
2458 4997 2703 5051 Christus
2730 4996 2906 5051 dictus
2926 5006 3010 5051 est
3033 5014 3065 5052 a
3091 5006 3282 5054 sancto
3308 4999 3573 5070 propheta
3595 4991 3810 5051 Daniele.

589 5082 839 5137 omnibus
882 5083 1206 5151 generaliter
1248 5084 1482 5140 futurum
1532 5086 1860 5155 intelligatur
1886 5105 1898 5140 :
1946 5088 2060 5158 ipse
2085 5096 2170 5142 est
2285 5089 2458 5155 Venit,
2483 5089 2677 5159 inquit,
2705 5091 2760 5143 in
2781 5099 2999 5155 terram,
3014 5098 3065 5143 et
3086 5091 3256 5162 factus
3274 5102 3352 5145 est
3376 5107 3528 5145 nwns
3546 5100 3753 5160 magum
3776 5088 3814 5133 εδ

586 5170 849 5229 Dominus
874 5179 1078 5239 noster,
1130 5174 1222 5243 qui
1261 5183 1518 5232 venturus
1550 5186 1634 5232 est
1670 5178 1911 5248 judicare
1939 5179 2089 5234 vivos
2115 5188 2170 5235 et
2271 5181 2500 5248 implevit
2527 5196 2727 5234 omnem
2763 5190 2954 5234 terram
2985 5180 3216 5251 (Daniel.
3249 5180 3336 5251 tt),
3377 5192 3625 5237 crescens
3648 5178 3696 5232 in
3717 5184 3812 5230 cre-

585 5270 849 5328 mortuos,
879 5262 1033 5332 cujus
1058 5280 1248 5320 vocem
1274 5265 1505 5321 audituri
1531 5277 1658 5323 sunt
1685 5284 1903 5334 omnes;
1933 5279 1983 5323 et
2006 5287 2170 5327 resur-
2270 5270 2510 5325 dentium
2541 5271 2828 5326 mentibus.
2873 5269 2970 5327 llic
2993 5271 3227 5341 (Daniel.
3257 5278 3422 5340 curn)
3447 5280 3503 5326 et
3527 5269 3656 5340 lapis
3673 5266 3812 5322 ἀῡαυε

655 5449 671 5480 ¹
711 5446 924 5520 Frange
954 5447 1213 5520 esurienti
1240 5457 1643 5520 panem_tuum,_
1668 5456 1719 5520 et
1753 5462 1938 5520 egenos
1976 5463 2157 5517 pages-
2264 5446 2468 5520 coiliget
2498 5456 2561 5500 te.
2594 5445 2672 5520 Ita
2694 5444 2937 5520 Vulgata.

579 5534 676 5587 que
697 5518 851 5572 induc
865 5515 937 5571 'in
971 5517 1183 5581 domum
1208 5515 1367 5570 tuam.
1413 5515 1540 5587 Cum
1560 5515 1987 5587 viderisjmdum,
2018 5515 2157 5585 operi
2338 5520 2358 5587 ξ
2389 5515 2436 5587 if
2440 5524 2556 5571 orte
2583 5517 2843 5587 clamat-it.

578 5584 727 5652 cuin,
756 5596 804 5641 et
843 5604 1049 5641 carnem
1097 5596 1240 5644 tuam
1283 5602 1347 5639 ne
1395 5584 1705 5655 despexeris.
1751 5584 1891 5656 Tunc
1930 5584 2157 5656 erumpet
2338 5586 2358 5617 ³
2396 5586 2619 5655 Propter
2653 5585 2791 5656 quod
2831 5586 2945 5641 dico
2996 5587 3120 5651 tibi,-
3172 5587 3507 5649 rentittuntur
3542 5587 3591 5656 ei
3621 5585 3811 5656 feda!“

575 5660 727 5727 quasi
747 5673 901 5727 mane
923 5658 1093 5711 lumen
1124 5664 1361 5727 tuum,‘et
1390 5652 1589 5727 sanitas
1618 5665 1705 5707 tua
1720 5655 1921 5727 circiter
1942 5655 2153 5727 qrietur,
2264 5660 2443 5727 multa.
2476 5652 2721 5727 quoniam
2748 5656 2931 5710 dilexit
2962 5657 3195 5710 multum.
3222 5657 3348 5727 huc.
3382 5671 3476 5720 vn,
3504 5654 3588 5714 d7.
3619 5652 3809 5706 lterum?

577 5723 632 5781 et
657 5725 874 5781 anteibit
900 5728 1089 5793 faciem
1123 5735 1260 5779 luant
1282 5724 1487 5806 justitia
1526 5733 1640 5789 tua,
1675 5734 1720 5776 et
1750 5724 1915 5793 gloria
1948 5721 2155 5779 Domini
2266 5721 2611 5781 Remittuntur
2638 5726 2727 5780 tibi
2750 5736 2982 5796 peccata.
3015 5727 3091 5780 Ita
3123 5743 3190 5782 cx
3220 5725 3473 5790 Vulgata.
