4072 6332
294 266 388 320 lli-1

1097 264 1184 317 nr.
1223 260 1577 318 caeneus
1614 223 2148 318 nvaaoeuonuu
2188 260 2672 321 exposmoues

294 386 375 432 cst
417 377 684 446 angnlaris
714 377 764 430 in
793 378 967 446 capite
995 376 1170 445 anguli
1200 376 1405 445 positus
1427 414 1442 436 ,
1485 375 1576 442 qui
1605 374 1740 429 duos
1763 390 1859 443 po-
1886 378 1930 434 Α
1964 377 2239 446 propheta:
2291 387 2347 431 ut
2383 377 2662 436 aedilicium
2715 381 2967 438 Ecclesize
3010 401 3103 454 per
3140 402 3266 451 eos,
3304 387 3536 444 donante

295 468 797 538 pulos,velut'duos
829 469 1060 538 parietes
1100 486 1130 523 e
1176 469 1387 522 diverso
1432 467 1744 531 venientes,
1796 481 1862 520 ex

294 560 699 614 circumcisione
737 569 792 614 ct
821 561 1107 630 pneputio,
1137 561 1188 614 in
1221 577 1320 613 una
1353 559 1452 614 lide
1481 557 1752 629 copulavit
1779 565 1861 610 at—

293 667 399 720 que
427 651 721 718 conjunxit.
756 650 820 704 Et
843 653 1036 705 merito
1058 660 1141 705 est
1171 651 1222 706 in
1254 650 1458 720 capite,
1486 650 1611 718 quia
1641 649 1754 719 ipse
1782 655 1864 702 est

292 752 449 812 caput
498 741 778 809 Ecclesiae,
822 743 913 812 qui
953 751 1006 797 et
1052 726 1453 796 fundamentum
1501 741 1706 816 dicitur.
1775 739 1864 795 Sic

293 832 437 888 enim
466 832 541 886 ait
571 832 887 902 Apostolus:
921 832 1335 887 Fundamentum
1363 833 1504 886 aliud
1524 849 1670 886 nemo
1703 842 1864 902 potest

292 938 482 991 ponere
507 933 695 992 prtetcr
733 921 787 974 id
813 922 947 980 quod
991 924 1209 992 positum
1250 932 1342 986 est,
1378 921 1512 990 quod
1532 931 1606 976 est
1635 920 1864 976 Christus

292 1014 443 1068 .lesus
474 1013 528 1085 (l
559 1014 676 1068 Cor.
704 1015 801 1083 ιιι).
845 1017 1006 1086 768
1040 1013 1181 1081 Ergo
1228 1023 1285 1068 et
1323 1015 1466 1084 lapis
1503 1015 1554 1068 iu
1584 1014 1782 1084 capite,
1809 1023 1866 1068 et

294 1105 692 1160 fundamentum
757 1106 1028 1162 deorsum.
1095 1107 1203 1162 Cur
1245 1107 1542 1162 deorsum?
1598 1109 1700 1163 hoc
1742 1108 1864 1177 quia

294 1197 536 1252 Christus
558 1197 624 1252 de
671 1199 1034 1268 superioribus
1070 1207 1150 1253 est
1176 1207 1230 1252 et
1257 1199 1322 1252 de
1352 1197 1724 1264 inferioribus;
1755 1200 1867 1268 ipse

293 1296 377 1341 est
402 1288 540 1341 Deus
584 1297 640 1343 ct
688 1288 866 1351 homo,
904 1287 1131 1342 Verbum
1171 1298 1226 1343 et
1263 1305 1418 1350 caro,
1450 1289 1598 1342 virus
1626 1288 1676 1341 in
1707 1296 1864 1344 acter-

295 1394 442 1442 num,
466 1386 520 1430 et
547 1377 613 1431 ad
642 1386 853 1448 tempus
880 1387 1151 1442 mortuus;
1175 1379 1314 1433 aliud
1347 1380 1398 1433 in
1429 1380 1642 1433 Christo
1673 1381 1866 1452 impas-

295 1466 483 1531 sibile,
517 1466 658 1520 aliud
689 1466 937 1536 possibile
961 1509 975 1534 ,
1009 1467 1150 1522 aliud
1180 1476 1304 1524 ante
1335 1477 1606 1539 tempora,
1640 1468 1784 1522 aliud
1814 1469 1864 1522 in

297 1565 557 1626 tempore.

368 1647 508 1715 Ergo
549 1649 661 1718 ipse
713 1665 867 1704 mons
905 1649 1109 1716 dictus,
1159 1652 1292 1720 lapis
1330 1659 1384 1705 et
1422 1651 1862 1713 fundamentum;

1966 467 2222 533 Domino,
2265 479 2641 527 construatur:
2676 473 2773 542 ipsi
2811 473 3076 530 Salvatori
3115 486 3299 533 nostro
3339 487 3392 533 et
3432 480 3534 535 Do-

1967 560 2114 615 mino
2159 559 2286 618 Jesu
2329 561 2547 618 Christo
2590 564 2758 633 gloria
2803 575 2856 620 et
2905 567 3187 637 imperium
3223 571 3274 624 in
3320 571 3530 626 saecula.

1968 649 2156 704 Amen.

2073 740 2198 794 XV.
2234 741 2363 796 Item
2391 743 2455 796 de
2482 753 2660 799 sancto
2691 746 2966 818 Evangelia
2996 747 3183 802 Matth.
3213 767 3337 812 xvu,
3367 752 3416 804 l.

2041 835 2340 892 Recitatum
2366 845 2448 890 est
2477 839 2528 892 in
2558 847 2745 893 sancto
2773 839 3060 909 Evangelio
3088 843 3157 896 ita
3194 861 3216 894 :-
3242 842 3368 896 Post
3403 844 3532 909 dies,

1969 926 2157 995 inquit,
2176 943 2265 979 sex
2297 929 2570 999 assumpsit
2598 928 2627 980 J
2636 947 2750 983 esus
2775 929 3003 995 Petrum,
3027 933 3274 986 Jacobum
3303 941 3351 986 et
3371 933 3534 988 Joan-

1969 1034 2084 1070 nem
2131 1020 2339 1088 fratrem
2367 1019 2497 1089 ejus,
2525 1030 2574 1073 et
2601 1021 2747 1074 duxit
2787 1022 2902 1076 illos
2932 1025 2984 1075 in
3031 1034 3254 1078 montem
3280 1027 3536 1080 excelsum

1970 1125 2216 1170 seorsum,
2247 1118 2294 1161 et
2326 1111 2722 1179 transﬁguratus
2751 1121 2822 1163 est
2845 1123 2961 1166 ante
2988 1130 3094 1166 eos.
3128 1113 3196 1168 Et
3225 1116 3537 1184 resplenduit

1971 1199 2126 1268 facies
2147 1199 2255 1270 ejus
2283 1200 2412 1252 sicut
2441 1199 2546 1264 sol;
2578 1201 2877 1254 vestimenta
2915 1211 3082 1257 autem
3111 1205 3222 1274 ejus
3251 1207 3390 1276 facta
3419 1215 3538 1260 sunt

1969 1289 2088 1342 alba
2124 1292 2254 1343 sicut
2283 1292 2393 1344 nix.
2436 1290 2504 1344 Et
2553 1308 2669 1345 cccc
2711 1305 3060 1362 apparuerunt
3107 1297 3208 1352 illis
3255 1298 3460 1367 Moyses
3485 1311 3536 1353 et

1973 1382 2117 1436 Elius
2163 1401 2275 1438 cum
2323 1403 2380 1438 eo
2411 1386 2688 1457 loquentes.
2746 1386 3076 1456 Respondeas
3130 1401 3297 1446 autem
3351 1391 3537 1446 Petrus

1970 1473 2136 1526 dixit:
2160 1472 2426 1543 Magister,
2461 1475 2643 1529 bonum
2673 1486 2750 1529 est
2779 1494 2869 1529 nos
2901 1477 2978 1527 hic
3007 1493 3146 1530 esse:
3179 1481 3429 1547 faciamus
3456 1483 3536 1536 hic

1969 1564 2069 1614 tria
2123 1563 2471 1628 tabernacula,
2502 1564 2591 1617 tibi
2647 1581 2822 1628 ωηιηι,
2875 1563 3045 1635 Moysi
3091 1583 3267 1634 unum,
3308 1579 3356 1622 et
3405 1569 3539 1625 Elim

1969 1667 2144 1714 unum,
2176 1659 2229 1704 et
2282 1660 2495 1706 emtcra.
2528 1651 2654 1707 Post
2708 1653 2835 1717 dies,
2869 1653 3057 1722 inquit,
3104 1672 3227 1721 sex;
3277 1667 3396 1726 post
3442 1677 3537 1715 sex

297 1739 309 1790 i
336 1754 409 1791 :se
436 1746 490 1792 et
517 1748 660 1808 petra
701 1751 842 1805 erat,
879 1741 1066 1810 inquit,
1101 1741 1331 1796 Christus
1361 1739 1414 1810 (I
1438 1740 1554 1794 Cor.
1587 1740 1662 1809 ιι).
1696 1741 1867 1810 Super
1903 1741 1942 1798 Β
1970 1739 2082 1794 dies
2103 1740 2382 1794 sabbatum
2411 1758 2528 1795 esse
2559 1743 2898 1810 lntclligimus
2925 1745 3208 1813 septimum
3239 1747 3399 1800 diem.
3428 1748 3540 1804 Pri-

295 1828 435 1883 hanc.
455 1840 658 1898 petram
681 1830 906 1886 zedificat
933 1833 1107 1886 omnis
1127 1830 1342 1902 sapiens
1370 1831 1584 1886 domum
1614 1847 1783 1895 suam,
1817 1831 1867 1884 id

295 1929 379 1974 est
421 1920 636 1974 domum
678 1923 867 1975 anima:
908 1939 1043 1987 sum;
1077 1933 1131 1978 et
1173 1924 1445 1978 venientes
1483 1922 1655 1986 venti,
1687 1932 1744 1976 et
1771 1922 1865 1976 dc-

292 2010 556 2065 sccudens
599 2012 805 2081 pluvia,
854 2022 909 2068 et
957 2012 1172 2068 flumina
1220 2015 1519 2088 impingunt
1558 2014 1610 2068 in
1649 2013 1866 2067 domum

294 2101 458 2164 illam,
484 2109 538 2155 et
575 2117 680 2156 non
711 2103 883 2170 cadit,
913 2103 1310 2158 fundamentum
1345 2113 1427 2159 est
1454 2120 1612 2173 supra
1638 2112 1862 2172 petram.

296 2189 457 2259 Ergo,
511 2200 568 2246 ut
595 2192 774 2247 dicere
802 2210 1162 2263 coeperamus,
1208 2211 1315 2250 non
1354 2203 1528 2265 potest
1555 2195 1742 2249 civitas
1770 2195 1865 2247 ab-

196 2319 204 2330 .
292 2281 477 2335 scondi
507 2298 666 2352 supra
689 2292 927 2339 montem
953 2288 1143 2355 posita.
1177 2286 1433 2357 Sequitur
1459 2305 1471 2339 :
1505 2303 1664 2355 neque
1683 2301 1865 2338 accen-

292 2369 422 2421 dunt
468 2371 729 2424 lucernam
776 2383 824 2426 et
857 2385 1053 2444 ponunt
1099 2393 1210 2428 eam
1257 2375 1348 2428 sub
1374 2377 1564 2439 modio,
1607 2376 1696 2433 sed
1715 2391 1865 2444 super

291 2461 678 2527 candelabrum,
700 2472 755 2515 ut
779 2464 946 2518 luceat
970 2467 1202 2519 omnibus
1237 2470 1322 2536 qui
1351 2469 1406 2520 in
1425 2467 1574 2521 domo
1601 2475 1737 2520 sunt.
1770 2465 1865 2520 Lu-

293 2566 455 2606 cerna
503 2569 664 2623 super
703 2555 1079 2610 candelabrum
1107 2558 1310 2626 posita,
1359 2572 1510 2612 meus
1549 2557 1706 2611 estin
1735 2557 1863 2610 sub-

289 2643 488 2698 stantia
538 2646 779 2715 corporis
825 2648 1144 2712 constituta,
1199 2664 1316 2718 quae
1360 2648 1524 2717 fulget
1563 2656 1618 2703 et
1643 2649 1860 2713 eminet,

292 2735 526 2790 maxime
566 2738 610 2792 si
655 2755 759 2792 non
791 2739 864 2793 illi
892 2739 1031 2794 desit
1059 2741 1234 2794 oleum
1265 2741 1503 2797 caritatis
1528 2741 1612 2794 vel
1642 2741 1860 2795 castita-

289 2825 392 2887 tis,
424 2827 562 2879 sicut
608 2828 704 2882 fuit
749 2829 837 2885 ille
883 2829 1070 2885 beatus
1109 2829 1342 2904 Joannes
1377 2830 1632 2899 Baptista,
1661 2829 1728 2884 de
1755 2846 1862 2898 quo

285 2913 547 2984 scriptum
595 2927 676 2972 est
708 2936 719 2971 :
754 2918 884 2974 Erat
930 2922 1136 2975 lucerna
1177 2922 1366 2976 ardens
1401 2933 1449 2976 et
1479 2922 1651 2976 lucens
1681 2920 1858 2992 (Joan.

286 3004 361 3070 v).
407 3004 638 3061 Ardebat
662 3017 717 3062 et
751 3009 995 3064 lucebat:
1027 3009 1246 3065 ardebat
1280 3010 1458 3066 calore
1486 3009 1714 3080 Spiritus
1736 3023 1860 3065 san-

1970 1846 2089 1884 mus
2115 1830 2230 1885 dies
2254 1830 2540 1895 dominica,
2575 1832 2840 1887 secundus
2864 1833 2993 1896 dies,
3026 1833 3257 1888 secunda
3287 1836 3436 1900 feria,
3487 1850 3540 1893 et

1967 1922 2045 1975 sic
2073 1935 2258 1974 omnes
2277 1921 2408 1976 dies.
2443 1921 2570 1976 Post
2597 1937 2687 1976 sex
2735 1923 2868 1990 dies,
2902 1931 2958 1977 ut
2985 1924 3183 1979 dictqu
3213 1934 3311 1991 est,
3343 1928 3538 1981 sabba-

1968 2021 2081 2066 tum
2129 2023 2457 2066 numeratur.
2509 2013 2606 2069 Hic
2634 2014 2748 2068 dies
2790 2016 3027 2084 requiem
3057 2017 3311 2082 ostendit,
3337 2019 3458 2087 quia
3486 2030 3539 2075 et

1969 2103 2020 2156 in
2043 2101 2127 2156 die
2146 2103 2374 2172 septiqu
2401 2104 2659 2171 requievit
2683 2105 2821 2158 Deus
2858 2106 2924 2159 ab
2950 2107 3198 2174 operibus
3236 2110 3363 2162 suis.
3398 2108 3538 2179 Ergo

1968 2191 2021 2245 in
2050 2193 2152 2245 isto
2190 2192 2275 2245 die
2300 2191 2628 2247 sanctilieato
2649 2193 3033 2248 demonstravit
3063 2195 3312 2252 Dominus
3353 2215 3540 2255 omnes

1919 2343 1924 2349 ⁴
1967 2291 2183 2337 sanctos
2207 2287 2260 2337 et
2284 2284 2334 2336 in
2368 2283 2480 2351 lege
2510 2292 2563 2336 et
2588 2285 2638 2337 in
2660 2285 2933 2354 prophetis
2960 2302 3080 2340 eum
3119 2287 3290 2343 beatis
3315 2299 3533 2359 aposto-

1969 2371 2032 2426 lis
2052 2386 2230 2426 secum
2259 2373 2310 2425 in
2339 2387 2432 2425 sua
2463 2373 2629 2439 gloria
2657 2373 2950 2439 adfuturos,
2979 2383 3035 2428 et
3072 2391 3252 2432 secum
3282 2394 3531 2447 perman-

1967 2479 2140 2517 suros.
2194 2459 2403 2531 Moyses
2451 2463 2722 2532 legislator
2749 2465 2837 2532 qui
2861 2461 3148 2534 descripsit
3175 2474 3362 2524 omnes
3407 2485 3532 2525 san-

1967 2559 2084 2604 ctos
2112 2551 2178 2605 ab
2216 2552 2417 2618 origine
2446 2553 2649 2618 mundi,
2676 2568 2796 2607 cum
2841 2554 2956 2624 ipso
2999 2569 3126 2623 ergo
3151 2572 3338 2613 omnes
3363 2562 3532 2614 sancti

1967 2652 2260 2712 resurgent.
2293 2643 2437 2699 Elias
2458 2662 2737 2700 numerum
2780 2647 3160 2716 prophetarum
3202 2651 3454 2719 ostendit,
3478 2661 3532 2706 et

1966 2749 2084 2787 cum
2117 2734 2231 2804 ipso
2257 2749 2442 2789 onmes
2462 2737 2736 2804 prophetae
2759 2737 2808 2789 in
2834 2735 3013 2807 Moyse
3041 2746 3094 2792 et
3115 2737 3247 2802 Elia,
3270 2741 3360 2809 qui
3390 2758 3532 2795 mor-

1967 2825 2042 2877 tui
2072 2832 2194 2877 sunt
2223 2831 2277 2878 et
2304 2826 2494 2894 sepulti
2516 2866 2530 2887 .
2564 2827 2666 2879 vivi
2695 2827 3051 2891 invenientur,
3080 2836 3135 2882 et
3181 2829 3452 2898 rapientur
3482 2832 3538 2884 in

1967 2913 2193 2967 nubibus
2219 2914 2430 2968 obviam
2460 2913 2688 2969 Domino
2719 2917 2768 2970 in
2800 2932 2944 2970 aera.
2974 2917 3106 2972 Tres
3133 2933 3259 2986 ergo
3285 2921 3540 2988 apostoli,

1968 3001 2186 3067 Petrus,
2213 3001 2444 3058 Jacobus
2470 3013 2524 3058 et
2550 3002 2780 3059 Joannes
2808 3006 3086 3060 credentes
3113 3023 3314 3070 secum,
3344 3024 3533 3064 omnes

284 3094 397 3161 cli,
447 3095 660 3151 lucebat
705 3098 904 3154 lumine
947 3099 1163 3156 Clu-isti.
1215 3101 1348 3155 Audi
1393 3101 1549 3157 istam
1590 3099 1861 3157 lucernam
1891 3102 1935 3164 (ζ
1967 3095 2130 3149 etiam
2157 3094 2246 3163 qui
2277 3104 2572 3163 sequuntur
2597 3093 2750 3148 fidem
2795 3095 2964 3160 Petri,
2999 3096 3180 3150 Jacobi
3210 3108 3263 3151 et
3290 3096 3535 3154 Joannis.

285 3184 615 3241 clamantem
661 3187 727 3242 de
765 3188 977 3245 Christo
1018 3201 1072 3245 et
1099 3191 1400 3247 dicentem:
1436 3192 1537 3247 llic
1575 3203 1651 3247 est
1689 3195 1862 3264 Agnus

286 3273 411 3338 Dei,
444 3277 526 3328 hic
557 3288 632 3330 est
662 3283 746 3349 qui
779 3280 910 3334 tollit
938 3293 1144 3351 peccata
1165 3283 1340 3336 mundi
1361 3283 1538 3353 (Joan.
1570 3284 1608 3351 ι)
1639 3301 1653 3347 ;
1684 3292 1739 3338 et
1767 3285 1864 3338 ite-

285 3381 432 3429 rum,
466 3367 574 3439 ait_:
620 3366 786 3423 Homo
826 3371 911 3440 qui
958 3381 1073 3439 post
1115 3388 1194 3425 me
1242 3373 1402 3437 venit,
1450 3382 1568 3426 ante
1592 3389 1672 3426 me
1697 3375 1863 3443 factus

285 3468 403 3522 est;
426 3459 568 3529 cujus
592 3478 694 3534 non
727 3479 837 3516 sum
875 3464 1060 3534 dignus
1089 3465 1435 3518 calceamenta
1463 3472 1669 3534 portare
1698 3463 1860 3535 (Ibid.

285 3552 484 3620 xxvii).
528 3551 668 3620 Ergo
706 3554 1016 3622 splendebat
1047 3570 1196 3610 mens
1230 3555 1372 3609 beati
1408 3553 1627 3610 Joannis
1666 3555 1866 3610 lumine

284 3639 528 3707 Christi,
550 3643 684 3711 quia
711 3643 777 3698 de
806 3644 1134 3714 plenitudine
1155 3644 1296 3714 ejus,
1337 3645 1475 3700 sicut
1499 3645 1755 3715 scriptum
1784 3653 1867 3700 est

286 3727 478 3798 (Joan.
506 3730 567 3800 ι),
615 3747 804 3786 omnes
850 3735 1018 3788 sancti
1056 3735 1324 3804 accipiunt
1363 3735 1586 3804 gratiam
1614 3750 1712 3806 pro
1740 3749 1864 3804 gra-

285 3820 392 3873 tia.
437 3819 512 3874 De
542 3822 740 3877 lumine
769 3823 883 3891 ejus
910 3825 1179 3894 accipiunt
1206 3841 1392 3880 omnes
1419 3826 1619 3890 sancti,
1668 3835 1723 3879 et
1759 3841 1865 3879 non

283 3909 551 3964 dividitur
594 3913 648 3966 in
688 3922 899 3982 partes,
944 3931 1052 3970 non
1091 3915 1348 3969 minuitur
1374 3914 1624 3983 majestas
1653 3914 1867 3969 luminis

283 3999 514 4054 Christi.
547 3999 602 4055 Si
625 4003 767 4056 enim
797 4003 973 4059 lumen
995 4005 1224 4060 lucerna:
1245 4047 1259 4070 ,
1290 4004 1529 4060 accensis
1568 4004 1690 4060 inde
1717 4004 1866 4059 verbi

283 4093 468 4158 gratia
513 4091 702 4148 faculis
722 4095 898 4158 mille,
935 4097 1018 4150 vel
1048 4097 1278 4152 lucernis
1304 4096 1726 4165 quamplurimis,
1760 4111 1866 4150 non

283 4185 556 4239 minuitur
576 4187 662 4241 ille
692 4187 845 4256 ignis,
877 4204 1051 4258 neque
1070 4204 1137 4242 ex
1165 4204 1282 4243 sese
1309 4189 1362 4242 in
1391 4188 1864 4257 partes’dividitur;

281 4285 500 4344 quanto
527 4279 694 4348 magis
721 4280 972 4346 majestas
999 4279 1190 4334 Christi
1213 4280 1367 4349 plena
1396 4289 1497 4344 est,
1525 4288 1580 4333 et
1619 4280 1670 4358 in
1702 4279 1869 4333 omni-

283 4367 400 4420 bus
446 4368 721 4436 plenitudo
767 4370 881 4438 ejus
928 4369 1194 4434 abundat,
1239 4377 1295 4424 et
1331 4385 1437 4424 non
1468 4368 1740 4434 dividitur,
1772 4369 1865 4424 sed

1970 3184 2043 3238 De
2079 3185 2190 3238 istis
2226 3185 2480 3254 scriptum
2507 3194 2590 3238 est
2621 3204 2633 3236 :
2666 3185 2875 3246 Petrus,
2921 3185 3168 3252 Iacobus,
3197 3195 3244 3240 et
3283 3187 3530 3252 Joannes,

1965 3279 2050 3347 qui
2087 3278 2337 3331 columna:
2364 3294 2475 3331 esse
2502 3277 2801 3331 videbantur
2840 3276 3038 3346 (Galat.
3086 3279 3172 3345 Ii);
3204 3279 3396 3333 merito
3437 3296 3532 3334 co-

1967 3369 2160 3424 lumna:
2187 3370 2334 3435 dicti,
2365 3370 2456 3438 qui
2483 3370 2852 3423 sustentabant
2885 3368 3132 3424 Ecclesize
3157 3370 3457 3437 :edilicium,
3479 3380 3532 3425 et

1967 3460 2243 3528 erigebant
2286 3460 2353 3514 de
2408 3459 2745 3514 inferioribus
2794 3458 2858 3511 ad
2903 3459 3263 3528 superiorem,
3310 3467 3366 3514 ut
3415 3477 3534 3530 qua:

1967 3566 2174 3605 sursum
2216 3559 2342 3604 sunt
2369 3557 2691 3617 quaererent,
2725 3549 2811 3602 ubi
2851 3548 3093 3603 Christus
3119 3558 3203 3604 est
3231 3551 3282 3603 in
3312 3551 3531 3605 dextera

1968 3645 2061 3699 Dei
2092 3645 2300 3705 sedens.
2333 3643 2474 3712 Ergo
2497 3643 2622 3707 duo,
2655 3643 2865 3712 Moyses
2902 3652 2957 3696 et
2983 3642 3150 3705 Elias,
3179 3651 3233 3696 et
3260 3652 3368 3698 tres
3403 3659 3530 3714 apo-

1966 3737 2108 3799 stoli,
2133 3735 2253 3790 ideo
2281 3736 2410 3788 utin
2441 3735 2666 3788 duorum
2693 3743 2744 3788 ct
2775 3735 2933 3788 trium
2958 3735 3168 3788 testium
3193 3742 3361 3789 staret
3375 3751 3535 3791 omne

1968 3826 2206 3881 verbum.
2231 3824 2297 3878 Et
2318 3826 2428 3894 ipse
2455 3825 2708 3878 Dominus
2725 3824 2937 3878 dicebat
2961 3842 2973 3876 :
3003 3823 3098 3878 Ubi
3125 3826 3315 3896 fuerint
3332 3827 3433 3879 duo
3461 3825 3539 3882 rel

1968 3926 2070 3971 tres
2085 3918 2379 3988 congregati
2396 3918 2448 3968 in
2471 3917 2675 3968 nomine
2701 3931 2830 3978 meo,
2858 3915 2926 3968 ibi
2951 3931 3062 3968 sum
3089 3916 3142 3968 in
3171 3916 3336 3968 medio
3363 3932 3537 3970 eorum

1971 4009 2182 4080 (Matth.
2212 4008 2377 4073 xviii).
2410 4005 2650 4060 Ostendit
2675 4014 2728 4058 et
2749 4005 2831 4058 hic
2854 4003 3108 4058 Dominus
3135 4004 3539 4060 Confundendos

1969 4100 2130 4154 etiam
2185 4114 2281 4152 cos
2326 4097 2415 4165 qui
2447 4111 2552 4149 non
2598 4095 2866 4164 accipiunt
2916 4095 3086 4162 legero
3114 4102 3169 4148 et
3214 4095 3536 4164 prophetas;

1968 4191 2092 4260 quia
2117 4190 2229 4258 ipse
2257 4203 2350 4242 eos
2376 4187 2473 4240 sibi
2512 4185 2774 4252 adjunxit,
2805 4192 2860 4237 et
2903 4185 3269 4253 apostolorum
3312 4199 3541 4240 numero

1969 4281 2212 4336 sociavit.
2242 4278 2450 4348 Moyses
2477 4277 2544 4330 de
2584 4275 2811 4329 Domino
2837 4275 3050 4344 scripsit
3079 4274 3273 4342 (Exod:
3305 4277 3454 4343 xvu),
3483 4286 3539 4329 et

1972 4373 2023 4425 in
2053 4381 2182 4442 typo
2201 4368 2416 4431 Christi,
2441 4367 2492 4420 in
2517 4374 2696 4420 monte
2716 4365 2876 4434 770
2902 4371 3086 4418 contra
3117 4362 3364 4415 Amalech
3396 4363 3540 4416 leva-

285 4465 447 4510 totus
470 4457 522 4510 in
555 4460 682 4512 totis
708 4468 806 4513 est.
841 4459 970 4513 Nam
996 4468 1052 4514 et
1079 4475 1256 4514 sermo
1281 4469 1464 4513 noster
1493 4458 1620 4512 dum
1654 4459 1866 4524 dicitur,
1900 4460 1946 4519 Ι)
1975 4462 2050 4516 vit
2077 4476 2282 4522 manus,
2323 4459 2462 4511 sicut
2498 4454 2741 4509 Christus
2770 4453 2821 4505 in
2849 4466 3008 4505 cruce
3036 4451 3102 4504 ad
3131 4451 3541 4519 expugnandum

285 4546 368 4600 ab
399 4547 644 4601 omnibus
669 4548 900 4610 auditur,
931 4537 1116 4603 etnon
1139 4548 1393 4602 dividitur
1426 4549 1477 4602 in
1501 4549 1744 4615 singulis,
1776 4548 1870 4602 sed

285 4643 446 4689 totus
471 4636 679 4704 integer
707 4638 758 4692 in
797 4639 1044 4692 omnibus
1089 4648 1201 4702 est;
1250 4647 1304 4692 et
1341 4638 1660 4692 versiculum
1700 4638 1750 4691 in
1778 4653 1870 4705 pa-

219 4709 226 4718 ’
285 4727 438 4779 riete
465 4729 827 4797 conscriptum
868 4729 912 4782 si
943 4745 1128 4783 onmes
1153 4717 1422 4796 legamus,
1455 4744 1559 4781 non
1585 4743 1707 4782 eum
1733 4727 1870 4782 divi-

285 4817 478 4870 dimus
519 4834 614 4888 per
642 4823 852 4888 parzes,
885 4819 977 4873 sed
1009 4828 1152 4873 totus
1182 4821 1233 4872 iu
1265 4818 1676 4887 uniuscujusque
1704 4820 1872 4873 sensi-

287 4909 403 4961 bus
431 4917 637 4974 manct;
661 4919 716 4963 et
743 4910 882 4972 ideo,
910 4909 1119 4974 fratres,
1140 4925 1354 4978 semper
1377 4909 1545 4964 sancti
1566 4909 1632 4963 de
1653 4908 1868 4975 lumine,

287 4997 534 5052 diximus
561 5042 574 5064 ,
624 4999 817 5054 Christi
849 4999 1109 5067 fulgentes
1131 5000 1434 5053 clamabant
1461 4998 1699 5053 dicentes
1733 5016 1744 5050 :
1790 4999 1869 5051 An

285 5091 706 5158 experimentum
727 5093 955 5161 qua’ritis
975 5091 1106 5161 ejus,
1137 5091 1221 5161 qui
1243 5091 1293 5143 in
1315 5107 1396 5144 me
1416 5091 1657 5161 loquitur,
1682 5089 1871 5142 Christi

188 5208 196 5214 -
288 5178 393 5250 (Il
415 5180 532 5234 Cor.
559 5185 672 5252 xm)
699 5185 726 5234 ?
761 5181 828 5236 Et
858 5183 976 5237 ideo
1007 5184 1183 5236 lucent
1223 5183 1468 5236 omnibus
1506 5182 1595 5251 qui
1628 5182 1678 5234 in
1707 5181 1872 5234 domo

280 5280 429 5326 sunt
452 5314 468 5339 ,
518 5273 621 5329 hoc
658 5283 741 5330 est
780 5276 831 5328 in
857 5274 1011 5342 hujus
1039 5274 1218 5327 mundi
1247 5274 1446 5339 domo;
1477 5271 1601 5341 quia
1627 5273 1679 5325 in
1708 5271 1868 5326 domo

283 5379 533 5432 magna,
583 5368 719 5422 sicut
766 5369 1016 5438 scriptum
1057 5375 1139 5422 est
1186 5366 1273 5437 (ll
1306 5357 1542 5433 Timfn),
1596 5381 1702 5419 non
1749 5373 1872 5419 sunt

281 5472 429 5511 vasa
458 5474 620 5512 aurea
659 5467 862 5512 tantum
893 5468 984 5512 aut
1010 5464 1292 5526 argentea,
1323 5456 1415 5510 sed
1446 5457 1617 5523 lignea
1647 5464 1701 5509 et
1733 5453 1870 5509 ficti-

281 5548 397 5602 lia.
429 5547 589 5619 769
632 5527 770 5616 Ergo
814 5549 881 5602 ad
926 5547 1366 5629 illuminationem
1403 5545 1675 5599 hominum
1713 5543 1875 5599 desti-

277 5647 501 5698 nantur
547 5655 733 5696 omnes
777 5641 980 5704 sancti,
1015 5648 1070 5694 et
1108 5637 1358 5692 destinati
1386 5643 1509 5690 sunt
1536 5635 1763 5705 apostoli
1791 5635 1875 5691 vel

1974 4552 2262 4605 diabolum.
2305 4549 2500 4601 lterum
2530 4544 2670 4598 Elias
2714 4542 2834 4609 (Ill
2868 4541 2993 4612 Reg.
3036 4543 3161 4608 xvu)
3195 4549 3252 4594 ut
3295 4541 3408 4609 ipse
3446 4557 3538 4596 su-

1974 4643 2192 4697 scitaret
2222 4646 2488 4692 mortuum
2509 4650 2627 4689 sese
2649 4631 2924 4700 expandit,
2939 4630 3087 4697 quod
3111 4631 3163 4684 iu
3183 4646 3340 4685 cruce
3360 4631 3540 4686 Domi-

1977 4748 2076 4787 nus
2101 4730 2244 4793 fccit,
2273 4737 2330 4781 ut
2357 4735 2584 4780 mortem
2615 4725 2820 4792 fugaret
2841 4732 2898 4777 et
2923 4723 3082 4776 vitam
3122 4722 3424 4778 redonaret.
3459 4724 3541 4779 Vi-

1975 4823 2195 4877 deamus
2222 4817 2347 4887 quid
2392 4823 2665 4883 sequatur.
2698 4811 2784 4868 Ait
2812 4822 3027 4868 sanctus
3052 4812 3239 4868 Petrus
3266 4813 3494 4870 Domino
3527 4835 3539 4868 :

1980 4912 2180 4966 Bonum
2225 4917 2300 4962 est
2330 4908 2410 4961 hic
2439 4923 2531 4960 nos
2559 4922 2709 4960 esse:
2740 4905 2989 4975 faciamus
3017 4904 3100 4957 hic
3155 4905 3253 4958 tria
3301 4904 3541 4960 taberna-

1979 5007 2116 5072 cula,
2164 5004 2476 5074 tibi’unum,
2506 4999 2676 5069 Moysi
2725 5015 2900 5058 unum,
2932 5005 2982 5050 et
3028 4996 3162 5050 Elia:
3213 5014 3389 5051 unum.
3422 4997 3544 5052 Hmc

1980 5097 2168 5151 Petrus
2186 5091 2477 5148 secundum
2505 5088 2750 5142 allectum
2789 5087 2915 5140 boni
2943 5087 3205 5156 discipuli,
3236 5087 3326 5156 qui
3355 5087 3544 5156 dilige-

1975 5189 2069 5243 bat
2096 5163 2366 5239 ministros
2413 5187 2469 5234 ct
2504 5179 2704 5232 amicos
2731 5177 2962 5243 Domini,
2993 5175 3226 5247 Moysem
3255 5185 3310 5228 et
3350 5175 3542 5229 Eliam.

1979 5277 2044 5331 Et
2070 5291 2194 5331 ecce
2225 5273 2365 5340 venit
2396 5271 2562 5325 nubes
2589 5267 2913 5323 obumbrans
2948 5283 3062 5333 eos,
3089 5275 3146 5319 et
3176 5281 3274 5318 vox
3307 5265 3372 5317 de
3400 5266 3542 5319 nube

1979 5370 2162 5422 dicens
2195 5384 2206 5418 :
2244 5363 2352 5416 Ilic'
2371 5370 2445 5415 est
2475 5358 2642 5414 Filius
2669 5374 2807 5411 meus
2837 5358 3077 5420 dilectus,
3108 5357 3160 5408 in
3187 5371 3284 5422 quo
3323 5369 3542 5412 conma-

1976 5457 2086 5517 cui;
2116 5462 2275 5524 prout
2294 5451 2534 5523 diceret;
2565 5463 2668 5502 non
2695 5448 2862 5500 tribus
2883 5446 3004 5500 volo
3029 5443 3140 5496 fieri
3171 5441 3538 5505 tabernacula;

1977 5547 2069 5600 s‘ed
2099 5547 2182 5599 hic
2210 5552 2292 5599 est
2321 5543 2484 5596 Filius
2508 5555 2657 5594 meus
2685 5537 3075 5596 dilectissipus,
3103 5533 3253 5600 cujus
3291 5533 3541 5587 taberna-

1981 5637 2157 5692 culum
2187 5650 2351 5690 unum
2369 5633 2491 5695 erit,
2513 5630 2614 5684 hoc
2635 5637 2718 5682 est
2743 5641 2842 5680 una
2865 5624 2924 5678 E-
2942 5623 3122 5692 zlcsia,
3145 5630 3257 5676 toto
3280 5627 3551 5677 tetrarum
