4072 6332
625 291 729 347 325
1129 291 1141 302 '
1822 299 1878 355 S.
1920 300 2162 357 MAXIMI
2202 303 2653 367 TAURINENSIS
3720 336 3805 402 δεῖ,

626 404 756 458 ,ιι-δε
783 400 992 468 dimica,
1035 402 1102 457 ad
1129 380 1528 461 similitudinem
1574 409 1731 463 unius
1757 408 2089 469 Hierusalem
2119 413 2199 469 ci-
2230 420 2272 479 Α
2305 419 2419 480 Hoc
2451 423 2710 483 Dominus
2735 406 2925 487 desua
2966 435 3213 504 passione
3241 437 3463 498 dicebat.
3492 444 3655 507 Adhuc
3693 457 3806 513 adli-

627 492 824 557 vitatis,
852 508 971 562 quae
999 491 1051 547 in
1080 495 1218 552 caelo
1244 504 1345 551 est.
1376 495 1433 550 lu
1482 497 1580 552 ista
1622 498 1859 556 Ecclesia
1886 502 2117 575 Moyses,
2145 515 2200 561 et

2300 513 2378 569 dit
2396 516 2580 573 dicens
2611 537 2624 572 :
2652 522 2672 552 ¹
2703 520 2906 578 Putatis
2927 524 3047 597 quia
3074 546 3253 598 pacem
3280 536 3388 587 veni
3416 535 3534 591 dare
3556 538 3603 594 in
3621 551 3805 604 terram?

624 579 787 644 Elias,
819 578 1060 647 Petrus,
1083 580 1316 642 Jacobus
1344 594 1398 640 et
1422 585 1659 646 Joannes
1697 590 1954 656 aderunt,
1985 610 2200 666 semper

2283 602 2446 674 °Non,
2471 608 2588 663 dico
2615 611 2772 674 vobis,
2795 614 2887 667 sed
2913 617 3307 684 separationem.
3335 620 3492 680 Erunt
3515 629 3636 684 enim
3657 648 3713 687 ea:
3733 602 3805 691 Itch

620 671 851 727 Domino
880 673 1243 736 testimonium
1273 676 1634 747 perbibentes,
1678 696 1798 737 cum
1829 684 2078 739 omnibus
2102 700 2198 756 pa-

622 762 869 818 triarcbis
915 771 970 819 et
1016 765 1330 836 prophetis,
1379 771 1686 842 sanctisque
1720 770 2026 843 apostolis;
2076 794 2195 833 cum

620 852 814 921 quibus
837 861 893 908 et
916 869 1017 910 nos
1050 871 1239 911 omnes
1265 857 1564 927 credentes,
1615 876 1830 933 semper
1868 867 2198 925 exsultemus

618 952 675 998 et
695 944 986 1014 gloriemur
1013 946 1069 1000 in
1097 946 1325 1004 Domino
1351 948 1480 1006 Jesu
1502 950 1718 1009 Christo
1747 954 1883 1011 Filio
1913 957 2026 1025 Dei,
2052 976 2194 1015 sem-

619 1052 822 1108 perque
846 1036 989 1093 Patri
1013 1054 1111 1109 per
1133 1041 1305 1110 ipsum
1335 1042 1531 1110 gratias
1558 1054 1777 1115 agentes
1801 1065 1813 1100 :
1845 1050 1929 1104 cui
1955 1059 2036 1106 est
2077 1053 2193 1127 glo-

620 1131 696 1184 ria
727 1132 780 1186 in
803 1133 1013 1187 saecula.
1048 1135 1239 1191 Amen.

792 1247 844 1303 Χ
858 1248 955 1304 γι.
990 1248 1122 1307 Item
1146 1254 1296 1309 lectio
1317 1258 1608 1329 evangelica
1633 1258 1759 1315 Lac.
1792 1280 1885 1331 xu,

687 1362 775 1417 Ait
801 1362 1061 1421 Dominus
1089 1365 1310 1449 {Ignem
1332 1373 1444 1425 veni
1460 1375 1661 1453 mittere
1679 1376 1733 1430 in
1758 1385 1971 1448 terram,
1993 1390 2040 1435 et
2069 1384 2192 1454 quid

616 1456 745 1522 talo,
776 1457 879 1512 nisi
903 1469 960 1512 ut
986 1444 1339 1539 accendatur?
1358 1448 1624 1536 Baptismo
1653 1478 1825 1524 autem
1851 1472 2012 1527 habeo
2033 1473 2195 1546 bapti-

615 1549 742 1613 zari,
773 1558 824 1602 et
866 1552 1116 1620 quamde
1159 1564 1392 1611 coarctor
1417 1560 1573 1630 usque
1610 1560 1732 1616 dum
1775 1565 2110 1634 perﬁciatur?
2136 1576 2193 1622 et

2298 695 2516 767 quinque
2536 699 2588 751 in
2617 699 2768 755 domo
2796 719 2901 756 una
2924 705 3093 772 divisi,
3128 718 3230 763 tres
3250 711 3301 764 in
3322 711 3461 778 duos,
3483 726 3530 770 et
3554 719 3641 773 duo
3659 722 3704 777 in
3727 735 3806 781 tm

2299 785 2586 842 dividentur
2615 806 2632 844 :
2662 801 2809 861 pater
2836 793 2888 847 in
2924 796 3111 864 ﬁliam,
3139 809 3189 852 et
3215 800 3356 869 filius
3381 805 3434 857 in
3460 817 3639 875 patrem
3661 829 3804 882 mm;

2298 888 2462 933 mater
2480 881 2533 934 in
2560 882 2744 952 ﬁliam,
2776 895 2823 953 et
2845 887 2956 955 [ilia
2975 889 3029 942 in
3058 900 3274 946 matrem
3296 910 3437 949 suam
3448 914 3465 961 ;
3493 915 3652 956 semis
3674 906 3719 957 in
3734 924 3808 960 mt-

2298 987 2410 1024 rnm
2437 989 2603 1039 suam,
2634 984 2682 1028 et
2705 992 2864 1032 nurus
2888 980 2941 1033 in
2963 997 3167 1037 socrum
3189 1002 3336 1041 suam
3367 986 3562 1063 (Ibid.).
3582 992 3672 1049 Ista
3703 997 3810 1054 divi-

2295 1061 2377 1116 sio
2420 1077 2450 1115 a
2482 1063 2724 1119 ﬁdelibus
2772 1064 2827 1119 ﬁt
2874 1078 3062 1125 contra
3112 1072 3352 1131 inﬁdeles
3412 1061 3543 1161 Cum.
3580 1085 3703 1138 enim
3741 1088 3807 1142 alii

2294 1154 2637 1209 consentiunt
2664 1155 2729 1210 ad
2776 1155 2933 1212 ﬁdem
2959 1159 3189 1228 Domini,
3218 1165 3306 1219 alii
3342 1154 3658 1235 dissentiant,
3685 1190 3711 1227 a
3732 1177 3809 1232 lide

2294 1253 2641 1314 separantur;
2669 1256 2724 1301 et
2751 1249 2850 1303 ista
2876 1254 3146 1320 separatio
3172 1256 3449 1314 credentes
3476 1262 3647 1327 salvat,
3674 1266 3810 1321 incre-

2292 1333 2448 1390 dulos
2475 1351 2606 1390 vero
2645 1336 2883 1394 damnat.
2916 1340 3124 1398 Justum
3172 1354 3256 1400 est
3300 1348 3443 1433 enim
3487 1351 3727 1427 ut‘ﬁdelis
3747 1357 3809 1427 di-

2292 1426 2494 1493 scedat,
2522 1429 2647 1499 quia
2679 1446 2785 1486 non
2815 1442 2997 1502 potest
3019 1434 3252 1494 societas
3279 1455 3399 1494 esse
3428 1426 3527 1497 luci
3560 1460 3669 1500 cum
3695 1457 3811 1504 tene—

2291 1518 2422 1585 bris,
2452 1535 2552 1575 nec
2590 1520 2751 1577 dulce
2778 1537 2963 1580 amaro
2992 1527 3228 1590 misceri,
3262 1545 3362 1586 nec
3392 1530 3553 1590 ﬁdelis
3582 1550 3687 1590 cum
3724 1536 3811 1591 inli-

2290 1607 2416 1663 dcli.
2448 1608 2701 1679 ideoque,
2722 1610 3045 1690 _fratres,in
3092 1618 3193 1671 lide
3222 1618 3430 1675 Domini
3460 1637 3813 1690 perseverantes

2289 1700 2477 1757 demus
2523 1688 2762 1773 cperam,
2801 1714 2856 1760 et
2903 1715 2961 1760 ut
3016 1708 3318 1766 incredulos
3355 1712 3423 1766 ad
3464 1688 3615 1769 ﬁdem
3645 1716 3812 1774 Domini

2290 1791 2665 1862 perducamus,
2689 1810 2982 1865 omnesque
3012 1798 3063 1851 in
3087 1798 3303 1855 Christo
3334 1802 3596 1861 salvemur
3622 1827 3634 1859 :
3661 1809 3733 1863 cui
3755 1820 3814 1864 est

614 1645 826 1693 czetera.
857 1639 1060 1719 Ignem,
1083 1644 1274 1713 inquit,
1295 1648 1415 1701 veni
1438 1650 1652 1706 mittere
1674 1652 1724 1707 in
1743 1662 1959 1721 terram,
1984 1666 2039 1711 et
2064 1658 2189 1727 quid

613 1726 756 1794 volo,
787 1729 890 1786 nisi
920 1741 979 1785 ut
1024 1735 1385 1793 accendatur?
1411 1738 1594 1808 Ignem
1636 1743 1803 1798 mittit
1847 1726 2105 1803 Dominus
2134 1749 2186 1804 in
2220 1781 2264 1841 Β

611 1827 809 1875 terram
837 1825 1071 1893 pectoris
1099 1829 1267 1884 nostri
1314 1831 1381 1884 ad
1407 1834 1759 1890 excolendum
1788 1852 1971 1906 agrum
2011 1843 2188 1899 cordis

610 1910 800 1979 nostri,
845 1912 912 1968 ad
939 1917 1242 1973 exurendas
1267 1920 1448 1990 spinas
1474 1932 1531 1979 et
1562 1925 1783 1981 tribulos
1822 1938 2182 1998 peccatormn,

610 2007 667 2055 ut
694 1999 858 2069 frigus
884 2005 1135 2074 nequitia:
1158 2019 1354 2065 nostra:
1384 2013 1633 2082 pellatur,
1664 2025 1720 2071 et
1750 2019 1932 2074 calore
1960 2018 2187 2090 Spiritus

612 2091 777 2145 sancti
804 2095 984 2148 omnia
1014 2095 1239 2153 fecunda
1270 2101 1322 2155 in
1365 2105 1519 2160 nobis
1548 2114 1604 2159 et
1641 2122 1896 2179 prospera
1923 2112 2182 2168 oriantur.

610 2177 760 2246 Nam,
783 2184 966 2255 accipe
993 2190 1451 2259 comparationem
1476 2210 1544 2250 ex
1567 2192 1688 2266 igne
1718 2200 1820 2255 isto
1845 2210 2088 2268 terreno;
2112 2206 2185 2259 ait

553 2344 567 2356 ‘
609 2269 821 2339 quidam
850 2284 1041 2330 auctor
1061 2280 1393 2337 smcularium
1424 2285 1720 2343 litterarum
1755 2293 1766 2322 ¹
1804 2310 1814 2342 ;

699 2419 845 2505 Saepe
870 2426 1016 2505 cltia‘m
1035 2431 1234 2505 steriles
1258 2434 1518 2505 incendere
1546 2440 1721 2501 profuit
1744 2454 1902 2505 atros.

701 2483 864 2561 Atque
888 2486 1049 2561 levem
1071 2493 1300 2561 stipulam
1322 2483 2070 2558 occipit-avni}biis'ur'eT-e'llammis
2092 2528 2102 2561 :

699 2545 817 2622 Sive
843 2549 956 2620 inde
974 2545 1186 2622 occultas
1207 2558 1355 2622 vires,
1384 2545 1801 2622 iniiinii-Ea

696 2605 1222 2689 {:itsguiiaconcipiUItt,
1245 2605 1355 2668 sive
1375 2605 1639 2689 illis-omne
1660 2641 1750 2689 per
1775 2631 1939 2683 igtietn
2033 2674 2041 2685 .

696 2665 1001 2753 Etcbqluitut‘
1024 2665 1222 2753 vitium:
1238 2665 2033 2753 arti-pieveisuda'tviiiniili:'lmtnor;

698 2729 798 2800 Seu
825 2729 993 2790 plures
1006 2735 1136 2784 calor
1159 2729 1240 2788 ille
1258 2729 1435 2792 viasct‘
1447 2729 1785 2800 "ee’ciiéihxii

699 2788 1025 2876 gpirimettta,
1052 2811 1197 2869 novas
1217 2788 1805 2876 sciuntqui;
1842 2816 1978 2876 rbus;

664 2908 667 2910 η
698 2850 749 2896 S.
769 2862 800 2899 ιι
823 2852 967 2903 durat
990 2850 1162 2920 magis,
1184 2870 1236 2909 et
1262 2850 1873 2931 venasbsidﬁgii'i.iii{ieél

606 2998 661 3055 Si
690 3001 794 3058 boc
821 3015 1042 3076 prtestat
1069 3018 1231 3082 atque
1249 3012 1417 3072 efﬁcit
1458 3032 1595 3088 ignis
1622 3030 1724 3078 iste
1754 3032 1998 3083 terrenus
2024 3038 2184 3100 atque

606 3107 918 3165 corporeus,
942 3110 1145 3170 quanto
1171 3108 1340 3177 magis
1358 3111 1494 3179 ignis
1514 3112 1604 3170 ille
1623 3116 1858 3173 caelestis
1872 3126 2179 3192 etsanetus,

604 3187 695 3254 qui
742 3188 816 3243 ita
843 3201 1091 3261 penetrat
1137 3198 1330 3254 anima:
1379 3218 1639 3273 recessus,
1673 3217 1731 3263 ut
1777 3210 1977 3267 vadens
2015 3214 2179 3269 etiam

504 3278 509 3281 ’
604 3290 702 3344 per
725 3278 1031 3338 universam
1058 3285 1410 3346 substantiam
1434 3295 1591 3366 771
1613 3300 1875 3369 corporis,
1902 3310 2073 3358 totum
2090 3305 2182 3361 ho-

601 3367 800 3447 minem
828 3374 1087 3431 mundum
1115 3379 1302 3436 reddat
1336 3394 1499 3453 atque
1534 3367 1893 3461 fructiferum;
1924 3404 1979 3450 et
2000 3404 2178 3454 tantos

601 3457 803 3517 fructus
830 3461 995 3521 elllcit
1020 3468 1157 3536 ignis
1203 3471 1304 3527 iste
1354 3475 1405 3529 iu
1437 3477 1670 3546 homine,
1701 3457 1932 3552 quantos
1960 3493 2181 3560 exponit

601 3549 797 3610 Paulus
821 3559 1098 3626 apostolus
1123 3561 1308 3621 dicens
1340 3585 1353 3619 :
1384 3568 1609 3627 Fructus
1637 3549 1868 3643 Spiritus
1886 3589 1986 3647 est,
2017 3549 2177 3653 spiri-

599 3653 686 3699 tus
722 3645 862 3702 illius
892 3649 1032 3720 ignei
1058 3654 1278 3725 caritas,
1309 3660 1577 3728 gaudium,
1610 3680 1734 3734 pax,
1767 3645 2176 3739 patientia,-boo

599 3737 756 3805 nitas,
788 3739 915 3795 ﬁdes
945 3741 1143 3813 (Colat.
1175 3751 1250 3816 v),
1283 3758 1387 3806 etc.
1418 3753 1644 3823 Caritas,
1678 3759 1851 3829 inquit
1877 3762 1929 3816 in
1978 3737 2174 3836 capite,

598 3828 725 3907 quia
773 3829 948 3899 ignem
977 3837 1217 3894 caritatis
1246 3857 1517 3911 nunquam
1547 3850 1839 3919 exstinguit
1882 3828 2175 3925 frigus-ini.

598 3918 974 3987 quitatis;{sic
1020 3925 1213 3983 iterum
1259 3931 1389 3986 dicit
1436 3918 1992 4007 Scripturaidiviuav:
2034 3949 2175 4020 Arma

597 4010 759 4064 multa
819 4028 924 4068 non
987 4020 1269 4090 exstinguit
1341 4027 1643 4095 caritatem,
1697 4042 1773 4085 et,
1798 4035 2013 4101 [lamina
2074 4055 2174 4093 non

569 4098 921 4155 ‘innndabnnt
967 4120 1081 4158 eam
1127 4107 1301 4176 (Cant.
1359 4115 1492 4184 vui),
1534 4126 1593 4170 ut
1648 4136 1752 4173 non
1799 4098 1918 4178 eam
1969 4135 2173 4195 petram

598 4193 653 4239 et
702 4189 891 4242 turrim
942 4194 1199 4263 excisam_
1231 4200 1367 4267 (sic).
1418 4203 1618 4273 Ignem,
1671 4211 1764 4275 ait,
1817 4217 1929 4269 veni
1978 4220 2176 4274 mittere

598 4279 649 4334 itt
690 4288 881 4337 terram
930 4299 948 4336 .·
995 4294 1044 4338 et
1094 4288 1215 4358 quid
1266 4294 1399 4357 r010,
1440 4297 1539 4350 nisi
1586 4308 1641 4352 ut
1686 4306 2030 4361 accendatur?
2072 4311 2173 4365 Ac-

599 4370 840 4429 cenditur
884 4389 982 4443 per
1030 4377 1225 4434 bonam
1272 4384 1621 4452 voluntatem,
1670 4405 1767 4460 per
1809 4394 2006 4458 bonum
2047 4404 2172 4469 pro-

595 4465 828 4532 positum
854 4469 1068 4537 montis,
1091 4485 1209 4541 qua:
1237 4474 1290 4528 in
1318 4491 1376 4530 se
1404 4478 1799 4559 quodammodo
1824 4497 1983 4556 auget
2009 4465 2170 4561 atque

519 4612 530 4619 _
596 4554 888 4613 inflammat
915 4560 1091 4628 ignem
1143 4564 1289 4619 illum
1339 4567 1595 4625 divinum.
1628 4554 1950 4635 Accenditur
1993 4554 2170 4641 adhuc

596 4647 731 4714 ignis
758 4648 860 4705 iste
898 4651 951 4705 in
981 4652 1135 4708 nobis
1163 4670 1261 4725 per
1288 4655 1618 4726 frequentem
1664 4664 1845 4722 ﬂatum
1870 4671 2168 4730 divinarum

596 4738 1019 4810 Seripturarum;
1053 4746 1192 4802 unde
1214 4757 1269 4808 et
1302 4751 1588 4820 Apostolus
1613 4768 1827 4815 sanctus
1866 4758 1967 4818 hoc
1995 4766 2169 4821 sciens

597 4830 883 4886 mandabat
922 4832 1213 4892 Timotheo
1253 4855 1351 4895 suo
1379 4841 1638 4914 discipulo
1683 4848 1866 4905 dicens
1900 4870 1911 4904 :
1952 4856 2169 4910 Attende

596 4918 690 4973 tibi
715 4930 763 4972 et
791 4922 1028 4987 lectioni;
1045 4943 1302 4995 permane
1326 4933 1378 4984 in
1408 4934 1498 4988 eis.
1544 4934 1659 4991 Hoc
1683 4941 1817 4994 enim
1859 4945 2054 5013 faciens
2073 4987 2089 5011 ,
2118 4958 2167 5000 et

597 5010 815 5079 teipsum
841 5015 1083 5083 satvabis,
1105 5029 1156 5072 et
1178 5038 1266 5075 eos
1291 5026 1377 5093 qui
1407 5036 1455 5079 te
1481 5028 1699 5084 audiunt
1727 5010 1885 5101 (Tini.
1909 5038 2001 5103 iv).
2020 5010 2085 5091 Et
2115 5048 2166 5094 te

599 5098 800 5169 inquit,
833 5103 1059 5158 salvabit
1088 5108 1226 5175 ignis
1253 5113 1567 5171 salubritate
1596 5098 1903 5188 fulgentem,
1928 5098 1983 5177 et
2006 5138 2166 5183 caste-

598 5204 687 5246 ros
723 5193 815 5261 qui
857 5202 910 5248 te
956 5197 1555 5262 audiunt'illuminabis.
1602 5209 1800 5268 Deinde
1844 5225 2060 5273 secutus
2087 5229 2168 5274 est

597 5280 852 5339 Dominus
879 5285 1063 5343 dicens
1095 5307 1107 5341 :
1140 5289 1406 5361 Baptismo
1433 5308 1601 5353 autem
1630 5292 1790 5357 habeo
1819 5305 2089 5373 baptizari,
2120 5320 2170 5363 et

592 5374 845 5439 quomodo
879 5388 1114 5443 coarctor
1160 5399 1317 5454 usque
1356 5387 1477 5451 dum
1518 5388 1994 5483 perﬁciatnrian.
2026 5403 2168 5471 xu)?

598 5587 601 5590 ’
666 5587 680 5659 ξ
708 5582 893 5659 ergil.
926 5587 1118 5659 Georg.
1148 5593 1235 5646 lib.
1274 5611 1306 5646 ι.

2284 1882 2453 1949 gloria
2477 1891 2531 1937 et
2554 1885 2832 1953 imperium
2863 1888 2914 1942 in
2944 1889 3158 1945 s'ecula.
3187 1891 3379 1948 Amen.

2382 1972 2432 2025 Χ
2447 1972 2575 2028 VII.
2610 1975 2745 2030 Item
2766 1977 2828 2031 de
2856 1978 3073 2035 lectione
3099 1984 3391 2053 evangelica
3410 1983 3570 2041 Marc.
3602 2005 3651 2051 u,
3676 1989 3746 2043 15.

2358 2061 2659 2118 Recitalum
2689 2075 2769 2120 est
2792 2066 2881 2122 ubi
2906 2067 3163 2132 Dominus
3191 2071 3391 2128 dicitur
3416 2076 3650 2135 habuisse
3670 2082 3813 2135 conri-

2287 2150 2433 2204 Vinm
2462 2152 2603 2221 apud
2630 2152 2756 2209 Levi
2785 2170 2904 2212 cum
2927 2158 3229 2228 publicanis
3256 2171 3313 2218 et
3342 2169 3711 2234 peccatoribus.
3729 2171 3814 2227 Non
3858 2238 3864 2247 ι

2286 2240 2603 2308 prohibebat
2624 2243 2878 2301 Dominus
2903 2249 3219 2318 publicanos
3247 2262 3303 2308 et
3337 2266 3655 2327 peccatores,
3682 2270 3731 2315 ut
3752 2266 3814 2316 rel
3852 2334 3858 2347 Ι

2288 2333 2568 2389 occasione
2596 2337 2825 2391 convivii
2854 2338 3204 2397 docerentur.
3227 2344 3348 2401 Non
3371 2349 3651 2419 repellebat
3670 2352 3817 2423 impios

2285 2431 2341 2477 et
2366 2423 2591 2493 injustos
2616 2426 2791 2494 justus
2818 2437 2874 2483 et
2917 2431 3055 2501 pius,
3090 2435 3182 2503 qui
3211 2450 3404 2493 omnes
3450 2448 3508 2494 ut
3531 2449 3722 2497 sanaret
3744 2444 3817 2497 ad-

2286 2522 2529 2578 venerat,
2555 2510 2695 2571 Sicut
2723 2518 2837 2589 ipse
2864 2520 3075 2578 dixerat
3100 2542 3111 2579 :
3140 2526 3301 2599 772
3338 2527 3461 2585 Non
3490 2542 3563 2586 est
3582 2533 3707 2588 sanis
3723 2551 3819 2602 opu

2287 2607 2505 2669 medico,
2536 2609 2626 2662 sed
2656 2612 2809 2666 emole
2859 2614 3163 2671 [tabentibus
3192 2619 3409 2688 (Matth.
3467 2625 3561 2695 Ix).
3587 2626 3640 2680 ln
3676 2626 3817 2681 multis

2286 2697 2676 2756 desideriorum
2718 2705 2955 2762 febribus
2981 2710 3308 2779 constitutis,
3343 2714 3518 2771 dulcia
3559 2733 3817 2774 sennontun

2288 2804 2506 2844 suorum
2536 2791 2810 2861 refrigeria
2852 2796 3183 2857 infundebat.
3217 2800 3418 2860 Aderat
3450 2806 3741 2863 abundantia
3764 2811 3819 2864 ci-

2290 2878 2479 2933 borum
2509 2890 2564 2936 et
2586 2893 2776 2952 potus;
2799 2887 2890 2941 sed
2920 2887 3186 2957 Salvator,
3213 2893 3408 2951 videns
3426 2913 3521 2953 eos
3548 2890 3596 2953 in
3624 2900 3735 2970 ipsis
3755 2901 3818 2954 in-

2288 2976 2484 3035 tentos,
2510 2970 2834 3041 iungebatur
2857 2994 2977 3033 cum
3008 2980 3113 3037 illis
3150 2983 3202 3037 in
3250 2993 3472 3043 terreno
3516 2989 3751 3054 convivio,
3776 3002 3817 3045 ut

2287 3066 2383 3107 eos
2422 3054 2487 3107 ad
2536 3057 2775 3125 coelestia
2826 3065 3120 3121 monuisset
3150 3068 3413 3127 'couviﬁa
3436 3108 3440 3116 -
3466 3074 3713 3141 festinare,
3752 3076 3818 3129 ubi

2209 3134 2409 3211 C‘suut
2437 3144 2539 3199 illa:
2575 3162 2680 3202 non
2712 3153 3054 3221 temporales,
3085 3157 3176 3211 sed
3219 3166 3441 3216 interna:
3481 3163 3686 3228 delicize,
3721 3181 3819 3234 quas

2281 3250 2373 3287 nec
2402 3238 2578 3291 ocnhts
2605 3240 2750 3307 vidit,
2782 3258 2877 3296 nec
2908 3246 3050 3299 auris
3073 3247 3284 3308 audivit.
3317 3268 3412 3305 nec
3440 3254 3495 3306 in
3532 3271 3616 3309 cor
3640 3254 3816 3309 hominis

2281 3331 2533 3397 ascendit,
2575 3348 2690 3404 qua:
2728 3338 3042 3405 prwparavit
3073 3338 3208 3395 Deus
3258 3342 3592 3415 diligentibus
3630 3363 3681 3400 se
3711 3345 3815 3415 (Isa.

2282 3410 2420 3484 nam,
2448 3430 2497 3474 et
2528 3421 2558 3476 I
2578 3421 2698 3477 Cor.
2728 3439 2788 3491 ι).
2814 3425 2928 3481 Νοιι
2951 3437 3053 3493 est,
3079 3430 3271 3501 inquit,
3304 3410 3447 3504 opus
3474 3438 3613 3491 sanis
3631 3437 3813 3499 medice,

2280 3509 2373 3563 sed
2402 3512 2541 3566 male
2570 3512 2908 3570 habentibus.
2934 3517 3033 3584 Qui
3056 3531 3286 3588 :ngrotas
3317 3525 3525 3594 animo;
3549 3543 3817 3609 quocunque

2279 3601 2531 3656 vitiorum
2580 3606 2770 3660 morbo
2796 3606 3078 3673 detentus;
3110 3614 3202 3680 qui
3252 3614 3437 3672 febres
3466 3618 3626 3673 babes
3650 3627 3726 3672 aut
3748 3606 3817 3672 su-

2280 3692 2496 3760 perbiac,
2534 3704 2627 3748 aut
2668 3695 2908 3764 luxuriat,
2949 3689 3051 3754 aut
3078 3705 3535 3774 concupiscentim
3579 3707 3731 3772 malm,
3748 3716 3819 3760 aut

2279 3781 2584 3850 iracundize,
2616 3795 2709 3840 aut
2735 3791 2990 3858 avaritia),
3024 3808 3179 3849 curre
3205 3797 3271 3851 ad
3300 3796 3817 3855 medicum'Christum

2280 3882 2334 3927 et
2359 3889 2556 3943 rogans
2595 3876 2680 3932 dic
2721 3878 2787 3932 ad
2818 3880 2941 3951 eilm
2975 3901 2986 3935 :
3019 3881 3134 3957 Ego
3179 3887 3309 3952 diri,
3353 3888 3588 3954 Domine,
3626 3894 3820 3946 miserere

2280 3965 2412 4028 mei;
2434 3982 2563 4019 sana
2585 3970 2812 4031 animum
2838 3988 3020 4039 meam,
3049 3978 3170 4046 quia
3191 3983 3403 4047 peccavi
3434 3983 3522 4036 tibi
3546 3982 3703 4049 (Psal.
3724 3983 3816 4047 xc);

2280 4064 2335 4109 ut
2361 4046 2416 4110 et
2445 4057 2555 4126 ipse
2583 4059 2721 4114 dicat
2798 4104 2810 4116 .
2888 4072 2902 4116 '.
2987 4108 2998 4118 .
3080 4109 3092 4121 .
3177 4110 3189 4121 .
3268 4072 3312 4125 si
3368 4075 3522 4129 audis
3550 4075 3698 4129 verba
3725 4088 3817 4126 mea

2278 4239 2649 4306 dligisclttcc
2714 4285 2724 4296 .
2803 4284 2817 4297 .
2899 4288 2911 4299 .
2994 4288 3007 4300 .

2278 4420 2598 4475 medicinam
2630 4427 2829 4478 senties
2854 4444 3008 4496 opem
3038 4431 3198 4486 divini
3221 4438 3427 4501 auxilii,
3452 4441 3496 4493 si
3523 4440 3819 4497 devotionem

2205 4525 2249 4584 ι)
2278 4516 2382 4562 tum
2405 4513 2600 4565 mentis
2618 4511 2668 4567 iu
2700 4514 2887 4571 divinis
2910 4525 3187 4592 praeceptis
3204 4533 3316 4579 tota
3338 4528 3703 4587 observatione
3720 4528 3819 4585 coii-

2276 4599 2483 4654 tuleris.
2518 4599 2763 4669 Magnum
2794 4616 2849 4661 et
2886 4608 3085 4665 bonum
3115 4622 3215 4680 cst,
3247 4610 3466 4682 fratres,
3491 4636 3674 4690 parere
3692 4621 3819 4677 cmic-

2273 4688 2341 4741 sti
2369 4690 2735 4757 mandato;‘et
2756 4696 2882 4751 inde
2908 4700 3052 4758 salus
3081 4706 3399 4777 acquiritur,
3434 4688 3523 4769 ubi
3546 4713 3818 4789 obedienth

2277 4778 2571 4836 famulatur
2599 4786 2833 4842 auditus.
2861 4788 3002 4860 Ergo
3027 4805 3537 4864 pareamusalivinis
3563 4784 3815 4876 pneceplis.

2276 4881 2333 4925 ut
2367 4873 2628 4944 bonorum
2651 4879 3004 4937 substantiam
3032 4894 3325 4957 consecuti,
3357 4873 3578 4968 semper
3599 4873 3818 4966 Patriper

2276 4960 2465 5017 Filium
2496 4966 2694 5035 gratias
2735 4968 3030 5031 referamus
3063 4996 3073 5028 :
3107 4981 3192 5034 cui
3232 4993 3315 5039 est
3344 4960 3520 5055 gloria
3565 4989 3616 5043 in
3641 4960 3815 5045 secula.

2275 5052 2464 5108 Amen.

2275 5154 2279 5159 '
2334 5220 2335 5223 η
2368 5142 2418 5194 Χ
2437 5143 2598 5201 VIII.
2636 5148 2765 5205 Item
2796 5155 2857 5207 de
2886 5166 3065 5210 sancto
3092 5156 3378 5232 Evangelia
3410 5166 3537 5226 Luc.
3562 5184 3643 5229 xv,
3670 5166 3739 5218 1‘3.

2334 5220 2657 5295 ‘Audivimus
2687 5241 2847 5299 hodie
2878 5246 2929 5299 in
2962 5257 3148 5303 sancto
3178 5220 3474 5323 Etrangclio
3495 5254 3814 5315 recitatude

2273 5320 2482 5380 duobus
2511 5327 2630 5413 ﬁliis
2653 5330 2867 5400 juniore
2896 5344 2950 5390 et
2996 5337 3218 5406 majore,
3251 5320 3451 5411 quibus
3496 5356 3645 5417 pater
3666 5344 3811 5401 distri-

2274 5413 2460 5471 buerat
2501 5408 2883 5489 substantiam;
2917 5418 3133 5499 ctquOd
3186 5408 3370 5505 junior
3411 5408 3754 5511 peregrinatus
3787 5448 3812 5487 Ι

665 5655 684 5684 ⁴¹
716 5651 937 5723 Vulgata
967 5651 1096 5725 legii
1127 5680 1138 5714 :
1176 5662 1378 5716 Putatis
1406 5681 1523 5730 quia
1570 5683 1747 5732 pacem
1778 5689 1885 5724 rem
1916 5678 2109 5731 mittere
2147 5684 2194 5734 in
2227 5693 2374 5737 terra
