4072 6332
214 338 313 393 825

1042 331 1125 388 DE
1160 327 1517 387 CAPITULIS
1554 324 2088 382 EVANGELIOBUM
2129 325 2627 417 EXPO§ITIONES.
2672 410 2677 414 ι

3371 326 3475 380 820

214 462 385 521 patre,
414 442 683 506 luxu'ribsc
710 447 893 522 vivens
920 445 972 501 in
1000 432 1236 515 peccatis
1256 440 1546 513 perdiderit
1566 440 1779 502 omnia,
1812 444 1857 502 Α
1886 440 1938 494 hi
1957 442 2042 512 qui
2084 442 2258 496 volunt
2298 443 2417 497 hinc
2467 445 2689 498 transire
2726 459 2794 498 aa
2844 460 2930 500 ros
2974 461 3076 499 non
3121 440 3339 514 possint,
3386 462 3475 501 nec

216 552 265 597 et
291 549 479 613 postea
526 537 841 609 poenitentia
869 532 1058 591 ductus
1085 542 1140 589 et
1178 533 1402 587 inultum
1443 529 1674 584 aﬂlictus
1704 544 1787 582 re-

214 633 372 689 dierit
407 631 474 686 ad
500 639 733 702 patrem:
764 628 850 684 cui
895 636 1053 697 paler
1079 633 1134 681 et
1166 625 1360 680 stolam
1379 662 1393 686 ,
1418 632 1474 677 et
1508 621 1781 683 annulum,

215 702 267 778 et
293 721 715 780 calceamentum
748 718 919 787 .jusslt
951 715 1088 781 dari,
1120 725 1177 770 et
1210 714 1434 769 vitulum
1465 712 1517 766 in
1543 710 1789 767 convivio

216 806 391 871 occidi
419 828 520 883 pro
548 810 918 880 redemptione
945 807 1062 878 ejus
1122 845 1138 859 .
1220 846 1233 861 .
1314 846 1328 859 .
1399 844 1412 857 .
1490 844 1504 857 .
1587 845 1599 857 .
1678 844 1691 855 .
1772 843 1785 856 .

220 899 1785 958 ......veniente..........

218 1007 282 1047 eo
310 990 530 1047 consola
610 1029 624 1043 .
703 1029 717 1043 .
799 1028 811 1042 .
883 1028 898 1041 .
976 983 1104 1048 Fili,
1155 992 1209 1038 tu
1255 1000 1457 1054 semper
1493 998 1690 1036 meeum
1714 998 1789 1044 es,

216 1092 264 1137 el
288 1083 464 1137 omnia
480 1096 597 1134 mea
625 1088 711 1133 tua
733 1088 866 1133 sunt.
894 1074 1111 1146 Epulari
1137 1084 1305 1128 autem
1324 1078 1373 1151 et
1394 1073 1617 1144 gaudere
1637 1088 1792 1140 opor-

221 1182 308 1237 tet,
339 1174 463 1244 quia
491 1173 654 1243 frater
683 1179 795 1223 tuus
842 1169 924 1221 hic
962 1174 1191 1221 mortuus
1218 1173 1351 1230 erat,
1389 1172 1440 1217 et
1465 1163 1677 1224 revixit;
1707 1178 1795 1231 pe-

218 1268 401 1331 rierat,
442 1273 492 1318 et
533 1265 767 1317 inventus
791 1269 885 1315 est.
917 1258 1008 1313 lsti
1046 1256 1155 1311 duo
1183 1254 1399 1318 fratres,
1433 1260 1491 1308 ut
1519 1251 1795 1319 exiguitati

221 1370 354 1409 unae
379 1354 608 1417 videtur,
634 1349 892 1407 carissimi
911 1388 925 1411 ,
955 1348 1181 1403 duorum
1224 1344 1546 1414 populorum
1589 1339 1794 1407 signiti-

219 1448 456 1505 cantiam
484 1455 694 1513 gerunt.
725 1443 922 1498 Senior
946 1446 1125 1511 potest
1156 1437 1379 1519 intelligi
1410 1434 1662 1503 antiquus
1700 1447 1798 1502 po-

218 1538 379 1608 pulus
404 1535 824 1607 patriarcharum
852 1531 936 1585 vel
983 1529 1388 1600 prophetarum,
1416 1526 1508 1595 qui
1535 1539 1658 1580 cum
1687 1524 1798 1578 Deo

221 1632 382 1684 Patre
402 1626 787 1699 perseverabat
811 1624 1052 1678 serviens
1079 1621 1163 1685 ei;
1184 1620 1383 1690 junior,
1412 1617 1644 1687 populus
1664 1629 1796 1683 gen-

218 1722 375 1785 tium,
404 1720 496 1790 qui
525 1718 684 1790 773
728 1717 986 1783 elongans
1031 1727 1090 1767 se
1137 1728 1167 1766 a
1214 1711 1347 1773 Deo,
1381 1710 1527 1765 velut
1572 1719 1799 1778 peregre

1862 554 1865 559 ·
1890 532 2010 586 inde
2031 533 2128 585 huc
2150 542 2484 587 transmeare.

1959 623 2388 690 Consideremus,
2418 623 2625 691 fratres,
2647 625 2789 696 quod
2820 625 2970 682 dives
2997 626 3218 697 ponitur
3240 635 3296 681 et
3320 641 3473 681 men-

1888 716 2056 785 dicus.
2089 716 2276 772 Divitis
2318 733 2512 771 nomen
2555 726 2781 785 tacetur,
2813 719 2975 792 775
3001 727 3059 775 et
3099 720 3216 774 sine
3259 719 3479 774 nomine

1892 816 1994 870 est,
2028 808 2174 862 velut
2201 798 2405 879 corpus
2422 809 2538 863 sine
2565 811 2773 880 capite:
2798 810 2853 866 in
2879 812 3055 881 capite
3082 804 3279 867 nomen
3306 824 3475 877 agno-

1892 898 2093 963 scitur;
2122 898 2211 952 ille
2238 899 2431 954 merito
2458 899 2573 953 sine
2597 901 2832 965 nomine,
2863 901 2987 971 quia
3014 892 3131 956 sine
3156 901 3331 971 capite
3360 899 3477 966 fuit,

1893 988 1982 1056 qui
2007 987 2274 1043 Christi-in
2300 1004 2376 1054 se,
2406 988 2498 1057 qui
2537 995 2697 1059 caput
2723 997 2823 1055 est,
2852 1006 2949 1046 nec
2980 989 3158 1056 fidem,
3190 1006 3289 1046 nec
3316 989 3479 1044 mise-

1890 1077 2177 1132 ricordiam
2210 1079 2413 1133 habuit.
2448 1079 2648 1134 Deinde
2678 1077 2964 1134 Eleazarus
2993 1081 3299 1139 nominatur
3326 1094 3477 1133 meu-

1893 1167 2066 1233 dicus,
2097 1177 2273 1224 tamen
2310 1169 2426 1238 ejus
2467 1186 2661 1225 nomen
2710 1171 2761 1224 in
2810 1171 2946 1225 libro
2976 1171 3111 1226 Vita:
3149 1172 3479 1238 continetur,

1895 1259 2036 1330 quod
2066 1268 2119 1314 et
2150 1261 2201 1314 in
2227 1260 2518 1330 Evangelio
2546 1278 2653 1317 non
2690 1269 2913 1317 tacetur.
2943 1263 2985 1317 l.
3017 1263 3255 1320 Mortuus
3296 1274 3379 1319 est
3425 1273 3481 1319 et

1897 1348 1987 1403 ille
2013 1349 2163 1405 dives
2195 1351 2286 1419 qui
2315 1350 2634 1406 induebatur
2660 1368 2893 1421 purpura
2923 1360 2977 1406 et
3003 1353 3183 1422 bysso,
3212 1362 3269 1408 et
3298 1354 3482 1423 epula-

1897 1440 2053 1494 batur
2091 1441 2355 1516 quotidie~
2375 1442 2681 1512 splendide;
2716 1451 2770 1498 et
2798 1443 3037 1513 sepultus
3065 1454 3147 1499 est
3172 1446 3223 1499 in
3254 1445 3481 1501 inferno.

1898 1530 1960 1585 ll.
1986 1529 2271 1587 Eleazarus
2292 1541 2467 1587 autem
2491 1534 2764 1613 mendicus
2783 1542 3027 1590 mortuus
3053 1543 3136 1590 est
3162 1542 3217 1588 et
3244 1543 3483 1605 portatus

1900 1620 1968 1675 ab
1992 1621 2194 1688 angelis
2223 1621 2276 1676 in
2305 1621 2425 1675 sinu
2472 1622 2695 1677 Abrahm
2739 1623 3055 1693 ponebatur.
3087 1623 3173 1677 Ill.
3220 1624 3483 1680 Judicium

1900 1707 1996 1763 Dei
2026 1709 2206 1764 statim
2235 1710 2288 1763 in
2318 1710 2556 1779 utrisque
2582 1720 2853 1767 ostensum
2883 1720 3001 1767 est:
3033 1714 3262 1782 sumpsit
3283 1729 3486 1784 pauper

216 1810 512 1881 profectus,
544 1809 598 1863 in
646 1807 826 1862 multis
871 1803 1144 1860 erroribus
1171 1802 1336 1866 vixit,
1365 1801 1566 1871 quique
1610 1805 1796 1868 postea
1833 1812 1873 1869 Β
1902 1809 2027 1872 post
2054 1801 2267 1857 labores
2295 1809 2351 1857 et
2378 1801 2591 1858 dolores
2618 1804 2817 1859 multos
2845 1805 3146 1860 desiderata
3178 1804 3484 1874 refrigeria;

214 1902 441 1958 veniens
468 1901 535 1955 ad
581 1908 792 1972 patrem
834 1897 1103 1967 paenitens
1144 1902 1199 1949 et
1238 1907 1434 1961 rogans
1463 1890 1671 1960 accepit
1695 1896 1803 1943 sto-

217 1995 326 2047 lam
351 1990 601 2062 primam,
633 1996 1006 2045 ornamentum
1051 1983 1254 2040 scilicet
1280 1981 1665 2051 redemptionis
1691 1978 1802 2048 pri-

216 2099 400 2149 mum;
455 2084 578 2152 quia
626 2081 882 2150 scriptum
927 2086 1010 2133 est
1059 2095 1072 2128 :
1122 2074 1285 2130 l-Iritis
1331 2082 1504 2146 gentes
1548 2075 1603 2127 in
1649 2080 1802 2142 caput

218 2174 458 2245 (Denter.
484 2173 651 2243 xxrv).
678 2169 917 2225 Anuulus
939 2169 992 2223 in
1012 2182 1192 2232 manu,
1216 2165 1541 2235 sponsalium
1557 2163 1799 2231 signum;

218 2280 425 2335 Sponsa
453 2279 585 2319 vero
624 2260 918 2317 secundum
949 2257 1262 2328 Apostolqu
1292 2255 1386 2311 uni
1406 2253 1529 2310 ‘viro
1569 2254 1803 2323 despon—

215 2366 364 2425 sata,
394 2365 648 2425 tanquam
676 2354 827 2423 virgo
852 2349 1336 2415 castaexhibetur;
1363 2348 1725 2417 calceamenta
1751 2345 1804 2397 in

215 2448 468 2519 pedibus,
500 2456 555 2501 et
582 2447 688 2513 hoc
732 2443 799 2499 ad
826 2443 1035 2511 signum
1063 2447 1146 2496 est
1193 2439 1521 2509 nuptiarum,
1550 2435 1803 2511 quoniam

212 2553 437 2610 sponsae
464 2536 667 2592 Christi
712 2535 1022 2590 calceantur
1065 2530 1230 2601 pedes
1274 2530 1328 2583 in
1356 2525 1802 2598 praeparationem

214 2629 502 2698 Evangelii
556 2627 724 2698 pacis.
754 2624 964 2680 Vitulus
1007 2624 1169 2677 etiam
1215 2623 1267 2676 in
1295 2618 1543 2675 convivio
1589 2615 1806 2685 jubetur

216 2720 420 2778 occidi.
473 2719 760 2788 Saginatus
783 2715 983 2770 vitulus
1031 2710 1146 2783 ipse
1174 2719 1257 2766 est
1309 2709 1557 2764 Salvator
1597 2713 1803 2771 noster,

213 2825 389 2881 quem
428 2808 587 2863 Pater
624 2806 794 2861 voluit
828 2796 1091 2859 immolari
1119 2816 1218 2872 pro
1245 2797 1614 2867 redemptione
1642 2809 1807 2864 gene-

214 2904 301 2957 ris
343 2900 581 2956 humani.
610 2897 765 2965 Quod
813 2904 993 2951 autem
1019 2894 1223 2950 dietum
1269 2900 1371 2956 est,
1404 2890 1560 2946 irasci
1587 2888 1804 2943 fratrem

214 2991 487 3061 majorem
515 3003 613 3059 pro
641 2987 803 3042 fratre
826 2986 1053 3051 minore,
1078 2984 1186 3038 illic
1210 2982 1486 3037 iracundia
1507 2995 1605 3050 pro
1627 2978 1803 3033 admi-

218 3084 437 3138 ratione
462 3081 705 3152 ponitur;
735 3078 869 3148 quia‘
888 3077 1138 3145 antiquus
1160 3074 1428 3143 justorum
1454 3072 1685 3142 populus
1707 3070 1803 3124 ad-

1904 1894 2129 1963 sumpsit
2156 1901 2211 1948 et
2238 1893 2387 1948 dives
2410 1903 2534 1964 post
2561 1895 2846 1949 elationem
2887 1912 3039 1950 suam
3081 1896 3343 1965 condigna
3374 1906 3488 1952 tor-

1902 1991 2114 2063 menta;
2148 1982 2287 2037 unde
2314 1983 2464 2038 dives
2492 1999 2612 2038 cum
2658 1985 2863 2040 videret
2911 1984 3225 2041 Eleazarum
3270 1987 3321 2041 in
3368 1988 3489 2042 sinu

1904 2072 2132 2128 Abrahae
2159 2074 2455 2144 quiescere,
2488 2075 2792 2131 exclamans
2818 2077 2987 2131 dixit:
3018 2077 3182 2132 Pater
3202 2078 3483 2143 Abraham,

1902 2166 2145 2218 miserere
2168 2166 2288 2231 mei,
2318 2174 2367 2219 et
2396 2166 2539 2219 mitte
2583 2165 2917 2231 Eleazarum,
2953 2176 3011 2220 ut
3055 2167 3279 2238 intingat
3317 2178 3489 2221 extre-

1903 2272 2041 2308 mum
2070 2255 2239 2326 digiti,
2271 2265 2328 2309 ut
2362 2258 2630 2328 refrigeret
2666 2257 2897 2330 linguam
2926 2276 3109 2323 meum,
3138 2260 3261 2331 quia
3292 2262 3490 2313 crucior

1902 2347 1957 2399 in
1987 2347 2085 2400 hac
2108 2348 2336 2416 flamma.
2368 2346 2435 2401 Et
2464 2348 2597 2402 dixit
2632 2349 2709 2402 illi
2736 2349 2996 2404 Abraham
3019 2366 3037 2403 :
3062 2349 3190 2420 Fili,
3218 2350 3491 2407 recordare

1904 2438 2024 2509 quia
2057 2441 2293 2508 recepisti
2319 2437 2452 2493 bona
2488 2440 2543 2493 in
2572 2439 2674 2493 rita
2707 2448 2813 2507 tua,
2844 2449 2891 2495 et
2930 2439 3215 2495 Eleazarus
3256 2441 3491 2495 simili'er

1904 2527 2041 2581 mala
2064 2545 2081 2581 :
2104 2544 2238 2581 nunc
2285 2538 2452 2582 autem
2491 2528 2572 2582 hic
2609 2530 2927 2594 consolatur,
2971 2539 3023 2584 tu
3060 2547 3176 2584 vero
3217 2531 3490 2583 cruciaris.

1906 2618 2188 2686 Qumrebat
2212 2635 2271 2675 se
2299 2618 2448 2674 dives
2475 2620 2703 2675 extremi
2731 2620 2881 2690 digiti
2910 2619 3151 2676 Eleazari
3186 2636 3311 2675 rore
3355 2636 3489 2676 con-

1907 2711 2059 2779 tingi,
2080 2718 2135 2766 et
2159 2726 2266 2766 non
2296 2712 2344 2766 ei
2376 2711 2803 2781 permittebatur,
2832 2712 2955 2781 quia
2985 2713 3243 2783 scriptum
3272 2719 3353 2766 est
3380 2730 3391 2765 :
3427 2711 3493 2765 In

1907 2812 2070 2857 morte
2093 2804 2207 2874 quis
2227 2819 2421 2857 memor
2441 2804 2508 2856 sit
2536 2804 2645 2869 tui;
2671 2803 2725 2856 in
2756 2805 2960 2874 inferno
2993 2812 3163 2857 autem
3188 2804 3300 2874 quis
3330 2803 3495 2871 confi-

1911 2893 2097 2949 tebitur
2118 2893 2209 2947 tibi
2239 2893 2410 2959 (Psal.
2437 2894 2547 2965 v1)?
2576 2894 2643 2949 Et
2668 2894 2829 2950 modo
2861 2895 2904 2949 si
2932 2895 3119 2950 volunt
3144 2894 3336 2949 divites
3363 2909 3497 2948 con-

1909 2972 2091 3041 sulant
2118 2986 2474 3057 pauperibus;
2510 2986 2710 3040 habent
2737 2994 2791 3040 et
2823 2985 3009 3040 vident
3045 2984 3329 3039 Eleazaros
3357 2984 3497 3038 mul-

1910 3086 2020 3143 tos;
2052 3093 2173 3133 cum
2205 3079 2283 3133 eis
2325 3077 2549 3133 fecerint
2589 3075 3041 3143 misericordiam,
3082 3076 3135 3129 in
3176 3075 3356 3129 futuro
3397 3074 3498 3130 sibi

218 3175 453 3229 miratus
481 3179 564 3227 est
590 3170 989 3241 susceptionem
1018 3167 1278 3235 gentium.
1312 3164 1379 3219 Et
1404 3165 1530 3219 licet
1551 3162 1807 3233 aliquanti
1837 3169 1882 3231 (ζ
1915 3178 2220 3240 praeparant
2248 3168 2547 3236 refrigeria,
2578 3169 2704 3236 quia
2741 3167 2833 3235 qui
2875 3168 3157 3222 miseremi-
3194 3167 3499 3221 ηιιεοι-ίοοιι.

216 3283 285 3321 cx
333 3266 420 3321 his
450 3280 576 3319 vere
604 3264 725 3318 irati
755 3262 881 3326 sint,
931 3259 983 3314 id
1024 3267 1106 3314 est
1131 3258 1316 3328 populi
1361 3256 1696 3322 Judazorum;
1730 3265 1807 3308 ta-

218 3374 353 3413 men
384 3355 578 3415 divinis
627 3354 909 3424 praeceptis
933 3350 1292 3406 admonentur
1336 3347 1536 3403 debere
1556 3347 1807 3415 gaudere,

217 3449 356 3519 quia
401 3445 683 3501 consilium
729 3441 1053 3511 indulgentis
1089 3439 1184 3494 Dei
1212 3438 1442 3505 benigne
1483 3436 1645 3490 debet
1669 3435 1811 3488 acci-

218 3554 363 3609 pere
394 3538 639 3591 humana:
691 3533 991 3603 fragilitatis
1032 3548 1196 3602 parva
1243 3528 1623 3585 consideratio.
1673 3526 1814 3594 Ergo

216 3629 473 3699 gentium
494 3627 725 3698 populus
754 3625 820 3680 ad
847 3624 1128 3679 Dominum
1168 3636 1459 3677 conversus
1494 3617 1818 3688 jucundetur

216 3737 283 3776 se
313 3718 533 3774 Domini
564 3716 892 3785 benignitate
919 3714 1202 3778 salvatum,
1233 3724 1551 3781 semperque
1573 3708 1686 3763 Deo
1710 3704 1815 3760 Pa-

218 3814 293 3867 tri
336 3827 442 3882 per
468 3809 737 3867 Chrismm
764 3808 881 3875 ejus
908 3805 1110 3876 gratias
1139 3804 1371 3860 referat:
1404 3804 1489 3858 cui
1518 3810 1601 3857 est
1646 3800 1815 3870 gloria

220 3906 277 3958 in
310 3903 536 3959 smcula.
573 3900 760 3955 Amen.

392 4033 550 4089 XIX.
594 4033 765 4088 Lectio
796 4033 1058 4105 Evangelii
1089 4034 1253 4086 sancti
1283 4030 1409 4085 Luc.
1446 4046 1551 4094 xw,
1588 4028 1673 4083 19.

298 4167 623 4224 Audivimus
652 4165 810 4221 hodie
842 4166 892 4220 in
922 4173 1108 4221 sancio
1159 4164 1445 4233 Evangelia
1486 4162 1769 4216 recitatum
1804 4177 1813 4211 :

217 4260 411 4314 llomo
449 4256 658 4327 quidam
693 4264 803 4308 erat
848 4255 1023 4317 dives;
1046 4255 1133 4323 qui
1171 4251 1481 4307 induebatur
1507 4266 1734 4319 purpura
1772 4257 1820 4302 et

212 4351 406 4421 bgsso,
429 4356 479 4402 et
497 4345 802 4416 epulabatur
830 4345 1054 4413 quotidie
1073 4344 1373 4415 splendide;
1404 4353 1453 4396 et
1474 4351 1587 4397 erat
1612 4340 1822 4413 quidam

215 4439 500 4495 mendicus
520 4439 726 4491 namhte
744 4434 1045 4500 Eleazarus,
1064 4436 1148 4507 qui
1157 4434 1367 4506 jaccbat
1386 4434 1457 4488 ad
1468 4435 1689 4506 januam
1708 4434 1820 4504 ejus

1910 3262 2051 3317 diam
2081 3267 2457 3330 consequetur.
2488 3258 2674 3329 Neque
2699 3259 2840 3314 enim
2863 3257 3059 3313 mereri
3080 3256 3173 3312 Dei
3195 3256 3499 3311 misericor-

1912 3350 2054 3405 diam
2082 3350 2280 3421 poterit
2315 3349 2408 3419 qui
2447 3349 2753 3403 misericors
2790 3348 2905 3417 ipse
2946 3362 3055 3427 non
3095 3345 3284 3412 fuerit;
3322 3345 3499 3399 humi-

1914 3445 2111 3499 lientur
2146 3443 2315 3519 magis
2350 3442 2403 3497 in
2444 3440 2733 3512 prosperis,
2765 3440 2927 3495 elatio
2966 3438 3129 3493 habet
3202 3478 3216 3490 .
3297 3478 3310 3491 .
3392 3477 3404 3491 .
3485 3477 3498 3490 .

1916 3716 2094 3772 s.'ccu|i
2121 3714 2388 3784 prmeipue
2428 3714 2535 3767 non
2573 3712 2810 3781 superbe
2844 3725 3054 3779 sapere,
3087 3723 3505 3778 nequespcrarc

1918 3809 1970 3861 in
1998 3807 2258 3860 incertum
2281 3804 2607 3868 divitiarum,
2630 3803 2723 3859 sed
2749 3803 2801 3858 in
2833 3803 3000 3858 Deum
3026 3802 3225 3867 vivum,
3254 3801 3347 3870 qui
3370 3814 3506 3869 prre-

1918 3907 2026 3954 stat
2046 3898 2199 3952 nobis
2227 3897 2428 3952 omnia.
2458 3894 2609 3952 Unde
2636 3895 2702 3949 ad
2733 3894 3014 3950 fruendum
3045 3895 3097 3949 in
3127 3893 3379 3965 operibus
3405 3893 3505 3946 bo-

1919 3990 2019 4053 nis,
2068 3988 2244 4057 largos
2288 4001 2435 4052 esse,
2477 3976 2660 4041 faciles
2707 3988 2972 4053 tribuere,
3021 3985 3507 4041 communicatores

1919 4095 2060 4145 esse,
2096 4078 2517 4133 tbesaurizantes
2557 4078 2657 4133 sibi
2697 4078 3002 4135 thesaurum
3039 4077 3236 4132 bonum
3274 4076 3329 4129 in
3367 4074 3510 4130 futu-

1921 4184 2038 4222 rum
2073 4168 2231 4223 docet
2269 4168 2587 4237 Apostolus,
2615 4175 2675 4245 ut
2704 4167 3108 4237 apprehen’daut
3134 4181 3317 4222 veram
3343 4166 3511 4220 vitam

1924 4259 1979 4329 (1
2007 4260 2141 4314 Tim.
2172 4262 2267 4329 vi).
2299 4259 2437 4314 Sunt
2480 4258 2631 4314 mulli
2684 4259 2897 4325 divites,
2947 4268 3004 4314 et
3041 4274 3147 4321 non
3197 4256 3510 4327 culpabiles,

1921 4352 2011 4423 qui
2052 4368 2159 4407 non
2190 4351 2291 4407 sibi
2332 4350 2480 4415 solis,
2513 4351 2607 4406 sed
2653 4353 2840 4406 multis
2882 4351 3082 4405 habere
3121 4337 3367 4404 videntur
3392 4364 3510 4417 quae

1920 4446 2218 4516 possident,
2253 4444 2437 4497 multis
2473 4444 2562 4511 pie
2602 4443 2935 4509 largiuntur,
2959 4440 3142 4494 multis
3167 4440 3305 4493 bene
3329 4437 3512 4493 distri—

210 4531 489 4586 ulcetibus
516 4530 718 4599 plenus,
747 4529 957 4597 cupiens
985 4529 1213 4581 saturari
1242 4528 1305 4580 de
1333 4529 1476 4581 micis
1513 4544 1629 4599 qua:
1670 4526 1823 4579 cadc-
1852 4529 1897 4586 υ
1923 4537 2112 4592 bum“,
2141 4536 2234 4589 me
2263 4543 2347 4589 es;
2374 4548 2501 4587 vero
2545 4533 2694 4588 dives
2724 4532 2818 4586 Dei
2847 4531 2937 4600 qui
2966 4530 3057 4584 da;
3082 4528 3304 4599 pauperi
3330 4528 3507 4597 ειιερί-

210 4624 357 4676 bant
380 4621 443 4674 de
467 4636 642 4673 mensa
667 4619 855 4673 divitis.
881 4618 986 4673 Sed
1016 4628 1067 4672 et
1092 4635 1246 4672 canes
1274 4619 1560 4682 reniebant.
1588 4628 1637 4672 et
1658 4619 1823 4687 linge-

208 4714 358 4766 bant
387 4711 561 4764 ulcera
579 4710 709 4780 ejus.
736 4707 951 4763 Factum
980 4718 1055 4761 est
1082 4717 1249 4762 autem
1279 4717 1336 4760 ut
1371 4699 1653 4763 moreretur
1682 4724 1822 4760 men-

210 4805 401 4863 dicus,
426 4810 477 4854 et
503 4810 795 4871 portaretur
822 4799 887 4853 ab
911 4800 1109 4869 angelis
1137 4800 1191 4853 in
1214 4801 1383 4851 sinum
1403 4797 1645 4851 Abrahae.
1679 4796 1826 4850 Mor-

208 4906 350 4948 tuus
381 4901 649 4946 est'autem
676 4902 723 4946 et
743 4892 900 4955 dives,
929 4892 1230 4961 cet-sepultus
1257 4900 1332 4944 est
1360 4893 1412 4944 in
1440 4892 1664 4961 inferno.
1706 4889 1826 4942 Eie-

210 5001 361 5040 eans
392 4992 561 5036 autem
594 4983 767 5037 oculos
807 4998 924 5035 suos
966 4997 1079 5034 cum
1119 4973 1249 5035 esset
1284 4981 1341 5034 in
1376 4983 1670 5045 tormentis,
1700 4980 1825 5033 tidit
1878 4988 1885 4999 ‘

208 5074 504 5130 Abraham
531 5091 564 5126 a
596 5073 764 5143 longe,
805 5082 851 5125 et
896 5071 1200 5145 Eleazarum
1238 5073 1290 5125 in
1328 5072 1443 5125 sinu
1472 5072 1620 5141 ejus;
1643 5080 1691 5124 et
1718 5071 1826 5139 ipse

209 5170 473 5222 clamans
494 5166 624 5219 dixit
649 5182 665 5219 :
693 5165 850 5218 Pater
870 5152 1163 5229 Abraham,
1180 5176 1420 5218 miserere
1459 5167 1578 5229 mei,
1609 5175 1657 5217 et
1686 5165 1828 5218 mitte

210 5258 576 5321 Eleazarum,
602 5266 658 5309 ut
686 5256 908 5325 intiugat
937 5262 1223 5308 extremum
1244 5254 1394 5325 digiti
1423 5255 1503 5307 sui
1530 5255 1585 5307 in
1618 5271 1824 5329 aquam,

209 5361 272 5416 et
297 5350 580 5419 refrigeret
600 5346 831 5417 linguam
850 5363 1038 5412 meam,
1055 5345 1174 5417 quia
1195 5347 1394 5399 crucior
1413 5346 1465 5399 in
1482 5345 1578 5398 hac
1593 5346 1823 5415 flamma.

214 5440 299 5494 Et
338 5438 477 5491 dixit
504 5438 582 5492 illi
610 5435 870 5490 Abraham
906 5454 923 5489 :
956 5436 1085 5501 Fili,
1122 5420 1411 5491 recordare
1438 5437 1562 5507 quia
1595 5438 1830 5506 recepisti

213 5535 385 5588 bona
421 5531 475 5583 in
515 5530 621 5583 vita
650 5537 756 5593 tua,
792 5538 842 5582 et
866 5528 1160 5598 Eleazarus
1194 5528 1431 5582 similiter
1467 5528 1608 5581 mala
1646 5544 1663 5581 :
1694 5543 1829 5582 nunc

213 5632 422 5677 autem
452 5621 531 5687 hic
552 5619 865 5687 consulatur,
889 5631 942 5673 tu
963 5637 1077 5675 vero
1098 5621 1363 5673 cruciaris.
1390 5619 1457 5671 Et
1481 5622 1534 5673 in
1565 5621 1644 5673 his
1666 5622 1830 5674 omni-

215 5717 331 5768 bis
368 5712 503 5765 inter
545 5727 637 5765 nos
673 5724 723 5765 et
762 5728 845 5765 ros
885 5711 1039 5763 chaos
1068 5727 1304 5774 magnum
1333 5702 1602 5768 ﬁrmatum
1640 5720 1746 5770 est;
1779 5724 1833 5765 ut

1922 4626 2085 4689 ranti,
2118 4634 2175 4679 et
2202 4640 2310 4677 non
2339 4622 2587 4677 histrioni
2614 4621 2850 4675 saltanti.
2881 4620 3017 4674 Sunt
3044 4618 3197 4673 multi
3235 4617 3426 4672 divites
3453 4634 3485 4672 c

1924 4716 2183 4786 episcopi,
2211 4723 2264 4769 et
2287 4712 2606 4784 presbyteri,
2635 4722 2690 4767 et
2717 4713 3000 4781 diacones;
3030 4710 3127 4769 scd
3154 4709 3366 4765 divitias
3394 4726 3516 4765 suas

1924 4806 2017 4877 qui
2047 4808 2181 4861 bene
2206 4806 2505 4876 dispensat,
2529 4820 2628 4860 nec
2650 4804 2873 4858 luxuriae
2895 4803 3126 4872 culpam,
3152 4818 3253 4858 nec
3281 4802 3517 4857 criminis

1927 4910 2131 4963 notam,
2163 4914 2263 4955 nec
2289 4898 2649 4953 damnationis
2674 4896 2874 4968 poterit
2906 4896 3105 4950 habere
3132 4909 3366 4966 pmnam.
3400 4893 3519 4949 Uli-

1926 5008 2031 5061 que
2059 4992 2179 5046 ideo
2218 4992 2533 5060 aliquantos
2572 4990 2710 5044 Deus
2739 4988 2930 5047 divites
2959 5002 3077 5042 esse
3102 4986 3296 5053 voluit,
3326 4993 3383 5040 ut
3412 4986 3520 5040 sint

1929 5084 2018 5153 qui
2050 5082 2371 5153 pauperibus
2401 5081 2667 5143 tribuant;
2690 5086 2745 5134 et
2767 5078 2888 5134 ideo
2908 5092 3171 5149 pauperes
3191 5079 3350 5150 775
3372 5077 3519 5143 fecit,

1931 5183 2055 5227 uta
2102 5172 2357 5227 divitibus
2407 5171 2708 5226 necessaria
2753 5176 2986 5227 sumant.
3036 5167 3330 5245 collsilium
3374 5168 3516 5221 enim

1891 5275 1901 5283 ‘
1934 5264 2026 5318 Dei
2056 5264 2107 5317 in
2137 5262 2389 5319 omnibus
2418 5268 2663 5315 sanctum
2685 5268 2789 5321 est,
2811 5275 2909 5328 per
2934 5259 3111 5313 omnia
3139 5256 3518 5317 venerandum,

1934 5369 2255 5424 semperque
2282 5351 2602 5407 laudandum
2631 5370 2643 5403 :
2677 5352 2777 5422 ipsi
2808 5351 2918 5406 Deo
2944 5349 3089 5405 Patri
3119 5361 3333 5416 semper
3353 5345 3523 5413 gloria

1937 5446 1989 5499 in
2019 5444 2230 5499 saecula.
2261 5442 2444 5496 Amen.

1938 5533 2061 5588 XX.
2103 5533 2233 5588 Item
2270 5533 2332 5586 de
2367 5534 2582 5587 lectione
2621 5532 2787 5584 sancti
2818 5527 3084 5597 Evangelii
3125 5524 3293 5579 Marc.
3325 5538 3435 5583 vui,
3469 5522 3520 5576 5.

2008 5624 2166 5691 Ecce,
2197 5623 2389 5692 inquit,
2435 5623 2565 5675 exiit
2609 5620 2868 5673 seminans
2912 5616 3188 5681 seminare,
3231 5622 3334 5668 etc.
3366 5612 3525 5667 Venit

1941 5717 2196 5769 Dominus
2222 5714 2374 5769 Jesus
2405 5714 2457 5767 in
2488 5709 2741 5765 nmndum
2787 5706 2971 5761 exiens
3009 5720 3041 5762 ι
3087 5704 3243 5759 Patre
3278 5704 3415 5771 ipso,
3441 5702 3524 5762 di,
