  <div class='ocr_page' id='page_1' title='image "/cluster/home/n/w/nwhite01/storage/ocr_20150623/57/hvd.32044015471618/419.png"; bbox 0 0 4072 6332; ppageno 0'>
   <div class='ocr_carea' id='block_1_1' title="bbox 633 276 742 355">
    <p class='ocr_par' dir='ltr' id='par_1_1' title="bbox 633 276 742 355">
     <span class='ocr_line' id='line_1_1' title="bbox 633 276 742 355; baseline -0.009 0"><span class='ocrx_word' id='word_1_1' title='bbox 633 276 742 355; x_wconf 69' lang='lat'><strong>327</strong></span> 
     </span>
    </p>
   </div>
   <div class='ocr_carea' id='block_1_2' title="bbox 1868 274 3832 365">
    <p class='ocr_par' dir='ltr' id='par_1_2' title="bbox 1868 274 3832 365">
     <span class='ocr_line' id='line_1_2' title="bbox 1868 274 3832 365; baseline -0.007 -21"><span class='ocrx_word' id='word_1_2' title='bbox 1868 288 1924 365; x_wconf 76' lang='lat' dir='ltr'><strong>s.</strong></span> <span class='ocrx_word' id='word_1_3' title='bbox 1965 274 2207 343; x_wconf 44' lang='lat' dir='ltr'><strong>unum:</strong></span> <span class='ocrx_word' id='word_1_4' title='bbox 2247 287 2704 346; x_wconf 74' lang='lat' dir='ltr'><strong>TAURINENSIS</strong></span> <span class='ocrx_word' id='word_1_5' title='bbox 3749 300 3832 364; x_wconf 57' lang='grc' dir='ltr'>ω</span> 
     </span>
    </p>
   </div>
   <div class='ocr_carea' id='block_1_3' title="bbox 635 404 3832 487">
    <p class='ocr_par' dir='ltr' id='par_1_3' title="bbox 635 404 3832 487">
     <span class='ocr_line' id='line_1_3' title="bbox 635 404 3832 487; baseline -0.002 -20"><span class='ocrx_word' id='word_1_6' title='bbox 635 424 800 466; x_wconf 87' lang='lat' dir='ltr'><strong>cens:</strong></span> <span class='ocrx_word' id='word_1_7' title='bbox 834 407 946 480; x_wconf 84' lang='lat' dir='ltr'><strong>Ego</strong></span> <span class='ocrx_word' id='word_1_8' title='bbox 970 425 1002 461; x_wconf 89' lang='lat' dir='ltr'><strong>a</strong></span> <span class='ocrx_word' id='word_1_9' title='bbox 1024 406 1182 462; x_wconf 87' lang='lat' dir='ltr'><strong>Patre</strong></span> <span class='ocrx_word' id='word_1_10' title='bbox 1203 408 1354 473; x_wconf 60' lang='lat' dir='ltr'><strong>exivi,</strong></span> <span class='ocrx_word' id='word_1_11' title='bbox 1377 414 1427 461; x_wconf 90' lang='lat' dir='ltr'><strong>et</strong></span> <span class='ocrx_word' id='word_1_12' title='bbox 1452 405 1564 461; x_wconf 74' lang='lat' dir='ltr'><strong>veni</strong></span> <span class='ocrx_word' id='word_1_13' title='bbox 1593 406 1646 460; x_wconf 91' lang='lat' dir='ltr'><strong>in</strong></span> <span class='ocrx_word' id='word_1_14' title='bbox 1675 405 1808 459; x_wconf 82' lang='lat' dir='ltr'><strong>ltuitc</strong></span> <span class='ocrx_word' id='word_1_15' title='bbox 1830 405 2102 470; x_wconf 85' lang='lat' dir='ltr'><strong>mundum;</strong></span> <span class='ocrx_word' id='word_1_16' title='bbox 2126 405 2223 457; x_wconf 88' lang='lat' dir='ltr'><strong>ite—</strong></span> <span class='ocrx_word' id='word_1_17' title='bbox 2251 404 2298 466; x_wconf 78' lang='grc' dir='ltr'><strong>Α</strong></span> <span class='ocrx_word' id='word_1_18' title='bbox 2326 404 2582 475; x_wconf 91' lang='lat' dir='ltr'><strong>loquitur,</strong></span> <span class='ocrx_word' id='word_1_19' title='bbox 2611 405 2835 461; x_wconf 83' lang='lat' dir='ltr'><strong>verbum</strong></span> <span class='ocrx_word' id='word_1_20' title='bbox 2871 406 3137 474; x_wconf 86' lang='lat' dir='ltr'><strong>seminat,</strong></span> <span class='ocrx_word' id='word_1_21' title='bbox 3167 414 3222 461; x_wconf 91' lang='lat' dir='ltr'><strong>et</strong></span> <span class='ocrx_word' id='word_1_22' title='bbox 3248 407 3401 463; x_wconf 79' lang='lat' dir='ltr'><strong>sicuti</strong></span> <span class='ocrx_word' id='word_1_23' title='bbox 3426 422 3623 475; x_wconf 86' lang='lat' dir='ltr'><strong>semen,</strong></span> <span class='ocrx_word' id='word_1_24' title='bbox 3650 411 3832 487; x_wconf 73' lang='lat' dir='ltr'><strong>duinja.</strong></span> 
     </span>
    </p>
   </div>
   <div class='ocr_carea' id='block_1_4' title="bbox 634 494 2214 576">
    <p class='ocr_par' dir='ltr' id='par_1_4' title="bbox 634 494 2214 576">
     <span class='ocr_line' id='line_1_4' title="bbox 634 494 2214 576; baseline -0.003 -22"><span class='ocrx_word' id='word_1_25' title='bbox 634 517 747 555; x_wconf 86' lang='lat' dir='ltr'><strong>rum</strong></span> <span class='ocrx_word' id='word_1_26' title='bbox 775 499 1006 568; x_wconf 79' lang='lat' dir='ltr'><strong>relinquo</strong></span> <span class='ocrx_word' id='word_1_27' title='bbox 1031 499 1300 576; x_wconf 78' lang='lat' dir='ltr'><strong>mundum,</strong></span> <span class='ocrx_word' id='word_1_28' title='bbox 1322 506 1372 553; x_wconf 85' lang='lat' dir='ltr'><strong>et</strong></span> <span class='ocrx_word' id='word_1_29' title='bbox 1399 498 1529 553; x_wconf 84' lang='lat' dir='ltr'><strong>vado</strong></span> <span class='ocrx_word' id='word_1_30' title='bbox 1550 498 1619 551; x_wconf 88' lang='lat' dir='ltr'><strong>ad</strong></span> <span class='ocrx_word' id='word_1_31' title='bbox 1645 497 1857 552; x_wconf 81' lang='lat' dir='ltr'><strong>Patrem</strong></span> <span class='ocrx_word' id='word_1_32' title='bbox 1880 494 2057 568; x_wconf 79' lang='lat' dir='ltr'><strong>(Joan.</strong></span> <span class='ocrx_word' id='word_1_33' title='bbox 2084 496 2214 566; x_wconf 71' lang='lat' dir='ltr'><strong>1m).</strong></span> 
     </span>
    </p>
   </div>
   <div class='ocr_carea' id='block_1_5' title="bbox 632 584 2221 662">
    <p class='ocr_par' dir='ltr' id='par_1_5' title="bbox 632 584 2221 662">
     <span class='ocr_line' id='line_1_5' title="bbox 632 584 2221 662; baseline -0.004 -15"><span class='ocrx_word' id='word_1_34' title='bbox 632 592 773 662; x_wconf 82' lang='lat' dir='ltr'><strong>Ergo</strong></span> <span class='ocrx_word' id='word_1_35' title='bbox 800 591 868 647; x_wconf 88' lang='lat' dir='ltr'><strong>de</strong></span> <span class='ocrx_word' id='word_1_36' title='bbox 895 606 955 646; x_wconf 89' lang='lat' dir='ltr'><strong>se</strong></span> <span class='ocrx_word' id='word_1_37' title='bbox 982 590 1057 644; x_wconf 89' lang='lat' dir='ltr'><strong>ait</strong></span> <span class='ocrx_word' id='word_1_38' title='bbox 1088 608 1100 643; x_wconf 92' lang='lat'><strong>:</strong></span> <span class='ocrx_word' id='word_1_39' title='bbox 1134 588 1269 644; x_wconf 83' lang='lat' dir='ltr'><strong>Ecce</strong></span> <span class='ocrx_word' id='word_1_40' title='bbox 1307 590 1433 644; x_wconf 72' lang='lat' dir='ltr'><strong>exiit</strong></span> <span class='ocrx_word' id='word_1_41' title='bbox 1472 590 1735 644; x_wconf 88' lang='lat' dir='ltr'><strong>sentinans</strong></span> <span class='ocrx_word' id='word_1_42' title='bbox 1772 588 2045 642; x_wconf 78' lang='lat' dir='ltr'><strong>seminare.</strong></span> <span class='ocrx_word' id='word_1_43' title='bbox 2077 584 2221 640; x_wconf 76' lang='lat' dir='ltr'><strong>Exiit</strong></span> 
     </span>
    </p>
   </div>
   <div class='ocr_carea' id='block_1_6' title="bbox 632 678 2217 752">
    <p class='ocr_par' dir='ltr' id='par_1_6' title="bbox 632 678 2217 752">
     <span class='ocr_line' id='line_1_6' title="bbox 632 678 2217 752; baseline -0.003 -16"><span class='ocrx_word' id='word_1_44' title='bbox 632 689 815 752; x_wconf 80' lang='lat' dir='ltr'><strong>itaque</strong></span> <span class='ocrx_word' id='word_1_45' title='bbox 850 691 911 736; x_wconf 90' lang='lat' dir='ltr'><strong>ut</strong></span> <span class='ocrx_word' id='word_1_46' title='bbox 936 681 1229 737; x_wconf 88' lang='lat' dir='ltr'><strong>seminaret</strong></span> <span class='ocrx_word' id='word_1_47' title='bbox 1259 681 1312 736; x_wconf 92' lang='lat' dir='ltr'><strong>in</strong></span> <span class='ocrx_word' id='word_1_48' title='bbox 1341 681 1543 735; x_wconf 89' lang='lat' dir='ltr'><strong>mundo</strong></span> <span class='ocrx_word' id='word_1_49' title='bbox 1578 679 1944 750; x_wconf 86' lang='lat' dir='ltr'><strong>Evangelium,</strong></span> <span class='ocrx_word' id='word_1_50' title='bbox 1972 687 2031 732; x_wconf 90' lang='lat' dir='ltr'><strong>ut</strong></span> <span class='ocrx_word' id='word_1_51' title='bbox 2054 678 2217 747; x_wconf 83' lang='lat' dir='ltr'><strong>semi-</strong></span> 
     </span>
    </p>
   </div>
   <div class='ocr_carea' id='block_1_7' title="bbox 631 769 2218 849">
    <p class='ocr_par' dir='ltr' id='par_1_7' title="bbox 631 769 2218 849">
     <span class='ocr_line' id='line_1_7' title="bbox 631 769 2218 849; baseline -0.003 -23"><span class='ocrx_word' id='word_1_52' title='bbox 631 779 787 827; x_wconf 88' lang='lat' dir='ltr'><strong>naret</strong></span> <span class='ocrx_word' id='word_1_53' title='bbox 815 769 995 838; x_wconf 79' lang='lat' dir='ltr'><strong>ﬁdem,</strong></span> <span class='ocrx_word' id='word_1_54' title='bbox 1021 770 1306 841; x_wconf 87' lang='lat' dir='ltr'><strong>justitiam,</strong></span> <span class='ocrx_word' id='word_1_55' title='bbox 1331 771 1637 849; x_wconf 82' lang='lat' dir='ltr'><strong>veritatem,</strong></span> <span class='ocrx_word' id='word_1_56' title='bbox 1663 786 1869 841; x_wconf 88' lang='lat' dir='ltr'><strong>pacem,</strong></span> <span class='ocrx_word' id='word_1_57' title='bbox 1896 769 2218 837; x_wconf 89' lang='lat' dir='ltr'><strong>castitatem,</strong></span> 
     </span>
    </p>
   </div>
   <div class='ocr_carea' id='block_1_8' title="bbox 631 859 2219 932">
    <p class='ocr_par' dir='ltr' id='par_1_8' title="bbox 631 859 2219 932">
     <span class='ocr_line' id='line_1_8' title="bbox 631 859 2219 932; baseline -0.002 -15"><span class='ocrx_word' id='word_1_58' title='bbox 631 863 1011 927; x_wconf 73' lang='lat' dir='ltr'><strong>humilitatem,</strong></span> <span class='ocrx_word' id='word_1_59' title='bbox 1043 870 1373 932; x_wconf 59' lang='lat' dir='ltr'><strong>exterasque</strong></span> <span class='ocrx_word' id='word_1_60' title='bbox 1398 862 1642 916; x_wconf 81' lang='lat' dir='ltr'><strong>virtutes.</strong></span> <span class='ocrx_word' id='word_1_61' title='bbox 1674 859 1743 914; x_wconf 87' lang='lat' dir='ltr'><strong>Et</strong></span> <span class='ocrx_word' id='word_1_62' title='bbox 1768 860 2015 915; x_wconf 80' lang='lat' dir='ltr'><strong>diabolus</strong></span> <span class='ocrx_word' id='word_1_63' title='bbox 2054 875 2219 927; x_wconf 83' lang='lat' dir='ltr'><strong>econ-</strong></span> 
     </span>
    </p>
   </div>
   <div class='ocr_carea' id='block_1_9' title="bbox 631 953 2220 1027">
    <p class='ocr_par' dir='ltr' id='par_1_9' title="bbox 631 953 2220 1027">
     <span class='ocr_line' id='line_1_9' title="bbox 631 953 2220 1027; baseline -0.004 -15"><span class='ocrx_word' id='word_1_64' title='bbox 631 959 799 1015; x_wconf 90' lang='lat' dir='ltr'><strong>trario</strong></span> <span class='ocrx_word' id='word_1_65' title='bbox 827 959 1093 1014; x_wconf 89' lang='lat' dir='ltr'><strong>seminare</strong></span> <span class='ocrx_word' id='word_1_66' title='bbox 1123 956 1286 1027; x_wconf 64' lang='lat' dir='ltr'><strong>coepit</strong></span> <span class='ocrx_word' id='word_1_67' title='bbox 1311 971 1429 1024; x_wconf 87' lang='lat' dir='ltr'><strong>sua,</strong></span> <span class='ocrx_word' id='word_1_68' title='bbox 1460 955 1510 1009; x_wconf 89' lang='lat' dir='ltr'><strong>id</strong></span> <span class='ocrx_word' id='word_1_69' title='bbox 1541 963 1626 1009; x_wconf 91' lang='lat' dir='ltr'><strong>est</strong></span> <span class='ocrx_word' id='word_1_70' title='bbox 1651 953 1974 1024; x_wconf 83' lang='lat' dir='ltr'><strong>superbiam,</strong></span> <span class='ocrx_word' id='word_1_71' title='bbox 2005 953 2220 1008; x_wconf 87' lang='lat' dir='ltr'><strong>iracun-</strong></span> 
     </span>
    </p>
   </div>
   <div class='ocr_carea' id='block_1_10' title="bbox 631 1043 2216 1121">
    <p class='ocr_par' dir='ltr' id='par_1_10' title="bbox 631 1043 2216 1121">
     <span class='ocr_line' id='line_1_10' title="bbox 631 1043 2216 1121; baseline -0.004 -13"><span class='ocrx_word' id='word_1_72' title='bbox 631 1053 795 1118; x_wconf 89' lang='lat' dir='ltr'><strong>diam,</strong></span> <span class='ocrx_word' id='word_1_73' title='bbox 827 1051 1340 1121; x_wconf 86' lang='lat' dir='ltr'><strong>concupiscentiam,</strong></span> <span class='ocrx_word' id='word_1_74' title='bbox 1389 1048 1692 1112; x_wconf 87' lang='lat' dir='ltr'><strong>homicidia,</strong></span> <span class='ocrx_word' id='word_1_75' title='bbox 1729 1046 2008 1112; x_wconf 87' lang='lat' dir='ltr'><strong>adulteria,</strong></span> <span class='ocrx_word' id='word_1_76' title='bbox 2056 1043 2216 1108; x_wconf 81' lang='lat' dir='ltr'><strong>furta,</strong></span> 
     </span>
    </p>
   </div>
   <div class='ocr_carea' id='block_1_11' title="bbox 631 1136 2222 1212">
    <p class='ocr_par' dir='ltr' id='par_1_11' title="bbox 631 1136 2222 1212">
     <span class='ocr_line' id='line_1_11' title="bbox 631 1136 2222 1212; baseline -0.005 -13"><span class='ocrx_word' id='word_1_77' title='bbox 631 1146 934 1212; x_wconf 66' lang='lat' dir='ltr'><strong>ceteraque</strong></span> <span class='ocrx_word' id='word_1_78' title='bbox 964 1142 1111 1204; x_wconf 90' lang='lat' dir='ltr'><strong>vitia,</strong></span> <span class='ocrx_word' id='word_1_79' title='bbox 1151 1156 1272 1210; x_wconf 82' lang='lat' dir='ltr'><strong>qua:</strong></span> <span class='ocrx_word' id='word_1_80' title='bbox 1301 1141 1351 1194; x_wconf 92' lang='lat' dir='ltr'><strong>in</strong></span> <span class='ocrx_word' id='word_1_81' title='bbox 1376 1138 1569 1193; x_wconf 81' lang='lat' dir='ltr'><strong>divinis</strong></span> <span class='ocrx_word' id='word_1_82' title='bbox 1600 1137 1789 1193; x_wconf 79' lang='lat' dir='ltr'><strong>litteris</strong></span> <span class='ocrx_word' id='word_1_83' title='bbox 1817 1137 2019 1192; x_wconf 85' lang='lat' dir='ltr'><strong>zizania</strong></span> <span class='ocrx_word' id='word_1_84' title='bbox 2050 1136 2222 1191; x_wconf 92' lang='lat' dir='ltr'><strong>nomi-</strong></span> 
     </span>
    </p>
   </div>
   <div class='ocr_carea' id='block_1_12' title="bbox 633 1228 2220 1298">
    <p class='ocr_par' dir='ltr' id='par_1_12' title="bbox 633 1228 2220 1298">
     <span class='ocr_line' id='line_1_12' title="bbox 633 1228 2220 1298; baseline -0.004 -9"><span class='ocrx_word' id='word_1_85' title='bbox 633 1242 846 1289; x_wconf 90' lang='lat' dir='ltr'><strong>nantur.</strong></span> <span class='ocrx_word' id='word_1_86' title='bbox 888 1232 1021 1288; x_wconf 90' lang='lat' dir='ltr'><strong>Cum</strong></span> <span class='ocrx_word' id='word_1_87' title='bbox 1071 1232 1213 1287; x_wconf 90' lang='lat' dir='ltr'><strong>enim</strong></span> <span class='ocrx_word' id='word_1_88' title='bbox 1250 1231 1490 1287; x_wconf 82' lang='lat' dir='ltr'><strong>dicerent</strong></span> <span class='ocrx_word' id='word_1_89' title='bbox 1533 1229 1776 1298; x_wconf 89' lang='lat' dir='ltr'><strong>discipuli</strong></span> <span class='ocrx_word' id='word_1_90' title='bbox 1822 1229 1888 1284; x_wconf 89' lang='lat' dir='ltr'><strong>ad</strong></span> <span class='ocrx_word' id='word_1_91' title='bbox 1937 1228 2220 1283; x_wconf 90' lang='lat' dir='ltr'><strong>Dominum</strong></span> 
     </span>
    </p>
   </div>
   <div class='ocr_carea' id='block_1_13' title="bbox 630 1320 2222 1391">
    <p class='ocr_par' dir='ltr' id='par_1_13' title="bbox 630 1320 2222 1391">
     <span class='ocr_line' id='line_1_13' title="bbox 630 1320 2222 1391; baseline -0.004 -11"><span class='ocrx_word' id='word_1_92' title='bbox 630 1323 849 1380; x_wconf 83' lang='lat' dir='ltr'><strong>Jesum:</strong></span> <span class='ocrx_word' id='word_1_93' title='bbox 884 1321 1075 1377; x_wconf 84' lang='lat' dir='ltr'><strong>Nonne</strong></span> <span class='ocrx_word' id='word_1_94' title='bbox 1109 1322 1297 1376; x_wconf 87' lang='lat' dir='ltr'><strong>bonunt</strong></span> <span class='ocrx_word' id='word_1_95' title='bbox 1336 1337 1505 1374; x_wconf 86' lang='lat' dir='ltr'><strong>semen</strong></span> <span class='ocrx_word' id='word_1_96' title='bbox 1544 1321 1807 1375; x_wconf 85' lang='lat' dir='ltr'><strong>seminasti</strong></span> <span class='ocrx_word' id='word_1_97' title='bbox 1844 1321 1896 1373; x_wconf 90' lang='lat' dir='ltr'><strong>in</strong></span> <span class='ocrx_word' id='word_1_98' title='bbox 1933 1336 2059 1391; x_wconf 78' lang='lat' dir='ltr'><strong>agro</strong></span> <span class='ocrx_word' id='word_1_99' title='bbox 2099 1320 2222 1375; x_wconf 86' lang='lat' dir='ltr'><strong>tuo?</strong></span> 
     </span>
    </p>
   </div>
   <div class='ocr_carea' id='block_1_14' title="bbox 631 1410 2221 1487">
    <p class='ocr_par' dir='ltr' id='par_1_14' title="bbox 631 1410 2221 1487">
     <span class='ocr_line' id='line_1_14' title="bbox 631 1410 2221 1487; baseline -0.003 -17"><span class='ocrx_word' id='word_1_100' title='bbox 631 1416 768 1470; x_wconf 81' lang='lat' dir='ltr'><strong>unde</strong></span> <span class='ocrx_word' id='word_1_101' title='bbox 795 1432 915 1487; x_wconf 89' lang='lat' dir='ltr'><strong>ergo</strong></span> <span class='ocrx_word' id='word_1_102' title='bbox 944 1413 1094 1468; x_wconf 80' lang='lat' dir='ltr'><strong>habet</strong></span> <span class='ocrx_word' id='word_1_103' title='bbox 1122 1412 1360 1467; x_wconf 73' lang='lat' dir='ltr'><strong>zizania?</strong></span> <span class='ocrx_word' id='word_1_104' title='bbox 1379 1410 1467 1465; x_wconf 85' lang='lat' dir='ltr'><strong>Ait</strong></span> <span class='ocrx_word' id='word_1_105' title='bbox 1493 1410 1743 1466; x_wconf 81' lang='lat' dir='ltr'><strong>Salvator</strong></span> <span class='ocrx_word' id='word_1_106' title='bbox 1767 1429 1778 1463; x_wconf 91' lang='lat'>:</span> <span class='ocrx_word' id='word_1_107' title='bbox 1811 1412 2049 1465; x_wconf 88' lang='lat' dir='ltr'><strong>inimicus</strong></span> <span class='ocrx_word' id='word_1_108' title='bbox 2070 1410 2221 1466; x_wconf 84' lang='lat' dir='ltr'><strong>homo</strong></span> 
     </span>
    </p>
   </div>
   <div class='ocr_carea' id='block_1_15' title="bbox 632 1503 2219 1579">
    <p class='ocr_par' dir='ltr' id='par_1_15' title="bbox 632 1503 2219 1579">
     <span class='ocr_line' id='line_1_15' title="bbox 632 1503 2219 1579; baseline -0.002 -20"><span class='ocrx_word' id='word_1_109' title='bbox 632 1509 727 1561; x_wconf 79' lang='lat' dir='ltr'><strong>hoc</strong></span> <span class='ocrx_word' id='word_1_110' title='bbox 756 1508 877 1579; x_wconf 76' lang='lat' dir='ltr'><strong>fecit</strong></span> <span class='ocrx_word' id='word_1_111' title='bbox 908 1505 1123 1579; x_wconf 79' lang='lat' dir='ltr'><strong>(Matth.</strong></span> <span class='ocrx_word' id='word_1_112' title='bbox 1150 1504 1291 1574; x_wconf 76' lang='lat' dir='ltr'><strong>xm);</strong></span> <span class='ocrx_word' id='word_1_113' title='bbox 1325 1504 1497 1574; x_wconf 90' lang='lat' dir='ltr'><strong>ipsum</strong></span> <span class='ocrx_word' id='word_1_114' title='bbox 1525 1504 1709 1558; x_wconf 89' lang='lat' dir='ltr'><strong>dicens</strong></span> <span class='ocrx_word' id='word_1_115' title='bbox 1740 1503 2013 1558; x_wconf 90' lang='lat' dir='ltr'><strong>inimicum</strong></span> <span class='ocrx_word' id='word_1_116' title='bbox 2042 1503 2219 1558; x_wconf 81' lang='lat' dir='ltr'><strong>homi-</strong></span> 
     </span>
    </p>
   </div>
   <div class='ocr_carea' id='block_1_16' title="bbox 632 1594 2217 1666">
    <p class='ocr_par' dir='ltr' id='par_1_16' title="bbox 632 1594 2217 1666">
     <span class='ocr_line' id='line_1_16' title="bbox 632 1594 2217 1666; baseline -0.003 -12"><span class='ocrx_word' id='word_1_117' title='bbox 632 1600 716 1654; x_wconf 90' lang='lat' dir='ltr'><strong>nis</strong></span> <span class='ocrx_word' id='word_1_118' title='bbox 738 1598 1029 1664; x_wconf 89' lang='lat' dir='ltr'><strong>diabolum,</strong></span> <span class='ocrx_word' id='word_1_119' title='bbox 1057 1598 1147 1666; x_wconf 91' lang='lat' dir='ltr'><strong>qui</strong></span> <span class='ocrx_word' id='word_1_120' title='bbox 1179 1595 1484 1651; x_wconf 85' lang='lat' dir='ltr'><strong>inimicitias</strong></span> <span class='ocrx_word' id='word_1_121' title='bbox 1508 1595 1649 1650; x_wconf 89' lang='lat' dir='ltr'><strong>inter</strong></span> <span class='ocrx_word' id='word_1_122' title='bbox 1678 1594 1845 1650; x_wconf 92' lang='lat' dir='ltr'><strong>Deum</strong></span> <span class='ocrx_word' id='word_1_123' title='bbox 1874 1603 1929 1650; x_wconf 89' lang='lat' dir='ltr'><strong>et</strong></span> <span class='ocrx_word' id='word_1_124' title='bbox 1954 1595 2217 1662; x_wconf 80' lang='lat' dir='ltr'><strong>homines,</strong></span> 
     </span>
    </p>
   </div>
   <div class='ocr_carea' id='block_1_17' title="bbox 633 1684 2219 1758">
    <p class='ocr_par' dir='ltr' id='par_1_17' title="bbox 633 1684 2219 1758">
     <span class='ocr_line' id='line_1_17' title="bbox 633 1684 2219 1758; baseline -0.003 -15"><span class='ocrx_word' id='word_1_125' title='bbox 633 1687 685 1743; x_wconf 89' lang='lat' dir='ltr'><strong>id</strong></span> <span class='ocrx_word' id='word_1_126' title='bbox 726 1696 811 1743; x_wconf 91' lang='lat' dir='ltr'><strong>est</strong></span> <span class='ocrx_word' id='word_1_127' title='bbox 854 1695 1075 1758; x_wconf 90' lang='lat' dir='ltr'><strong>peccata</strong></span> <span class='ocrx_word' id='word_1_128' title='bbox 1116 1685 1371 1752; x_wconf 86' lang='lat' dir='ltr'><strong>immittit,</strong></span> <span class='ocrx_word' id='word_1_129' title='bbox 1408 1684 1602 1756; x_wconf 88' lang='lat' dir='ltr'><strong>quibus</strong></span> <span class='ocrx_word' id='word_1_130' title='bbox 1647 1691 1861 1755; x_wconf 85' lang='lat' dir='ltr'><strong>separet</strong></span> <span class='ocrx_word' id='word_1_131' title='bbox 1906 1684 2152 1740; x_wconf 85' lang='lat' dir='ltr'><strong>homines</strong></span> <span class='ocrx_word' id='word_1_132' title='bbox 2188 1700 2219 1739; x_wconf 86' lang='lat' dir='ltr'><strong>a</strong></span> 
     </span>
    </p>
   </div>
   <div class='ocr_carea' id='block_1_18' title="bbox 2323 498 3832 570">
    <p class='ocr_par' dir='ltr' id='par_1_18' title="bbox 2323 498 3832 570">
     <span class='ocr_line' id='line_1_18' title="bbox 2323 498 3832 570; baseline 0.008 -17"><span class='ocrx_word' id='word_1_133' title='bbox 2323 504 2496 553; x_wconf 90' lang='lat' dir='ltr'><strong>etatur</strong></span> <span class='ocrx_word' id='word_1_134' title='bbox 2520 498 2577 554; x_wconf 91' lang='lat' dir='ltr'><strong>in</strong></span> <span class='ocrx_word' id='word_1_135' title='bbox 2604 506 2766 567; x_wconf 86' lang='lat' dir='ltr'><strong>terra,</strong></span> <span class='ocrx_word' id='word_1_136' title='bbox 2796 498 3001 555; x_wconf 64' lang='lat' dir='ltr'><strong>caelesti</strong></span> <span class='ocrx_word' id='word_1_137' title='bbox 3044 498 3214 554; x_wconf 88' lang='lat' dir='ltr'><strong>imbre</strong></span> <span class='ocrx_word' id='word_1_138' title='bbox 3248 498 3510 570; x_wconf 80' lang='lat' dir='ltr'><strong>perfusum</strong></span> <span class='ocrx_word' id='word_1_139' title='bbox 3544 501 3772 561; x_wconf 84' lang='lat' dir='ltr'><strong>radicatur</strong></span> <span class='ocrx_word' id='word_1_140' title='bbox 3789 518 3832 565; x_wconf 83' lang='lat' dir='ltr'><strong>et</strong></span> 
     </span>
    </p>
   </div>
   <div class='ocr_carea' id='block_1_19' title="bbox 2322 588 3832 659">
    <p class='ocr_par' dir='ltr' id='par_1_19' title="bbox 2322 588 3832 659">
     <span class='ocr_line' id='line_1_19' title="bbox 2322 588 3832 659; baseline 0.009 -17"><span class='ocrx_word' id='word_1_141' title='bbox 2322 589 2516 644; x_wconf 84' lang='lat' dir='ltr'><strong>crescit</strong></span> <span class='ocrx_word' id='word_1_142' title='bbox 2561 588 2617 644; x_wconf 88' lang='lat' dir='ltr'><strong>in</strong></span> <span class='ocrx_word' id='word_1_143' title='bbox 2661 589 2914 646; x_wconf 85' lang='lat' dir='ltr'><strong>cordibus</strong></span> <span class='ocrx_word' id='word_1_144' title='bbox 2954 589 3314 659; x_wconf 84' lang='lat' dir='ltr'><strong>singulorum;</strong></span> <span class='ocrx_word' id='word_1_145' title='bbox 3352 599 3408 646; x_wconf 87' lang='lat' dir='ltr'><strong>et</strong></span> <span class='ocrx_word' id='word_1_146' title='bbox 3443 590 3561 648; x_wconf 87' lang='lat' dir='ltr'><strong>inde</strong></span> <span class='ocrx_word' id='word_1_147' title='bbox 3590 592 3832 655; x_wconf 72' lang='lat' dir='ltr'><strong>efﬁciuntur</strong></span> 
     </span>
    </p>
   </div>
   <div class='ocr_carea' id='block_1_20' title="bbox 2319 681 3830 760">
    <p class='ocr_par' dir='ltr' id='par_1_20' title="bbox 2319 681 3830 760">
     <span class='ocr_line' id='line_1_20' title="bbox 2319 681 3830 760; baseline 0.003 -25"><span class='ocrx_word' id='word_1_148' title='bbox 2319 682 2523 737; x_wconf 80' lang='lat' dir='ltr'><strong>fructus</strong></span> <span class='ocrx_word' id='word_1_149' title='bbox 2551 681 2623 736; x_wconf 94' lang='lat' dir='ltr'><strong>illi</strong></span> <span class='ocrx_word' id='word_1_150' title='bbox 2647 682 2738 752; x_wconf 88' lang='lat' dir='ltr'><strong>qui</strong></span> <span class='ocrx_word' id='word_1_151' title='bbox 2767 681 2896 737; x_wconf 89' lang='lat' dir='ltr'><strong>dicti</strong></span> <span class='ocrx_word' id='word_1_152' title='bbox 2935 691 3059 737; x_wconf 90' lang='lat' dir='ltr'><strong>sunt</strong></span> <span class='ocrx_word' id='word_1_153' title='bbox 3086 682 3376 737; x_wconf 83' lang='lat' dir='ltr'><strong>voluntatis</strong></span> <span class='ocrx_word' id='word_1_154' title='bbox 3402 682 3566 750; x_wconf 80' lang='lat' dir='ltr'><strong>home,</strong></span> <span class='ocrx_word' id='word_1_155' title='bbox 3594 694 3641 740; x_wconf 89' lang='lat' dir='ltr'><strong>et</strong></span> <span class='ocrx_word' id='word_1_156' title='bbox 3663 686 3830 760; x_wconf 79' lang='lat' dir='ltr'><strong>trigesi-</strong></span> 
     </span>
    </p>
   </div>
   <div class='ocr_carea' id='block_1_21' title="bbox 2323 773 3284 841">
    <p class='ocr_par' dir='ltr' id='par_1_21' title="bbox 2323 773 3284 841">
     <span class='ocr_line' id='line_1_21' title="bbox 2323 773 3284 841; baseline -0.001 -13"><span class='ocrx_word' id='word_1_157' title='bbox 2323 775 2414 839; x_wconf 90' lang='lat' dir='ltr'><strong>mi,</strong></span> <span class='ocrx_word' id='word_1_158' title='bbox 2444 781 2499 829; x_wconf 90' lang='lat' dir='ltr'><strong>et</strong></span> <span class='ocrx_word' id='word_1_159' title='bbox 2525 774 2866 841; x_wconf 83' lang='lat' dir='ltr'><strong>sexagesimi,</strong></span> <span class='ocrx_word' id='word_1_160' title='bbox 2899 781 2956 828; x_wconf 90' lang='lat' dir='ltr'><strong>et</strong></span> <span class='ocrx_word' id='word_1_161' title='bbox 2982 773 3284 828; x_wconf 88' lang='lat' dir='ltr'><strong>centesimi.</strong></span> 
     </span>
    </p>
   </div>
   <div class='ocr_carea' id='block_1_22' title="bbox 2392 864 3777 937">
    <p class='ocr_par' dir='ltr' id='par_1_22' title="bbox 2392 864 3777 937">
     <span class='ocr_line' id='line_1_22' title="bbox 2392 864 3777 937; baseline 0.003 -18"><span class='ocrx_word' id='word_1_162' title='bbox 2392 864 2553 919; x_wconf 82' lang='lat' dir='ltr'><strong>XXI.</strong></span> <span class='ocrx_word' id='word_1_163' title='bbox 2588 865 2723 920; x_wconf 84' lang='lat' dir='ltr'><strong>Item</strong></span> <span class='ocrx_word' id='word_1_164' title='bbox 2740 865 2815 919; x_wconf 86' lang='lat' dir='ltr'><strong>de</strong></span> <span class='ocrx_word' id='word_1_165' title='bbox 2841 866 3061 921; x_wconf 80' lang='lat' dir='ltr'><strong>lectione</strong></span> <span class='ocrx_word' id='word_1_166' title='bbox 3085 865 3396 937; x_wconf 85' lang='lat' dir='ltr'><strong>evangelica.</strong></span> <span class='ocrx_word' id='word_1_167' title='bbox 3424 864 3582 919; x_wconf 72' lang='lat' dir='ltr'><strong>Marc.</strong></span> <span class='ocrx_word' id='word_1_168' title='bbox 3608 884 3685 931; x_wconf 89' lang='lat' dir='ltr'><strong>vn,</strong></span> <span class='ocrx_word' id='word_1_169' title='bbox 3709 868 3777 924; x_wconf 67' lang='lat'><strong>25.</strong></span> 
     </span>
    </p>
   </div>
   <div class='ocr_carea' id='block_1_23' title="bbox 2396 955 3832 1030">
    <p class='ocr_par' dir='ltr' id='par_1_23' title="bbox 2396 955 3832 1030">
     <span class='ocr_line' id='line_1_23' title="bbox 2396 955 3832 1030; baseline -0.005 -18"><span class='ocrx_word' id='word_1_170' title='bbox 2396 958 2693 1030; x_wconf 72' lang='lat' dir='ltr'><strong>Ingressus,</strong></span> <span class='ocrx_word' id='word_1_171' title='bbox 2723 958 2915 1027; x_wconf 90' lang='lat' dir='ltr'><strong>inquit,</strong></span> <span class='ocrx_word' id='word_1_172' title='bbox 2946 956 3201 1013; x_wconf 83' lang='lat' dir='ltr'><strong>Dominus</strong></span> <span class='ocrx_word' id='word_1_173' title='bbox 3227 955 3380 1011; x_wconf 78' lang='lat' dir='ltr'><strong>Iesus</strong></span> <span class='ocrx_word' id='word_1_174' title='bbox 3401 958 3451 1011; x_wconf 90' lang='lat' dir='ltr'><strong>in</strong></span> <span class='ocrx_word' id='word_1_175' title='bbox 3477 956 3683 1025; x_wconf 79' lang='lat' dir='ltr'><strong>domum,</strong></span> <span class='ocrx_word' id='word_1_176' title='bbox 3707 963 3832 1017; x_wconf 71' lang='grc' dir='ltr'>ιιειιί-</span> 
     </span>
    </p>
   </div>
   <div class='ocr_carea' id='block_1_24' title="bbox 2321 1048 3833 1118">
    <p class='ocr_par' dir='ltr' id='par_1_24' title="bbox 2321 1048 3833 1118">
     <span class='ocr_line' id='line_1_24' title="bbox 2321 1048 3833 1118; baseline 0.001 -12"><span class='ocrx_word' id='word_1_177' title='bbox 2321 1067 2438 1106; x_wconf 88' lang='lat' dir='ltr'><strong>nem</strong></span> <span class='ocrx_word' id='word_1_178' title='bbox 2466 1051 2623 1106; x_wconf 77' lang='lat' dir='ltr'><strong>voluit</strong></span> <span class='ocrx_word' id='word_1_179' title='bbox 2641 1051 2793 1115; x_wconf 84' lang='lat' dir='ltr'><strong>scire,</strong></span> <span class='ocrx_word' id='word_1_180' title='bbox 2821 1058 2872 1103; x_wconf 81' lang='lat' dir='ltr'><strong>et</strong></span> <span class='ocrx_word' id='word_1_181' title='bbox 2901 1065 3005 1103; x_wconf 91' lang='lat' dir='ltr'><strong>non</strong></span> <span class='ocrx_word' id='word_1_182' title='bbox 3037 1049 3205 1118; x_wconf 88' lang='lat' dir='ltr'><strong>potuit</strong></span> <span class='ocrx_word' id='word_1_183' title='bbox 3242 1048 3419 1112; x_wconf 89' lang='lat' dir='ltr'><strong>latere,</strong></span> <span class='ocrx_word' id='word_1_184' title='bbox 3447 1057 3546 1104; x_wconf 87' lang='lat' dir='ltr'><strong>etc.</strong></span> <span class='ocrx_word' id='word_1_185' title='bbox 3584 1049 3737 1106; x_wconf 80' lang='lat' dir='ltr'><strong>Primo</strong></span> <span class='ocrx_word' id='word_1_186' title='bbox 3757 1052 3833 1108; x_wconf 84' lang='lat' dir='ltr'><strong>hoc</strong></span> 
     </span>
    </p>
   </div>
   <div class='ocr_carea' id='block_1_25' title="bbox 2322 1132 3832 1214">
    <p class='ocr_par' dir='ltr' id='par_1_25' title="bbox 2322 1132 3832 1214">
     <span class='ocr_line' id='line_1_25' title="bbox 2322 1132 3832 1214; baseline 0.001 -17"><span class='ocrx_word' id='word_1_187' title='bbox 2322 1142 2722 1199; x_wconf 87' lang='lat' dir='ltr'><strong>consideremus</strong></span> <span class='ocrx_word' id='word_1_188' title='bbox 2740 1132 2867 1214; x_wconf 78' lang='lat' dir='ltr'><strong>quid</strong></span> <span class='ocrx_word' id='word_1_189' title='bbox 2885 1149 2970 1197; x_wconf 89' lang='lat' dir='ltr'><strong>est</strong></span> <span class='ocrx_word' id='word_1_190' title='bbox 2988 1142 3112 1208; x_wconf 84' lang='lat' dir='ltr'><strong>hoc,</strong></span> <span class='ocrx_word' id='word_1_191' title='bbox 3137 1141 3328 1197; x_wconf 78' lang='lat' dir='ltr'><strong>fratres</strong></span> <span class='ocrx_word' id='word_1_192' title='bbox 3352 1160 3367 1194; x_wconf 88' lang='lat'><strong>:</strong></span> <span class='ocrx_word' id='word_1_193' title='bbox 3394 1139 3667 1211; x_wconf 84' lang='lat' dir='ltr'><strong>Ingressus,</strong></span> <span class='ocrx_word' id='word_1_194' title='bbox 3686 1143 3832 1212; x_wconf 83' lang='lat' dir='ltr'><strong>inquit,</strong></span> 
     </span>
    </p>
   </div>
   <div class='ocr_carea' id='block_1_26' title="bbox 2328 1232 3834 1303">
    <p class='ocr_par' dir='ltr' id='par_1_26' title="bbox 2328 1232 3834 1303">
     <span class='ocr_line' id='line_1_26' title="bbox 2328 1232 3834 1303; baseline 0 -16"><span class='ocrx_word' id='word_1_195' title='bbox 2328 1233 2576 1289; x_wconf 83' lang='lat' dir='ltr'><strong>Dominus</strong></span> <span class='ocrx_word' id='word_1_196' title='bbox 2594 1236 2651 1288; x_wconf 88' lang='lat' dir='ltr'><strong>in</strong></span> <span class='ocrx_word' id='word_1_197' title='bbox 2673 1235 2901 1301; x_wconf 82' lang='lat' dir='ltr'><strong>domum,</strong></span> <span class='ocrx_word' id='word_1_198' title='bbox 2926 1234 3184 1288; x_wconf 85' lang='lat' dir='ltr'><strong>neminem</strong></span> <span class='ocrx_word' id='word_1_199' title='bbox 3203 1232 3362 1287; x_wconf 82' lang='lat' dir='ltr'><strong>voluit</strong></span> <span class='ocrx_word' id='word_1_200' title='bbox 3381 1233 3527 1298; x_wconf 77' lang='lat' dir='ltr'><strong>scire,</strong></span> <span class='ocrx_word' id='word_1_201' title='bbox 3549 1244 3698 1287; x_wconf 79' lang='lat' dir='ltr'><strong>etnon</strong></span> <span class='ocrx_word' id='word_1_202' title='bbox 3713 1235 3834 1303; x_wconf 71' lang='lat' dir='ltr'><strong>potuit</strong></span> 
     </span>
    </p>
   </div>
   <div class='ocr_carea' id='block_1_27' title="bbox 2322 1326 3834 1396">
    <p class='ocr_par' dir='ltr' id='par_1_27' title="bbox 2322 1326 3834 1396">
     <span class='ocr_line' id='line_1_27' title="bbox 2322 1326 3834 1396; baseline -0.004 -11"><span class='ocrx_word' id='word_1_203' title='bbox 2322 1329 2501 1385; x_wconf 86' lang='lat' dir='ltr'><strong>latere.</strong></span> <span class='ocrx_word' id='word_1_204' title='bbox 2527 1329 2585 1384; x_wconf 88' lang='lat' dir='ltr'><strong>Si</strong></span> <span class='ocrx_word' id='word_1_205' title='bbox 2611 1330 2756 1385; x_wconf 90' lang='lat' dir='ltr'><strong>enim</strong></span> <span class='ocrx_word' id='word_1_206' title='bbox 2783 1328 3054 1383; x_wconf 88' lang='lat' dir='ltr'><strong>neminem</strong></span> <span class='ocrx_word' id='word_1_207' title='bbox 3079 1326 3251 1383; x_wconf 90' lang='lat' dir='ltr'><strong>voluit</strong></span> <span class='ocrx_word' id='word_1_208' title='bbox 3277 1326 3436 1393; x_wconf 89' lang='lat' dir='ltr'><strong>scire,</strong></span> <span class='ocrx_word' id='word_1_209' title='bbox 3461 1340 3554 1380; x_wconf 87' lang='lat' dir='ltr'><strong>cur</strong></span> <span class='ocrx_word' id='word_1_210' title='bbox 3577 1340 3671 1380; x_wconf 87' lang='lat' dir='ltr'><strong>non</strong></span> <span class='ocrx_word' id='word_1_211' title='bbox 3704 1327 3834 1396; x_wconf 84' lang='lat' dir='ltr'><strong>potuit</strong></span> 
     </span>
    </p>
   </div>
   <div class='ocr_carea' id='block_1_28' title="bbox 2326 1415 3835 1489">
    <p class='ocr_par' dir='ltr' id='par_1_28' title="bbox 2326 1415 3835 1489">
     <span class='ocr_line' id='line_1_28' title="bbox 2326 1415 3835 1489; baseline -0.002 -16"><span class='ocrx_word' id='word_1_212' title='bbox 2326 1421 2525 1476; x_wconf 87' lang='lat' dir='ltr'><strong>latere?</strong></span> <span class='ocrx_word' id='word_1_213' title='bbox 2554 1418 2750 1489; x_wconf 89' lang='lat' dir='ltr'><strong>Utique</strong></span> <span class='ocrx_word' id='word_1_214' title='bbox 2773 1419 3028 1475; x_wconf 85' lang='lat' dir='ltr'><strong>Dominus</strong></span> <span class='ocrx_word' id='word_1_215' title='bbox 3042 1418 3125 1473; x_wconf 85' lang='lat' dir='ltr'><strong>sic</strong></span> <span class='ocrx_word' id='word_1_216' title='bbox 3147 1432 3207 1473; x_wconf 87' lang='lat' dir='ltr'><strong>se</strong></span> <span class='ocrx_word' id='word_1_217' title='bbox 3236 1432 3344 1472; x_wconf 91' lang='lat' dir='ltr'><strong>non</strong></span> <span class='ocrx_word' id='word_1_218' title='bbox 3372 1416 3485 1471; x_wconf 91' lang='lat' dir='ltr'><strong>vult</strong></span> <span class='ocrx_word' id='word_1_219' title='bbox 3511 1415 3772 1480; x_wconf 84' lang='lat' dir='ltr'><strong>ostendere,</strong></span> <span class='ocrx_word' id='word_1_220' title='bbox 3792 1425 3835 1470; x_wconf 88' lang='lat' dir='ltr'><strong>ut</strong></span> 
     </span>
    </p>
   </div>
   <div class='ocr_carea' id='block_1_29' title="bbox 2324 1507 3832 1579">
    <p class='ocr_par' dir='ltr' id='par_1_29' title="bbox 2324 1507 3832 1579">
     <span class='ocr_line' id='line_1_29' title="bbox 2324 1507 3832 1579; baseline -0.007 -10"><span class='ocrx_word' id='word_1_221' title='bbox 2324 1520 2503 1569; x_wconf 88' lang='lat' dir='ltr'><strong>tamen</strong></span> <span class='ocrx_word' id='word_1_222' title='bbox 2531 1511 2666 1567; x_wconf 91' lang='lat' dir='ltr'><strong>nolit</strong></span> <span class='ocrx_word' id='word_1_223' title='bbox 2706 1525 2767 1567; x_wconf 88' lang='lat' dir='ltr'><strong>se</strong></span> <span class='ocrx_word' id='word_1_224' title='bbox 2804 1511 2992 1566; x_wconf 84' lang='lat' dir='ltr'><strong>latere.</strong></span> <span class='ocrx_word' id='word_1_225' title='bbox 3034 1508 3280 1579; x_wconf 84' lang='lat' dir='ltr'><strong>Nunquid</strong></span> <span class='ocrx_word' id='word_1_226' title='bbox 3308 1507 3450 1562; x_wconf 88' lang='lat' dir='ltr'><strong>enim</strong></span> <span class='ocrx_word' id='word_1_227' title='bbox 3476 1507 3593 1576; x_wconf 86' lang='lat' dir='ltr'><strong>quia</strong></span> <span class='ocrx_word' id='word_1_228' title='bbox 3616 1522 3735 1560; x_wconf 86' lang='lat' dir='ltr'><strong>nunc</strong></span> <span class='ocrx_word' id='word_1_229' title='bbox 3756 1521 3832 1561; x_wconf 90' lang='lat' dir='ltr'><strong>non</strong></span> 
     </span>
    </p>
   </div>
   <div class='ocr_carea' id='block_1_30' title="bbox 2322 1597 3832 1663">
    <p class='ocr_par' dir='ltr' id='par_1_30' title="bbox 2322 1597 3832 1663">
     <span class='ocr_line' id='line_1_30' title="bbox 2322 1597 3832 1663; baseline -0.005 -5"><span class='ocrx_word' id='word_1_230' title='bbox 2322 1603 2537 1659; x_wconf 88' lang='lat' dir='ltr'><strong>videtur</strong></span> <span class='ocrx_word' id='word_1_231' title='bbox 2563 1602 2733 1659; x_wconf 91' lang='lat' dir='ltr'><strong>oculis</strong></span> <span class='ocrx_word' id='word_1_232' title='bbox 2761 1602 2960 1658; x_wconf 86' lang='lat' dir='ltr'><strong>nostris</strong></span> <span class='ocrx_word' id='word_1_233' title='bbox 2985 1600 3166 1656; x_wconf 87' lang='lat' dir='ltr'><strong>divina</strong></span> <span class='ocrx_word' id='word_1_234' title='bbox 3194 1598 3509 1663; x_wconf 85' lang='lat' dir='ltr'><strong>substantia,</strong></span> <span class='ocrx_word' id='word_1_235' title='bbox 3548 1597 3656 1652; x_wconf 89' lang='lat' dir='ltr'><strong>ideo</strong></span> <span class='ocrx_word' id='word_1_236' title='bbox 3679 1598 3832 1652; x_wconf 74' lang='lat' dir='ltr'><strong>abest:</strong></span> 
     </span>
    </p>
   </div>
   <div class='ocr_carea' id='block_1_31' title="bbox 2325 1686 3834 1759">
    <p class='ocr_par' dir='ltr' id='par_1_31' title="bbox 2325 1686 3834 1759">
     <span class='ocr_line' id='line_1_31' title="bbox 2325 1686 3834 1759; baseline -0.007 -9"><span class='ocrx_word' id='word_1_237' title='bbox 2325 1695 2499 1759; x_wconf 88' lang='lat' dir='ltr'><strong>nobis,</strong></span> <span class='ocrx_word' id='word_1_238' title='bbox 2530 1704 2624 1750; x_wconf 89' lang='lat' dir='ltr'><strong>aut</strong></span> <span class='ocrx_word' id='word_1_239' title='bbox 2649 1709 2756 1751; x_wconf 90' lang='lat' dir='ltr'><strong>non</strong></span> <span class='ocrx_word' id='word_1_240' title='bbox 2787 1693 2899 1749; x_wconf 86' lang='lat' dir='ltr'><strong>vult</strong></span> <span class='ocrx_word' id='word_1_241' title='bbox 2935 1691 3126 1747; x_wconf 88' lang='lat' dir='ltr'><strong>adesse</strong></span> <span class='ocrx_word' id='word_1_242' title='bbox 3154 1690 3344 1746; x_wconf 86' lang='lat' dir='ltr'><strong>nobis?</strong></span> <span class='ocrx_word' id='word_1_243' title='bbox 3384 1686 3500 1759; x_wconf 84' lang='lat' dir='ltr'><strong>Ipse</strong></span> <span class='ocrx_word' id='word_1_244' title='bbox 3540 1688 3667 1742; x_wconf 88' lang='lat' dir='ltr'><strong>enim</strong></span> <span class='ocrx_word' id='word_1_245' title='bbox 3701 1687 3834 1740; x_wconf 83' lang='lat' dir='ltr'><strong>lumen</strong></span> 
     </span>
    </p>
   </div>
   <div class='ocr_carea' id='block_1_32' title="bbox 632 1774 3832 1851">
    <p class='ocr_par' dir='ltr' id='par_1_32' title="bbox 632 1774 3832 1851">
     <span class='ocr_line' id='line_1_32' title="bbox 632 1774 3832 1851; baseline -0.003 -18"><span class='ocrx_word' id='word_1_246' title='bbox 632 1779 763 1834; x_wconf 88' lang='lat' dir='ltr'><strong>Deo.</strong></span> <span class='ocrx_word' id='word_1_247' title='bbox 796 1777 912 1849; x_wconf 91' lang='lat' dir='ltr'><strong>lpse</strong></span> <span class='ocrx_word' id='word_1_248' title='bbox 950 1791 1177 1848; x_wconf 87' lang='lat' dir='ltr'><strong>namque</strong></span> <span class='ocrx_word' id='word_1_249' title='bbox 1206 1784 1261 1830; x_wconf 90' lang='lat' dir='ltr'><strong>et</strong></span> <span class='ocrx_word' id='word_1_250' title='bbox 1290 1776 1493 1845; x_wconf 87' lang='lat' dir='ltr'><strong>primos</strong></span> <span class='ocrx_word' id='word_1_251' title='bbox 1521 1774 1641 1829; x_wconf 91' lang='lat' dir='ltr'><strong>illos</strong></span> <span class='ocrx_word' id='word_1_252' title='bbox 1672 1774 1939 1843; x_wconf 89' lang='lat' dir='ltr'><strong>homines,</strong></span> <span class='ocrx_word' id='word_1_253' title='bbox 1971 1774 2137 1830; x_wconf 82' lang='lat' dir='ltr'><strong>Adam</strong></span> <span class='ocrx_word' id='word_1_254' title='bbox 2167 1784 2223 1831; x_wconf 92' lang='lat' dir='ltr'><strong>et</strong></span> <span class='ocrx_word' id='word_1_255' title='bbox 2254 1789 2299 1849; x_wconf 74' lang='grc' dir='ltr'><strong>Β</strong></span> <span class='ocrx_word' id='word_1_256' title='bbox 2324 1785 2561 1842; x_wconf 60' lang='lat' dir='ltr'><strong>scientia,</strong></span> <span class='ocrx_word' id='word_1_257' title='bbox 2586 1801 2697 1841; x_wconf 62' lang='lat' dir='ltr'><strong>sum</strong></span> <span class='ocrx_word' id='word_1_258' title='bbox 2720 1784 2969 1841; x_wconf 70' lang='lat' dir='ltr'><strong>omnibus</strong></span> <span class='ocrx_word' id='word_1_259' title='bbox 2995 1781 3243 1845; x_wconf 69' lang='lat' dir='ltr'><strong>infundit,</strong></span> <span class='ocrx_word' id='word_1_260' title='bbox 3266 1776 3467 1851; x_wconf 70' lang='grc' dir='ltr'><strong>(ιυίόει</strong></span> <span class='ocrx_word' id='word_1_261' title='bbox 3489 1779 3653 1835; x_wconf 72' lang='lat' dir='ltr'><strong>lumen</strong></span> <span class='ocrx_word' id='word_1_262' title='bbox 3677 1793 3832 1843; x_wconf 59' lang='lat' dir='ltr'><strong>verum,</strong></span> 
     </span>
    </p>
   </div>
   <div class='ocr_carea' id='block_1_33' title="bbox 630 1865 3833 1938">
    <p class='ocr_par' dir='ltr' id='par_1_33' title="bbox 630 1865 3833 1938">
     <span class='ocr_line' id='line_1_33' title="bbox 630 1865 3833 1938; baseline -0.004 -15"><span class='ocrx_word' id='word_1_263' title='bbox 630 1869 819 1933; x_wconf 86' lang='lat' dir='ltr'><strong>Evam,</strong></span> <span class='ocrx_word' id='word_1_264' title='bbox 860 1868 913 1923; x_wconf 93' lang='lat' dir='ltr'><strong>in</strong></span> <span class='ocrx_word' id='word_1_265' title='bbox 954 1868 1204 1938; x_wconf 86' lang='lat' dir='ltr'><strong>paradiso</strong></span> <span class='ocrx_word' id='word_1_266' title='bbox 1250 1866 1590 1930; x_wconf 89' lang='lat' dir='ltr'><strong>constitutos,</strong></span> <span class='ocrx_word' id='word_1_267' title='bbox 1635 1865 1853 1921; x_wconf 87' lang='lat' dir='ltr'><strong>lubricis</strong></span> <span class='ocrx_word' id='word_1_268' title='bbox 1897 1865 2123 1922; x_wconf 76' lang='lat' dir='ltr'><strong>nexibus</strong></span> <span class='ocrx_word' id='word_1_269' title='bbox 2167 1867 2222 1921; x_wconf 92' lang='lat' dir='ltr'><strong>in</strong></span> <span class='ocrx_word' id='word_1_270' title='bbox 2325 1877 2630 1932; x_wconf 70' lang='lat' dir='ltr'><strong>illuminans</strong></span> <span class='ocrx_word' id='word_1_271' title='bbox 2657 1889 2872 1930; x_wconf 74' lang='lat' dir='ltr'><strong>omnem</strong></span> <span class='ocrx_word' id='word_1_272' title='bbox 2894 1873 3170 1929; x_wconf 75' lang='lat' dir='ltr'><strong>hominem</strong></span> <span class='ocrx_word' id='word_1_273' title='bbox 3188 1871 3495 1928; x_wconf 55' lang='lat' dir='ltr'><strong>venientem</strong></span> <span class='ocrx_word' id='word_1_274' title='bbox 3515 1870 3564 1923; x_wconf 73' lang='lat' dir='ltr'><strong>in</strong></span> <span class='ocrx_word' id='word_1_275' title='bbox 3582 1868 3705 1923; x_wconf 76' lang='lat' dir='ltr'><strong>hunc</strong></span> <span class='ocrx_word' id='word_1_276' title='bbox 3720 1882 3833 1922; x_wconf 78' lang='grc' dir='ltr'>ιιιιιη.</span> 
     </span>
    </p>
   </div>
   <div class='ocr_carea' id='block_1_34' title="bbox 631 1956 3834 2034">
    <p class='ocr_par' dir='ltr' id='par_1_34' title="bbox 631 1956 3834 2034">
     <span class='ocr_line' id='line_1_34' title="bbox 631 1956 3834 2034; baseline -0.004 -16"><span class='ocrx_word' id='word_1_277' title='bbox 631 1960 894 2032; x_wconf 79' lang='lat' dir='ltr'><strong>serpentis</strong></span> <span class='ocrx_word' id='word_1_278' title='bbox 922 1958 1094 2014; x_wconf 79' lang='lat' dir='ltr'><strong>forma</strong></span> <span class='ocrx_word' id='word_1_279' title='bbox 1122 1965 1377 2023; x_wconf 88' lang='lat' dir='ltr'><strong>mutatus,</strong></span> <span class='ocrx_word' id='word_1_280' title='bbox 1407 1956 1653 2026; x_wconf 86' lang='lat' dir='ltr'><strong>alloquiis</strong></span> <span class='ocrx_word' id='word_1_281' title='bbox 1677 1957 1829 2028; x_wconf 90' lang='lat' dir='ltr'><strong>quasi</strong></span> <span class='ocrx_word' id='word_1_282' title='bbox 1854 1957 2087 2014; x_wconf 89' lang='lat' dir='ltr'><strong>hominis</strong></span> <span class='ocrx_word' id='word_1_283' title='bbox 2115 1958 2222 2014; x_wconf 80' lang='lat' dir='ltr'><strong>cir-</strong></span> <span class='ocrx_word' id='word_1_284' title='bbox 2325 1968 2473 2023; x_wconf 70' lang='lat' dir='ltr'><strong>dum,</strong></span> <span class='ocrx_word' id='word_1_285' title='bbox 2507 1966 2783 2034; x_wconf 71' lang='lat' dir='ltr'><strong>Ingressus</strong></span> <span class='ocrx_word' id='word_1_286' title='bbox 2809 1973 2894 2021; x_wconf 69' lang='grc' dir='ltr'><strong>εει</strong></span> <span class='ocrx_word' id='word_1_287' title='bbox 2936 1964 3178 2030; x_wconf 70' lang='lat' dir='ltr'><strong>domum,</strong></span> <span class='ocrx_word' id='word_1_288' title='bbox 3224 1961 3322 2018; x_wconf 73' lang='lat' dir='ltr'><strong>sed</strong></span> <span class='ocrx_word' id='word_1_289' title='bbox 3359 1976 3462 2017; x_wconf 76' lang='lat' dir='ltr'><strong>nec</strong></span> <span class='ocrx_word' id='word_1_290' title='bbox 3490 1960 3542 2014; x_wconf 76' lang='lat' dir='ltr'><strong>in</strong></span> <span class='ocrx_word' id='word_1_291' title='bbox 3567 1959 3748 2031; x_wconf 74' lang='lat' dir='ltr'><strong>publica</strong></span> <span class='ocrx_word' id='word_1_292' title='bbox 3767 1957 3834 2013; x_wconf 75' lang='lat' dir='ltr'><strong>de.</strong></span> 
     </span>
    </p>
   </div>
   <div class='ocr_carea' id='block_1_35' title="bbox 632 2040 2223 2119">
    <p class='ocr_par' dir='ltr' id='par_1_35' title="bbox 632 2040 2223 2119">
     <span class='ocr_line' id='line_1_35' title="bbox 632 2040 2223 2119; baseline -0.003 -11"><span class='ocrx_word' id='word_1_293' title='bbox 632 2051 920 2119; x_wconf 87' lang='lat' dir='ltr'><strong>eumvenit,</strong></span> <span class='ocrx_word' id='word_1_294' title='bbox 950 2059 1005 2106; x_wconf 89' lang='lat' dir='ltr'><strong>et</strong></span> <span class='ocrx_word' id='word_1_295' title='bbox 1032 2040 1193 2105; x_wconf 80' lang='lat' dir='ltr'><strong>rudes</strong></span> <span class='ocrx_word' id='word_1_296' title='bbox 1220 2048 1428 2103; x_wconf 89' lang='lat' dir='ltr'><strong>animas</strong></span> <span class='ocrx_word' id='word_1_297' title='bbox 1467 2047 1678 2103; x_wconf 86' lang='lat' dir='ltr'><strong>incauta</strong></span> <span class='ocrx_word' id='word_1_298' title='bbox 1720 2047 2035 2107; x_wconf 85' lang='lat' dir='ltr'><strong>credulitate</strong></span> <span class='ocrx_word' id='word_1_299' title='bbox 2062 2048 2223 2103; x_wconf 90' lang='lat' dir='ltr'><strong>dece-</strong></span> 
     </span>
    </p>
   </div>
   <div class='ocr_carea' id='block_1_36' title="bbox 632 2142 2226 2217">
    <p class='ocr_par' dir='ltr' id='par_1_36' title="bbox 632 2142 2226 2217">
     <span class='ocr_line' id='line_1_36' title="bbox 632 2142 2226 2217; baseline -0.002 -17"><span class='ocrx_word' id='word_1_300' title='bbox 632 2147 727 2217; x_wconf 91' lang='lat' dir='ltr'><strong>pit.</strong></span> <span class='ocrx_word' id='word_1_301' title='bbox 760 2144 878 2216; x_wconf 88' lang='lat' dir='ltr'><strong>lpse</strong></span> <span class='ocrx_word' id='word_1_302' title='bbox 905 2152 962 2199; x_wconf 92' lang='lat' dir='ltr'><strong>et</strong></span> <span class='ocrx_word' id='word_1_303' title='bbox 984 2159 1128 2200; x_wconf 91' lang='lat' dir='ltr'><strong>nunc</strong></span> <span class='ocrx_word' id='word_1_304' title='bbox 1153 2158 1347 2214; x_wconf 84' lang='lat' dir='ltr'><strong>pravas</strong></span> <span class='ocrx_word' id='word_1_305' title='bbox 1369 2143 1723 2213; x_wconf 83' lang='lat' dir='ltr'><strong>cogitationes</strong></span> <span class='ocrx_word' id='word_1_306' title='bbox 1752 2142 2010 2209; x_wconf 88' lang='lat' dir='ltr'><strong>immittit,</strong></span> <span class='ocrx_word' id='word_1_307' title='bbox 2043 2158 2226 2198; x_wconf 87' lang='lat' dir='ltr'><strong>secum</strong></span> 
     </span>
    </p>
   </div>
   <div class='ocr_carea' id='block_1_37' title="bbox 632 2234 2229 2309">
    <p class='ocr_par' dir='ltr' id='par_1_37' title="bbox 632 2234 2229 2309">
     <span class='ocr_line' id='line_1_37' title="bbox 632 2234 2229 2309; baseline -0.004 -14"><span class='ocrx_word' id='word_1_308' title='bbox 632 2254 848 2295; x_wconf 87' lang='lat' dir='ltr'><strong>arsuras</strong></span> <span class='ocrx_word' id='word_1_309' title='bbox 877 2239 929 2292; x_wconf 93' lang='lat' dir='ltr'><strong>in</strong></span> <span class='ocrx_word' id='word_1_310' title='bbox 951 2237 1155 2309; x_wconf 89' lang='lat' dir='ltr'><strong>judicio</strong></span> <span class='ocrx_word' id='word_1_311' title='bbox 1182 2236 1398 2293; x_wconf 88' lang='lat' dir='ltr'><strong>Christi.</strong></span> <span class='ocrx_word' id='word_1_312' title='bbox 1430 2235 1498 2290; x_wconf 85' lang='lat' dir='ltr'><strong>Et</strong></span> <span class='ocrx_word' id='word_1_313' title='bbox 1525 2236 1647 2291; x_wconf 90' lang='lat' dir='ltr'><strong>ideo</strong></span> <span class='ocrx_word' id='word_1_314' title='bbox 1668 2234 2091 2301; x_wconf 74' lang='lat' dir='ltr'><strong>consideremus,</strong></span> <span class='ocrx_word' id='word_1_315' title='bbox 2121 2236 2229 2289; x_wconf 82' lang='lat' dir='ltr'><strong>fra-</strong></span> 
     </span>
    </p>
   </div>
   <div class='ocr_carea' id='block_1_38' title="bbox 634 2326 2226 2398">
    <p class='ocr_par' dir='ltr' id='par_1_38' title="bbox 634 2326 2226 2398">
     <span class='ocr_line' id='line_1_38' title="bbox 634 2326 2226 2398; baseline -0.003 -12"><span class='ocrx_word' id='word_1_316' title='bbox 634 2341 766 2398; x_wconf 90' lang='lat' dir='ltr'><strong>tres,</strong></span> <span class='ocrx_word' id='word_1_317' title='bbox 791 2329 998 2385; x_wconf 86' lang='lat' dir='ltr'><strong>semina</strong></span> <span class='ocrx_word' id='word_1_318' title='bbox 1028 2328 1239 2384; x_wconf 89' lang='lat' dir='ltr'><strong>Domini</strong></span> <span class='ocrx_word' id='word_1_319' title='bbox 1266 2327 1393 2384; x_wconf 85' lang='lat' dir='ltr'><strong>Jesu</strong></span> <span class='ocrx_word' id='word_1_320' title='bbox 1435 2326 1656 2394; x_wconf 76' lang='lat' dir='ltr'><strong>Chlisti,</strong></span> <span class='ocrx_word' id='word_1_321' title='bbox 1686 2334 1743 2382; x_wconf 89' lang='lat' dir='ltr'><strong>et</strong></span> <span class='ocrx_word' id='word_1_322' title='bbox 1778 2327 1984 2382; x_wconf 89' lang='lat' dir='ltr'><strong>semina</strong></span> <span class='ocrx_word' id='word_1_323' title='bbox 2026 2327 2226 2382; x_wconf 90' lang='lat' dir='ltr'><strong>inimici</strong></span> 
     </span>
    </p>
   </div>
   <div class='ocr_carea' id='block_1_39' title="bbox 633 2417 2228 2488">
    <p class='ocr_par' dir='ltr' id='par_1_39' title="bbox 633 2417 2228 2488">
     <span class='ocr_line' id='line_1_39' title="bbox 633 2417 2228 2488; baseline -0.001 -13"><span class='ocrx_word' id='word_1_324' title='bbox 633 2419 851 2476; x_wconf 88' lang='lat' dir='ltr'><strong>diaboli.</strong></span> <span class='ocrx_word' id='word_1_325' title='bbox 896 2418 1031 2473; x_wconf 89' lang='lat' dir='ltr'><strong>Cum</strong></span> <span class='ocrx_word' id='word_1_326' title='bbox 1071 2418 1215 2473; x_wconf 91' lang='lat' dir='ltr'><strong>enim</strong></span> <span class='ocrx_word' id='word_1_327' title='bbox 1243 2418 1437 2473; x_wconf 89' lang='lat' dir='ltr'><strong>viderit</strong></span> <span class='ocrx_word' id='word_1_328' title='bbox 1460 2418 1826 2488; x_wconf 88' lang='lat' dir='ltr'><strong>unusquisque</strong></span> <span class='ocrx_word' id='word_1_329' title='bbox 1854 2417 1906 2472; x_wconf 92' lang='lat' dir='ltr'><strong>in</strong></span> <span class='ocrx_word' id='word_1_330' title='bbox 1940 2417 2103 2474; x_wconf 86' lang='lat' dir='ltr'><strong>corde</strong></span> <span class='ocrx_word' id='word_1_331' title='bbox 2129 2434 2228 2474; x_wconf 88' lang='lat' dir='ltr'><strong>suo</strong></span> 
     </span>
    </p>
   </div>
   <div class='ocr_carea' id='block_1_40' title="bbox 634 2510 2228 2582">
    <p class='ocr_par' dir='ltr' id='par_1_40' title="bbox 634 2510 2228 2582">
     <span class='ocr_line' id='line_1_40' title="bbox 634 2510 2228 2582; baseline -0.001 -14"><span class='ocrx_word' id='word_1_332' title='bbox 634 2511 931 2569; x_wconf 88' lang='lat' dir='ltr'><strong>ascendere</strong></span> <span class='ocrx_word' id='word_1_333' title='bbox 970 2511 1325 2582; x_wconf 78' lang='lat' dir='ltr'><strong>cogitationes</strong></span> <span class='ocrx_word' id='word_1_334' title='bbox 1364 2519 1421 2566; x_wconf 89' lang='lat' dir='ltr'><strong>et</strong></span> <span class='ocrx_word' id='word_1_335' title='bbox 1461 2510 1729 2566; x_wconf 87' lang='lat' dir='ltr'><strong>desideria</strong></span> <span class='ocrx_word' id='word_1_336' title='bbox 1757 2510 1992 2581; x_wconf 89' lang='lat' dir='ltr'><strong>pietatis,</strong></span> <span class='ocrx_word' id='word_1_337' title='bbox 2023 2511 2228 2566; x_wconf 83' lang='lat' dir='ltr'><strong>miscri-</strong></span> 
     </span>
    </p>
   </div>
   <div class='ocr_carea' id='block_1_41' title="bbox 634 2601 2228 2671">
    <p class='ocr_par' dir='ltr' id='par_1_41' title="bbox 634 2601 2228 2671">
     <span class='ocr_line' id='line_1_41' title="bbox 634 2601 2228 2671; baseline -0.004 -10"><span class='ocrx_word' id='word_1_338' title='bbox 634 2602 853 2669; x_wconf 75' lang='lat' dir='ltr'><strong>cordiae,</strong></span> <span class='ocrx_word' id='word_1_339' title='bbox 882 2602 1219 2668; x_wconf 87' lang='lat' dir='ltr'><strong>humilitatis,</strong></span> <span class='ocrx_word' id='word_1_340' title='bbox 1250 2601 1531 2667; x_wconf 89' lang='lat' dir='ltr'><strong>castitatis,</strong></span> <span class='ocrx_word' id='word_1_341' title='bbox 1561 2601 1849 2671; x_wconf 64' lang='lat' dir='ltr'><strong>patientiar,</strong></span> <span class='ocrx_word' id='word_1_342' title='bbox 1880 2608 2228 2657; x_wconf 66' lang='lat' dir='ltr'><strong>ceterorum-</strong></span> 
     </span>
    </p>
   </div>
   <div class='ocr_carea' id='block_1_42' title="bbox 636 2690 2228 2765">
    <p class='ocr_par' dir='ltr' id='par_1_42' title="bbox 636 2690 2228 2765">
     <span class='ocr_line' id='line_1_42' title="bbox 636 2690 2228 2765; baseline 0 -17"><span class='ocrx_word' id='word_1_343' title='bbox 636 2710 743 2765; x_wconf 89' lang='lat' dir='ltr'><strong>que</strong></span> <span class='ocrx_word' id='word_1_344' title='bbox 770 2695 1053 2758; x_wconf 87' lang='lat' dir='ltr'><strong>bonorum,</strong></span> <span class='ocrx_word' id='word_1_345' title='bbox 1076 2693 1215 2748; x_wconf 88' lang='lat' dir='ltr'><strong>sciat</strong></span> <span class='ocrx_word' id='word_1_346' title='bbox 1237 2692 1444 2748; x_wconf 87' lang='lat' dir='ltr'><strong>semina</strong></span> <span class='ocrx_word' id='word_1_347' title='bbox 1472 2707 1592 2747; x_wconf 87' lang='lat' dir='ltr'><strong>esse</strong></span> <span class='ocrx_word' id='word_1_348' title='bbox 1619 2690 1836 2747; x_wconf 88' lang='lat' dir='ltr'><strong>Christi.</strong></span> <span class='ocrx_word' id='word_1_349' title='bbox 1859 2690 1915 2746; x_wconf 92' lang='lat' dir='ltr'><strong>Si</strong></span> <span class='ocrx_word' id='word_1_350' title='bbox 1936 2706 2066 2747; x_wconf 91' lang='lat' dir='ltr'><strong>vero</strong></span> <span class='ocrx_word' id='word_1_351' title='bbox 2085 2692 2228 2748; x_wconf 87' lang='lat' dir='ltr'><strong>desi-</strong></span> 
     </span>
    </p>
   </div>
   <div class='ocr_carea' id='block_1_43' title="bbox 638 2782 2230 2852">
    <p class='ocr_par' dir='ltr' id='par_1_43' title="bbox 638 2782 2230 2852">
     <span class='ocr_line' id='line_1_43' title="bbox 638 2782 2230 2852; baseline -0.001 -12"><span class='ocrx_word' id='word_1_352' title='bbox 638 2785 848 2840; x_wconf 89' lang='lat' dir='ltr'><strong>derium</strong></span> <span class='ocrx_word' id='word_1_353' title='bbox 875 2783 1146 2852; x_wconf 86' lang='lat' dir='ltr'><strong>adulterii,</strong></span> <span class='ocrx_word' id='word_1_354' title='bbox 1169 2783 1557 2848; x_wconf 81' lang='lat' dir='ltr'><strong>fornicationis,</strong></span> <span class='ocrx_word' id='word_1_355' title='bbox 1587 2783 1735 2849; x_wconf 89' lang='lat' dir='ltr'><strong>lurti,</strong></span> <span class='ocrx_word' id='word_1_356' title='bbox 1766 2782 1985 2850; x_wconf 82' lang='lat' dir='ltr'><strong>fraudis,</strong></span> <span class='ocrx_word' id='word_1_357' title='bbox 2009 2790 2230 2839; x_wconf 74' lang='lat' dir='ltr'><strong>uetere-</strong></span> 
     </span>
    </p>
   </div>
   <div class='ocr_carea' id='block_1_44' title="bbox 642 2873 2233 2943">
    <p class='ocr_par' dir='ltr' id='par_1_44' title="bbox 642 2873 2233 2943">
     <span class='ocr_line' id='line_1_44' title="bbox 642 2873 2233 2943; baseline -0.001 -14"><span class='ocrx_word' id='word_1_358' title='bbox 642 2889 868 2943; x_wconf 90' lang='lat' dir='ltr'><strong>rumque</strong></span> <span class='ocrx_word' id='word_1_359' title='bbox 898 2873 1184 2941; x_wconf 86' lang='lat' dir='ltr'><strong>malorum,</strong></span> <span class='ocrx_word' id='word_1_360' title='bbox 1213 2873 1475 2940; x_wconf 81' lang='lat' dir='ltr'><strong>intelligat</strong></span> <span class='ocrx_word' id='word_1_361' title='bbox 1501 2873 1707 2928; x_wconf 90' lang='lat' dir='ltr'><strong>semina</strong></span> <span class='ocrx_word' id='word_1_362' title='bbox 1742 2877 1863 2929; x_wconf 84' lang='lat' dir='ltr'><strong>esse</strong></span> <span class='ocrx_word' id='word_1_363' title='bbox 1903 2873 2102 2929; x_wconf 85' lang='lat' dir='ltr'><strong>diaboli</strong></span> <span class='ocrx_word' id='word_1_364' title='bbox 2164 2873 2233 2928; x_wconf 83' lang='lat' dir='ltr'><strong>Et</strong></span> 
     </span>
    </p>
   </div>
   <div class='ocr_carea' id='block_1_45' title="bbox 643 2964 2234 3038">
    <p class='ocr_par' dir='ltr' id='par_1_45' title="bbox 643 2964 2234 3038">
     <span class='ocr_line' id='line_1_45' title="bbox 643 2964 2234 3038; baseline -0.001 -16"><span class='ocrx_word' id='word_1_365' title='bbox 643 2968 766 3024; x_wconf 69' lang='lat' dir='ltr'><strong>ideo</strong></span> <span class='ocrx_word' id='word_1_366' title='bbox 791 2974 945 3038; x_wconf 87' lang='lat' dir='ltr'><strong>paret</strong></span> <span class='ocrx_word' id='word_1_367' title='bbox 972 2981 1071 3022; x_wconf 89' lang='lat' dir='ltr'><strong>eor</strong></span> <span class='ocrx_word' id='word_1_368' title='bbox 1094 2980 1251 3021; x_wconf 90' lang='lat' dir='ltr'><strong>suum</strong></span> <span class='ocrx_word' id='word_1_369' title='bbox 1280 2965 1412 3034; x_wconf 90' lang='lat' dir='ltr'><strong>Deo,</strong></span> <span class='ocrx_word' id='word_1_370' title='bbox 1440 2973 1496 3021; x_wconf 92' lang='lat' dir='ltr'><strong>et</strong></span> <span class='ocrx_word' id='word_1_371' title='bbox 1522 2980 1631 3021; x_wconf 90' lang='lat' dir='ltr'><strong>non</strong></span> <span class='ocrx_word' id='word_1_372' title='bbox 1658 2964 1893 3030; x_wconf 87' lang='lat' dir='ltr'><strong>diabolo,</strong></span> <span class='ocrx_word' id='word_1_373' title='bbox 1923 2965 2064 3021; x_wconf 86' lang='lat' dir='ltr'><strong>sicut</strong></span> <span class='ocrx_word' id='word_1_374' title='bbox 2103 2964 2234 3021; x_wconf 89' lang='lat' dir='ltr'><strong>dicit</strong></span> 
     </span>
    </p>
   </div>
   <div class='ocr_carea' id='block_1_46' title="bbox 641 3053 2228 3130">
    <p class='ocr_par' dir='ltr' id='par_1_46' title="bbox 641 3053 2228 3130">
     <span class='ocr_line' id='line_1_46' title="bbox 641 3053 2228 3130; baseline -0.002 -17"><span class='ocrx_word' id='word_1_375' title='bbox 641 3058 907 3130; x_wconf 82' lang='lat' dir='ltr'><strong>propheta</strong></span> <span class='ocrx_word' id='word_1_376' title='bbox 936 3057 989 3113; x_wconf 90' lang='lat' dir='ltr'><strong>in</strong></span> <span class='ocrx_word' id='word_1_377' title='bbox 1020 3053 1248 3112; x_wconf 85' lang='lat' dir='ltr'><strong>Psalmis</strong></span> <span class='ocrx_word' id='word_1_378' title='bbox 1276 3073 1289 3109; x_wconf 89' lang='lat'><strong>:</strong></span> <span class='ocrx_word' id='word_1_379' title='bbox 1322 3055 1577 3111; x_wconf 85' lang='lat' dir='ltr'><strong>Paratum</strong></span> <span class='ocrx_word' id='word_1_380' title='bbox 1606 3071 1695 3109; x_wconf 89' lang='lat' dir='ltr'><strong>cor</strong></span> <span class='ocrx_word' id='word_1_381' title='bbox 1722 3071 1912 3123; x_wconf 85' lang='lat' dir='ltr'><strong>meum,</strong></span> <span class='ocrx_word' id='word_1_382' title='bbox 1943 3053 2102 3122; x_wconf 89' lang='lat' dir='ltr'><strong>Deus,</strong></span> <span class='ocrx_word' id='word_1_383' title='bbox 2133 3073 2228 3127; x_wconf 89' lang='lat' dir='ltr'><strong>pa-</strong></span> 
     </span>
    </p>
   </div>
   <div class='ocr_carea' id='block_1_47' title="bbox 2328 2046 3836 2130">
    <p class='ocr_par' dir='ltr' id='par_1_47' title="bbox 2328 2046 3836 2130">
     <span class='ocr_line' id='line_1_47' title="bbox 2328 2046 3836 2130; baseline -0.006 -18"><span class='ocrx_word' id='word_1_384' title='bbox 2328 2060 2453 2125; x_wconf 75' lang='lat' dir='ltr'><strong>l‘uit;</strong></span> <span class='ocrx_word' id='word_1_385' title='bbox 2486 2068 2601 2116; x_wconf 89' lang='lat' dir='ltr'><strong>erat</strong></span> <span class='ocrx_word' id='word_1_386' title='bbox 2622 2060 2674 2114; x_wconf 92' lang='lat' dir='ltr'><strong>in</strong></span> <span class='ocrx_word' id='word_1_387' title='bbox 2696 2072 2953 2130; x_wconf 76' lang='lat' dir='ltr'><strong>corpore,</strong></span> <span class='ocrx_word' id='word_1_388' title='bbox 2968 2056 3063 2112; x_wconf 89' lang='lat' dir='ltr'><strong>sed</strong></span> <span class='ocrx_word' id='word_1_389' title='bbox 3087 2071 3195 2111; x_wconf 91' lang='lat' dir='ltr'><strong>non</strong></span> <span class='ocrx_word' id='word_1_390' title='bbox 3219 2054 3410 2111; x_wconf 89' lang='lat' dir='ltr'><strong>deerat</strong></span> <span class='ocrx_word' id='word_1_391' title='bbox 3435 2053 3597 2117; x_wconf 63' lang='lat' dir='ltr'><strong>caelo;</strong></span> <span class='ocrx_word' id='word_1_392' title='bbox 3624 2046 3836 2107; x_wconf 69' lang='lat' dir='ltr'><strong>videbitur</strong></span> 
     </span>
    </p>
   </div>
   <div class='ocr_carea' id='block_1_48' title="bbox 2328 2323 3835 2405">
    <p class='ocr_par' dir='ltr' id='par_1_48' title="bbox 2328 2323 3835 2405">
     <span class='ocr_line' id='line_1_48' title="bbox 2328 2323 3835 2405; baseline -0.012 -13"><span class='ocrx_word' id='word_1_393' title='bbox 2328 2336 2395 2392; x_wconf 89' lang='lat' dir='ltr'><strong>de</strong></span> <span class='ocrx_word' id='word_1_394' title='bbox 2408 2351 2515 2405; x_wconf 88' lang='lat' dir='ltr'><strong>quo</strong></span> <span class='ocrx_word' id='word_1_395' title='bbox 2531 2334 2765 2403; x_wconf 86' lang='lat' dir='ltr'><strong>loquitur</strong></span> <span class='ocrx_word' id='word_1_396' title='bbox 2780 2334 2833 2388; x_wconf 91' lang='lat' dir='ltr'><strong>in</strong></span> <span class='ocrx_word' id='word_1_397' title='bbox 2850 2332 3056 2403; x_wconf 84' lang='lat' dir='ltr'><strong>psalmo</strong></span> <span class='ocrx_word' id='word_1_398' title='bbox 3078 2346 3172 2400; x_wconf 81' lang='lat' dir='ltr'><strong>per</strong></span> <span class='ocrx_word' id='word_1_399' title='bbox 3185 2327 3505 2400; x_wconf 86' lang='lat' dir='ltr'><strong>prophetam</strong></span> <span class='ocrx_word' id='word_1_400' title='bbox 3518 2324 3666 2380; x_wconf 88' lang='lat' dir='ltr'><strong>David</strong></span> <span class='ocrx_word' id='word_1_401' title='bbox 3677 2323 3835 2379; x_wconf 82' lang='lat' dir='ltr'><strong>dicens:</strong></span> 
     </span>
    </p>
   </div>
   <div class='ocr_carea' id='block_1_49' title="bbox 2331 2415 3837 2493">
    <p class='ocr_par' dir='ltr' id='par_1_49' title="bbox 2331 2415 3837 2493">
     <span class='ocr_line' id='line_1_49' title="bbox 2331 2415 3837 2493; baseline -0.011 -11"><span class='ocrx_word' id='word_1_402' title='bbox 2331 2428 2432 2493; x_wconf 79' lang='lat' dir='ltr'><strong>Qui</strong></span> <span class='ocrx_word' id='word_1_403' title='bbox 2457 2425 2686 2481; x_wconf 69' lang='lat' dir='ltr'><strong>extendit</strong></span> <span class='ocrx_word' id='word_1_404' title='bbox 2711 2428 2892 2478; x_wconf 66' lang='lat' dir='ltr'><strong>certum</strong></span> <span class='ocrx_word' id='word_1_405' title='bbox 2918 2417 2972 2476; x_wconf 86' lang='lat' dir='ltr'><strong>ut</strong></span> <span class='ocrx_word' id='word_1_406' title='bbox 2996 2420 3200 2492; x_wconf 79' lang='lat' dir='ltr'><strong>pellent,</strong></span> <span class='ocrx_word' id='word_1_407' title='bbox 3224 2421 3310 2491; x_wconf 82' lang='lat' dir='ltr'><strong>qui</strong></span> <span class='ocrx_word' id='word_1_408' title='bbox 3335 2418 3498 2488; x_wconf 83' lang='lat' dir='ltr'><strong>tetigit</strong></span> <span class='ocrx_word' id='word_1_409' title='bbox 3516 2418 3567 2470; x_wconf 85' lang='lat' dir='ltr'><strong>iu</strong></span> <span class='ocrx_word' id='word_1_410' title='bbox 3587 2415 3711 2485; x_wconf 77' lang='lat' dir='ltr'><strong>aquis</strong></span> <span class='ocrx_word' id='word_1_411' title='bbox 3730 2428 3837 2481; x_wconf 78' lang='lat' dir='ltr'><strong>supe-</strong></span> 
     </span>
    </p>
   </div>
   <div class='ocr_carea' id='block_1_50' title="bbox 2329 2503 3839 2589">
    <p class='ocr_par' dir='ltr' id='par_1_50' title="bbox 2329 2503 3839 2589">
     <span class='ocr_line' id='line_1_50' title="bbox 2329 2503 3839 2589; baseline -0.013 -15"><span class='ocrx_word' id='word_1_412' title='bbox 2329 2520 2472 2574; x_wconf 82' lang='lat' dir='ltr'><strong>riora</strong></span> <span class='ocrx_word' id='word_1_413' title='bbox 2491 2519 2633 2589; x_wconf 83' lang='lat' dir='ltr'><strong>ejus;</strong></span> <span class='ocrx_word' id='word_1_414' title='bbox 2654 2516 2741 2588; x_wconf 83' lang='lat' dir='ltr'><strong>qui</strong></span> <span class='ocrx_word' id='word_1_415' title='bbox 2754 2515 2904 2587; x_wconf 82' lang='lat' dir='ltr'><strong>ponit</strong></span> <span class='ocrx_word' id='word_1_416' title='bbox 2924 2511 3081 2567; x_wconf 86' lang='lat' dir='ltr'><strong>nubes</strong></span> <span class='ocrx_word' id='word_1_417' title='bbox 3108 2527 3379 2571; x_wconf 80' lang='lat' dir='ltr'><strong>ascensum</strong></span> <span class='ocrx_word' id='word_1_418' title='bbox 3398 2525 3559 2574; x_wconf 81' lang='lat' dir='ltr'><strong>suum,</strong></span> <span class='ocrx_word' id='word_1_419' title='bbox 3579 2507 3653 2578; x_wconf 82' lang='lat' dir='ltr'><strong>qui</strong></span> <span class='ocrx_word' id='word_1_420' title='bbox 3669 2503 3839 2558; x_wconf 74' lang='lat' dir='ltr'><strong>mbulat</strong></span> 
     </span>
    </p>
   </div>
   <div class='ocr_carea' id='block_1_51' title="bbox 2330 2598 3838 2679">
    <p class='ocr_par' dir='ltr' id='par_1_51' title="bbox 2330 2598 3838 2679">
     <span class='ocr_line' id='line_1_51' title="bbox 2330 2598 3838 2679; baseline -0.011 -16"><span class='ocrx_word' id='word_1_421' title='bbox 2330 2625 2484 2679; x_wconf 82' lang='lat' dir='ltr'><strong>super</strong></span> <span class='ocrx_word' id='word_1_422' title='bbox 2502 2610 2703 2678; x_wconf 78' lang='lat' dir='ltr'><strong>pennas</strong></span> <span class='ocrx_word' id='word_1_423' title='bbox 2717 2615 2998 2671; x_wconf 85' lang='lat' dir='ltr'><strong>uentorum,</strong></span> <span class='ocrx_word' id='word_1_424' title='bbox 3015 2604 3102 2674; x_wconf 81' lang='lat' dir='ltr'><strong>qui</strong></span> <span class='ocrx_word' id='word_1_425' title='bbox 3116 2603 3243 2674; x_wconf 77' lang='lat' dir='ltr'><strong>facit</strong></span> <span class='ocrx_word' id='word_1_426' title='bbox 3261 2602 3474 2673; x_wconf 81' lang='lat' dir='ltr'><strong>angelos</strong></span> <span class='ocrx_word' id='word_1_427' title='bbox 3488 2616 3597 2654; x_wconf 85' lang='lat' dir='ltr'><strong>suos</strong></span> <span class='ocrx_word' id='word_1_428' title='bbox 3610 2598 3795 2667; x_wconf 73' lang='lat' dir='ltr'><strong>spiritus,</strong></span> <span class='ocrx_word' id='word_1_429' title='bbox 3805 2600 3838 2646; x_wconf 83' lang='lat' dir='ltr'><strong>et</strong></span> 
     </span>
    </p>
   </div>
   <div class='ocr_carea' id='block_1_52' title="bbox 2333 2686 3838 2773">
    <p class='ocr_par' dir='ltr' id='par_1_52' title="bbox 2333 2686 3838 2773">
     <span class='ocr_line' id='line_1_52' title="bbox 2333 2686 3838 2773; baseline -0.012 -14"><span class='ocrx_word' id='word_1_430' title='bbox 2333 2702 2490 2773; x_wconf 95' lang='lat'><strong>777</strong></span> <span class='ocrx_word' id='word_1_431' title='bbox 2521 2701 2786 2755; x_wconf 88' lang='lat' dir='ltr'><strong>ministros</strong></span> <span class='ocrx_word' id='word_1_432' title='bbox 2812 2714 2932 2753; x_wconf 88' lang='lat' dir='ltr'><strong>suos</strong></span> <span class='ocrx_word' id='word_1_433' title='bbox 2961 2698 3130 2768; x_wconf 88' lang='lat' dir='ltr'><strong>ignem</strong></span> <span class='ocrx_word' id='word_1_434' title='bbox 3156 2703 3391 2749; x_wconf 85' lang='lat' dir='ltr'><strong>urentem</strong></span> <span class='ocrx_word' id='word_1_435' title='bbox 3413 2686 3712 2763; x_wconf 56' lang='lat' dir='ltr'><strong>(habent).</strong></span> <span class='ocrx_word' id='word_1_436' title='bbox 3736 2686 3838 2755; x_wconf 78' lang='lat' dir='ltr'><strong>Ergo</strong></span> 
     </span>
    </p>
   </div>
   <div class='ocr_carea' id='block_1_53' title="bbox 2333 2778 3839 2863">
    <p class='ocr_par' dir='ltr' id='par_1_53' title="bbox 2333 2778 3839 2863">
     <span class='ocr_line' id='line_1_53' title="bbox 2333 2778 3839 2863; baseline -0.011 -16"><span class='ocrx_word' id='word_1_437' title='bbox 2333 2794 2449 2863; x_wconf 89' lang='lat' dir='ltr'><strong>ipse</strong></span> <span class='ocrx_word' id='word_1_438' title='bbox 2476 2799 2560 2846; x_wconf 90' lang='lat' dir='ltr'><strong>est</strong></span> <span class='ocrx_word' id='word_1_439' title='bbox 2585 2789 2677 2859; x_wconf 90' lang='lat' dir='ltr'><strong>qui</strong></span> <span class='ocrx_word' id='word_1_440' title='bbox 2705 2804 2827 2845; x_wconf 90' lang='lat' dir='ltr'><strong>cum</strong></span> <span class='ocrx_word' id='word_1_441' title='bbox 2863 2786 3023 2842; x_wconf 80' lang='lat' dir='ltr'><strong>Patre</strong></span> <span class='ocrx_word' id='word_1_442' title='bbox 3049 2784 3291 2841; x_wconf 81' lang='lat' dir='ltr'><strong>condidit</strong></span> <span class='ocrx_word' id='word_1_443' title='bbox 3318 2783 3586 2839; x_wconf 88' lang='lat' dir='ltr'><strong>mundum.</strong></span> <span class='ocrx_word' id='word_1_444' title='bbox 3622 2780 3761 2842; x_wconf 79' lang='lat' dir='ltr'><strong>Venit,</strong></span> <span class='ocrx_word' id='word_1_445' title='bbox 3780 2778 3839 2831; x_wconf 85' lang='lat' dir='ltr'><strong>in-</strong></span> 
     </span>
    </p>
   </div>
   <div class='ocr_carea' id='block_1_54' title="bbox 2332 2873 3838 2955">
    <p class='ocr_par' dir='ltr' id='par_1_54' title="bbox 2332 2873 3838 2955">
     <span class='ocr_line' id='line_1_54' title="bbox 2332 2873 3838 2955; baseline -0.013 -17"><span class='ocrx_word' id='word_1_446' title='bbox 2332 2882 2469 2955; x_wconf 87' lang='lat' dir='ltr'><strong>quit,</strong></span> <span class='ocrx_word' id='word_1_447' title='bbox 2500 2881 2566 2937; x_wconf 89' lang='lat' dir='ltr'><strong>ad</strong></span> <span class='ocrx_word' id='word_1_448' title='bbox 2593 2896 2716 2936; x_wconf 90' lang='lat' dir='ltr'><strong>eum</strong></span> <span class='ocrx_word' id='word_1_449' title='bbox 2759 2878 2997 2950; x_wconf 71' lang='lat' dir='ltr'><strong>quietiam</strong></span> <span class='ocrx_word' id='word_1_450' title='bbox 3037 2877 3221 2931; x_wconf 84' lang='lat' dir='ltr'><strong>mulier</strong></span> <span class='ocrx_word' id='word_1_451' title='bbox 3266 2873 3670 2946; x_wconf 77' lang='lat' dir='ltr'><strong>Sympltamissa,</strong></span> <span class='ocrx_word' id='word_1_452' title='bbox 3707 2882 3838 2941; x_wconf 73' lang='lat' dir='ltr'><strong>genere</strong></span> 
     </span>
    </p>
   </div>
   <div class='ocr_carea' id='block_1_55' title="bbox 2334 2959 3839 3047">
    <p class='ocr_par' dir='ltr' id='par_1_55' title="bbox 2334 2959 3839 3047">
     <span class='ocr_line' id='line_1_55' title="bbox 2334 2959 3839 3047; baseline -0.01 -18"><span class='ocrx_word' id='word_1_453' title='bbox 2334 2972 2560 3047; x_wconf 84' lang='lat' dir='ltr'><strong>gentilis,</strong></span> <span class='ocrx_word' id='word_1_454' title='bbox 2591 2982 2639 3027; x_wconf 92' lang='lat' dir='ltr'><strong>et</strong></span> <span class='ocrx_word' id='word_1_455' title='bbox 2668 2969 2885 3042; x_wconf 81' lang='lat' dir='ltr'><strong>rogabat</strong></span> <span class='ocrx_word' id='word_1_456' title='bbox 2923 2986 3037 3023; x_wconf 83' lang='lat' dir='ltr'><strong>eum</strong></span> <span class='ocrx_word' id='word_1_457' title='bbox 3074 2976 3131 3022; x_wconf 87' lang='lat' dir='ltr'><strong>ut</strong></span> <span class='ocrx_word' id='word_1_458' title='bbox 3172 2967 3487 3022; x_wconf 70' lang='lat' dir='ltr'><strong>dcentonium</strong></span> <span class='ocrx_word' id='word_1_459' title='bbox 3511 2965 3695 3035; x_wconf 77' lang='lat' dir='ltr'><strong>ejiceret</strong></span> <span class='ocrx_word' id='word_1_460' title='bbox 3715 2979 3741 3014; x_wconf 87' lang='lat' dir='ltr'><strong>a</strong></span> <span class='ocrx_word' id='word_1_461' title='bbox 3760 2959 3839 3030; x_wconf 69' lang='lat' dir='ltr'><strong>ﬁlis</strong></span> 
     </span>
    </p>
   </div>
   <div class='ocr_carea' id='block_1_56' title="bbox 2333 3047 3837 3137">
    <p class='ocr_par' dir='ltr' id='par_1_56' title="bbox 2333 3047 3837 3137">
     <span class='ocr_line' id='line_1_56' title="bbox 2333 3047 3837 3137; baseline -0.011 -17"><span class='ocrx_word' id='word_1_462' title='bbox 2333 3066 2446 3137; x_wconf 83' lang='lat' dir='ltr'><strong>ejus</strong></span> <span class='ocrx_word' id='word_1_463' title='bbox 2476 3062 2669 3137; x_wconf 77' lang='lat' dir='ltr'><strong>(Marc.</strong></span> <span class='ocrx_word' id='word_1_464' title='bbox 2692 3078 2784 3127; x_wconf 81' lang='lat' dir='ltr'><strong>vn,</strong></span> <span class='ocrx_word' id='word_1_465' title='bbox 2819 3060 2933 3131; x_wconf 73' lang='lat'><strong>25).</strong></span> <span class='ocrx_word' id='word_1_466' title='bbox 2980 3058 3105 3114; x_wconf 61' lang='lat' dir='ltr'><strong>llaec</strong></span> <span class='ocrx_word' id='word_1_467' title='bbox 3130 3057 3344 3121; x_wconf 89' lang='lat' dir='ltr'><strong>mulier,</strong></span> <span class='ocrx_word' id='word_1_468' title='bbox 3377 3064 3436 3111; x_wconf 92' lang='lat' dir='ltr'><strong>ut</strong></span> <span class='ocrx_word' id='word_1_469' title='bbox 3463 3052 3723 3111; x_wconf 85' lang='lat' dir='ltr'><strong>secundum</strong></span> <span class='ocrx_word' id='word_1_470' title='bbox 3744 3047 3837 3105; x_wconf 80' lang='lat' dir='ltr'><strong>alle-</strong></span> 
     </span>
    </p>
   </div>
   <div class='ocr_carea' id='block_1_57' title="bbox 644 3140 2229 3229">
    <p class='ocr_par' dir='ltr' id='par_1_57' title="bbox 644 3147 2229 3219">
     <span class='ocr_line' id='line_1_57' title="bbox 644 3147 2229 3219; baseline -0.003 -14"><span class='ocrx_word' id='word_1_471' title='bbox 644 3160 816 3205; x_wconf 74' lang='lat' dir='ltr'><strong>ratum</strong></span> <span class='ocrx_word' id='word_1_472' title='bbox 842 3167 931 3205; x_wconf 79' lang='lat' dir='ltr'><strong>cor</strong></span> <span class='ocrx_word' id='word_1_473' title='bbox 956 3165 1158 3214; x_wconf 82' lang='lat' dir='ltr'><strong>meum;</strong></span> <span class='ocrx_word' id='word_1_474' title='bbox 1193 3151 1438 3215; x_wconf 87' lang='lat' dir='ltr'><strong>cantabo,</strong></span> <span class='ocrx_word' id='word_1_475' title='bbox 1474 3156 1524 3202; x_wconf 93' lang='lat' dir='ltr'><strong>et</strong></span> <span class='ocrx_word' id='word_1_476' title='bbox 1571 3147 1793 3218; x_wconf 84' lang='lat' dir='ltr'><strong>psallam</strong></span> <span class='ocrx_word' id='word_1_477' title='bbox 1836 3148 1925 3201; x_wconf 87' lang='lat' dir='ltr'><strong>tibi</strong></span> <span class='ocrx_word' id='word_1_478' title='bbox 1961 3149 2015 3201; x_wconf 88' lang='lat' dir='ltr'><strong>in</strong></span> <span class='ocrx_word' id='word_1_479' title='bbox 2065 3147 2229 3219; x_wconf 86' lang='lat' dir='ltr'><strong>gloria</strong></span> 
     </span>
    </p>
   </div>
   <div class='ocr_carea' id='block_1_58' title="bbox 2338 3140 3839 3229">
    <p class='ocr_par' dir='ltr' id='par_1_58' title="bbox 2338 3140 3839 3227">
     <span class='ocr_line' id='line_1_58' title="bbox 2338 3140 3839 3227; baseline -0.012 -14"><span class='ocrx_word' id='word_1_480' title='bbox 2338 3157 2540 3227; x_wconf 83' lang='lat' dir='ltr'><strong>goriam</strong></span> <span class='ocrx_word' id='word_1_481' title='bbox 2562 3155 2824 3219; x_wconf 90' lang='lat' dir='ltr'><strong>dicamus,</strong></span> <span class='ocrx_word' id='word_1_482' title='bbox 2848 3162 2904 3209; x_wconf 92' lang='lat' dir='ltr'><strong>et</strong></span> <span class='ocrx_word' id='word_1_483' title='bbox 2941 3167 3094 3207; x_wconf 90' lang='lat' dir='ltr'><strong>error</strong></span> <span class='ocrx_word' id='word_1_484' title='bbox 3122 3159 3242 3206; x_wconf 89' lang='lat' dir='ltr'><strong>erat</strong></span> <span class='ocrx_word' id='word_1_485' title='bbox 3278 3149 3514 3220; x_wconf 80' lang='lat' dir='ltr'><strong>gentilis,</strong></span> <span class='ocrx_word' id='word_1_486' title='bbox 3535 3154 3587 3202; x_wconf 92' lang='lat' dir='ltr'><strong>et</strong></span> <span class='ocrx_word' id='word_1_487' title='bbox 3611 3140 3839 3214; x_wconf 79' lang='lat' dir='ltr'><strong>igndrantia</strong></span> 
     </span>
    </p>
   </div>
   <div class='ocr_carea' id='block_1_59' title="bbox 646 3236 2227 3315">
    <p class='ocr_par' dir='ltr' id='par_1_59' title="bbox 646 3236 2227 3315">
     <span class='ocr_line' id='line_1_59' title="bbox 646 3236 2227 3315; baseline -0.004 -16"><span class='ocrx_word' id='word_1_488' title='bbox 646 3259 733 3299; x_wconf 87' lang='lat' dir='ltr'><strong>tua</strong></span> <span class='ocrx_word' id='word_1_489' title='bbox 776 3243 954 3315; x_wconf 85' lang='lat' dir='ltr'><strong>(Psal.</strong></span> <span class='ocrx_word' id='word_1_490' title='bbox 999 3242 1155 3311; x_wconf 71' lang='lat' dir='ltr'><strong>va);</strong></span> <span class='ocrx_word' id='word_1_491' title='bbox 1199 3248 1362 3312; x_wconf 90' lang='lat' dir='ltr'><strong>prout</strong></span> <span class='ocrx_word' id='word_1_492' title='bbox 1411 3240 1624 3310; x_wconf 87' lang='lat' dir='ltr'><strong>suscepi</strong></span> <span class='ocrx_word' id='word_1_493' title='bbox 1659 3239 1863 3294; x_wconf 89' lang='lat' dir='ltr'><strong>semina</strong></span> <span class='ocrx_word' id='word_1_494' title='bbox 1886 3236 2227 3309; x_wconf 87' lang='lat' dir='ltr'><strong>justilicatio-</strong></span> 
     </span>
    </p>
   </div>
   <div class='ocr_carea' id='block_1_60' title="bbox 643 3330 2233 3404">
    <p class='ocr_par' dir='ltr' id='par_1_60' title="bbox 643 3330 2233 3404">
     <span class='ocr_line' id='line_1_60' title="bbox 643 3330 2233 3404; baseline -0.005 -11"><span class='ocrx_word' id='word_1_495' title='bbox 643 3353 773 3393; x_wconf 90' lang='lat' dir='ltr'><strong>num</strong></span> <span class='ocrx_word' id='word_1_496' title='bbox 802 3346 1032 3404; x_wconf 87' lang='lat' dir='ltr'><strong>tuarum,</strong></span> <span class='ocrx_word' id='word_1_497' title='bbox 1064 3334 1158 3391; x_wconf 89' lang='lat' dir='ltr'><strong>tibi</strong></span> <span class='ocrx_word' id='word_1_498' title='bbox 1184 3333 1353 3389; x_wconf 77' lang='lat' dir='ltr'><strong>oll&#39;ero</strong></span> <span class='ocrx_word' id='word_1_499' title='bbox 1383 3332 1555 3387; x_wconf 89' lang='lat' dir='ltr'><strong>laudis</strong></span> <span class='ocrx_word' id='word_1_500' title='bbox 1583 3331 1785 3387; x_wconf 78' lang='lat' dir='ltr'><strong>tractus</strong></span> <span class='ocrx_word' id='word_1_501' title='bbox 1813 3340 1867 3386; x_wconf 90' lang='lat' dir='ltr'><strong>et</strong></span> <span class='ocrx_word' id='word_1_502' title='bbox 1898 3330 2233 3387; x_wconf 89' lang='lat' dir='ltr'><strong>benedictio-</strong></span> 
     </span>
    </p>
   </div>
   <div class='ocr_carea' id='block_1_61' title="bbox 644 3424 2233 3498">
    <p class='ocr_par' dir='ltr' id='par_1_61' title="bbox 644 3424 2233 3498">
     <span class='ocr_line' id='line_1_61' title="bbox 644 3424 2233 3498; baseline -0.003 -13"><span class='ocrx_word' id='word_1_503' title='bbox 644 3432 746 3486; x_wconf 86' lang='lat' dir='ltr'><strong>nis.</strong></span> <span class='ocrx_word' id='word_1_504' title='bbox 777 3428 929 3493; x_wconf 80' lang='lat' dir='ltr'><strong>Ecte,</strong></span> <span class='ocrx_word' id='word_1_505' title='bbox 964 3429 1153 3498; x_wconf 68' lang='lat' dir='ltr'><strong>inquit,</strong></span> <span class='ocrx_word' id='word_1_506' title='bbox 1184 3428 1309 3481; x_wconf 75' lang='lat' dir='ltr'><strong>exiit</strong></span> <span class='ocrx_word' id='word_1_507' title='bbox 1331 3427 1591 3481; x_wconf 85' lang='lat' dir='ltr'><strong>seminans</strong></span> <span class='ocrx_word' id='word_1_508' title='bbox 1613 3426 1903 3490; x_wconf 86' lang='lat' dir='ltr'><strong>seminare;</strong></span> <span class='ocrx_word' id='word_1_509' title='bbox 1932 3433 1982 3480; x_wconf 92' lang='lat' dir='ltr'><strong>et</strong></span> <span class='ocrx_word' id='word_1_510' title='bbox 2011 3424 2134 3478; x_wconf 87' lang='lat' dir='ltr'><strong>dum</strong></span> <span class='ocrx_word' id='word_1_511' title='bbox 2150 3442 2233 3480; x_wconf 87' lang='lat' dir='ltr'><strong>se-</strong></span> 
     </span>
    </p>
   </div>
   <div class='ocr_carea' id='block_1_62' title="bbox 641 3516 2233 3593">
    <p class='ocr_par' dir='ltr' id='par_1_62' title="bbox 641 3516 2233 3593">
     <span class='ocr_line' id='line_1_62' title="bbox 641 3516 2233 3593; baseline -0.005 -16"><span class='ocrx_word' id='word_1_512' title='bbox 641 3523 825 3587; x_wconf 83' lang='lat' dir='ltr'><strong>minat,</strong></span> <span class='ocrx_word' id='word_1_513' title='bbox 854 3521 999 3574; x_wconf 81' lang='lat' dir='ltr'><strong>aliud</strong></span> <span class='ocrx_word' id='word_1_514' title='bbox 1018 3521 1197 3575; x_wconf 83' lang='lat' dir='ltr'><strong>cecidit</strong></span> <span class='ocrx_word' id='word_1_515' title='bbox 1214 3520 1368 3593; x_wconf 77' lang='lat' dir='ltr'><strong>juxta</strong></span> <span class='ocrx_word' id='word_1_516' title='bbox 1392 3519 1545 3582; x_wconf 86' lang='lat' dir='ltr'><strong>riam,</strong></span> <span class='ocrx_word' id='word_1_517' title='bbox 1570 3517 1715 3571; x_wconf 84' lang='lat' dir='ltr'><strong>aliud</strong></span> <span class='ocrx_word' id='word_1_518' title='bbox 1744 3518 1799 3570; x_wconf 90' lang='lat' dir='ltr'><strong>in</strong></span> <span class='ocrx_word' id='word_1_519' title='bbox 1828 3517 2065 3583; x_wconf 88' lang='lat' dir='ltr'><strong>petrosis,</strong></span> <span class='ocrx_word' id='word_1_520' title='bbox 2089 3516 2233 3570; x_wconf 85' lang='lat' dir='ltr'><strong>aliud</strong></span> 
     </span>
    </p>
   </div>
   <div class='ocr_carea' id='block_1_63' title="bbox 642 3606 2234 3691">
    <p class='ocr_par' dir='ltr' id='par_1_63' title="bbox 642 3606 2234 3691">
     <span class='ocr_line' id='line_1_63' title="bbox 642 3606 2234 3691; baseline -0.004 -25"><span class='ocrx_word' id='word_1_521' title='bbox 642 3615 696 3666; x_wconf 88' lang='lat' dir='ltr'><strong>in</strong></span> <span class='ocrx_word' id='word_1_522' title='bbox 724 3613 919 3683; x_wconf 85' lang='lat' dir='ltr'><strong>spinis,</strong></span> <span class='ocrx_word' id='word_1_523' title='bbox 960 3611 1105 3665; x_wconf 85' lang='lat' dir='ltr'><strong>aliud</strong></span> <span class='ocrx_word' id='word_1_524' title='bbox 1143 3612 1197 3691; x_wconf 75' lang='lat' dir='ltr'><strong>in</strong></span> <span class='ocrx_word' id='word_1_525' title='bbox 1240 3620 1430 3663; x_wconf 88' lang='lat' dir='ltr'><strong>terram</strong></span> <span class='ocrx_word' id='word_1_526' title='bbox 1473 3607 1678 3663; x_wconf 88' lang='lat' dir='ltr'><strong>bonam.</strong></span> <span class='ocrx_word' id='word_1_527' title='bbox 1730 3606 1873 3662; x_wconf 87' lang='lat' dir='ltr'><strong>Illud</strong></span> <span class='ocrx_word' id='word_1_528' title='bbox 1910 3608 2046 3678; x_wconf 81' lang='lat' dir='ltr'><strong>quod</strong></span> <span class='ocrx_word' id='word_1_529' title='bbox 2078 3608 2234 3678; x_wconf 78' lang='lat' dir='ltr'><strong>juxta</strong></span> 
     </span>
    </p>
   </div>
   <div class='ocr_carea' id='block_1_64' title="bbox 642 3698 2232 3772">
    <p class='ocr_par' dir='ltr' id='par_1_64' title="bbox 642 3698 2232 3772">
     <span class='ocr_line' id='line_1_64' title="bbox 642 3698 2232 3772; baseline -0.002 -13"><span class='ocrx_word' id='word_1_530' title='bbox 642 3706 797 3769; x_wconf 80' lang='lat' dir='ltr'><strong>viam,</strong></span> <span class='ocrx_word' id='word_1_531' title='bbox 829 3705 1037 3757; x_wconf 86' lang='lat' dir='ltr'><strong>reniunt</strong></span> <span class='ocrx_word' id='word_1_532' title='bbox 1066 3702 1317 3769; x_wconf 84' lang='lat' dir='ltr'><strong>volucres,</strong></span> <span class='ocrx_word' id='word_1_533' title='bbox 1347 3712 1396 3756; x_wconf 90' lang='lat' dir='ltr'><strong>et</strong></span> <span class='ocrx_word' id='word_1_534' title='bbox 1416 3703 1659 3772; x_wconf 78' lang='lat' dir='ltr'><strong>auferunt</strong></span> <span class='ocrx_word' id='word_1_535' title='bbox 1678 3700 1831 3755; x_wconf 89' lang='lat' dir='ltr'><strong>illud.</strong></span> <span class='ocrx_word' id='word_1_536' title='bbox 1849 3698 1961 3766; x_wconf 53' lang='lat' dir='ltr'><strong>,Qui</strong></span> <span class='ocrx_word' id='word_1_537' title='bbox 1988 3716 2097 3756; x_wconf 88' lang='lat' dir='ltr'><strong>non</strong></span> <span class='ocrx_word' id='word_1_538' title='bbox 2117 3716 2232 3756; x_wconf 89' lang='lat' dir='ltr'><strong>am-</strong></span> 
     </span>
    </p>
   </div>
   <div class='ocr_carea' id='block_1_65' title="bbox 534 3791 2231 3873">
    <p class='ocr_par' dir='ltr' id='par_1_65' title="bbox 534 3791 2231 3873">
     <span class='ocr_line' id='line_1_65' title="bbox 534 3791 2231 3873; baseline -0.003 -23"><span class='ocrx_word' id='word_1_539' title='bbox 534 3866 541 3873; x_wconf 36' lang='lat'><strong>,</strong></span> <span class='ocrx_word' id='word_1_540' title='bbox 643 3794 790 3850; x_wconf 86' lang='lat' dir='ltr'><strong>bulat</strong></span> <span class='ocrx_word' id='word_1_541' title='bbox 818 3795 871 3849; x_wconf 92' lang='lat' dir='ltr'><strong>in</strong></span> <span class='ocrx_word' id='word_1_542' title='bbox 900 3794 1007 3858; x_wconf 91' lang='lat' dir='ltr'><strong>via,</strong></span> <span class='ocrx_word' id='word_1_543' title='bbox 1035 3809 1155 3864; x_wconf 70' lang='lat' dir='ltr'><strong>qua:</strong></span> <span class='ocrx_word' id='word_1_544' title='bbox 1182 3802 1265 3851; x_wconf 86' lang='lat' dir='ltr'><strong>est</strong></span> <span class='ocrx_word' id='word_1_545' title='bbox 1288 3791 1553 3857; x_wconf 81' lang='lat' dir='ltr'><strong>Christus,</strong></span> <span class='ocrx_word' id='word_1_546' title='bbox 1595 3791 1707 3863; x_wconf 90' lang='lat' dir='ltr'><strong>ipse</strong></span> <span class='ocrx_word' id='word_1_547' title='bbox 1736 3799 1889 3847; x_wconf 79' lang='lat' dir='ltr'><strong>extra</strong></span> <span class='ocrx_word' id='word_1_548' title='bbox 1915 3792 2055 3845; x_wconf 90' lang='lat' dir='ltr'><strong>viam</strong></span> <span class='ocrx_word' id='word_1_549' title='bbox 2084 3791 2231 3861; x_wconf 84' lang='lat' dir='ltr'><strong>posi-</strong></span> 
     </span>
    </p>
   </div>
   <div class='ocr_carea' id='block_1_66' title="bbox 645 3880 2233 3957">
    <p class='ocr_par' dir='ltr' id='par_1_66' title="bbox 645 3880 2233 3957">
     <span class='ocr_line' id='line_1_66' title="bbox 645 3880 2233 3957; baseline -0.002 -18"><span class='ocrx_word' id='word_1_550' title='bbox 645 3896 731 3942; x_wconf 90' lang='lat' dir='ltr'><strong>tus</strong></span> <span class='ocrx_word' id='word_1_551' title='bbox 759 3900 864 3940; x_wconf 92' lang='lat' dir='ltr'><strong>non</strong></span> <span class='ocrx_word' id='word_1_552' title='bbox 894 3884 1095 3957; x_wconf 90' lang='lat' dir='ltr'><strong>poterit</strong></span> <span class='ocrx_word' id='word_1_553' title='bbox 1138 3884 1193 3938; x_wconf 89' lang='lat' dir='ltr'><strong>in</strong></span> <span class='ocrx_word' id='word_1_554' title='bbox 1238 3898 1299 3937; x_wconf 91' lang='lat' dir='ltr'><strong>se</strong></span> <span class='ocrx_word' id='word_1_555' title='bbox 1341 3882 1542 3937; x_wconf 86' lang='lat' dir='ltr'><strong>habere</strong></span> <span class='ocrx_word' id='word_1_556' title='bbox 1579 3897 1764 3937; x_wconf 89' lang='lat' dir='ltr'><strong>semen</strong></span> <span class='ocrx_word' id='word_1_557' title='bbox 1805 3881 1953 3936; x_wconf 74' lang='lat' dir='ltr'><strong>verbi</strong></span> <span class='ocrx_word' id='word_1_558' title='bbox 1980 3880 2107 3947; x_wconf 90' lang='lat' dir='ltr'><strong>Dei;</strong></span> <span class='ocrx_word' id='word_1_559' title='bbox 2138 3881 2233 3936; x_wconf 91' lang='lat' dir='ltr'><strong>sed</strong></span> 
     </span>
    </p>
   </div>
   <div class='ocr_carea' id='block_1_67' title="bbox 644 3973 2233 4048">
    <p class='ocr_par' dir='ltr' id='par_1_67' title="bbox 644 3973 2233 4048">
     <span class='ocr_line' id='line_1_67' title="bbox 644 3973 2233 4048; baseline -0.004 -15"><span class='ocrx_word' id='word_1_560' title='bbox 644 3979 851 4048; x_wconf 90' lang='lat' dir='ltr'><strong>rapitur</strong></span> <span class='ocrx_word' id='word_1_561' title='bbox 876 3992 906 4032; x_wconf 90' lang='lat' dir='ltr'><strong>a</strong></span> <span class='ocrx_word' id='word_1_562' title='bbox 934 3975 1264 4043; x_wconf 82' lang='lat' dir='ltr'><strong>volucribus,</strong></span> <span class='ocrx_word' id='word_1_563' title='bbox 1294 3974 1348 4030; x_wconf 90' lang='lat' dir='ltr'><strong>id</strong></span> <span class='ocrx_word' id='word_1_564' title='bbox 1375 3981 1459 4029; x_wconf 90' lang='lat' dir='ltr'><strong>est</strong></span> <span class='ocrx_word' id='word_1_565' title='bbox 1487 3973 1556 4029; x_wconf 92' lang='lat' dir='ltr'><strong>ab</strong></span> <span class='ocrx_word' id='word_1_566' title='bbox 1577 3974 1821 4043; x_wconf 76' lang='lat' dir='ltr'><strong>erratieis</strong></span> <span class='ocrx_word' id='word_1_567' title='bbox 1843 3974 2004 4045; x_wconf 80' lang='lat'><strong>776</strong></span> <span class='ocrx_word' id='word_1_568' title='bbox 2030 3973 2233 4044; x_wconf 87' lang='lat' dir='ltr'><strong>spiriti-</strong></span> 
     </span>
    </p>
   </div>
   <div class='ocr_carea' id='block_1_68' title="bbox 644 4067 2234 4138">
    <p class='ocr_par' dir='ltr' id='par_1_68' title="bbox 644 4067 2234 4138">
     <span class='ocr_line' id='line_1_68' title="bbox 644 4067 2234 4138; baseline -0.003 -13"><span class='ocrx_word' id='word_1_569' title='bbox 644 4071 766 4125; x_wconf 85' lang='lat' dir='ltr'><strong>bus.</strong></span> <span class='ocrx_word' id='word_1_570' title='bbox 805 4068 907 4135; x_wconf 86' lang='lat' dir='ltr'><strong>Qui</strong></span> <span class='ocrx_word' id='word_1_571' title='bbox 944 4084 1075 4123; x_wconf 85' lang='lat' dir='ltr'><strong>vero</strong></span> <span class='ocrx_word' id='word_1_572' title='bbox 1112 4077 1384 4138; x_wconf 89' lang='lat' dir='ltr'><strong>petrosam</strong></span> <span class='ocrx_word' id='word_1_573' title='bbox 1415 4067 1576 4122; x_wconf 88' lang='lat' dir='ltr'><strong>habet</strong></span> <span class='ocrx_word' id='word_1_574' title='bbox 1613 4076 1870 4132; x_wconf 90' lang='lat' dir='ltr'><strong>mentem,</strong></span> <span class='ocrx_word' id='word_1_575' title='bbox 1898 4067 1950 4122; x_wconf 89' lang='lat' dir='ltr'><strong>id</strong></span> <span class='ocrx_word' id='word_1_576' title='bbox 1977 4075 2062 4123; x_wconf 91' lang='lat' dir='ltr'><strong>est</strong></span> <span class='ocrx_word' id='word_1_577' title='bbox 2087 4067 2234 4124; x_wconf 85' lang='lat' dir='ltr'><strong>duri-</strong></span> 
     </span>
    </p>
   </div>
   <div class='ocr_carea' id='block_1_69' title="bbox 645 4158 2235 4228">
    <p class='ocr_par' dir='ltr' id='par_1_69' title="bbox 645 4158 2235 4228">
     <span class='ocr_line' id='line_1_69' title="bbox 645 4158 2235 4228; baseline 0 -13"><span class='ocrx_word' id='word_1_578' title='bbox 645 4161 795 4225; x_wconf 86' lang='lat' dir='ltr'><strong>tiam,</strong></span> <span class='ocrx_word' id='word_1_579' title='bbox 819 4158 1040 4228; x_wconf 85' lang='lat' dir='ltr'><strong>perlidia</strong></span> <span class='ocrx_word' id='word_1_580' title='bbox 1061 4167 1357 4224; x_wconf 88' lang='lat' dir='ltr'><strong>oneratam,</strong></span> <span class='ocrx_word' id='word_1_581' title='bbox 1381 4158 1589 4213; x_wconf 84' lang='lat' dir='ltr'><strong>radices</strong></span> <span class='ocrx_word' id='word_1_582' title='bbox 1612 4158 1667 4213; x_wconf 92' lang='lat' dir='ltr'><strong>in</strong></span> <span class='ocrx_word' id='word_1_583' title='bbox 1694 4174 1753 4214; x_wconf 89' lang='lat' dir='ltr'><strong>se</strong></span> <span class='ocrx_word' id='word_1_584' title='bbox 1782 4175 1889 4214; x_wconf 91' lang='lat' dir='ltr'><strong>non</strong></span> <span class='ocrx_word' id='word_1_585' title='bbox 1919 4168 2067 4215; x_wconf 90' lang='lat' dir='ltr'><strong>tenet</strong></span> <span class='ocrx_word' id='word_1_586' title='bbox 2085 4160 2235 4216; x_wconf 88' lang='lat' dir='ltr'><strong>verbi</strong></span> 
     </span>
    </p>
   </div>
   <div class='ocr_carea' id='block_1_70' title="bbox 647 4246 2235 4316">
    <p class='ocr_par' dir='ltr' id='par_1_70' title="bbox 647 4246 2235 4316">
     <span class='ocr_line' id='line_1_70' title="bbox 647 4246 2235 4316; baseline 0.001 -13"><span class='ocrx_word' id='word_1_587' title='bbox 647 4249 772 4315; x_wconf 79' lang='lat' dir='ltr'><strong>Dei;</strong></span> <span class='ocrx_word' id='word_1_588' title='bbox 795 4247 893 4304; x_wconf 88' lang='lat' dir='ltr'><strong>sed</strong></span> <span class='ocrx_word' id='word_1_589' title='bbox 932 4246 1040 4304; x_wconf 88' lang='lat' dir='ltr'><strong>cito</strong></span> <span class='ocrx_word' id='word_1_590' title='bbox 1078 4246 1301 4313; x_wconf 79' lang='lat' dir='ltr'><strong>arescit,</strong></span> <span class='ocrx_word' id='word_1_591' title='bbox 1324 4246 1449 4316; x_wconf 84' lang='lat' dir='ltr'><strong>quia</strong></span> <span class='ocrx_word' id='word_1_592' title='bbox 1486 4246 1689 4301; x_wconf 76' lang='lat' dir='ltr'><strong>fructus</strong></span> <span class='ocrx_word' id='word_1_593' title='bbox 1716 4247 1935 4302; x_wconf 88' lang='lat' dir='ltr'><strong>stabiles</strong></span> <span class='ocrx_word' id='word_1_594' title='bbox 1960 4248 2029 4303; x_wconf 85' lang='lat' dir='ltr'><strong>de</strong></span> <span class='ocrx_word' id='word_1_595' title='bbox 2055 4249 2235 4304; x_wconf 91' lang='lat' dir='ltr'><strong>cordis</strong></span> 
     </span>
    </p>
   </div>
   <div class='ocr_carea' id='block_1_71' title="bbox 646 4334 2236 4408">
    <p class='ocr_par' dir='ltr' id='par_1_71' title="bbox 646 4334 2236 4408">
     <span class='ocr_line' id='line_1_71' title="bbox 646 4334 2236 4408; baseline 0.001 -15"><span class='ocrx_word' id='word_1_596' title='bbox 646 4339 837 4394; x_wconf 91' lang='lat' dir='ltr'><strong>intimo</strong></span> <span class='ocrx_word' id='word_1_597' title='bbox 864 4353 973 4394; x_wconf 92' lang='lat' dir='ltr'><strong>non</strong></span> <span class='ocrx_word' id='word_1_598' title='bbox 999 4335 1263 4407; x_wconf 88' lang='lat' dir='ltr'><strong>producit.</strong></span> <span class='ocrx_word' id='word_1_599' title='bbox 1290 4334 1390 4403; x_wconf 88' lang='lat' dir='ltr'><strong>Qui</strong></span> <span class='ocrx_word' id='word_1_600' title='bbox 1413 4344 1592 4390; x_wconf 89' lang='lat' dir='ltr'><strong>autem</strong></span> <span class='ocrx_word' id='word_1_601' title='bbox 1623 4336 1675 4391; x_wconf 91' lang='lat' dir='ltr'><strong>in</strong></span> <span class='ocrx_word' id='word_1_602' title='bbox 1703 4339 1890 4408; x_wconf 88' lang='lat' dir='ltr'><strong>spinis,</strong></span> <span class='ocrx_word' id='word_1_603' title='bbox 1922 4348 2236 4408; x_wconf 78' lang='lat' dir='ltr'><strong>angustatur</strong></span> 
     </span>
    </p>
   </div>
   <div class='ocr_carea' id='block_1_72' title="bbox 646 4429 2237 4504">
    <p class='ocr_par' dir='ltr' id='par_1_72' title="bbox 646 4429 2237 4504">
     <span class='ocr_line' id='line_1_72' title="bbox 646 4429 2237 4504; baseline 0 -16"><span class='ocrx_word' id='word_1_604' title='bbox 646 4433 922 4504; x_wconf 87' lang='lat' dir='ltr'><strong>spinarum</strong></span> <span class='ocrx_word' id='word_1_605' title='bbox 952 4431 1239 4497; x_wconf 89' lang='lat' dir='ltr'><strong>densitate,</strong></span> <span class='ocrx_word' id='word_1_606' title='bbox 1269 4429 1373 4485; x_wconf 91' lang='lat' dir='ltr'><strong>hoc</strong></span> <span class='ocrx_word' id='word_1_607' title='bbox 1401 4438 1486 4485; x_wconf 84' lang='lat' dir='ltr'><strong>est</strong></span> <span class='ocrx_word' id='word_1_608' title='bbox 1508 4429 1709 4485; x_wconf 90' lang='lat' dir='ltr'><strong>aculeis</strong></span> <span class='ocrx_word' id='word_1_609' title='bbox 1729 4432 2117 4499; x_wconf 77' lang='lat' dir='ltr'><strong>cogitationum</strong></span> <span class='ocrx_word' id='word_1_610' title='bbox 2145 4448 2237 4488; x_wconf 65' lang='lat' dir='ltr'><strong>sae</strong></span> 
     </span>
    </p>
   </div>
   <div class='ocr_carea' id='block_1_73' title="bbox 2336 3232 3839 3319">
    <p class='ocr_par' dir='ltr' id='par_1_73' title="bbox 2336 3232 3839 3319">
     <span class='ocr_line' id='line_1_73' title="bbox 2336 3232 3839 3319; baseline -0.013 -14"><span class='ocrx_word' id='word_1_611' title='bbox 2336 3251 2575 3319; x_wconf 89' lang='lat' dir='ltr'><strong>antiqua,</strong></span> <span class='ocrx_word' id='word_1_612' title='bbox 2606 3263 2725 3318; x_wconf 73' lang='lat' dir='ltr'><strong>qua:</strong></span> <span class='ocrx_word' id='word_1_613' title='bbox 2746 3255 3005 3317; x_wconf 88' lang='lat' dir='ltr'><strong>genuerat</strong></span> <span class='ocrx_word' id='word_1_614' title='bbox 3034 3245 3198 3299; x_wconf 88' lang='lat' dir='ltr'><strong>tiliam</strong></span> <span class='ocrx_word' id='word_1_615' title='bbox 3218 3242 3453 3298; x_wconf 71' lang='grc' dir='ltr'>(ιωιηοιιί</span> <span class='ocrx_word' id='word_1_616' title='bbox 3474 3239 3746 3298; x_wconf 81' lang='lat' dir='ltr'><strong>obnoxiam,</strong></span> <span class='ocrx_word' id='word_1_617' title='bbox 3768 3232 3839 3286; x_wconf 83' lang='lat' dir='ltr'><strong>mi-</strong></span> 
     </span>
    </p>
   </div>
   <div class='ocr_carea' id='block_1_74' title="bbox 2333 3323 3840 3406">
    <p class='ocr_par' dir='ltr' id='par_1_74' title="bbox 2333 3323 3840 3406">
     <span class='ocr_line' id='line_1_74' title="bbox 2333 3323 3840 3406; baseline -0.012 -12"><span class='ocrx_word' id='word_1_618' title='bbox 2333 3354 2511 3394; x_wconf 89' lang='lat' dir='ltr'><strong>seram</strong></span> <span class='ocrx_word' id='word_1_619' title='bbox 2536 3347 2593 3393; x_wconf 90' lang='lat' dir='ltr'><strong>et</strong></span> <span class='ocrx_word' id='word_1_620' title='bbox 2621 3336 2885 3393; x_wconf 79' lang='lat' dir='ltr'><strong>inﬁrmam</strong></span> <span class='ocrx_word' id='word_1_621' title='bbox 2933 3334 3268 3406; x_wconf 83' lang='lat' dir='ltr'><strong>progeniem,</strong></span> <span class='ocrx_word' id='word_1_622' title='bbox 3294 3348 3419 3403; x_wconf 66' lang='lat' dir='ltr'><strong>qtae</strong></span> <span class='ocrx_word' id='word_1_623' title='bbox 3448 3348 3551 3387; x_wconf 92' lang='lat' dir='ltr'><strong>non</strong></span> <span class='ocrx_word' id='word_1_624' title='bbox 3577 3327 3768 3384; x_wconf 82' lang='lat' dir='ltr'><strong>habebat</strong></span> <span class='ocrx_word' id='word_1_625' title='bbox 3786 3323 3840 3376; x_wconf 81' lang='lat' dir='ltr'><strong>vi-</strong></span> 
     </span>
    </p>
   </div>
   <div class='ocr_carea' id='block_1_75' title="bbox 2334 3413 3839 3506">
    <p class='ocr_par' dir='ltr' id='par_1_75' title="bbox 2334 3413 3839 3506">
     <span class='ocr_line' id='line_1_75' title="bbox 2334 3413 3839 3506; baseline -0.011 -19"><span class='ocrx_word' id='word_1_626' title='bbox 2334 3433 2510 3497; x_wconf 87' lang='lat' dir='ltr'><strong>rilem,</strong></span> <span class='ocrx_word' id='word_1_627' title='bbox 2540 3430 2593 3486; x_wconf 90' lang='lat' dir='ltr'><strong>id</strong></span> <span class='ocrx_word' id='word_1_628' title='bbox 2621 3439 2704 3487; x_wconf 90' lang='lat' dir='ltr'><strong>est</strong></span> <span class='ocrx_word' id='word_1_629' title='bbox 2728 3430 2921 3485; x_wconf 82' lang='lat' dir='ltr'><strong>fortem</strong></span> <span class='ocrx_word' id='word_1_630' title='bbox 2952 3429 3004 3483; x_wconf 90' lang='lat' dir='ltr'><strong>in</strong></span> <span class='ocrx_word' id='word_1_631' title='bbox 3034 3427 3137 3506; x_wconf 76' lang='lat' dir='ltr'><strong>lide</strong></span> <span class='ocrx_word' id='word_1_632' title='bbox 3180 3440 3422 3490; x_wconf 85' lang='lat' dir='ltr'><strong>sensum,</strong></span> <span class='ocrx_word' id='word_1_633' title='bbox 3463 3421 3554 3479; x_wconf 84' lang='lat' dir='ltr'><strong>sed</strong></span> <span class='ocrx_word' id='word_1_634' title='bbox 3594 3421 3641 3476; x_wconf 90' lang='lat' dir='ltr'><strong>in</strong></span> <span class='ocrx_word' id='word_1_635' title='bbox 3676 3413 3839 3489; x_wconf 70' lang='lat' dir='ltr'><strong>perﬁdia</strong></span> 
     </span>
    </p>
   </div>
   <div class='ocr_carea' id='block_1_76' title="bbox 2336 3515 3839 3579">
    <p class='ocr_par' dir='ltr' id='par_1_76' title="bbox 2336 3515 3839 3579">
     <span class='ocr_line' id='line_1_76' title="bbox 2336 3515 3839 3579; baseline -0.009 -2"><span class='ocrx_word' id='word_1_636' title='bbox 2336 3524 2556 3579; x_wconf 81' lang='lat' dir='ltr'><strong>ﬂuxum.</strong></span> <span class='ocrx_word' id='word_1_637' title='bbox 2606 3523 2948 3579; x_wconf 75' lang='lat' dir='ltr'><strong>Concurreus</strong></span> <span class='ocrx_word' id='word_1_638' title='bbox 2992 3521 3107 3575; x_wconf 69' lang='lat' dir='ltr'><strong>haec</strong></span> <span class='ocrx_word' id='word_1_639' title='bbox 3145 3519 3342 3574; x_wconf 86' lang='lat' dir='ltr'><strong>mulier</strong></span> <span class='ocrx_word' id='word_1_640' title='bbox 3382 3517 3450 3572; x_wconf 90' lang='lat' dir='ltr'><strong>ad</strong></span> <span class='ocrx_word' id='word_1_641' title='bbox 3491 3515 3737 3571; x_wconf 88' lang='lat' dir='ltr'><strong>Dominum</strong></span> <span class='ocrx_word' id='word_1_642' title='bbox 3755 3523 3839 3564; x_wconf 81' lang='lat' dir='ltr'><strong>cum</strong></span> 
     </span>
    </p>
   </div>
   <div class='ocr_carea' id='block_1_77' title="bbox 2336 3586 3841 3683">
    <p class='ocr_par' dir='ltr' id='par_1_77' title="bbox 2336 3586 3841 3683">
     <span class='ocr_line' id='line_1_77' title="bbox 2336 3586 3841 3683; baseline -0.014 -13"><span class='ocrx_word' id='word_1_643' title='bbox 2336 3621 2553 3683; x_wconf 85' lang='lat' dir='ltr'><strong>rogaret</strong></span> <span class='ocrx_word' id='word_1_644' title='bbox 2595 3629 2739 3677; x_wconf 88' lang='lat' dir='ltr'><strong>eum,</strong></span> <span class='ocrx_word' id='word_1_645' title='bbox 2778 3613 2854 3667; x_wconf 90' lang='lat' dir='ltr'><strong>ait</strong></span> <span class='ocrx_word' id='word_1_646' title='bbox 2898 3610 3191 3666; x_wconf 87' lang='lat' dir='ltr'><strong>Salvator:</strong></span> <span class='ocrx_word' id='word_1_647' title='bbox 3225 3606 3353 3663; x_wconf 85' lang='lat' dir='ltr'><strong>Non</strong></span> <span class='ocrx_word' id='word_1_648' title='bbox 3396 3617 3471 3662; x_wconf 89' lang='lat' dir='ltr'><strong>est</strong></span> <span class='ocrx_word' id='word_1_649' title='bbox 3514 3605 3680 3661; x_wconf 75' lang='lat' dir='ltr'><strong>bonum</strong></span> <span class='ocrx_word' id='word_1_650' title='bbox 3716 3586 3841 3653; x_wconf 75' lang='lat' dir='ltr'><strong>tollat</strong></span> 
     </span>
    </p>
   </div>
   <div class='ocr_carea' id='block_1_78' title="bbox 2335 3690 3842 3777">
    <p class='ocr_par' dir='ltr' id='par_1_78' title="bbox 2335 3690 3842 3777">
     <span class='ocr_line' id='line_1_78' title="bbox 2335 3690 3842 3777; baseline -0.008 -16"><span class='ocrx_word' id='word_1_651' title='bbox 2335 3723 2521 3777; x_wconf 82' lang='lat' dir='ltr'><strong>panem</strong></span> <span class='ocrx_word' id='word_1_652' title='bbox 2548 3706 2775 3777; x_wconf 81' lang='lat' dir='ltr'><strong>ﬁliorum</strong></span> <span class='ocrx_word' id='word_1_653' title='bbox 2802 3714 2853 3759; x_wconf 86' lang='lat' dir='ltr'><strong>et</strong></span> <span class='ocrx_word' id='word_1_654' title='bbox 2877 3703 3007 3757; x_wconf 87' lang='lat' dir='ltr'><strong>&#39;dare</strong></span> <span class='ocrx_word' id='word_1_655' title='bbox 3045 3702 3279 3756; x_wconf 87' lang='lat' dir='ltr'><strong>canibus.</strong></span> <span class='ocrx_word' id='word_1_656' title='bbox 3312 3702 3382 3753; x_wconf 80' lang='lat' dir='ltr'><strong>At</strong></span> <span class='ocrx_word' id='word_1_657' title='bbox 3420 3690 3788 3773; x_wconf 39' lang='lat' dir='ltr'><strong>illa‘respoudt&#39;l.</strong></span> <span class='ocrx_word' id='word_1_658' title='bbox 3809 3695 3842 3740; x_wconf 74' lang='grc' dir='ltr'><strong>ιι</strong></span> 
     </span>
    </p>
   </div>
   <div class='ocr_carea' id='block_1_79' title="bbox 2336 3777 3842 3859">
    <p class='ocr_par' dir='ltr' id='par_1_79' title="bbox 2336 3777 3842 3859">
     <span class='ocr_line' id='line_1_79' title="bbox 2336 3777 3842 3859; baseline -0.013 -7"><span class='ocrx_word' id='word_1_659' title='bbox 2336 3798 2512 3852; x_wconf 79' lang='lat' dir='ltr'><strong>dixit:</strong></span> <span class='ocrx_word' id='word_1_660' title='bbox 2544 3796 2740 3859; x_wconf 82' lang='lat' dir='ltr'><strong>Etiam,</strong></span> <span class='ocrx_word' id='word_1_661' title='bbox 2773 3794 3031 3858; x_wconf 87' lang='lat' dir='ltr'><strong>Domine;</strong></span> <span class='ocrx_word' id='word_1_662' title='bbox 3060 3809 3183 3846; x_wconf 84' lang='lat' dir='ltr'><strong>nam</strong></span> <span class='ocrx_word' id='word_1_663' title='bbox 3216 3801 3266 3846; x_wconf 90' lang='lat' dir='ltr'><strong>et</strong></span> <span class='ocrx_word' id='word_1_664' title='bbox 3291 3790 3467 3845; x_wconf 88' lang='lat' dir='ltr'><strong>catelli</strong></span> <span class='ocrx_word' id='word_1_665' title='bbox 3502 3789 3646 3842; x_wconf 81' lang='lat' dir='ltr'><strong>edunt</strong></span> <span class='ocrx_word' id='word_1_666' title='bbox 3667 3777 3842 3836; x_wconf 74' lang='lat' dir='ltr'><strong>destitit</strong></span> 
     </span>
    </p>
   </div>
   <div class='ocr_carea' id='block_1_80' title="bbox 2337 3870 3843 3956">
    <p class='ocr_par' dir='ltr' id='par_1_80' title="bbox 2337 3870 3843 3956">
     <span class='ocr_line' id='line_1_80' title="bbox 2337 3870 3843 3956; baseline -0.011 -17"><span class='ocrx_word' id='word_1_667' title='bbox 2337 3904 2450 3956; x_wconf 71' lang='lat' dir='ltr'><strong>qua:</strong></span> <span class='ocrx_word' id='word_1_668' title='bbox 2478 3886 2669 3941; x_wconf 86' lang='lat' dir='ltr'><strong>cadunt</strong></span> <span class='ocrx_word' id='word_1_669' title='bbox 2692 3886 2757 3939; x_wconf 87' lang='lat' dir='ltr'><strong>de</strong></span> <span class='ocrx_word' id='word_1_670' title='bbox 2782 3900 2961 3939; x_wconf 88' lang='lat' dir='ltr'><strong>mensa</strong></span> <span class='ocrx_word' id='word_1_671' title='bbox 2990 3883 3187 3941; x_wconf 88' lang='lat' dir='ltr'><strong>domini</strong></span> <span class='ocrx_word' id='word_1_672' title='bbox 3214 3884 3293 3937; x_wconf 88' lang='lat' dir='ltr'><strong>sui</strong></span> <span class='ocrx_word' id='word_1_673' title='bbox 3317 3880 3509 3952; x_wconf 75' lang='lat' dir='ltr'><strong>(Marc.</strong></span> <span class='ocrx_word' id='word_1_674' title='bbox 3535 3878 3640 3949; x_wconf 87' lang='lat' dir='ltr'><strong>vn).</strong></span> <span class='ocrx_word' id='word_1_675' title='bbox 3665 3870 3843 3929; x_wconf 83' lang='lat' dir='ltr'><strong>Similem</strong></span> 
     </span>
    </p>
   </div>
   <div class='ocr_carea' id='block_1_81' title="bbox 2337 3969 3843 4041">
    <p class='ocr_par' dir='ltr' id='par_1_81' title="bbox 2337 3969 3843 4041">
     <span class='ocr_line' id='line_1_81' title="bbox 2337 3969 3843 4041; baseline -0.013 -5"><span class='ocrx_word' id='word_1_676' title='bbox 2337 3997 2396 4036; x_wconf 91' lang='lat' dir='ltr'><strong>se</strong></span> <span class='ocrx_word' id='word_1_677' title='bbox 2424 3979 2632 4035; x_wconf 89' lang='lat' dir='ltr'><strong>catellis</strong></span> <span class='ocrx_word' id='word_1_678' title='bbox 2659 3978 2725 4031; x_wconf 84' lang='lat' dir='ltr'><strong>ad</strong></span> <span class='ocrx_word' id='word_1_679' title='bbox 2754 3992 2993 4032; x_wconf 90' lang='lat' dir='ltr'><strong>mensam</strong></span> <span class='ocrx_word' id='word_1_680' title='bbox 3014 3975 3356 4031; x_wconf 89' lang='lat' dir='ltr'><strong>dominorum</strong></span> <span class='ocrx_word' id='word_1_681' title='bbox 3377 3969 3724 4041; x_wconf 84' lang='lat' dir='ltr'><strong>suspirantium</strong></span> <span class='ocrx_word' id='word_1_682' title='bbox 3738 3973 3843 4016; x_wconf 85' lang='lat' dir='ltr'><strong>eom-</strong></span> 
     </span>
    </p>
   </div>
   <div class='ocr_carea' id='block_1_82' title="bbox 2338 4050 3908 4141">
    <p class='ocr_par' dir='ltr' id='par_1_82' title="bbox 2338 4050 3908 4141">
     <span class='ocr_line' id='line_1_82' title="bbox 2338 4050 3908 4141; baseline -0.015 -17"><span class='ocrx_word' id='word_1_683' title='bbox 2338 4070 2567 4141; x_wconf 85' lang='lat' dir='ltr'><strong>paravit.</strong></span> <span class='ocrx_word' id='word_1_684' title='bbox 2592 4069 2708 4123; x_wconf 80' lang='lat' dir='ltr'><strong>Non</strong></span> <span class='ocrx_word' id='word_1_685' title='bbox 2737 4084 2796 4123; x_wconf 89' lang='lat' dir='ltr'><strong>se</strong></span> <span class='ocrx_word' id='word_1_686' title='bbox 2826 4075 3031 4122; x_wconf 90' lang='lat' dir='ltr'><strong>tantum</strong></span> <span class='ocrx_word' id='word_1_687' title='bbox 3056 4065 3275 4122; x_wconf 90' lang='lat' dir='ltr'><strong>domino</strong></span> <span class='ocrx_word' id='word_1_688' title='bbox 3298 4061 3607 4127; x_wconf 85' lang='lat' dir='ltr'><strong>humiliavit,</strong></span> <span class='ocrx_word' id='word_1_689' title='bbox 3630 4055 3710 4111; x_wconf 87' lang='lat' dir='ltr'><strong>sed</strong></span> <span class='ocrx_word' id='word_1_690' title='bbox 3726 4050 3844 4108; x_wconf 78' lang='lat' dir='ltr'><strong>etiam</strong></span> <span class='ocrx_word' id='word_1_691' title='bbox 3898 4088 3908 4101; x_wconf 87' lang='lat'><strong>.</strong></span> 
     </span>
    </p>
   </div>
   <div class='ocr_carea' id='block_1_83' title="bbox 2339 4141 3841 4223">
    <p class='ocr_par' dir='ltr' id='par_1_83' title="bbox 2339 4141 3841 4223">
     <span class='ocr_line' id='line_1_83' title="bbox 2339 4141 3841 4223; baseline -0.011 -7"><span class='ocrx_word' id='word_1_692' title='bbox 2339 4162 2408 4216; x_wconf 85' lang='lat' dir='ltr'><strong>ad</strong></span> <span class='ocrx_word' id='word_1_693' title='bbox 2435 4176 2619 4216; x_wconf 87' lang='lat' dir='ltr'><strong>servos</strong></span> <span class='ocrx_word' id='word_1_694' title='bbox 2647 4168 2702 4215; x_wconf 87' lang='lat' dir='ltr'><strong>et</strong></span> <span class='ocrx_word' id='word_1_695' title='bbox 2729 4157 2868 4214; x_wconf 83' lang='lat' dir='ltr'><strong>ﬁlios</strong></span> <span class='ocrx_word' id='word_1_696' title='bbox 2897 4158 3121 4223; x_wconf 89' lang='lat' dir='ltr'><strong>domini,</strong></span> <span class='ocrx_word' id='word_1_697' title='bbox 3169 4172 3289 4211; x_wconf 85' lang='lat' dir='ltr'><strong>sese</strong></span> <span class='ocrx_word' id='word_1_698' title='bbox 3333 4155 3522 4223; x_wconf 88' lang='lat' dir='ltr'><strong>catulis</strong></span> <span class='ocrx_word' id='word_1_699' title='bbox 3563 4141 3841 4217; x_wconf 73' lang='lat' dir='ltr'><strong>comparavit-</strong></span> 
     </span>
    </p>
   </div>
   <div class='ocr_carea' id='block_1_84' title="bbox 2340 4239 3843 4318">
    <p class='ocr_par' dir='ltr' id='par_1_84' title="bbox 2340 4239 3843 4318">
     <span class='ocr_line' id='line_1_84' title="bbox 2340 4239 3843 4318; baseline -0.013 -14"><span class='ocrx_word' id='word_1_700' title='bbox 2340 4250 2407 4305; x_wconf 79' lang='lat' dir='ltr'><strong>Et</strong></span> <span class='ocrx_word' id='word_1_701' title='bbox 2435 4252 2690 4306; x_wconf 90' lang='lat' dir='ltr'><strong>Dominus</strong></span> <span class='ocrx_word' id='word_1_702' title='bbox 2720 4242 2786 4303; x_wconf 70' lang='lat' dir='ltr'><strong>5d</strong></span> <span class='ocrx_word' id='word_1_703' title='bbox 2813 4265 2932 4304; x_wconf 90' lang='lat' dir='ltr'><strong>eam</strong></span> <span class='ocrx_word' id='word_1_704' title='bbox 2963 4268 2975 4301; x_wconf 91' lang='lat'><strong>:</strong></span> <span class='ocrx_word' id='word_1_705' title='bbox 3020 4248 3178 4313; x_wconf 76' lang='lat' dir='ltr'><strong>Vade,</strong></span> <span class='ocrx_word' id='word_1_706' title='bbox 3213 4247 3405 4318; x_wconf 87' lang='lat' dir='ltr'><strong>inquit,</strong></span> <span class='ocrx_word' id='word_1_707' title='bbox 3435 4253 3631 4316; x_wconf 85' lang='lat' dir='ltr'><strong>propter</strong></span> <span class='ocrx_word' id='word_1_708' title='bbox 3649 4239 3843 4292; x_wconf 68' lang='lat' dir='ltr'><strong>nuncsa-</strong></span> 
     </span>
    </p>
   </div>
   <div class='ocr_carea' id='block_1_85' title="bbox 2338 4319 3843 4408">
    <p class='ocr_par' dir='ltr' id='par_1_85' title="bbox 2338 4319 3843 4408">
     <span class='ocr_line' id='line_1_85' title="bbox 2338 4319 3843 4408; baseline -0.007 -13"><span class='ocrx_word' id='word_1_709' title='bbox 2338 4359 2540 4397; x_wconf 88' lang='lat' dir='ltr'><strong>ntonem</strong></span> <span class='ocrx_word' id='word_1_710' title='bbox 2568 4341 2728 4395; x_wconf 76' lang='lat' dir='ltr'><strong>exibit</strong></span> <span class='ocrx_word' id='word_1_711' title='bbox 2753 4342 3067 4394; x_wconf 64' lang='lat' dir='ltr'><strong>daemonium</strong></span> <span class='ocrx_word' id='word_1_712' title='bbox 3093 4340 3157 4393; x_wconf 88' lang='lat' dir='ltr'><strong>de</strong></span> <span class='ocrx_word' id='word_1_713' title='bbox 3184 4339 3297 4408; x_wconf 78' lang='lat' dir='ltr'><strong>filia</strong></span> <span class='ocrx_word' id='word_1_714' title='bbox 3328 4348 3434 4390; x_wconf 86' lang='lat' dir='ltr'><strong>tua.</strong></span> <span class='ocrx_word' id='word_1_715' title='bbox 3463 4332 3614 4388; x_wconf 82' lang='lat' dir='ltr'><strong>Vides</strong></span> <span class='ocrx_word' id='word_1_716' title='bbox 3637 4319 3843 4394; x_wconf 66' lang='grc' dir='ltr'>διεοᾳιιίι</span> 
     </span>
    </p>
   </div>
   <div class='ocr_carea' id='block_1_86' title="bbox 2339 4416 3842 4504">
    <p class='ocr_par' dir='ltr' id='par_1_86' title="bbox 2339 4416 3842 4504">
     <span class='ocr_line' id='line_1_86' title="bbox 2339 4416 3842 4504; baseline -0.015 -13"><span class='ocrx_word' id='word_1_717' title='bbox 2339 4436 2385 4492; x_wconf 85' lang='lat' dir='ltr'><strong>si</strong></span> <span class='ocrx_word' id='word_1_718' title='bbox 2413 4435 2640 4504; x_wconf 87' lang='lat' dir='ltr'><strong>quisque</strong></span> <span class='ocrx_word' id='word_1_719' title='bbox 2667 4434 2735 4488; x_wconf 91' lang='lat' dir='ltr'><strong>de</strong></span> <span class='ocrx_word' id='word_1_720' title='bbox 2760 4432 3071 4501; x_wconf 84' lang='lat' dir='ltr'><strong>gentilitatis</strong></span> <span class='ocrx_word' id='word_1_721' title='bbox 3091 4444 3276 4485; x_wconf 87' lang='lat' dir='ltr'><strong>errore</strong></span> <span class='ocrx_word' id='word_1_722' title='bbox 3292 4428 3517 4482; x_wconf 64' lang='lat' dir='ltr'><strong>veneri!</strong></span> <span class='ocrx_word' id='word_1_723' title='bbox 3535 4422 3597 4478; x_wconf 90' lang='lat' dir='ltr'><strong>ad</strong></span> <span class='ocrx_word' id='word_1_724' title='bbox 3620 4416 3842 4504; x_wconf 64' lang='lat' dir='ltr'><strong>Cbrlswttl.</strong></span> 
     </span>
    </p>
   </div>
   <div class='ocr_carea' id='block_1_87' title="bbox 646 4498 3844 4601">
    <p class='ocr_par' dir='ltr' id='par_1_87' title="bbox 646 4498 3844 4601">
     <span class='ocr_line' id='line_1_87' title="bbox 646 4498 3844 4601; baseline -0.005 -21"><span class='ocrx_word' id='word_1_725' title='bbox 646 4498 929 4593; x_wconf 78' lang='lat' dir='ltr'><strong>eularium,</strong></span> <span class='ocrx_word' id='word_1_726' title='bbox 950 4538 1075 4593; x_wconf 78' lang='lat' dir='ltr'><strong>qua:</strong></span> <span class='ocrx_word' id='word_1_727' title='bbox 1092 4521 1400 4594; x_wconf 90' lang='lat' dir='ltr'><strong>deprimunt</strong></span> <span class='ocrx_word' id='word_1_728' title='bbox 1418 4522 1662 4588; x_wconf 86' lang='lat' dir='ltr'><strong>verbum,</strong></span> <span class='ocrx_word' id='word_1_729' title='bbox 1687 4530 1742 4578; x_wconf 89' lang='lat' dir='ltr'><strong>et</strong></span> <span class='ocrx_word' id='word_1_730' title='bbox 1761 4498 1899 4579; x_wconf 81' lang='lat' dir='ltr'><strong>ellici</strong></span> <span class='ocrx_word' id='word_1_731' title='bbox 1927 4539 2034 4580; x_wconf 87' lang='lat' dir='ltr'><strong>non</strong></span> <span class='ocrx_word' id='word_1_732' title='bbox 2060 4534 2238 4595; x_wconf 87' lang='lat' dir='ltr'><strong>potest</strong></span> <span class='ocrx_word' id='word_1_733' title='bbox 2268 4541 2318 4601; x_wconf 79' lang='grc' dir='ltr'>ι)</span> <span class='ocrx_word' id='word_1_734' title='bbox 2343 4536 2398 4584; x_wconf 89' lang='lat' dir='ltr'><strong>et</strong></span> <span class='ocrx_word' id='word_1_735' title='bbox 2416 4498 2847 4592; x_wconf 46' lang='lat' dir='ltr'><strong>eum-agnoverit</strong></span> <span class='ocrx_word' id='word_1_736' title='bbox 2871 4520 3154 4577; x_wconf 89' lang='lat' dir='ltr'><strong>Dominum</strong></span> <span class='ocrx_word' id='word_1_737' title='bbox 3185 4527 3347 4588; x_wconf 83' lang='lat' dir='ltr'><strong>atque</strong></span> <span class='ocrx_word' id='word_1_738' title='bbox 3369 4498 3844 4601; x_wconf 65' lang='lat' dir='ltr'><strong>Salvatorem,_etsih1</strong></span> 
     </span>
    </p>
   </div>
   <div class='ocr_carea' id='block_1_88' title="bbox 646 4612 2235 4682">
    <p class='ocr_par' dir='ltr' id='par_1_88' title="bbox 646 4612 2235 4682">
     <span class='ocr_line' id='line_1_88' title="bbox 646 4612 2235 4682; baseline 0 -12"><span class='ocrx_word' id='word_1_739' title='bbox 646 4615 995 4672; x_wconf 82' lang='lat' dir='ltr'><strong>l‘rnctilerum.</strong></span> <span class='ocrx_word' id='word_1_740' title='bbox 1027 4613 1097 4669; x_wconf 83' lang='lat' dir='ltr'><strong>At</strong></span> <span class='ocrx_word' id='word_1_741' title='bbox 1122 4628 1253 4670; x_wconf 88' lang='lat' dir='ltr'><strong>vero</strong></span> <span class='ocrx_word' id='word_1_742' title='bbox 1277 4612 1424 4682; x_wconf 89' lang='lat' dir='ltr'><strong>quod</strong></span> <span class='ocrx_word' id='word_1_743' title='bbox 1450 4612 1506 4668; x_wconf 92' lang='lat' dir='ltr'><strong>in</strong></span> <span class='ocrx_word' id='word_1_744' title='bbox 1537 4620 1738 4668; x_wconf 90' lang='lat' dir='ltr'><strong>terram</strong></span> <span class='ocrx_word' id='word_1_745' title='bbox 1782 4612 2002 4680; x_wconf 87' lang='lat' dir='ltr'><strong>bonam,</strong></span> <span class='ocrx_word' id='word_1_746' title='bbox 2032 4615 2235 4671; x_wconf 80' lang='lat' dir='ltr'><strong>exube-</strong></span> 
     </span>
    </p>
   </div>
   <div class='ocr_carea' id='block_1_89' title="bbox 645 4703 2238 4773">
    <p class='ocr_par' dir='ltr' id='par_1_89' title="bbox 645 4703 2238 4773">
     <span class='ocr_line' id='line_1_89' title="bbox 645 4703 2238 4773; baseline -0.002 -10"><span class='ocrx_word' id='word_1_747' title='bbox 645 4716 732 4763; x_wconf 87' lang='lat' dir='ltr'><strong>rat</strong></span> <span class='ocrx_word' id='word_1_748' title='bbox 774 4706 1054 4772; x_wconf 82' lang='lat' dir='ltr'><strong>l&#39;ruetibus,</strong></span> <span class='ocrx_word' id='word_1_749' title='bbox 1086 4712 1143 4760; x_wconf 90' lang='lat' dir='ltr'><strong>et</strong></span> <span class='ocrx_word' id='word_1_750' title='bbox 1178 4703 1374 4760; x_wconf 87' lang='lat' dir='ltr'><strong>crescit</strong></span> <span class='ocrx_word' id='word_1_751' title='bbox 1414 4703 1469 4758; x_wconf 94' lang='lat' dir='ltr'><strong>in</strong></span> <span class='ocrx_word' id='word_1_752' title='bbox 1509 4703 1741 4773; x_wconf 90' lang='lat' dir='ltr'><strong>copiam,</strong></span> <span class='ocrx_word' id='word_1_753' title='bbox 1772 4711 1832 4758; x_wconf 92' lang='lat' dir='ltr'><strong>ut</strong></span> <span class='ocrx_word' id='word_1_754' title='bbox 1859 4703 2067 4769; x_wconf 75' lang='lat' dir='ltr'><strong>all‘crat,</strong></span> <span class='ocrx_word' id='word_1_755' title='bbox 2096 4705 2238 4761; x_wconf 90' lang='lat' dir='ltr'><strong>sicut</strong></span> 
     </span>
    </p>
   </div>
   <div class='ocr_carea' id='block_1_90' title="bbox 649 4794 2237 4865">
    <p class='ocr_par' dir='ltr' id='par_1_90' title="bbox 649 4794 2237 4865">
     <span class='ocr_line' id='line_1_90' title="bbox 649 4794 2237 4865; baseline -0.002 -11"><span class='ocrx_word' id='word_1_756' title='bbox 649 4800 903 4855; x_wconf 89' lang='lat' dir='ltr'><strong>Dominus</strong></span> <span class='ocrx_word' id='word_1_757' title='bbox 931 4798 1025 4863; x_wconf 88' lang='lat' dir='ltr'><strong>ait,</strong></span> <span class='ocrx_word' id='word_1_758' title='bbox 1069 4794 1630 4865; x_wconf 71' lang='lat' dir='ltr'><strong>l‘ruetustrigesimos,</strong></span> <span class='ocrx_word' id='word_1_759' title='bbox 1661 4802 1718 4849; x_wconf 89' lang='lat' dir='ltr'><strong>et</strong></span> <span class='ocrx_word' id='word_1_760' title='bbox 1759 4796 2148 4863; x_wconf 75' lang='lat' dir='ltr'><strong>sexagesimos,</strong></span> <span class='ocrx_word' id='word_1_761' title='bbox 2180 4804 2237 4851; x_wconf 91' lang='lat' dir='ltr'><strong>et</strong></span> 
     </span>
    </p>
   </div>
   <div class='ocr_carea' id='block_1_91' title="bbox 648 4884 2237 4956">
    <p class='ocr_par' dir='ltr' id='par_1_91' title="bbox 648 4884 2237 4956">
     <span class='ocr_line' id='line_1_91' title="bbox 648 4884 2237 4956; baseline -0.003 -11"><span class='ocrx_word' id='word_1_762' title='bbox 648 4889 1003 4954; x_wconf 80' lang='lat' dir='ltr'><strong>centesimus;</strong></span> <span class='ocrx_word' id='word_1_763' title='bbox 1042 4886 1247 4942; x_wconf 81' lang='lat' dir='ltr'><strong>fructus</strong></span> <span class='ocrx_word' id='word_1_764' title='bbox 1290 4885 1427 4956; x_wconf 77' lang='lat' dir='ltr'><strong>Spei,</strong></span> <span class='ocrx_word' id='word_1_765' title='bbox 1456 4884 1598 4953; x_wconf 88' lang='lat' dir='ltr'><strong>lidei,</strong></span> <span class='ocrx_word' id='word_1_766' title='bbox 1630 4885 1900 4951; x_wconf 88' lang='lat' dir='ltr'><strong>caritatis;</strong></span> <span class='ocrx_word' id='word_1_767' title='bbox 1925 4886 2130 4942; x_wconf 83' lang='lat' dir='ltr'><strong>fructus</strong></span> <span class='ocrx_word' id='word_1_768' title='bbox 2158 4888 2237 4941; x_wconf 90' lang='lat' dir='ltr'><strong>vi-</strong></span> 
     </span>
    </p>
   </div>
   <div class='ocr_carea' id='block_1_92' title="bbox 648 4975 2237 5048">
    <p class='ocr_par' dir='ltr' id='par_1_92' title="bbox 648 4975 2237 5048">
     <span class='ocr_line' id='line_1_92' title="bbox 648 4975 2237 5048; baseline 0.001 -14"><span class='ocrx_word' id='word_1_769' title='bbox 648 4979 886 5044; x_wconf 86' lang='lat' dir='ltr'><strong>duitatis,</strong></span> <span class='ocrx_word' id='word_1_770' title='bbox 934 4978 1271 5046; x_wconf 83' lang='lat' dir='ltr'><strong>virginitatis,</strong></span> <span class='ocrx_word' id='word_1_771' title='bbox 1318 4977 1581 5048; x_wconf 77' lang='lat' dir='ltr'><strong>martyrii.</strong></span> <span class='ocrx_word' id='word_1_772' title='bbox 1626 4975 1748 5032; x_wconf 90' lang='lat' dir='ltr'><strong>lstis</strong></span> <span class='ocrx_word' id='word_1_773' title='bbox 1794 4977 2056 5034; x_wconf 80' lang='lat' dir='ltr'><strong>fructibus</strong></span> <span class='ocrx_word' id='word_1_774' title='bbox 2100 4978 2237 5036; x_wconf 89' lang='lat' dir='ltr'><strong>bene</strong></span> 
     </span>
    </p>
   </div>
   <div class='ocr_carea' id='block_1_93' title="bbox 650 5068 2239 5140">
    <p class='ocr_par' dir='ltr' id='par_1_93' title="bbox 650 5068 2239 5140">
     <span class='ocr_line' id='line_1_93' title="bbox 650 5068 2239 5140; baseline -0.003 -10"><span class='ocrx_word' id='word_1_775' title='bbox 650 5074 847 5131; x_wconf 89' lang='lat' dir='ltr'><strong>crescit</strong></span> <span class='ocrx_word' id='word_1_776' title='bbox 873 5071 1130 5136; x_wconf 84' lang='lat' dir='ltr'><strong>Ecclesia,</strong></span> <span class='ocrx_word' id='word_1_777' title='bbox 1154 5079 1210 5125; x_wconf 92' lang='lat' dir='ltr'><strong>et</strong></span> <span class='ocrx_word' id='word_1_778' title='bbox 1233 5085 1358 5127; x_wconf 90' lang='lat' dir='ltr'><strong>suas</strong></span> <span class='ocrx_word' id='word_1_779' title='bbox 1383 5085 1586 5126; x_wconf 87' lang='lat' dir='ltr'><strong>messes</strong></span> <span class='ocrx_word' id='word_1_780' title='bbox 1608 5068 1771 5140; x_wconf 84' lang='lat' dir='ltr'><strong>digne</strong></span> <span class='ocrx_word' id='word_1_781' title='bbox 1790 5070 2099 5127; x_wconf 75' lang='lat' dir='ltr'><strong>cmlestibus</strong></span> <span class='ocrx_word' id='word_1_782' title='bbox 2119 5072 2239 5127; x_wconf 89' lang='lat' dir='ltr'><strong>hor-</strong></span> 
     </span>
    </p>
   </div>
   <div class='ocr_carea' id='block_1_94' title="bbox 651 5162 2242 5236">
    <p class='ocr_par' dir='ltr' id='par_1_94' title="bbox 651 5162 2242 5236">
     <span class='ocr_line' id='line_1_94' title="bbox 651 5162 2242 5236; baseline -0.003 -13"><span class='ocrx_word' id='word_1_783' title='bbox 651 5167 758 5223; x_wconf 89' lang='lat' dir='ltr'><strong>reis</strong></span> <span class='ocrx_word' id='word_1_784' title='bbox 787 5173 960 5236; x_wconf 89' lang='lat' dir='ltr'><strong>parat,</strong></span> <span class='ocrx_word' id='word_1_785' title='bbox 985 5162 1435 5232; x_wconf 85' lang='lat' dir='ltr'><strong>quemadmodum</strong></span> <span class='ocrx_word' id='word_1_786' title='bbox 1467 5162 1791 5232; x_wconf 81' lang='lat' dir='ltr'><strong>generaliter</strong></span> <span class='ocrx_word' id='word_1_787' title='bbox 1821 5163 2019 5218; x_wconf 89' lang='lat' dir='ltr'><strong>dicitur</strong></span> <span class='ocrx_word' id='word_1_788' title='bbox 2036 5163 2104 5218; x_wconf 90' lang='lat' dir='ltr'><strong>de</strong></span> <span class='ocrx_word' id='word_1_789' title='bbox 2123 5180 2242 5218; x_wconf 88' lang='lat' dir='ltr'><strong>om—</strong></span> 
     </span>
    </p>
   </div>
   <div class='ocr_carea' id='block_1_95' title="bbox 651 5254 2234 5329">
    <p class='ocr_par' dir='ltr' id='par_1_95' title="bbox 651 5254 2234 5329">
     <span class='ocr_line' id='line_1_95' title="bbox 651 5254 2234 5329; baseline -0.003 -15"><span class='ocrx_word' id='word_1_790' title='bbox 651 5260 808 5314; x_wconf 86' lang='lat' dir='ltr'><strong>nibus</strong></span> <span class='ocrx_word' id='word_1_791' title='bbox 831 5255 1132 5329; x_wconf 88' lang='lat' dir='ltr'><strong>prophetis,</strong></span> <span class='ocrx_word' id='word_1_792' title='bbox 1154 5254 1237 5310; x_wconf 82' lang='lat' dir='ltr'><strong>vel</strong></span> <span class='ocrx_word' id='word_1_793' title='bbox 1251 5254 1532 5324; x_wconf 88' lang='lat' dir='ltr'><strong>apostolis,</strong></span> <span class='ocrx_word' id='word_1_794' title='bbox 1553 5254 1637 5309; x_wconf 86' lang='lat' dir='ltr'><strong>vel</strong></span> <span class='ocrx_word' id='word_1_795' title='bbox 1658 5254 1885 5309; x_wconf 88' lang='lat' dir='ltr'><strong>diversis</strong></span> <span class='ocrx_word' id='word_1_796' title='bbox 1904 5254 2234 5311; x_wconf 88' lang='lat' dir='ltr'><strong>doctoribus.</strong></span> 
     </span>
    </p>
   </div>
   <div class='ocr_carea' id='block_1_96' title="bbox 651 5348 2235 5417">
    <p class='ocr_par' dir='ltr' id='par_1_96' title="bbox 651 5348 2235 5417">
     <span class='ocr_line' id='line_1_96' title="bbox 651 5348 2235 5417; baseline -0.001 -10"><span class='ocrx_word' id='word_1_797' title='bbox 651 5350 806 5410; x_wconf 85' lang='lat' dir='ltr'><strong>Unde</strong></span> <span class='ocrx_word' id='word_1_798' title='bbox 834 5353 972 5407; x_wconf 89' lang='lat' dir='ltr'><strong>bene</strong></span> <span class='ocrx_word' id='word_1_799' title='bbox 1001 5349 1079 5404; x_wconf 88' lang='lat' dir='ltr'><strong>ait</strong></span> <span class='ocrx_word' id='word_1_800' title='bbox 1105 5348 1394 5405; x_wconf 88' lang='lat' dir='ltr'><strong>Dominus:</strong></span> <span class='ocrx_word' id='word_1_801' title='bbox 1425 5348 1527 5415; x_wconf 86' lang='lat' dir='ltr'><strong>Qui</strong></span> <span class='ocrx_word' id='word_1_802' title='bbox 1549 5349 1804 5417; x_wconf 86' lang='lat' dir='ltr'><strong>loquitur,</strong></span> <span class='ocrx_word' id='word_1_803' title='bbox 1832 5350 2053 5405; x_wconf 88' lang='lat' dir='ltr'><strong>verbum</strong></span> <span class='ocrx_word' id='word_1_804' title='bbox 2081 5352 2235 5411; x_wconf 87' lang='lat' dir='ltr'><strong>semi-</strong></span> 
     </span>
    </p>
   </div>
   <div class='ocr_carea' id='block_1_97' title="bbox 649 5443 2240 5515">
    <p class='ocr_par' dir='ltr' id='par_1_97' title="bbox 649 5443 2240 5515">
     <span class='ocr_line' id='line_1_97' title="bbox 649 5443 2240 5515; baseline -0.002 -14"><span class='ocrx_word' id='word_1_805' title='bbox 649 5456 762 5501; x_wconf 88' lang='lat' dir='ltr'><strong>nat.</strong></span> <span class='ocrx_word' id='word_1_806' title='bbox 787 5445 853 5501; x_wconf 88' lang='lat' dir='ltr'><strong>Et</strong></span> <span class='ocrx_word' id='word_1_807' title='bbox 874 5446 946 5500; x_wconf 91' lang='lat' dir='ltr'><strong>ita</strong></span> <span class='ocrx_word' id='word_1_808' title='bbox 969 5452 1075 5513; x_wconf 85' lang='lat' dir='ltr'><strong>est,</strong></span> <span class='ocrx_word' id='word_1_809' title='bbox 1100 5443 1353 5513; x_wconf 89' lang='lat' dir='ltr'><strong>quoniam</strong></span> <span class='ocrx_word' id='word_1_810' title='bbox 1381 5444 1473 5512; x_wconf 89' lang='lat' dir='ltr'><strong>qui</strong></span> <span class='ocrx_word' id='word_1_811' title='bbox 1497 5444 1733 5512; x_wconf 88' lang='lat' dir='ltr'><strong>loquitur</strong></span> <span class='ocrx_word' id='word_1_812' title='bbox 1764 5444 2008 5511; x_wconf 87' lang='lat' dir='ltr'><strong>verbum,</strong></span> <span class='ocrx_word' id='word_1_813' title='bbox 2035 5444 2240 5515; x_wconf 88' lang='lat' dir='ltr'><strong>spargit</strong></span> 
     </span>
    </p>
   </div>
   <div class='ocr_carea' id='block_1_98' title="bbox 648 5533 2239 5607">
    <p class='ocr_par' dir='ltr' id='par_1_98' title="bbox 648 5533 2239 5607">
     <span class='ocr_line' id='line_1_98' title="bbox 648 5533 2239 5607; baseline -0.004 -13"><span class='ocrx_word' id='word_1_814' title='bbox 648 5537 851 5607; x_wconf 78' lang='lat' dir='ltr'><strong>quideu</strong></span> <span class='ocrx_word' id='word_1_815' title='bbox 890 5536 1053 5593; x_wconf 88' lang='lat' dir='ltr'><strong>verba</strong></span> <span class='ocrx_word' id='word_1_816' title='bbox 1075 5543 1135 5591; x_wconf 91' lang='lat' dir='ltr'><strong>ut</strong></span> <span class='ocrx_word' id='word_1_817' title='bbox 1152 5534 1379 5599; x_wconf 86' lang='lat' dir='ltr'><strong>semina,</strong></span> <span class='ocrx_word' id='word_1_818' title='bbox 1403 5533 1498 5589; x_wconf 88' lang='lat' dir='ltr'><strong>sed</strong></span> <span class='ocrx_word' id='word_1_819' title='bbox 1526 5533 1668 5589; x_wconf 89' lang='lat' dir='ltr'><strong>Deus</strong></span> <span class='ocrx_word' id='word_1_820' title='bbox 1693 5534 2081 5592; x_wconf 79' lang='lat' dir='ltr'><strong>incrementum</strong></span> <span class='ocrx_word' id='word_1_821' title='bbox 2100 5551 2239 5604; x_wconf 57' lang='lat' dir='ltr'><strong>pra»</strong></span> 
     </span>
    </p>
   </div>
   <div class='ocr_carea' id='block_1_99' title="bbox 648 5622 2237 5697">
    <p class='ocr_par' dir='ltr' id='par_1_99' title="bbox 648 5622 2237 5697">
     <span class='ocr_line' id='line_1_99' title="bbox 648 5622 2237 5697; baseline -0.003 -14"><span class='ocrx_word' id='word_1_822' title='bbox 648 5636 777 5683; x_wconf 79' lang='lat' dir='ltr'><strong>stat.</strong></span> <span class='ocrx_word' id='word_1_823' title='bbox 819 5627 951 5683; x_wconf 83' lang='lat' dir='ltr'><strong>Nam</strong></span> <span class='ocrx_word' id='word_1_824' title='bbox 989 5635 1045 5682; x_wconf 89' lang='lat' dir='ltr'><strong>et</strong></span> <span class='ocrx_word' id='word_1_825' title='bbox 1088 5625 1365 5697; x_wconf 88' lang='lat' dir='ltr'><strong>apostolus</strong></span> <span class='ocrx_word' id='word_1_826' title='bbox 1409 5622 1606 5677; x_wconf 83' lang='lat' dir='ltr'><strong>Paulus</strong></span> <span class='ocrx_word' id='word_1_827' title='bbox 1643 5623 1858 5677; x_wconf 90' lang='lat' dir='ltr'><strong>dicebat</strong></span> <span class='ocrx_word' id='word_1_828' title='bbox 1892 5642 1906 5676; x_wconf 89' lang='lat'><strong>:</strong></span> <span class='ocrx_word' id='word_1_829' title='bbox 1941 5622 2056 5679; x_wconf 65' lang='lat' dir='ltr'><strong>Nos</strong></span> <span class='ocrx_word' id='word_1_830' title='bbox 2102 5627 2237 5679; x_wconf 71' lang='lat' dir='ltr'><strong>vobis</strong></span> 
     </span>
    </p>
   </div>
   <div class='ocr_carea' id='block_1_100' title="bbox 647 5712 2234 5786">
    <p class='ocr_par' dir='ltr' id='par_1_100' title="bbox 647 5712 2234 5786">
     <span class='ocr_line' id='line_1_100' title="bbox 647 5712 2234 5786; baseline 0 -16"><span class='ocrx_word' id='word_1_831' title='bbox 647 5717 939 5784; x_wconf 78' lang='lat' dir='ltr'><strong>sptritualia</strong></span> <span class='ocrx_word' id='word_1_832' title='bbox 959 5718 1321 5783; x_wconf 74' lang='lat' dir='ltr'><strong>seminavimus</strong></span> <span class='ocrx_word' id='word_1_833' title='bbox 1350 5713 1401 5786; x_wconf 89' lang='lat' dir='ltr'><strong>(I</strong></span> <span class='ocrx_word' id='word_1_834' title='bbox 1422 5712 1548 5769; x_wconf 77' lang='lat' dir='ltr'><strong>Cor.</strong></span> <span class='ocrx_word' id='word_1_835' title='bbox 1577 5712 1671 5785; x_wconf 79' lang='lat' dir='ltr'><strong>Ix).</strong></span> <span class='ocrx_word' id='word_1_836' title='bbox 1696 5712 1960 5781; x_wconf 88' lang='lat' dir='ltr'><strong>Quoniam</strong></span> <span class='ocrx_word' id='word_1_837' title='bbox 1989 5729 2118 5784; x_wconf 84' lang='lat' dir='ltr'><strong>ergo</strong></span> <span class='ocrx_word' id='word_1_838' title='bbox 2146 5718 2234 5785; x_wconf 89' lang='lat' dir='ltr'><strong>qui</strong></span> 
     </span>
    </p>
   </div>
   <div class='ocr_carea' id='block_1_101' title="bbox 2341 4597 3844 4692">
    <p class='ocr_par' dir='ltr' id='par_1_101' title="bbox 2341 4597 3844 4692">
     <span class='ocr_line' id='line_1_101' title="bbox 2341 4597 3844 4692; baseline -0.017 -16"><span class='ocrx_word' id='word_1_839' title='bbox 2341 4618 2603 4692; x_wconf 88' lang='lat' dir='ltr'><strong>proderit,</strong></span> <span class='ocrx_word' id='word_1_840' title='bbox 2633 4624 2687 4671; x_wconf 88' lang='lat' dir='ltr'><strong>et</strong></span> <span class='ocrx_word' id='word_1_841' title='bbox 2717 4615 2838 4669; x_wconf 83' lang='lat' dir='ltr'><strong>ﬁliis</strong></span> <span class='ocrx_word' id='word_1_842' title='bbox 2871 4615 2981 4670; x_wconf 90' lang='lat' dir='ltr'><strong>suis</strong></span> <span class='ocrx_word' id='word_1_843' title='bbox 3021 4613 3248 4668; x_wconf 86' lang='lat' dir='ltr'><strong>salutem</strong></span> <span class='ocrx_word' id='word_1_844' title='bbox 3274 4609 3520 4681; x_wconf 87' lang='lat' dir='ltr'><strong>acquirit,</strong></span> <span class='ocrx_word' id='word_1_845' title='bbox 3551 4612 3605 4660; x_wconf 87' lang='lat' dir='ltr'><strong>ut</strong></span> <span class='ocrx_word' id='word_1_846' title='bbox 3625 4597 3844 4656; x_wconf 65' lang='lat' dir='ltr'><strong>dedam&#39;</strong></span> 
     </span>
    </p>
   </div>
   <div class='ocr_carea' id='block_1_102' title="bbox 2343 4696 3844 4780">
    <p class='ocr_par' dir='ltr' id='par_1_102' title="bbox 2343 4696 3844 4780">
     <span class='ocr_line' id='line_1_102' title="bbox 2343 4696 3844 4780; baseline -0.019 -10"><span class='ocrx_word' id='word_1_847' title='bbox 2343 4727 2469 4766; x_wconf 90' lang='lat' dir='ltr'><strong>num</strong></span> <span class='ocrx_word' id='word_1_848' title='bbox 2497 4716 2763 4780; x_wconf 90' lang='lat' dir='ltr'><strong>potestate</strong></span> <span class='ocrx_word' id='word_1_849' title='bbox 2788 4706 3042 4776; x_wconf 79' lang='lat' dir='ltr'><strong>exempti,</strong></span> <span class='ocrx_word' id='word_1_850' title='bbox 3075 4703 3408 4760; x_wconf 88' lang='lat' dir='ltr'><strong>liberationis</strong></span> <span class='ocrx_word' id='word_1_851' title='bbox 3435 4697 3688 4771; x_wconf 63' lang='lat' dir='ltr'><strong>praemium</strong></span> <span class='ocrx_word' id='word_1_852' title='bbox 3706 4696 3844 4745; x_wconf 55' lang='lat' dir='ltr'><strong>coms-</strong></span> 
     </span>
    </p>
   </div>
   <div class='ocr_carea' id='block_1_103' title="bbox 2341 4781 3843 4877">
    <p class='ocr_par' dir='ltr' id='par_1_103' title="bbox 2341 4781 3843 4877">
     <span class='ocr_line' id='line_1_103' title="bbox 2341 4781 3843 4877; baseline -0.018 -14"><span class='ocrx_word' id='word_1_853' title='bbox 2341 4814 2592 4877; x_wconf 89' lang='lat' dir='ltr'><strong>quantur.</strong></span> <span class='ocrx_word' id='word_1_854' title='bbox 2626 4803 2827 4858; x_wconf 89' lang='lat' dir='ltr'><strong>Deinde</strong></span> <span class='ocrx_word' id='word_1_855' title='bbox 2855 4803 3139 4857; x_wconf 87' lang='lat' dir='ltr'><strong>recitatum</strong></span> <span class='ocrx_word' id='word_1_856' title='bbox 3166 4806 3249 4854; x_wconf 88' lang='lat' dir='ltr'><strong>est</strong></span> <span class='ocrx_word' id='word_1_857' title='bbox 3275 4796 3422 4867; x_wconf 90' lang='lat' dir='ltr'><strong>quod</strong></span> <span class='ocrx_word' id='word_1_858' title='bbox 3445 4792 3641 4851; x_wconf 86' lang='lat' dir='ltr'><strong>cuidam</strong></span> <span class='ocrx_word' id='word_1_859' title='bbox 3665 4781 3790 4843; x_wconf 71' lang='lat' dir='ltr'><strong>surdo</strong></span> <span class='ocrx_word' id='word_1_860' title='bbox 3807 4782 3843 4830; x_wconf 68' lang='grc' dir='ltr'><strong>εὶ</strong></span> 
     </span>
    </p>
   </div>
   <div class='ocr_carea' id='block_1_104' title="bbox 2342 4883 3843 4969">
    <p class='ocr_par' dir='ltr' id='par_1_104' title="bbox 2342 4883 3843 4969">
     <span class='ocr_line' id='line_1_104' title="bbox 2342 4883 3843 4969; baseline -0.017 -15"><span class='ocrx_word' id='word_1_861' title='bbox 2342 4907 2491 4953; x_wconf 88' lang='lat' dir='ltr'><strong>muto</strong></span> <span class='ocrx_word' id='word_1_862' title='bbox 2525 4896 2780 4951; x_wconf 87' lang='lat' dir='ltr'><strong>Dominus</strong></span> <span class='ocrx_word' id='word_1_863' title='bbox 2806 4893 3001 4962; x_wconf 84' lang='lat' dir='ltr'><strong>digitos</strong></span> <span class='ocrx_word' id='word_1_864' title='bbox 3032 4893 3084 4947; x_wconf 90' lang='lat' dir='ltr'><strong>in</strong></span> <span class='ocrx_word' id='word_1_865' title='bbox 3117 4905 3277 4945; x_wconf 88' lang='lat' dir='ltr'><strong>aures</strong></span> <span class='ocrx_word' id='word_1_866' title='bbox 3304 4888 3526 4949; x_wconf 88' lang='lat' dir='ltr'><strong>miserit,</strong></span> <span class='ocrx_word' id='word_1_867' title='bbox 3555 4890 3606 4938; x_wconf 88' lang='lat' dir='ltr'><strong>et</strong></span> <span class='ocrx_word' id='word_1_868' title='bbox 3628 4884 3758 4969; x_wconf 67' lang='lat' dir='ltr'><strong>sputa</strong></span> 
     </span>
    </p>
   </div>
   <div class='ocr_carea' id='block_1_105' title="bbox 2342 4965 3843 5058">
    <p class='ocr_par' dir='ltr' id='par_1_105' title="bbox 2342 4965 3843 5058">
     <span class='ocr_line' id='line_1_105' title="bbox 2342 4965 3843 5058; baseline -0.015 -13"><span class='ocrx_word' id='word_1_869' title='bbox 2342 4991 2579 5058; x_wconf 87' lang='lat' dir='ltr'><strong>linguam</strong></span> <span class='ocrx_word' id='word_1_870' title='bbox 2617 4988 2734 5056; x_wconf 89' lang='lat' dir='ltr'><strong>ejus</strong></span> <span class='ocrx_word' id='word_1_871' title='bbox 2772 4985 3028 5054; x_wconf 87' lang='lat' dir='ltr'><strong>tetigerit,</strong></span> <span class='ocrx_word' id='word_1_872' title='bbox 3059 4991 3222 5051; x_wconf 87' lang='lat' dir='ltr'><strong>atque</strong></span> <span class='ocrx_word' id='word_1_873' title='bbox 3249 4980 3503 5036; x_wconf 86' lang='lat' dir='ltr'><strong>continuo</strong></span> <span class='ocrx_word' id='word_1_874' title='bbox 3530 4976 3710 5030; x_wconf 83' lang='lat' dir='ltr'><strong>locutus</strong></span> <span class='ocrx_word' id='word_1_875' title='bbox 3732 4965 3843 5058; x_wconf 58' lang='lat' dir='ltr'><strong>itte!“</strong></span> 
     </span>
    </p>
   </div>
   <div class='ocr_carea' id='block_1_106' title="bbox 2343 5054 3839 5147">
    <p class='ocr_par' dir='ltr' id='par_1_106' title="bbox 2343 5054 3839 5147">
     <span class='ocr_line' id='line_1_106' title="bbox 2343 5054 3839 5147; baseline -0.013 -12"><span class='ocrx_word' id='word_1_876' title='bbox 2343 5054 2689 5147; x_wconf 83' lang='lat' dir='ltr'><strong>auditumque</strong></span> <span class='ocrx_word' id='word_1_877' title='bbox 2712 5076 2991 5146; x_wconf 83' lang='lat' dir='ltr'><strong>receperit.</strong></span> <span class='ocrx_word' id='word_1_878' title='bbox 3011 5074 3151 5128; x_wconf 85' lang='lat' dir='ltr'><strong>Nihil</strong></span> <span class='ocrx_word' id='word_1_879' title='bbox 3167 5082 3251 5128; x_wconf 87' lang='lat' dir='ltr'><strong>est</strong></span> <span class='ocrx_word' id='word_1_880' title='bbox 3270 5067 3589 5141; x_wconf 83' lang='lat' dir='ltr'><strong>impossibile</strong></span> <span class='ocrx_word' id='word_1_881' title='bbox 3609 5054 3839 5126; x_wconf 57' lang='lat'><strong>000030&quot;-</strong></span> 
     </span>
    </p>
   </div>
   <div class='ocr_carea' id='block_1_107' title="bbox 2342 5147 3840 5243">
    <p class='ocr_par' dir='ltr' id='par_1_107' title="bbox 2342 5147 3840 5243">
     <span class='ocr_line' id='line_1_107' title="bbox 2342 5147 3840 5243; baseline -0.022 -15"><span class='ocrx_word' id='word_1_882' title='bbox 2342 5174 2425 5243; x_wconf 67' lang='grc' dir='ltr'><strong>χ),</strong></span> <span class='ocrx_word' id='word_1_883' title='bbox 2447 5171 2705 5242; x_wconf 89' lang='lat' dir='ltr'><strong>quidquid</strong></span> <span class='ocrx_word' id='word_1_884' title='bbox 2735 5168 2973 5237; x_wconf 85' lang='lat' dir='ltr'><strong>tetigerit</strong></span> <span class='ocrx_word' id='word_1_885' title='bbox 2999 5167 3158 5230; x_wconf 88' lang='lat' dir='ltr'><strong>valet,</strong></span> <span class='ocrx_word' id='word_1_886' title='bbox 3182 5160 3438 5235; x_wconf 84' lang='lat' dir='ltr'><strong>quidquid</strong></span> <span class='ocrx_word' id='word_1_887' title='bbox 3460 5147 3840 5243; x_wconf 54' lang='lat' dir='ltr'><strong>aspexeritrivcl;</strong></span> 
     </span>
    </p>
   </div>
   <div class='ocr_carea' id='block_1_108' title="bbox 2343 5236 3841 5327">
    <p class='ocr_par' dir='ltr' id='par_1_108' title="bbox 2343 5236 3841 5327">
     <span class='ocr_line' id='line_1_108' title="bbox 2343 5236 3841 5327; baseline -0.022 -8"><span class='ocrx_word' id='word_1_888' title='bbox 2343 5264 2513 5320; x_wconf 88' lang='lat' dir='ltr'><strong>sensit</strong></span> <span class='ocrx_word' id='word_1_889' title='bbox 2541 5263 2738 5327; x_wconf 78' lang='lat' dir='ltr'><strong>lingua,</strong></span> <span class='ocrx_word' id='word_1_890' title='bbox 2765 5266 3051 5314; x_wconf 87' lang='lat' dir='ltr'><strong>senserunt</strong></span> <span class='ocrx_word' id='word_1_891' title='bbox 3075 5271 3229 5311; x_wconf 87' lang='lat' dir='ltr'><strong>aures</strong></span> <span class='ocrx_word' id='word_1_892' title='bbox 3250 5252 3560 5311; x_wconf 79' lang='lat' dir='ltr'><strong>beneﬁcium</strong></span> <span class='ocrx_word' id='word_1_893' title='bbox 3583 5236 3841 5299; x_wconf 77' lang='lat' dir='ltr'><strong>Dominisni,</strong></span> 
     </span>
    </p>
   </div>
   <div class='ocr_carea' id='block_1_109' title="bbox 2342 5341 3838 5425">
    <p class='ocr_par' dir='ltr' id='par_1_109' title="bbox 2342 5341 3838 5425">
     <span class='ocr_line' id='line_1_109' title="bbox 2342 5341 3838 5425; baseline -0.017 -16"><span class='ocrx_word' id='word_1_894' title='bbox 2342 5360 2631 5410; x_wconf 89' lang='lat' dir='ltr'><strong>caruerunt</strong></span> <span class='ocrx_word' id='word_1_895' title='bbox 2674 5349 3092 5420; x_wconf 84' lang='lat' dir='ltr'><strong>impedimentis,</strong></span> <span class='ocrx_word' id='word_1_896' title='bbox 3122 5346 3326 5402; x_wconf 67' lang='lat' dir='ltr'><strong>inertize</strong></span> <span class='ocrx_word' id='word_1_897' title='bbox 3354 5342 3658 5425; x_wconf 76' lang='lat' dir='ltr'><strong>acceperunt</strong></span> <span class='ocrx_word' id='word_1_898' title='bbox 3680 5341 3779 5384; x_wconf 81' lang='lat' dir='ltr'><strong>usus</strong></span> <span class='ocrx_word' id='word_1_899' title='bbox 3829 5356 3838 5369; x_wconf 77' lang='grc' dir='ltr'><strong><em>ο</em></strong></span> 
     </span>
    </p>
   </div>
   <div class='ocr_carea' id='block_1_110' title="bbox 2349 5457 3765 5500">
    <p class='ocr_par' dir='ltr' id='par_1_110' title="bbox 2349 5457 3765 5500">
     <span class='ocr_line' id='line_1_110' title="bbox 2349 5457 3765 5500; baseline -0.01 -1"><span class='ocrx_word' id='word_1_900' title='bbox 2349 5486 2359 5499; x_wconf 76' lang='grc' dir='ltr'>α</span> <span class='ocrx_word' id='word_1_901' title='bbox 2444 5487 2456 5499; x_wconf 67' lang='grc' dir='ltr'><em>υ</em></span> <span class='ocrx_word' id='word_1_902' title='bbox 2537 5486 2549 5499; x_wconf 72' lang='grc' dir='ltr'><strong>ο</strong></span> <span class='ocrx_word' id='word_1_903' title='bbox 2627 5484 2642 5500; x_wconf 80' lang='grc' dir='ltr'><strong>ο</strong></span> <span class='ocrx_word' id='word_1_904' title='bbox 2723 5482 2736 5496; x_wconf 70' lang='grc' dir='ltr'><strong>ι</strong></span> <span class='ocrx_word' id='word_1_905' title='bbox 2818 5483 2829 5494; x_wconf 74' lang='grc'><strong>1</strong></span> <span class='ocrx_word' id='word_1_906' title='bbox 2912 5482 2922 5493; x_wconf 76' lang='grc' dir='ltr'><strong>ι</strong></span> <span class='ocrx_word' id='word_1_907' title='bbox 3007 5481 3019 5495; x_wconf 68' lang='grc' dir='ltr'>α</span> <span class='ocrx_word' id='word_1_908' title='bbox 3101 5480 3112 5491; x_wconf 78' lang='grc' dir='ltr'><strong>ι</strong></span> <span class='ocrx_word' id='word_1_909' title='bbox 3194 5476 3219 5491; x_wconf 78' lang='lat' dir='ltr'><strong>r</strong></span> <span class='ocrx_word' id='word_1_910' title='bbox 3286 5478 3299 5490; x_wconf 72' lang='grc' dir='ltr'><strong><em>ο</em></strong></span> <span class='ocrx_word' id='word_1_911' title='bbox 3382 5478 3393 5489; x_wconf 75' lang='grc' dir='ltr'><strong><em>ο</em></strong></span> <span class='ocrx_word' id='word_1_912' title='bbox 3482 5473 3493 5485; x_wconf 78' lang='grc' dir='ltr'><strong>ο</strong></span> <span class='ocrx_word' id='word_1_913' title='bbox 3582 5468 3593 5481; x_wconf 82' lang='grc'><strong><em>⁸</em></strong></span> <span class='ocrx_word' id='word_1_914' title='bbox 3672 5462 3683 5477; x_wconf 79' lang='grc'><strong><em>⁸</em></strong></span> <span class='ocrx_word' id='word_1_915' title='bbox 3755 5457 3765 5468; x_wconf 53' lang='grc' dir='ltr'>θ</span> 
     </span>
    </p>
   </div>
   <div class='ocr_carea' id='block_1_111' title="bbox 2450 5734 3762 5774">
    <p class='ocr_par' dir='ltr' id='par_1_111' title="bbox 2450 5734 3762 5774">
     <span class='ocr_line' id='line_1_111' title="bbox 2450 5734 3762 5774; baseline -0.003 -5"><span class='ocrx_word' id='word_1_916' title='bbox 2450 5766 2451 5769; x_wconf 55' lang='grc' dir='ltr'><strong>η</strong></span> <span class='ocrx_word' id='word_1_917' title='bbox 2534 5759 2547 5774; x_wconf 66' lang='grc' dir='ltr'><strong><em>ο</em></strong></span> <span class='ocrx_word' id='word_1_918' title='bbox 2629 5759 2638 5770; x_wconf 80' lang='grc' dir='ltr'><strong><em>ο</em></strong></span> <span class='ocrx_word' id='word_1_919' title='bbox 2722 5759 2732 5769; x_wconf 77' lang='grc' dir='ltr'><strong>ι</strong></span> <span class='ocrx_word' id='word_1_920' title='bbox 2816 5758 2827 5769; x_wconf 66' lang='grc' dir='ltr'><strong>ι</strong></span> <span class='ocrx_word' id='word_1_921' title='bbox 2912 5756 2922 5767; x_wconf 77' lang='grc' dir='ltr'><strong>ο</strong></span> <span class='ocrx_word' id='word_1_922' title='bbox 3006 5758 3016 5769; x_wconf 72' lang='grc' dir='ltr'>α</span> <span class='ocrx_word' id='word_1_923' title='bbox 3100 5755 3111 5767; x_wconf 70' lang='grc' dir='ltr'><strong>ι</strong></span> <span class='ocrx_word' id='word_1_924' title='bbox 3194 5755 3206 5769; x_wconf 75' lang='grc' dir='ltr'><strong><em>ο</em></strong></span> <span class='ocrx_word' id='word_1_925' title='bbox 3287 5754 3300 5767; x_wconf 81' lang='grc' dir='ltr'><strong>ο</strong></span> <span class='ocrx_word' id='word_1_926' title='bbox 3382 5752 3392 5764; x_wconf 73' lang='grc' dir='ltr'><strong>Ι</strong></span> <span class='ocrx_word' id='word_1_927' title='bbox 3482 5750 3492 5763; x_wconf 79' lang='grc'><strong><em>⁸</em></strong></span> <span class='ocrx_word' id='word_1_928' title='bbox 3580 5747 3591 5760; x_wconf 73' lang='grc'><strong><em>⁸</em></strong></span> <span class='ocrx_word' id='word_1_929' title='bbox 3669 5740 3681 5753; x_wconf 59' lang='grc' dir='ltr'><strong>ο</strong></span> <span class='ocrx_word' id='word_1_930' title='bbox 3753 5734 3762 5745; x_wconf 65' lang='lat'><strong>&#39;</strong></span> 
     </span>
    </p>
   </div>
  </div>
