4072 6332
217 563 402 613 secuta
440 561 567 610 sunt
593 548 876 614 beneﬁcia,
904 549 1176 605 vinculum
1204 548 1399 620 lingua:
1425 548 1658 604 solutum
1685 555 1796 612 est;

214 650 279 707 de
321 655 485 718 sputo
526 662 627 702 suo
675 646 850 715 tetigit
895 643 1131 714 linguam
1173 644 1292 715 ejus
1332 662 1344 697 :
1387 644 1455 699 de
1500 640 1799 698 substantia

213 738 391 795 carnis
428 752 542 793 suae
583 735 807 807 largitus
833 742 918 791 est
957 735 1273 801 sanitatem;
1299 733 1368 790 de
1393 733 1573 803 digitis
1606 731 1800 787 iterum

214 846 470 887 manuum
498 845 714 887 suarum
737 829 957 884 auribus
984 827 1178 883 infudit
1205 827 1466 882 auditum.
1497 823 1603 880 Per
1629 839 1798 879 mem-

212 924 308 979 bra
337 923 507 977 virtus
534 919 861 992 operabatur
883 918 1206 974 Divinitatis.
1234 916 1353 989 Ipse
1372 925 1429 972 et
1449 932 1591 973 nunc
1610 914 1803 972 surdos

211 1014 340 1070 facit
379 1012 587 1078 audire,
630 1012 683 1067 id
723 1019 807 1068 est
854 1010 1095 1066 infideles
1132 1010 1380 1075 credere;
1414 1009 1540 1080 quia
1579 1009 1709 1079 ﬁdes
1737 1025 1803 1064 ea:

213 1108 432 1172 auditu;
462 1107 672 1161 auditus
701 1114 874 1160 autem
911 1121 1003 1176 per
1028 1102 1232 1159 verbum
1260 1101 1394 1168 Dei;
1426 1111 1593 1157 nantes
1621 1102 1758 1172 loqui
1782 1118 1799 1155 :

210 1202 302 1270 qui
335 1199 646 1256 nesciebant
671 1198 816 1267 loqui
838 1198 1061 1252 verbum
1082 1195 1326 1252 veritatis
1344 1194 1509 1250 efficit
1532 1194 1585 1248 in
1615 1192 1802 1249 Eccle-

210 1293 289 1348 sia
317 1286 572 1347 doctores
599 1299 762 1360 atque
789 1289 1095 1358 magistros,
1126 1287 1507 1359 praedicatores
1534 1285 1796 1351 veritatis,

208 1393 269 1438 ut
296 1384 462 1439 etiam
498 1382 757 1438 doctrinae
783 1381 1011 1436 aliorum
1038 1385 1326 1451 penetrent
1350 1394 1529 1443 aures,
1561 1386 1618 1433 et
1645 1385 1799 1448 pate-

158 1530 161 1533 ,
207 1478 413 1532 faciant
451 1473 907 1545 transpungendo,
939 1472 1147 1542 linguas
1178 1472 1343 1527 etiam
1383 1470 1688 1526 auditorum
1718 1468 1798 1523 fa-

207 1569 357 1624 ciant
394 1566 644 1629 disertas,
692 1579 989 1634 omnesque
1035 1564 1091 1619 in
1138 1564 1345 1618 unitate
1390 1561 1514 1616 lidei
1558 1560 1800 1617 roborati

205 1661 484 1717 exsultent
521 1672 736 1728 semper
772 1657 827 1712 in
873 1656 991 1727 ipso
1034 1655 1264 1709 Domino
1291 1652 1419 1708 Jesu
1447 1650 1798 1716 Christo,.cui

205 1759 289 1806 est
315 1750 490 1821 gloria
519 1757 574 1804 et
602 1747 884 1819 imperium
913 1746 966 1801 in
994 1745 1207 1802 saecula.
1248 1744 1438 1799 Anien.

1069 343 1155 399 DE
1192 340 1552 400 CAPITULIS
1590 335 2137 397 EVANGELIORUM
2178 342 2681 403 EXPOSITIONES.

216 460 470 536 ephetlta,
492 461 598 517 hoc
618 467 702 515 est
724 455 1026 529 adaperire,
1056 473 1178 514 cum
1205 457 1431 529 imperio
1451 454 1661 512 Domini
1681 454 1807 509 sub-
1833 453 1881 511 Δ
1914 496 1927 510 .

3381 348 3494 409 8w
3580 303 3585 309 .

2007 496 2020 510 .
2095 468 2420 528 acceperunt
2494 502 2506 515 .
2588 502 2601 515 .
2682 503 2694 515 .
2776 504 2788 517 .
2870 504 2882 517 .
2962 504 2975 518 .
3057 509 3070 522 .
3146 468 3164 522 '.
3239 468 3329 524 hic
3378 485 3489 540 prt-

1903 563 2021 604 mus
2049 550 2258 619 accepit
2331 592 2345 606 .
2423 591 2437 605 .
2503 570 2521 607 ·.
2602 594 2615 608 .
2694 595 2707 607 .
2786 557 2949 630 779
2977 557 3182 623 Simon,
3210 559 3299 629 qui
3324 562 3487 617 voca-

1902 649 1990 695 tur
2040 640 2267 709 Petrus;
2323 642 2432 700 tilio
2517 685 2530 698 .
2624 688 2637 701 .
2730 689 2742 700 .
2834 689 2846 702 .
2938 691 2949 703 .
3030 691 3146 733 ,1.
3239 692 3253 705 .
3342 693 3355 707 .
3432 661 3491 709 et

1901 732 2062 788 Israel
2116 736 2333 790 nomina
2385 736 2605 794 dinume
2693 783 2704 795 .
2796 783 2808 795 .
2902 782 2915 795 .
2997 783 3011 798 .
3080 732 3103 797 ί.
3184 786 3198 799 .
3275 744 3489 816 Moyses

1901 843 2011 883 non
2057 828 2192 884 dixit
2231 831 2436 901 primus
2471 832 2663 889 haben.
2744 878 2754 889 .
2837 878 2849 891 .
2933 880 2944 892 .
3026 880 3038 893 .
3118 881 3131 895 .
3208 839 3333 911 plici
3367 856 3485 895 ser-

1902 935 2065 977 mone
2098 921 2293 979 haben.
2374 964 2387 977 .
2468 918 2481 978 ζ
2562 966 2576 979 .
2657 966 2672 981 .
2754 970 2766 983 .
2842 929 3028 986 Simon
3091 974 3104 986 .
3188 973 3200 986 .
3281 973 3294 986 .
3374 973 3387 987 .
3468 974 3480 987 .

1902 1028 1969 1068 eo
1997 1029 2186 1071 omnes
2219 1032 2361 1070 nunc
2388 1026 2565 1072 autem
2597 1034 2842 1089 magnam
2920 1063 2934 1076 .
3015 1064 3028 1077 .
3107 1064 3121 1077 .
3202 1063 3216 1077 .
3297 1065 3310 1079 .
3346 1023 3362 1045 ‘
3386 1030 3506 1079 cn-'

1901 1104 2053 1170 tiam,
2083 1114 2141 1160 et
2166 1107 2488 1177 singularem
2530 1110 2793 1165 honorem
2831 1113 3074 1182 praebens
3106 1115 3266 1170 beato
3302 1114 3483 1179 Petro,

1904 1194 2240 1265 Evangelista
2280 1199 2410 1254 dicit
2450 1218 2461 1252 :
2496 1198 2705 1257 Primrs
2749 1203 2955 1268 Simon,
2984 1206 3076 1273 qui
3118 1215 3342 1261 vocatur
3379 1206 3483 1262 Pe-

1902 1297 2036 1353 trus,
2078 1297 2133 1343 et
2170 1288 2362 1347 Petrus
2410 1292 2793 1363 interpretatur
2824 1296 3183 1365 superindutus
3222 1314 3382 1368 super
3418 1314 3482 1354 ea

1902 1397 2021 1451 quae
2049 1381 2102 1435 in
2134 1382 2250 1451 lege
2278 1391 2361 1439 est
2387 1386 2593 1454 puritas
2621 1388 2825 1455 gratim,
2857 1398 3078 1460 propter
3118 1391 3262 1460 quod
3302 1401 3485 1462 pastor

1902 1470 2154 1529 Ecclesia:
2189 1474 2307 1541 fuit,
2337 1476 2558 1548 insuper
2591 1488 2648 1534 et
2687 1490 2871 1549 pastor
2897 1482 3092 1551 gregis.
3126 1483 3291 1540 Pasce
3318 1486 3481 1547 euim,

1903 1562 1978 1617 illi
2007 1564 2081 1618 ait
2107 1564 2280 1629 Jesus,
2310 1583 2439 1623 oves
2459 1584 2606 1625 meas
2626 1569 2803 1642 (Joan.
2830 1572 2961 1642 xxi).
2986 1573 3285 1645 Discipulus
3305 1575 3482 1643 igitur,

1902 1661 1959 1708 et
1980 1652 2233 1711 Ecclesia:
2264 1656 2695 1726 fundamentum,
2739 1671 2795 1717 et
2840 1665 3139 1735 apostolus,
3180 1667 3396 1737 insuper
3431 1678 3486 1723 ct

1902 1752 2108 1816 martyr
2151 1747 2329 1818 capite
2374 1748 2625 1805 deorsum
2670 1752 2853 1809 [lernae
2899 1764 2983 1813 est
3024 1757 3343 1824 crucifixus;
3386 1773 3486 1828 pro

174 1844 371 1935 ⁸778
408 1859 603 1915 XXII.
644 1859 781 1915 Item
816 1859 878 1913 de
916 1854 1437 1935 lectioneAEvangelii
1466 1852 1637 1909 Marc.
1680 1869 1791 1919 VIII,

1901 1835 2092 1904 quibus
2120 1838 2202 1935 his
2228 1840 2478 1895 omnibus
2496 1840 2779 1912 dupliciter
2797 1854 3086 1903 coronatus
3106 1856 3208 1903 est.
3234 1823 3486 1919 Propter-

772 1947 805 1983 a
833 1945 965 1983 vers.
990 1927 1016 1981 1
1045 1927 1115 1981 ad
1140 1925 1229 1981 26.

274 2026 487 2080 Dictum
505 2031 591 2079 est
617 2022 796 2087 hodie,
820 2021 1082 2077 recitante
1105 2026 1296 2076 sancto
1319 2017 1627 2088 Evangelio,
1652 2018 1797 2088 quod

209 2117 477 2171 Dominus
500 2114 657 2170 Jesus
683 2112 927 2168 Christus
955 2110 1022 2166 de
1050 2118 1258 2181 septem
1285 2109 1514 2180 panibus
1540 2108 1798 2180 populum

201 2208 530 2266 salutaverit
571 2215 630 2263 et
674 2206 742 2261 de
784 2204 969 2276 paucis
1012 2202 1268 2274 piscibus,
1309 2202 1656 2272 collectoque
1690 2202 1799 2257 sint

202 2304 380 2376 plena:
426 2302 849 2371 fragmentorum
894 2306 1101 2367 septem
1141 2301 1357 2366 sport'e.
1402 2293 1518 2349 Rex
1563 2294 1799 2350 cmlestis

202 2394 467 2450 Dominus
495 2400 680 2447 noster
704 2389 860 2445 Jesus
878 2387 1125 2443 Christus
1144 2394 1201 2441 et
1218 2384 1287 2441 de
1313 2394 1457 2440 terra
1485 2392 1541 2440 et
1568 2384 1636 2439 de
1662 2386 1796 2440 mari

201 2486 380 2559 pascit
425 2483 682 2555 populum
722 2496 898 2559 suum.
946 2476 1166 2548 Septem
1212 2477 1443 2547 panibus
1487 2483 1799 2530 saturantur
1902 2517 1914 2530 .
2008 2518 2021 2531 .

1899 1942 1963 1983 ea
1992 1943 2120 1998 ergo
2141 1928 2300 1999 digne
2328 1931 2712 2003 interpretatur
2740 1933 2930 1992 Petrus
2955 1939 3342 2011 superindutus.
3378 1939 3486 1995 An-

1900 2017 2057 2082 dreas
2086 2019 2252 2076 frater
2278 2021 2395 2091 ejus
2418 2023 2803 2095 interpretatur
2821 2028 3113 2084 obstructus
3186 2070 3199 2084 .
3280 2070 3294 2085 .

1904 2148 1916 2162 .
1994 2112 2301 2166 custoribus
2338 2113 2482 2169 dein.
2564 2156 2576 2169 .
2657 2158 2668 2170 .
2751 2157 2763 2169 .
2844 2158 2856 2171 .
2940 2160 2953 2173 .
3035 2162 3049 2175 .
3127 2162 3140 2175 .
3224 2161 3237 2176 .
3314 2123 3330 2176 i

1898 2210 2144 2272 pretatur
2171 2206 2545 2263 circumventus

200 2558 417 2636 omnes.
447 2575 626 2644 Quare
663 2558 932 2644 putamus,
964 2571 1066 2627 iste
1091 2570 1325 2641 scriptus
1351 2570 1422 2625 sit
1450 2584 1703 2624 numerus
1741 2567 1797 2623 in
1902 2610 1915 2623 .
2015 2610 2027 2624 .

199 2670 472 2744 panibus?
518 2667 763 2722 Arbitror
798 2663 945 2734 quod
982 2661 1339 2732 donogratizc
1364 2660 1561 2716 Christi
1590 2668 1797 2731 septem

200 2771 330 2819 sunt
367 2759 624 2817 Ecclesia:
668 2757 991 2822 constitutas,
1022 2771 1122 2826 per
1159 2769 1387 2824 quarum
1420 2752 1794 2825 Septiformem

202 2866 494 2910 numerum
537 2864 725 2905 omnes
770 2847 954 2918 populi
1005 2846 1057 2900 in
1095 2843 1311 2901 Christo
1350 2853 1670 2916 pascuntur;
1701 2843 1797 2899 sed

202 2955 254 3001 et
277 2952 495 3015 septem
514 2946 713 3013 sporta:
740 2945 1028 3011 supersunt
1047 2938 1236 3008 plenzc,
1255 2937 1379 3007 quia
1402 2951 1673 3007 nunquam
1695 2935 1795 2993 Ec-

202 3037 492 3093 clesiarum
517 3034 776 3089 minuitur
796 3031 988 3107 gratia,
1015 3029 1111 3086 sed
1136 3043 1349 3100 semper
1373 3026 1605 3099 Spiritus
1625 3029 1796 3083 sancti

203 3129 457 3199 largitate
491 3125 850 3183 cumulantur.
892 3122 1017 3179 Haec
1051 3121 1379 3194 septiftrmis
1405 3120 1643 3178 Ecclesia
1671 3137 1795 3193 per-

1897 2670 2018 2717 tans
2043 2661 2305 2727 dolorem,
2337 2664 2389 2718 in
2409 2680 2520 2734 quo
2539 2667 2681 2721 enim
2759 2708 2772 2721 .
2854 2709 2866 2723 .
2948 2710 2961 2723 .
3043 2711 3057 2725 .
3138 2711 3151 2724 .
3229 2680 3485 2737 mortem.

1895 2761 1951 2807 et
1978 2754 2181 2823 sprevit
2205 2754 2469 2810 dolorem.
2499 2757 2632 2813 Cum
2656 2758 2724 2813 ab
2753 2758 2964 2816 Herode
2987 2769 3149 2833 caput
3168 2761 3218 2816 ei
3240 2769 3483 2832 amputa-

1898 2853 2009 2899 tum
2038 2843 2137 2900 fuit
2202 2886 2217 2900 .
2277 2882 2291 2901 .
2360 2887 2373 2900 .
2453 2885 2469 2902 .
2549 2888 2561 2902 .
2642 2889 2656 2903 .
2735 2849 2786 2904 in
2810 2850 3286 2908 hoccircumvenit
3312 2852 3486 2923 ipsum

2367 2956 2428 2996 re
2474 2941 2713 3011 iniquum
2750 2942 3047 3011 diabolum,
3078 2960 3200 3000 cum
3228 2945 3486 3001 velociter

1899 3046 1965 3086 ex
1990 3030 2097 3087 hoc
2118 3032 2318 3087 mundo
2340 3032 2394 3087 in
2423 3047 2586 3102 regna
2616 3031 2867 3089 transiret
2893 3035 3152 3101 cmlestia,
3178 3043 3233 3090 et
3249 3033 3485 3092 Joannes

1899 3124 2066 3180 frater
2092 3123 2229 3193 ejus.
2259 3123 2496 3182 Joannes
2523 3127 2665 3180 enim
2695 3126 3081 3198 interpretatur
3107 3127 3485 3183 obediensoDa-

203 3190 409 3279 fectum
436 3221 491 3276 in
519 3236 578 3276 se
603 3232 884 3274 numerum
913 3224 1081 3283 tenet,
1104 3190 1259 3272 siculi
1288 3222 1575 3284 etseptem
1599 3190 1714 3268 dies
1743 3212 1795 3267 in
1822 3190 1868 3251 ο
1900 3219 2059 3272 mino.
2093 3190 2161 3271 Et
2188 3218 2309 3287 quis
2346 3218 2423 3275 sic
2460 3217 2697 3273 obedivit
2726 3190 2956 3274 Domino
2993 3219 3133 3275 sicut
3171 3218 3284 3289 ipse
3320 3219 3485 3283 toan.

205 3311 395 3368 mundi
442 3310 775 3383 perfectione
820 3308 1178 3379 complentur,
1211 3316 1268 3362 et
1300 3316 1508 3378 septem
1534 3321 1797 3361 annorum

210 3404 385 3479 millia
414 3403 483 3458 ad
512 3402 679 3473 ipsius
716 3401 899 3455 mundi
928 3399 1446 3467 consummationem
1470 3398 1644 3469 posita
1671 3411 1800 3468 per-

208 3495 484 3550 hibentur.
509 3492 646 3546 Nam
671 3499 726 3547 et
750 3491 800 3545 in
826 3489 1146 3562 Apocalypsi
1173 3485 1321 3559 (Cap.
1348 3492 1402 3559 v)
1426 3496 1632 3559 septem
1654 3484 1796 3541 oculi

207 3586 426 3643 Domini
452 3584 722 3651 dicuntur,
748 3583 839 3653 qui
861 3578 1199 3652 speculantes
1221 3579 1497 3644 mundum,
1518 3587 1575 3634 et
1592 3586 1800 3647 septem

206 3678 383 3736 stella:
412 3678 464 3732 in
493 3676 738 3731 manibus
766 3674 882 3730 Dei.
905 3673 982 3729 lta
1006 3672 1148 3728 enim
1176 3678 1385 3741 septem
1405 3679 1602 3741 sporta:
1628 3670 1801 3741 plena:

207 3785 501 3843 superesse
548 3774 931 3830 monstrantur,
976 3772 1036 3819 ut
1081 3778 1290 3833 semper
1333 3760 1585 3817 Ecclesia:
1628 3762 1801 3834 plena:

207 3866 386 3934 gratia
412 3860 611 3916 Christi
640 3873 761 3915 esse
800 3864 1110 3912 noscantur.
1157 3853 1289 3909 item
1323 3853 1391 3909 de
1428 3869 1570 3909 cmco
1606 3852 1801 3907 illumi-

209 3965 341 4012 nato
366 3955 421 4010 in
442 3950 789 4022 sequentibus
807 3947 1005 4003 dictum
1030 3953 1132 4012 est,
1156 3943 1300 4016 quod
1327 3944 1518 3998 iterum
1547 3942 1800 3998 Dominus
1905 3987 1917 4000 .

209 4048 373 4105 Iesus
408 4044 656 4099 Christus
705 4040 888 4096 videns
936 4055 1136 4095 mecum
1184 4052 1213 4092 a
1264 4035 1542 4092 natlvitate
1588 4050 1683 4091 sua
1725 4035 1800 4090 ita

208 4134 520 4194 curaverit:
552 4132 795 4202 Exspuit,
829 4130 1021 4200 inquit,
1051 4131 1105 4183 in
1134 4128 1295 4182 oculis
1323 4134 1453 4199 ejus,
1485 4136 1535 4181 et
1562 4126 1802 4196 imposuit

208 4209 426 4283 manum
454 4240 623 4288 suam,
645 4233 694 4276 et
717 4221 1056 4291 interrogavit
1082 4236 1199 4274 eum
1226 4220 1271 4272 si
1293 4217 1488 4289 aliquid
1511 4216 1728 4281 rideret;
1751 4226 1801 4270 et

207 4323 347 4377 dixit
378 4318 504 4373 ille:
537 4315 696 4371 Video
723 4314 954 4368 homines
981 4313 1112 4366 sicut
1134 4300 1345 4377 arbores
1371 4309 1708 4365 ambulantes.
1734 4306 1801 4363 Et

209 4414 411 4468 iterum
440 4404 697 4477 imposuit
725 4419 960 4467 manmn,
983 4413 1039 4458 et
1065 4401 1196 4485 vidit
1219 4402 1362 4457 clare
1390 4402 1587 4457 omnia.
1617 4400 1802 4456 Czecus

207 4505 332 4569 iste,
367 4500 455 4556 cui
483 4497 734 4554 nativitas
770 4512 868 4551 sua
909 4511 1018 4549 non
1054 4495 1276 4551 dederat
1313 4495 1506 4559 lucem,
1543 4493 1638 4550 sed
1666 4510 1800 4548 nau-

208 4596 443 4666 fragiqu
462 4592 607 4648 visus
628 4590 680 4644 in
711 4589 822 4660 ipsa
853 4587 1133 4642 uativitate
1157 4595 1484 4656 susceperat,
1514 4601 1654 4641 nunc
1676 4602 1803 4641 con-

207 4689 461 4758 sequitur
484 4700 517 4739 n
544 4683 773 4737 Domino
812 4680 1133 4735 medicinam
1168 4697 1181 4731 :
1213 4678 1304 4732 lux
1344 4693 1471 4731 vera
1505 4676 1802 4754 Salvatoris
1845 4691 1853 4703 '

212 4777 409 4843 nostri,
442 4776 534 4847 qui
575 4773 692 4842 ejus
732 4773 917 4828 oculos
951 4771 1305 4839 tenebrasque
1334 4769 1671 4839 illuminavit,
1704 4784 1799 4823 ca-

210 4873 520 4943 ptivitatem
564 4868 710 4922 visus
746 4863 994 4927 removit,
1027 4861 1207 4916 libera:
1246 4861 1379 4915 lucis
1403 4859 1623 4914 donavit
1646 4874 1801 4929 aspe-

208 4975 385 5021 ctum.
421 4961 551 5017 Post
577 4960 765 5028 longas
793 4957 1043 5012 tenebras
1066 4954 1281 5009 luminis
1310 4954 1511 5024 impetu
1542 4951 1799 5017 radiatus,

208 5061 391 5132 primo
420 5054 729 5112 nutantibus
757 5051 946 5116 oculis,
983 5048 1196 5105 videbat
1237 5047 1390 5118 quasi
1427 5047 1648 5102 arbores
1685 5061 1800 5100 am-

211 5152 497 5213 bulantes;
530 5144 724 5201 deinde
764 5144 961 5219 iterata.
1033 5182 1045 5194 .
1126 5182 1139 5194 .
1220 5181 1231 5193 .
1312 5180 1325 5225 ἶ
1407 5179 1419 5192 .
1501 5179 1513 5191 .
1594 5178 1607 5191 .
1689 5179 1697 5190 .
1783 5180 1794 5192 .

214 5465 395 5523 XXII
403 5464 473 5520 1..
500 5463 872 5533 Fragmentum
914 5471 1093 5533 stipes
1114 5457 1209 5510 illa
1252 5454 1404 5533 verba
1452 5472 1469 5508 :
1496 5454 1800 5533 “Duodecim

287 5524 643 5608 apostolorum
671 5532 881 5608 nomina
923 5524 1046 5608 sunt
1073 5528 1183 5608 licet
1207 5543 1231 5608 A:
1264 5526 1458 5607 primus
1490 5524 1691 5608 Simon,
1715 5525 1800 5594 qui

288 5595 481 5661 dicitur
520 5595 728 5665 Petrus,
760 5608 808 5655 et
838 5598 1070 5652 Andreas
1114 5599 1275 5669 frater
1313 5596 1444 5665 ejus,
1487 5604 1535 5647 et
1582 5595 1800 5666 reliqua,

288 5676 483 5732 Matth.
515 5690 568 5738 κ,
595 5673 646 5725 5.

214 5830 237 5850 .
323 5831 338 5843 .
420 5828 432 5840 .
514 5828 525 5839 .
606 5824 617 5837 .
700 5822 714 5836 .
794 5821 807 5835 .
874 5780 1012 5839 sicut
1040 5780 1240 5850 primus

1900 3325 2016 3375 nes,
2041 3310 2131 3378 qui
2161 3308 2311 3378 sequi
2332 3324 2456 3363 eum
2482 3307 2661 3377 jussus
2681 3318 2782 3374 est,
2806 3318 2862 3364 et
2879 3325 3043 3380 super
3068 3318 3255 3380 pectus
3274 3309 3485 3365 Domini

1898 3399 2178 3455 recubuit?
2206 3398 2303 3454 llic
2333 3406 2388 3454 et
2415 3398 2554 3454 illius
2585 3399 2804 3454 tonitrni
2830 3415 2950 3456 cum
2980 3398 3183 3456 Iacobo
3211 3400 3459 3468 cognomi

1899 3499 2057 3546 natus
2084 3497 2186 3554 est,
2229 3500 2482 3561 tanquam
2520 3490 2745 3561 spiritali
2770 3499 2826 3546 et
2852 3491 3057 3547 cmlesti
3080 3490 3277 3545 virtute
3305 3491 3357 3545 in
3389 3505 3485 3545 no-

1900 3582 2119 3638 vissimo
2149 3582 2202 3636 in
2229 3590 2414 3638 sancta
2446 3579 2683 3637 Ecclesia
2708 3588 3007 3637 tonaturus.
3034 3579 3161 3637 Post
3186 3581 3285 3635 hos
3305 3590 3485 3636 autem

1902 3671 2198 3743 Philippus,
2226 3672 2317 3741 qui
2356 3672 2742 3741 interpretatur
2770 3674 3036 3744 confusus,
3067 3671 3160 3727 sed
3198 3680 3375 3727 tamen
3406 3672 3485 3726 vi-

1900 3760 2062 3831 veus‘;
2092 3762 2233 3819 unde
2261 3772 2317 3818 et
2346 3761 2542 3818 Paulus
2562 3763 2691 3818 dicit
2716 3780 2727 3816 ε
2753 3762 3131 3833 Spectaculum
3155 3763 3277 3818 lacti
3305 3778 3487 3818 sumus

1902 3855 2028 3911 huic
2073 3854 2302 3920 mundo;
2352 3859 2408 3908 et
2453 3845 2711 3922 tanquam
2758 3860 3111 3924 purgamenta
3191 3893 3203 3907 .
3284 3893 3297 3906 .
3376 3893 3389 3906 .
3472 3893 3485 3906 .

1901 4225 2053 4282 Nunc
2072 4235 2127 4282 et
2155 4225 2577 4285 Bartholonueus
2597 4228 2985 4299 interpretatur
3005 4228 3149 4297 ﬁlius
3169 4227 3489 4281 carissimus.

1902 4316 2135 4388 Ideoque
2163 4320 2305 4374 enim
2335 4334 2458 4375 eum
2487 4319 2554 4374 ad
2584 4319 2947 4391 apostolatum
2980 4317 3209 4382 vocavit,
3242 4325 3297 4372 et
3324 4317 3489 4373 caris~

1901 4411 2096 4468 simum
2116 4427 2237 4467 eum
2259 4412 2426 4467 tiliqu
2485 4452 2499 4466 .
2580 4452 2593 4466 .
2676 4453 2688 4465 .
2758 4452 2771 4464 .
2846 4451 2862 4464 .
2926 4410 3251 4465 nominaret.
3276 4405 3498 4463 Utinam

1903 4510 2080 4559 otnos
2096 4519 2285 4559 omnes
2359 4542 2373 4557 .
2452 4543 2468 4557 .
2545 4543 2558 4556 .
2630 4542 2645 4556 .
2716 4542 2727 4554 .
2799 4501 3028 4555 filiorum
3049 4498 3342 4568 adoptione
3361 4514 3495 4553 con»

1903 4609 2202 4659 versemur,
2225 4600 2285 4647 ut
2312 4590 2575 4647 carissimi
2622 4588 2714 4643 filii
2754 4588 2849 4643 Dei
2880 4601 3347 4642 connumeremnr.
3384 4586 3497 4641 De-

1904 4684 2028 4739 inde
2057 4682 2311 4747 Thomas,
2340 4682 2432 4752 qui
2464 4681 2848 4749 interpretatur
2889 4674 3123 4747 abyssus,
3155 4675 3239 4731 vel
3271 4678 3499 4749 profun-

1902 4775 2046 4834 dum.
2077 4771 2161 4827 vel
2189 4769 2560 4835 inscrutaln'lis,
2583 4769 2723 4825 sicut
2750 4778 2842 4822 Vas
2872 4766 3103 4837 Spiritus
3130 4767 3322 4831 sancti,
3346 4766 3492 4823 velut

1903 4862 2161 4934 templum
2201 4860 2487 4927 Paracleti,
2515 4860 2608 4929 qui
2646 4859 2826 4913 omnia
2855 4865 3146 4924 scrutatur,
3176 4858 3268 4927 qui
3306 4860 3499 4914 omnia

1901 4951 2163 5025 profunda
2193 4951 2419 5022 requirit
2447 4950 2498 5004 in
2524 4950 2609 5006 his
2637 4966 2755 5021 quas
2778 4943 2914 5006 facta
2944 4958 3069 5004 sunt
3097 4957 3152 5005 et
3180 4950 3232 5005 in
3262 4952 3491 5019 angelis,

1906 5054 1963 5101 ct
1979 5045 2033 5099 in
2053 5043 2377 5099 hominibus.
2399 5041 2467 5121 Et
2487 5041 2786 5117 Matthzens,
2808 5042 2899 5113 qui
2922 5042 3306 5114 interpretatur
3326 5045 3497 5117 780
3533 5058 3536 5060 ‘

1907 5137 2098 5191 donum
2128 5136 2265 5190 vitta.
2298 5134 2499 5204 Duplex
2526 5134 2669 5189 enim
2695 5133 2897 5189 donum
2924 5133 3047 5188 vikc
3071 5134 3489 5204 magniﬁcentis-

1906 5225 2072 5280 sinius
2091 5222 2371 5279 Matthteus
2388 5223 2514 5278 huic
2535 5222 2736 5278 mundo
2753 5222 2923 5279 factus
2945 5232 3055 5289 est;
3087 5233 3142 5280 et
3164 5240 3233 5280 ex
3254 5240 3321 5280 eo
3344 5225 3497 5294 quod

1907 5315 2204 5386 apostolus,
2234 5323 2288 5369 et
2312 5329 2377 5369 ex
2408 5329 2475 5369 eo
2503 5314 2647 5383 quod
2685 5315 3013 5384 evangelista
3042 5314 3280 5371 Hebrtnis
3306 5314 3491 5382 singu-

1906 5408 2092 5463 lariter
2116 5406 2379 5463 Hebraice
2404 5406 2510 5461 hoc
2536 5404 2880 5474 Evangelium
2901 5406 3132 5475 scripsit,
3163 5413 3218 5459 et
3241 5404 3496 5472 gentibus

1901 5501 2263 5571 singulariter,
2294 5514 2391 5569 per
2419 5498 2566 5568 quod
2601 5498 2850 5569 gentibus
2890 5498 2995 5552 hoc
3026 5496 3362 5551 enuntiatum
3404 5505 3489 5551 est

1903 5593 2273 5663 Evangelium.
2316 5590 2423 5647 Sed
2452 5590 2752 5655 Matthmus,
2784 5589 2955 5657 inquit
2982 5588 3300 5657 publicanus
3376 5629 3390 5643 .
3466 5627 3482 5642 .

2096 5724 2107 5736 .
2185 5698 2251 5738 ex
2280 5682 2469 5753 patris,
2501 5681 2585 5735 vel
2613 5696 2681 5735 ex
2710 5678 2815 5743 avi,
2848 5678 2931 5732 vel
2956 5692 3025 5732 ex
3054 5678 3205 5746 regio
3279 5717 3293 5729 .
3377 5719 3389 5731 .
3471 5721 3483 5734 .

2006 5816 2019 5828 .
2096 5775 2313 5830 natione
2342 5773 2604 5829 nominas.
2632 5769 2707 5824 Te
2730 5769 2903 5839 ipsum
2931 5784 3060 5825 vero
3084 5770 3152 5827 de
3179 5769 3502 5840 publicano,
