4072 6332
520 302 626 355 855

1368 304 1707 362 APPENDIX
1743 304 2021 363 OPERUM
2060 306 2117 363 S.
2158 306 2402 363 MAXIMI
2441 258 2909 366 TAURINENSIS.

3668 309 3777 368 856

521 423 697 476 facere
730 428 975 487 conetur,
1005 437 1164 478 nemo
1195 421 1555 491 negotiatione
1578 422 1682 495 (hic
1694 423 1905 495 utiquid
1932 424 2092 495 omis-
2116 424 2168 485 Α
2195 421 2437 495 retulerit
2459 422 2689 481 fructum
2707 422 2878 495 bonae
2890 421 3199 495 voluntatis.
3222 422 3341 495 Duo
3355 422 3530 495 babes
3554 441 3569 476 :
3595 438 3778 480 resur-

519 507 632 565 sum
652 498 746 556 est,
768 508 890 565 nam
910 509 1087 548 sensus
1107 490 1379 565 suspensus
1399 490 1675 565 remanet),
1694 490 1934 565 Denique
1954 493 2094 565 inter

519 562 669 647 ipsos
704 563 1068 647 negotiatores
1118 562 1224 647 ista
1258 572 1348 647 est.
1384 562 1739 647 consuetudo,
1775 571 1839 647 ut
1881 563 1939 647 si
1973 563 2094 647 quis

518 630 761 687 fraudem
788 630 995 705 fecerit,
1018 635 1171 703 quasi
1200 633 1566 705 fraudulentus
1587 630 1878 705 rejiciatur.
1906 630 2093 705 Sancti

520 716 649 773 ergo
675 703 905 773 apostoli
934 706 986 759 in
1016 702 1175 760 unum
1205 702 1587 760 convenientes
1623 702 1947 759 breviarium
1970 702 2093 759 ﬁdei

519 772 783 845 iecerunt,
813 773 904 828 ubi
931 775 1165 831 breviter
1193 774 1313 830 ﬁdei
1337 776 1501 831 totius
1526 775 1723 831 seriem
1741 774 2096 845 comprehen-

519 842 746 910 damus;
776 845 1011 916 brevitas
1037 847 1341 902 necessaria
1368 853 1472 915 est,
1500 854 1560 901 ut
1585 860 1800 916 semper
1834 842 2095 900 memoria

520 920 576 987 et
597 913 978 987 recordatione
1021 924 1279 971 teneatur.
1327 913 1465 973 Scio
1481 918 1535 973 in
1570 913 1831 987 partibus,
1859 916 2095 987 maxime

519 978 769 1057 Qrientis,
797 986 937 1057 quod
965 1001 1031 1042 ea
1067 1002 1185 1057 quae
1228 987 1401 1057 primo
1442 978 1634 1042 tradita
1662 978 1843 1057 sunt
1872 985 2094 1057 majori-

518 1053 622 1126 bus
650 1053 864 1126 nostris,
896 1056 1020 1112 dum
1049 1053 1204 1126 quasi
1230 1053 1470 1113 fraudem
1500 1058 1611 1126 alii,
1642 1056 1732 1112 alii
1766 1053 2094 1123 diligentiam

518 1122 862 1196 impendunt;
894 1122 1133 1182 fraudem
1160 1128 1348 1182 volunt
1374 1122 1634 1196 haeretici,
1656 1122 1980 1195 diligentiam
2002 1141 2093 1181 ca-

519 1194 724 1266 tholici.
754 1195 888 1250 Dum
915 1212 1043 1266 ergo
1064 1197 1139 1252 illi
1164 1195 1527 1253 fraudulenter
1551 1194 1815 1253 conantur
1836 1196 2092 1266 irrepere,

518 1264 838 1320 addiderunt
882 1264 1026 1336 quod
1067 1284 1173 1323 non
1221 1284 1355 1336 opus
1401 1277 1514 1333 est;
1550 1269 1676 1323 dum
1723 1267 1812 1322 isti
1854 1264 2096 1321 fraudem

517 1348 823 1408 praecavere
850 1337 1198 1402 contendunt,
1238 1337 1374 1395 ﬁnes
1417 1339 1682 1408 majorum
1717 1338 1865 1394 velut
1897 1338 2097 1408 pietate

519 1406 750 1475 quadam
799 1415 855 1462 et
900 1408 1105 1463 incuria
1145 1408 1391 1464 videntur
1434 1406 1552 1464 esse
1597 1408 1867 1478 progressi
1898 1406 1920 1460 ἐ
1967 1422 2096 1478 ergo

519 1478 748 1558 apostoli
769 1478 938 1558 sancti
958 1480 1336 1558 convenientes
1363 1477 1612 1558 fecerunt
1623 1477 1942 1558 symbolum.
1968 1477 2099 1558 Bre-

518 1548 658 1621 giter
680 1548 909 1621 _signate
933 1566 1051 1621 vos.
1082 1548 1214 1621 Cum
1254 1550 1614 1621 complessent
1640 1548 1693 1604 in
1716 1550 1825 1621 hoc
1852 1548 2097 1621 symbolo

518 1615 905 1689 Divinitatem,
932 1618 1231 1676 Divinitatis
1284 1615 1498 1676 anei-na:
1551 1620 1795 1676 doctrina
1847 1615 2095 1689 comprev

518 1686 686 1743 hensa
722 1695 823 1745 est.
869 1688 935 1743 Et
972 1689 1116 1759 quod
1154 1689 1285 1745 ﬁdes
1314 1701 1495 1747 nostra
1527 1692 1625 1746 ista
1657 1691 1744 1757 sit,
1777 1686 2095 1759 utpari'ge-

519 1772 650 1812 nere
695 1758 1074 1830 credamus'in
1125 1760 1356 1825 Patrem,
1397 1770 1452 1817 et
1498 1760 1710 1829 Filium,
1741 1768 1796 1815 et
1836 1758 2093 1830 Spiritum

518 1836 780 1900 sanctum.
811 1827 908 1884 Ubi
937 1832 1078 1895 enim
1108 1832 1250 1885 nulla
1273 1831 1526 1887 discretio
1548 1827 1844 1900 majeStatis
1864 1827 1966 1897 est,
1994 1844 2094 1885 nec

518 1896 642 1971 ﬁdei
671 1898 843 1971 debet
858 1916 977 1955 esse
1004 1901 1280 1955 discretio.
1330 1900 1551 1971 Deinde
1572 1896 1881 1971 frequenter
1907 1896 2094 1971 admoe

518 1969 613 2039 nui
654 1970 780 2039 quia
819 1969 1077 2026 Dominus
1116 1979 1298 2026 noster
1336 1970 1491 2027 Jesus
1528 1968 1772 2026 Christus
1800 1968 1965 2024 Filius
1998 1969 2094 2025 Dei

517 2038 908 2111 solusfcarnem
934 2041 1291 2111 itasuscepit,
1314 2058 1433 2097 cum
1464 2042 1640 2096 anima
1667 2042 1902 2111 humana
1929 2040 2095 2096 ratio-

516 2109 681 2164 nabili
720 2119 881 2182 atque
909 2109 1149 2181 perfecta
1188 2109 1243 2167 et
1287 2113 1522 2181 suscepit
1559 2111 1802 2182 corporis
1842 2110 2089 2182 formam,

517 2180 761 2249 corporis
808 2180 962 2236 istius
1000 2183 1308 2248 veritatem,
1350 2180 1521 2238 factus
1552 2190 1634 2236 est
1658 2180 1732 2237 ιιι
1776 2181 1970 2248 homo;
1999 2181 2095 2236 sed

516 2249 677 2323 habet
728 2252 958 2323 speciale
1009 2253 1341 2323 privilegium
1386 2252 1747 2322 generationis
1793 2266 1921 2307 sum.
1973 2250 2093 2323 Non

518 2320 661 2400 enim
691 2336 758 2375 ex
788 2321 924 2377 virili
953 2320 1111 2400 ustus
1133 2320 1221 2400 est
1235 2320 1461 2400 semine,
1491 2323 1585 2379 sed
1612 2331 1896 2400 geueratus
1922 2337 1954 2376 a
1974 2320 2096 2400 Spi-

516 2392 625 2462 ritu
652 2399 841 2447 sancto
870 2408 936 2448 ex
965 2392 1131 2448 Maria
1171 2394 1395 2461 virgine,
1426 2394 1834 2462 praerogativam
1858 2392 2095 2448 auctoris

516 2460 751 2533 cmlestis
779 2476 1099 2530 agnoscens,
1122 2460 1294 2519 factus
1320 2460 1534 2533 quidem
1562 2460 1623 2519 ut
1647 2464 1827 2529 homo,
1859 2470 1929 2533 ut
1944 2462 2094 2516 inﬁr-

516 2531 756 2604 mitates
782 2541 995 2589 nostras
1040 2534 1095 2588 in
1141 2549 1238 2588 sua
1283 2531 1447 2589 carne
1491 2535 1807 2604 susciperet,
1842 2532 1938 2604 sed
1973 2547 2095 2588 cum

518 2601 799 2670 privilegio
852 2604 996 2658 venit
1041 2604 1335 2673 majestatis
1381 2601 1810 2672 aetermefErgo
1854 2603 2095 2673 dicamus

517 2673 843 2745 symbolum,
883 2682 940 2728 et
973 2689 1095 2745 cum
1130 2672 1374 2745 dixisses,
1410 2674 1715 2745 complevit,
1758 2673 1958 2745 dicens,
1992 2672 2095 2727 hoc

516 2740 682 2814 b’ahet
726 2740 1001 2814 Scriptura
1029 2744 1229 2814 divina.
1268 2744 1517 2814 Nunquid
1533 2740 1702 2814 supra
1730 2743 2095 2814 apostolorum

518 2808 679 2864 ﬁdem
707 2808 959 2880 progredi
986 2813 1176 2869 audaci
1203 2822 1384 2870 mente
1406 2808 1698 2870 debemus?
1727 2808 1975 2881 Nunquid
1997 2827 2096 2868 nos

519 2893 702 2934 sumus
748 2882 1005 2950 apostolis
1050 2884 1350 2938 cautiores?
1389 2884 1492 2938 Sed
1538 2884 1672 2938 dicis
1713 2883 1864 2949 mihi,
1904 2890 2121 2951 postea.

519 2959 855 3021 emerserunt
880 2952 1137 3018 hmreses;
1169 2968 1315 3021 nam,
1335 2961 1396 3008 ut
1418 2953 1602 3008 dicunt
1621 2952 1850 3021 apostoli
1881 2950 2094 3021 {Opor—

518 3025 600 3074 tet
626 3019 856 3094 hazreses
878 3037 1022 3094 esse,
1038 3027 1105 3094 ut
1127 3022 1255 3077 boni
1280 3019 1578 3094 probentur
1601 3019 1799 3094 (ἴσον.
1820 3022 1929 3094 _1x).
1954 3019 2095 3094 Quid

518 3091 685 3172 ergo?
717 3091 845 3147 Vide
872 3091 1296 3172 simplicitatem,
1317 3093 1439 3149 vide
1466 3091 1774 3172 puritatem.
1818 3091 2091 3172 Patripas-

2196 492 2336 566 rexit
2361 508 2394 547 a
2422 502 2618 566 morte,
2640 494 2791 566 sedet
2816 492 2883 566 ad
2922 492 3229 566 dexteram;
3256 492 3389 548 nihil
3429 507 3563 566 ergo
3600 495 3778 566 potuit

2196 561 2387 620 afferre
2413 579 2541 620 caro
2568 563 2862 619 divinitatis
2888 563 3071 633 gloriae
3096 561 3647 620 detrimentumeu'o
3674 565 3775 620 ba—

2195 635 2311 699 bes,
2334 644 2427 689 aut
2450 634 2603 703 quasi
2631 634 2922 705 secundam
2949 634 3357 705 praerogativam
3380 633 3703 705 divinitatis,
3722 642 3780 691 et

2197 702 2506 760 substantia:
2548 704 2911 773 generationis
2949 702 3076 770 sum,
3108 702 3366 763 Dominus
3402 712 3594 760 noster
3624 702 3778 761 Iesus

2197 774 2443 832 Christus
2470 775 2621 830 sedet
2665 774 2731 829 ad
2768 774 3066 841 dexteram,
3097 789 3218 829 cum
3247 789 3279 828 a
3304 783 3481 830 morte
3518 775 3777 843 surrexit,

2199 852 2293 901 aut
2317 853 2477 927 certe
2491 845 2643 927 quasi
2669 844 3025 927 triumphator
3060 852 3311 927 aeternus,
3335 844 3429 914 qui
3452 844 3661 927 bonum
3687 861 3778 927 re-

2198 930 2359 985 gnum
2388 914 2531 970 Patri
2543 915 2907 986 comparavit,
2939 915 3345 986 praerogativam
3369 930 3498 986 suae
3536 915 3779 971 victoria:

2198 983 2505 1041 vindicavit.
2533 983 2698 1042 Sedet
2725 985 2792 1039 ad
2822 983 3101 1041 dexteram
3139 983 3332 1050 Patris,
3363 984 3487 1040 inde
3514 992 3782 1041 venturus

2193 1054 2434 1124 judicare
2460 1055 2613 1111 vivos
2641 1063 2698 1126 et
2726 1062 2988 1126 mortuos.
3020 1054 3139 1126 Ipse
3166 1056 3417 1126 de_nohis
3438 1054 3779 1126 iudicaturus

2198 1123 2313 1192 est;
2344 1140 2475 1181 cave
2503 1138 2633 1193 ergo
2661 1124 2945 1179 detrahere
2970 1126 3021 1180 ei
3047 1123 3212 1194 quem
3235 1123 3469 1192 judicem
3495 1125 3781 1181 habiturus

2200 1211 2276 1251 es.
2310 1194 2625 1266 Quare_hoc
2661 1195 3008 1266 mysterium?
3036 1194 3283 1266 lfiunquid
3308 1210 3415 1251 non
3447 1211 3614 1266 unum
3634 1194 3782 1266 judig

2200 1266 2340 1321 cium
2371 1273 2453 1320 est
2479 1263 2673 1328 Patris,
2706 1263 2762 1319 et
2788 1264 2945 1335 Filii,
2958 1273 3014 1320 et
3040 1264 3269 1335 Spiritus
3296 1265 3500 1320 sancti?
3528 1263 3779 1335 Nunquid

2200 1352 2309 1391 non
2339 1350 2444 1391 una
2474 1336 2722 1392 voluntas
2757 1337 2882 1404 est?
2902 1334 3153 1404 Nunquid
3192 1350 3300 1389 non
3334 1350 3440 1390 una
3483 1334 3779 1404 majestas?

2201 1406 2379 1473 Quare
2405 1405 2501 1461 tibi
2527 1405 2723 1460 dicitur
2748 1403 2895 1474 quod
2921 1403 3088 1459 Filius
3110 1404 3440 1474 iudicaturus
3458 1403 3699 1470 est,’nisi
3723 1412 3781 1459 ut

2201 1419 2379 1473 quare
2405 1419 2501 1461 um
2527 1419 2723 1460 dicitur
2786 1419 2895 1460 uoa
2921 1419 3088 1459 riuus
3110 1419 3440 1474 judicaturus
3458 1419 3562 1470 est,
3595 1421 3699 1460 lllSl
3723 1419 3781 1459 ut

2201 1476 2466 1546 intelligas
2493 1475 2630 1530 Filio
2657 1419 2790 1546 niha
2813 1475 3242 1546 derogandum?
3262 1473 3401 1544 Ergo
3432 1476 3585 1546 vide,
3603 1475 3781 1546 credis

2200 1547 2253 1600 in
2281 1544 2518 1615 Patrem,
2548 1544 2721 1601 credis
2739 1545 2793 1600 in
2813 1544 3027 1611 Filium,
3049 1553 3105 1601 et
3121 1544 3464 1616 quidtertio?
3482 1544 3549 1600 Et
3574 1544 3631 1600 in
3656 1544 3781 1616 Spi-

2199 1616 2385 1699 ritum_
2405 1624 2681 1699 sanctum;
2727 1629 3060 1699 quaecunque
3100 1615 3328 1699 accipies
3355 1615 3779 1699 sacramentain

2198 1686 2302 1742 hac
2342 1685 2603 1741 Trinitate
2644 1684 2896 1756 accipies,
2925 1700 3087 1741 nemo
3118 1700 3192 1756 se
3216 1684 3399 1740 "fallat.
3445 1685 3613 1742 Vides
3650 1698 3779 1756 ergo

2198 1756 2357 1813 unius
2382 1756 2729 1828 operationis,
2747 1752 2909 1828 iunius
2932 1752 3389 1828 sanctiﬁcationis,
3412 1757 3589 1828 unius
3607 1752 3779 1823 maje-

2196 1828 2350 1885 statis
2386 1824 2507 1884 esse
2543 1827 2906 1882 venerabilem
2937 1826 3273 1881 Trinitatem.
3308 1824 3452 1880 Sane
3478 1825 3665 1896 accipe
3690 1841 3780 1881 ra-

2197 1898 2401 1953 tionem
2441 1897 2891 1966 quemadmodum
2941 1896 3207 1952 credimus
3249 1897 3303 1951 in
3355 1904 3656 1961 auctorem,
3709 1911 3779 1952 ne

2194 1966 2336 2024 forte
2382 1967 2533 2023 dicas
2565 1984 2579 2020 :
2617 1966 2726 2023 Sed
2768 1968 2932 2023 habet
2969 1975 3041 2023 et'
3063 1966 3375 2032 Ecclesiam,
3405 1967 3502 2022 sed
3530 1966 3697 2022 habet
3723 1975 3779 2022 et

2196 2037 2571 2093 remissionem
2599 2044 2966 2107 peccatorum,
3012 2037 3106 2092 sed
3134 2038 3297 2092 habet
3329 2045 3386 2107 et
3418 2038 3781 2093 resurrectio-
3826 2038 3835 2045 ‘

2195 2123 2342 2163 nem.
2373 2107 2511 2175 Quid
2533 2101 2696 2177 ergo?
2717 2101 2823 2161 Par
2840 2101 2999 2163 caiisa
3023 2115 3124 2177 ost,
3156 2108 3235 2163 sic
3254 2106 3525 2163 credimus
3544 2107 3603 2162 in
3621 2106 3778 2164 Chri-

2196 2185 2368 2248 stum,
2409 2178 2488 2235 sic
2516 2175 2786 2248 credimus
2831 2186 2889 2232 et
2934 2178 2991 2232 in
3038 2175 3280 2244 Patrem,
3326 2178 3777 2248 quemadmodum

2196 2245 2462 2305 creditnus
2488 2254 2547 2303 et
2579 2245 2894 2314 Ecclesiam,
2923 2258 2980 2303 et
3004 2245 3372 2303 remissionem
3400 2256 3777 2316 peccatorum,

2195 2329 2251 2374 et
2274 2319 2452 2374 carnis
2476 2318 2967 2390 resurrectionem;
2991 2332 3111 2388 quae
3136 2318 3278 2390 ratio
3304 2318 3425 2390 est?
3439 2316 3582 2390 Quia
3610 2320 3703 2390 qui
3723 2320 3777 2374 in

2195 2391 2491 2472 auctorem,
2518 2387 2702 2472 credit.
2713 2396 2770 2472 et
2795 2388 2851 2444 in
2872 2387 3290 2472 opusiauotoris:
3323 2387 3563 2472 Denique
3584 2387 3657 2472 ne
3674 2389 3777 2445 hoc

2196 2459 2395 2529 ingenii
2414 2459 2583 2515 nostri
2611 2466 2790 2529 putes,
2815 2458 2999 2529 accipe
3018 2458 3418 2529 testimonium;
3444 2458 3505 2513 Si
3524 2459 3657 2513 mihi
3674 2473 3777 2513 non

2195 2526 2424 2595 creditis,
2447 2529 2529 2600 vei
2551 2526 2789 2600 operibus
2825 2526 3017 2600 credite
3040 2529 3223 2600 (Joau.
3256 2530 3335 2600 x).
3367 2526 3509 2600 Ergo
3543 2530 3651 2584 hoc
3675 2529 3777 2585 ha-

2194 2600 2323 2670 bes,
2336 2614 2480 2655 nunc
2500 2597 2636 2654 ﬁdes
2659 2608 2750 2655 tua
2776 2599 3005 2670 ammius
3023 2597 3276 2664 elucebit,
3296 2597 3344 2653 si
3362 2599 3514 2670 operi
3540 2600 3776 2670 auctoris

2194 2670 2275 2725 tui
2296 2669 2452 2725 ﬁdem
2480 2681 2665 2740 v_eram
2705 2677 2762 2724 et
2796 2668 3057 2737 integram
3085 2670 3357 2740 putaveris
3382 2668 3731 2724 deferendam
3759 2688 3773 2724 :

2194 2740 2448 2797 Sanctam
2496 2738 2791 2796 Ecclesiam
2808 2781 2824 2806 ,
2874 2749 2931 2795 et
2981 2738 3351 2796 remissionem
3405 2748 3774 2808 peccatorum.

2195 2808 2366 2880 Crede
2384 2824 2513 2878 ergo
2534 2825 2605 2865 ex
2632 2810 2734 2865 ﬁde
2761 2810 2887 2880 quia
2917 2810 3098 2865 omnia
3124 2809 3222 2865 tibi
3245 2816 3466 2880 peccata
3494 2810 3771 2880 remittun-

2196 2888 2313 2936 tur..
2333 2877 2510 2947 Quare
2530 2880 2706 2949 legisti
2727 2877 3115 2949 iu‘Evangelio,
3143 2877 3351 2936 dicente
3380 2879 3610 2949 Domino
3637 2898 3651 2933 :
3679 2879 3773 2934 Fi-

2195 2950 2285 3005 des
2305 2958 2395 3004 tua
2416 2959 2464 3005 te
2483 2948 2681 3006 salvum
2701 2951 2820 3021 fecit
2841 2948 3030 3020 (Marc.
3058 2948 3136 3021 χ).
3162 2948 3554 3021 Βθιιιίεείοηειιι
3584 2964 3771 3020 pecea-

2195 3028 2395 3086 torum,
2425 3021 2603 3091 carnis
2638 3019 3107 3091 resurrectionem.
3148 3019 3323 3091 Credo
3359 3021 3487 3091 quia
3533 3033 3771 3090 resurget

2195 3097 2250 3146 et
2277 3104 2435 3158 caro;
2465 3090 2594 3161 quid
2612 3091 2754 3146 enim
2783 3105 2920 3160 opus
2947 3089 3123 3161 fuitut
3147 3089 3393 3147 Christus
3409 3105 3630 3145 carnem
3653 3089 3768 3146 sus-

517 3160 675 3233 siani,
703 3178 822 3216 cum
842 3158 1205 3233 emersissent,
1232 3158 1554 3233 putaverunt
1575 3163 1736 3219 etiam
1766 3158 2016 3217 catholici
2038 3163 2093 3217 in
2118 3169 2165 3232 ο
2197 3161 2436 3233 ciperet?
2460 3158 2587 3230 quid
2607 3176 2743 3233 opus
2772 3158 2873 3216 fuit
2904 3169 2965 3216 ut
2992 3158 3235 3216 Christus
3253 3169 3770 3233 mortetngustaret,

521 3231 623 3285 hac
648 3240 801 3301 parte
828 3232 1130 3288 addendum
1156 3231 1491 3299 invisibilem,
1520 3235 1590 3289 im
1632 3233 1921 3301 assibilem,
1941 3234 2093 3300 quasi
2141 3231 2146 3232 “
2196 3231 2529 3303 sepulturam
2574 3232 2871 3302 susciperet
2920 3239 2977 3287 et
3025 3239 3348 3301 resurgeret,
3399 3231 3504 3286 nisi
3553 3240 3771 3302 propter

522 3299 685 3357 Filius
715 3302 808 3357 Dei
836 3303 1057 3359 visibilis
1078 3311 1134 3358 et
1152 3305 1418 3360 passibilis
1442 3304 1558 3359 fuit.
1589 3249 1647 3360 gi
1674 3302 1775 3359 fuit
1796 3304 2017 3358 visibilis
2042 3304 2096 3358 in
2195 3317 2347 3358 suam
2376 3302 2864 3358 resurrectionem?
2892 3301 3084 3357 Totum
3111 3302 3216 3358 hoc
3245 3310 3644 3357 sacramentum
3671 3310 3771 3357 tua:

522 3299 685 3357 Filius
715 3302 808 3357 Dei
836 3303 1057 3359 visibilis
1078 3311 1134 3358 et
1152 3305 1418 3374 passibilis
1442 3304 1558 3359 fuit.
1589 3299 1647 3360 Si
1674 3302 1775 3359 fuit
1796 3299 2017 3374 visibilis
2042 3304 2096 3358 in

519 3386 705 3444 carne,
733 3381 881 3429 certe
906 3374 997 3428 illa
1021 3374 1120 3428 fuit
1136 3373 1376 3439 visibilis,
1410 3391 1517 3430 non
1546 3374 1824 3437 divinitas;
1847 3373 1946 3428 fuit
1973 3390 2097 3444 pas-

516 3441 685 3516 s_ibilis
712 3459 862 3516 caro,
892 3460 999 3499 non
1026 3444 1297 3501 divinitas.
1330 3445 1569 3516 Denique
1604 3445 1730 3514 quid
1757 3444 1900 3516 dicat
1924 3441 2046 3516 audi
2078 3463 2090 3495 :

515 3509 674 3587 Deus,
704 3509 856 3587 Deus
872 3532 1032 3587 meus,
1058 3517 1253 3587 respice
1277 3518 1333 3571 iu
1359 3533 1441 3570 me
1462 3509 1657 3587 {quate
1682 3531 1763 3587 me
1782 3514 2096 3586 dereliquisti

516 3580 876 3655 (Psalaxxr).
923 3583 984 3640 1n
1029 3580 1280 3654 passione
1316 3587 1420 3641 hoc
1454 3580 1586 3640 dicit
1611 3584 1873 3640 Dominus
1910 3580 2095 3639 noster

512 3649 667 3708 Jesus
694 3649 956 3722 Christus,
989 3649 1092 3710 hoc
1118 3656 1407 3711 secundum
1437 3655 1711 3711 hominem
1749 3655 1959 3710 locutus
1989 3665 2089 3720 est,

514 3724 807 3808 secundum
854 3739 1071 3808 caunem
1118 3725 1472 3808 locu_tus_est,
1506 3727 1661 3808 quasi
1701 3740 1838 3808 caro
1857 3724 2094 3808 dicat_ad

512 3792 856 3865 Divinitatem
877 3814 890 3849 :
915 3794 1091 3863 Quare
1107 3812 1194 3851 me
1216 3792 1579 3865 dereliquisti?
1600 3794 1743 3864 Ergo
1762 3805 1881 3851 esto
1901 3794 2094 3850 medici

510 3862 711 3936 fuerint
730 3862 983 3936 majores,
1006 3881 1113 3922 non
1140 3862 1427 3936 voluerunt
1446 3866 1643 3921 addere
1668 3862 1967 3934 aegritudini
1992 3881 2091 3935 pro

510 3935 741 4007 sanitate
769 3936 1105 3991 medicinam.
1136 3935 1253 3991 Non
1282 3938 1538 4007 quaeritur
1581 3949 1710 4004 ergo
1745 3937 1791 3991 si
1828 3935 2091 4007 medicina

508 4002 611 4076 fuit
638 4021 703 4060 eo
731 4014 973 4076 tempore
1000 4002 1326 4075 necessaria,
1353 4013 1557 4076 quierat
1584 4002 1940 4076 quorumdam
1969 4020 2092 4073 gra-

510 4074 594 4129 vis
639 4074 898 4143 aegritudo
941 4077 1264 4142 animorum,
1295 4074 1473 4132 et’sic
1518 4074 1620 4131 fuit
1663 4085 1793 4131 tunc
1831 4076 2092 4143 temporis

510 4145 828 4216 quaerenda;
853 4161 1000 4202 nunc
1021 4162 1135 4216 oon
1152 4155 1256 4211 est,
1276 4161 1396 4201 cum
1424 4146 1556 4216 ﬁdes
1578 4148 1649 4201 sit
1674 4147 1880 4216 integra
1900 4145 2091 4200 adver-

472 4211 602 4268 csﬁus
636 4211 988 4270 Sabellianos.
1020 4214 1232 4270 Exclusi
1263 4224 1390 4271 sunt
1421 4214 1732 4279 Sabelliani,
1763 4211 1995 4270 maxime
2022 4216 2091 4271 de

508 4283 751 4352 partibus
793 4283 1119 4341 Occidentis.
1148 4284 1231 4339 Ex
1258 4285 1348 4342 illo
1376 4283 1615 4341 remedio
1644 4285 1825 4341 Ariani
1864 4286 2087 4340 invene-

508 4361 635 4426 runt
656 4354 756 4426 sibi
781 4368 948 4423 genus
973 4355 1268 4422 calumniae,
1292 4364 1347 4412 et
1365 4356 1490 4425 quia
1512 4356 1810 4426 symbolum
1833 4353 2089 4411 Romana:

506 4421 763 4495 Ecclesia:
787 4421 888 4481 nos
916 4435 1177 4492 tenemus,
1209 4421 1331 4483 ideo
1361 4421 1677 4483 invisibilem
1706 4435 1763 4481 et
1790 4427 2089 4495 impassibi-

505 4493 613 4567 lem
657 4495 872 4552 Patrem
915 4497 1341 4567 omnipotentem
1379 4497 1706 4567 aestimarent
1734 4493 2081 4567 etodi'cerent;

505 4564 593 4620 vel
634 4568 760 4639 quia
806 4564 1107 4639 symbolum
1151 4567 1453 4639 sichahet,
1495 4564 1986 4639 visibilemul'filium
2028 4576 2084 4623 et

505 4634 809 4704 passibilem
837 4634 1203 4705 designarent.
1232 4638 1386 4704 Quod
1426 4634 1592 4705 ergo?
1625 4634 1723 4692 Ubi
1764 4636 1895 4693 ﬁdes
1940 4638 2081 4692 inte-

506 4718 600 4778 gra
627 4714 731 4778 est,
769 4706 1040 4763 sufﬁciunt
1071 4716 1342 4778 praecepta
1380 4707 1770 4778 apostolorum,
1807 4707 2083 4778 cautiones

506 4775 754 4832 videlicet
790 4775 1130 4833 sacerdotum
1167 4775 1272 4833 non
1313 4775 1671 4844 requirantur.
1704 4777 1915 4844 Quare?
1947 4776 2082 4844 Quia

506 4845 684 4918 t_ritic_o
714 4846 953 4901 immixta
979 4848 1179 4901 zizania
1200 4855 1344 4902 sunt.
1376 4846 1836 4918 Hinkesymbolum
1866 4848 2081 4918 unicum

504 4913 790 4969 Dominum
821 4926 1062 4973 nostrum
1108 4918 1187 4973 sic
1225 4918 1384 4972 dicite
1412 4935 1424 4970 :
1457 4913 1648 4972 Filium
1687 4917 1802 4985 ejus
1844 4916 2079 4983 unicum,

504 4998 616 5038 non
644 4986 830 5039 unicus
851 4986 1127 5052 Dominus,
1160 5003 1298 5043 unus
1326 4988 1465 5043 Deus
1488 4996 1592 5052 est,
1622 5003 1757 5041 unus
1786 4995 1869 5041 est
1902 4986 2082 5041 Domi-

504 5068 625 5109 nus.
656 5055 762 5125 32
790 5055 897 5125 Sed
930 5072 996 5111 ne
1024 5029 1434 5125 calumnientur,
1466 5065 1523 5112 et
1548 5028 1732 5112 dicant
1765 5056 1890 5125 quia
1919 5072 2080 5111 unam

503 5123 791 5193 persona—ni
838 5123 1076 5181 dicamus
1121 5123 1311 5181 Filium
1353 5130 1515 5193 etiam
1553 5123 2080 5182 unicum-Dominum

502 5202 769 5260 nostrum,
798 5195 917 5264 quia
950 5196 1058 5250 dixi
1088 5195 1154 5250 de
1181 5195 1461 5251 divinitate
1498 5195 1673 5253 Patris
1699 5204 1755 5251 et
1782 5195 1901 5250 Filii
1927 5196 2080 5251 veni-

501 5273 590 5319 tur
617 5264 683 5320 ad
705 5266 1131 5337 incarnationem
1153 5266 1338 5336 ipsius,
1357 5281 1464 5335 qua
1485 5275 1663 5335 natus,
1685 5275 1741 5322 et
1762 5282 1953 5337 passus
1973 5274 2077 5334 est,

501 5343 557 5407 et
584 5336 822 5406 sepultus
854 5355 867 5390 :
900 5335 1065 5393 habes
1089 5335 1393 5407 passionem
1422 5337 1587 5407 ipsius
1628 5344 1684 5392 et
1726 5335 2075 5407 sepulturam.

505 5403 684 5460 Tertia
711 5408 797 5462 die
820 5403 1112 5462 resurrexit
1134 5421 1166 5461 a
1186 5407 1431 5472 mortuis,
1442 5403 1624 5463 babes
1651 5414 1706 5462 et
1725 5403 2079 5463 resurrectio-

506 5490 628 5545 nem
670 5476 803 5545 ejus.
856 5476 1109 5532 Ascendit
1160 5476 1214 5530 in
1258 5475 1469 5541 cmlum,
1506 5475 1658 5531 sedet
1697 5477 1763 5530 ad
1795 5477 2074 5531 dexteram

506 5543 709 5617 Patris.
736 5546 864 5617 Vide
893 5560 1021 5617 ergo
1046 5547 1173 5617 quia
1199 5561 1325 5602 caro
1352 5546 1616 5617 divinitati
1650 5546 1966 5617 imminuere
1995 5547 2075 5600 ni-

501 5615 576 5669 hil
622 5616 812 5684 potuit,
844 5615 950 5669 imo
980 5615 1462 5671 de_incarnatione
1514 5616 1817 5684 triumphus
1854 5628 2076 5682 magnus

501 5685 750 5751 quaesitus
779 5692 862 5738 est
889 5684 1122 5741 Christo.
1148 5686 1262 5753 Qua
1291 5686 1499 5741 ratione
1525 5686 1667 5739 enim
1698 5685 1786 5739 ubi
1814 5684 1880 5738 de
1901 5694 2077 5753 morte

502 5753 759 5812 ascendit.
790 5754 942 5808 sedet
984 5756 1051 5810 ad
1088 5752 1365 5812 dexteram
1397 5754 1606 5810 Patris?
1632 5756 1782 5819 quasi
1810 5754 1901 5822 qui
1931 5752 2074 5808 Patri

2115 4538 2165 4601 D

2195 3301 2347 3358 suam
2376 3301 3084 3375 resurrectionem?.'!‘otum
3111 3302 3216 3358 hoc
3245 3301 3644 3375 sacramentum
3661 3301 3771 3357 tua:

2196 3380 2280 3428 est
2317 3370 2758 3439 resurrectionis;
2788 3372 2835 3427 si
2861 3370 3104 3427 Christus
3149 3387 3254 3428 non
3294 3372 3612 3436 resurrexit,
3639 3387 3771 3427 vana

2198 3451 2280 3513 est
2309 3441 2440 3497 ﬁdes
2477 3449 2694 3513 nostra;
2724 3441 2822 3498 sed
2846 3444 2970 3513 quia
3003 3442 3317 3505 resurrexit,
3350 3442 3472 3513 ideo
3508 3441 3667 3497 ﬁrma
3694 3451 3769 3497 est

2198 3512 2333 3584 ﬁdes
2368 3519 2579 3584 nostra.
2621 3512 2889 3584 Legimus,
2939 3522 2999 3584 ut
3034 3513 3081 3568 si
3125 3514 3246 3582 quis
3280 3512 3587 3584 symbolum
3619 3528 3769 3584 suum

2193 3582 2493 3643 violaverit.
2536 3583 2810 3654 improbus
2833 3592 2888 3639 et
2919 3583 3249 3639 detestabilis
3264 3582 3569 3654 habeatur;
3601 3583 3768 3654 multo

2172 3654 2364 3726 'magis
2392 3653 2690 3708 cavendum
2713 3661 2800 3726 est
2826 3654 2982 3726 nobis
3025 3668 3097 3726 ne
3127 3654 3194 3709 de
3230 3653 3496 3726 majorum
3524 3653 3769 3726 symbolo

2194 3723 2522 3795 detrahatur,
2555 3739 2681 3795 cum
2712 3724 2914 3785 habeas
2951 3725 3005 3778 in
3046 3724 3183 3778 libro
3229 3723 3582 3795 Apocalypsis
3622 3723 3766 3793 (Cap.

2195 3794 2327 3865 xxn)
2354 3793 2577 3865 Joannis
2606 3812 2617 3846 :
2646 3794 2714 3865 Si
2734 3796 2868 3865 quis,
2899 3795 3090 3864 inquit,
3121 3793 3382 3865 addiderit
3410 3793 3502 3848 aut
3528 3795 3764 3865 detraxe:

2193 3866 2283 3931 rit,
2306 3862 2561 3935 judicium
2589 3864 2685 3918 sibi
2717 3862 2871 3935 sumit
2896 3875 2946 3919 et
2968 3862 3189 3933 iisetiam.
3233 3864 3291 3919 Si
3336 3864 3498 3935 unius
3537 3862 3766 3934 apostoli

2194 3934 2472 4005 scripturis
2498 3935 2627 4005 nihil
2655 3942 2737 3989 est
2765 3934 3169 4005 detrahendum,
3200 3934 3470 4005 quomodo
3498 3950 3603 3989 nos
3626 3949 3765 4004 sym-

2194 4003 2397 4071 bolum,
2427 4004 2572 4073 quod
2597 4004 2898 4074 accepimus
2926 4004 3010 4059 ab'
3035 4003 3295 4075 apostolis
3322 4003 3584 4075 traditum
3611 4003 3763 4075 atque

2193 4076 2573 4145 compositum,
2595 4074 3138 4145 commaculabimus?
3160 4074 3299 4129 Nihil
3322 4074 3584 4145 debemus
3603 4074 3751 4129 detra

2193 4146 2243 4216 tu
2263 4143 2340 4211 re',
2364 4145 2501 4216 nihi_l
2519 4144 2826 4216 adjungere.
2853 4144 2971 4216 Hoc
2995 4153 3174 4200 autem
3200 4153 3283 4207 est
3302 4144 3603 4216 symbolum
3627 4143 3765 4216 quod

2194 4214 2434 4272 Romana
2462 4211 2704 4270 Ecclesia
2729 4222 2894 4281 tenet,
2920 4215 3011 4269 ubi
3039 4215 3242 4285 primus
3268 4211 3760 4285 apostolorum;Pe-

2192 4295 2306 4341 trus
2324 4285 2481 4348 sedit,
2513 4292 2568 4339 et
2594 4300 2936 4339 communem
2961 4282 3280 4340 sententiam
3301 4282 3369 4340 eo
3387 4284 3601 4339 detulit.
3627 4282 3763 4352 Ergo

2192 4354 2640 4425 quemadmodum
2668 4355 2948 4410 duodecim
2970 4355 3223 4425 apostoli,
3244 4362 3307 4425 et,
3325 4354 3612 4409 duodecim
3642 4370 3759 4409 sen—

2191 4426 2392 4480 tentiae.
2423 4424 2642 4494 Signate
2670 4440 2784 4494 vos.
2814 4424 2977 4479 Credo
3008 4424 3075 4480 in
3093 4425 3256 4481 Deum
3288 4424 3503 4479 Patrem
3530 4426 3755 4494 omnipo-

2190 4506 2399 4567 tentem,
2439 4504 2487 4549 et
2522 4493 2700 4549 Iesum
2744 4493 3003 4567 Christum
3048 4496 3153 4566 33
3190 4494 3383 4567 Filium
3418 4496 3532 4567 ejus
3560 4493 3760 4549 unicum

2189 4566 2464 4637 Dominum
2488 4566 2847 4637 uostrum,iqui
2866 4563 3142 4637 conceptus
3157 4565 3317 4637 estde
3341 4563 3541 4637 §piritu
3562 4576 3760 4637 sancto,

2180 4646 2339 4691 ’uatus
2385 4636 2446 4693 de
2487 4633 2661 4688 Maria
2706 4632 2927 4706 uirgine,
2972 4632 3152 4707 passus
3203 4634 3298 4707 gub
3338 4632 3529 4690 Pontio
3568 4632 3760 4697 Pilato,

2188 4707 2487 4777 cruciﬁxus,
2510 4704 2797 4777 mortuus,’
2817 4715 2875 4777 et
2910 4704 3158 4777 sepultus.
3203 4704 3342 4777 Ecce
3379 4712 3616 4777 qnatuor
3652 4707 3757 4760 ista

2187 4773 2485 4831 sementim.
2510 4773 2796 4829 Videamus
2811 4773 3157 4830 alias.’Tertia
3178 4775 3261 4829 die
3274 4773 3577 4830 resurrerit.
3596 4792 3753 4829 ascen-

2189 4848 2266 4900 dit
2293 4848 2348 4900 in
2376 4846 2548 4910 caelos,
2578 4843 2719 4898 sedet
2746 4846 2815 4898 ad
2841 4845 3107 4900 dexteram
3134 4845 3233 4899 Dei
3261 4844 3461 4912 Patris,
3492 4845 3619 4900 inde
3648 4863 3750 4899 ven.

2191 4927 2354 4981 turus,
2392 4915 2717 4987 judicaturus
2757 4926 2834 4987 est
2873 4915 2936 4969 de
2972 4917 3095 4970 vivis
3134 4924 3182 4970 et
3215 4918 3451 4987 mortuis.
3475 4913 3621 4987 Ecce
3647 4916 3756 4970 alue

2187 4984 2735 5057 quatuorsententim,
2765 4986 2868 5057 ho_c
2892 4994 2975 5057 est
3002 4995 3127 5057 octo
3151 4986 3448 5040 sententia.
3475 4984 3754 5042 Videamus

2187 5053 2361 5111 adhuc
2379 5056 2509 5126 alias
2533 5062 2779 5124 quatuor.
2811 5053 2975 5109 Credo
3003 5056 3056 5108 in
3085 5054 3335 5126 Spiritum
3361 5063 3619 5119 sanctum,
3642 5073 3749 5109 san-

2185 5136 2321 5180 ctam
2365 5124 2675 5191 Ecclesiam,
2713 5135 3006 5179 sanctorum
3043 5124 3469 5192 communionem,
3497 5127 3752 5180 remissio.

2183 5213 2302 5251 item
2346 5205 2688 5265 peccatorum,
2731 5196 2904 5249 carnis
2948 5196 3389 5260 resurrectionem,
3421 5197 3579 5249 vitam
3608 5207 3750 5250 arter-

2184 5283 2325 5321 nam.
2347 5263 2534 5327 ’Amen.
2568 5263 3041 5336 Eceesecundum
3061 5265 3340 5321 duodecim
3379 5266 3673 5336 apostolos,
3703 5272 3746 5318 et

2182 5335 2465 5390 duodecim
2498 5335 2777 5389 sententiae
2815 5335 3211 5405 comprehensm
3255 5332 3583 5390 suntflllud
3630 5351 3749 5389 sane

2181 5406 2413 5461 monitos
2439 5420 2537 5460 vos
2563 5405 2688 5460 volo
2714 5420 2851 5472 esse,
2869 5406 3120 5472 quoniam
3149 5405 3446 5472 symbolum
3469 5421 3578 5460 non
3598 5406 3745 5461 debet

2181 5420 2413 5461 monitos
2439 5420 2537 5460 vos
2563 5420 2688 5460 veto
2714 5420 2851 5472 esse,
2869 5420 3120 5472 quoniam
3149 5422 3175 5460 s
3267 5420 3446 5460 notum
3469 5421 3578 5460 non
3598 5420 3745 5461 neue!

2181 5475 2361 5541 scribi,
2393 5473 2486 5530 sed
2514 5475 2704 5546 teneri.
2737 5473 2843 5530 Sed
2869 5475 2976 5546 3h.
3002 5476 3127 5544 quid
3155 5420 3285 5531 dyi'tc'ils
3304 5476 3453 5541 mihi,
3484 5473 3746 5546 quomodo

2180 5554 2361 5617 potest
2389 5544 2582 5617 teneri,
2610 5546 2657 5600 si
2685 5561 2792 5601 non
2814 5544 3108 5617 scribatur?
3151 5545 3317 5617 Magis
3352 5544 3533 5617 potest
3559 5544 3745 5617 teneri,

2181 5614 2227 5671 si
2273 5631 2383 5670 non
2423 5615 2687 5670 scribatur
2716 5634 2729 5669 :
2760 5631 2865 5686 qua
2893 5616 3137 5671 ratione?
3177 5614 3390 5686 Accipe.
3432 5614 3585 5682 Quod
3610 5615 3743 5686 enim

2181 5686 2391 5753 scribis,
2417 5699 2642 5740 securus
2678 5684 2831 5755 quasi
2857 5687 3068 5755 religas,
3097 5701 3203 5740 non
3232 5684 3541 5755 quotidiana
3579 5684 3741 5740 medi-

2184 5755 2387 5809 tatione
2424 5756 2646 5824 incipies
2685 5771 2984 5812 recensere.
3017 5756 3168 5823 Quod
3196 5765 3373 5812 autem
3402 5772 3508 5812 non
3536 5755 3739 5819 scribis,
