4072 6332
279 372 368 430 881

280 483 507 544 ricordia':
539 482 833 552 perveniet.
876 481 1011 550 Quia
1030 522 1046 548 ,
1076 483 1213 539 sicut
1238 485 1329 552 qui
1354 497 1413 539 se
1438 481 1641 537 exaltat
1666 483 1844 537 humi-
1871 488 1919 546 Α

277 557 499 620 liabitur,
530 553 602 607 ita
645 555 980 619 econtrario,
1013 554 1102 622 qui
1128 569 1188 608 se
1217 554 1462 609 humiliat
1492 553 1834 608 exaltabitur.

279 627 374 694 Qui
396 625 565 687 enim,
605 623 747 694 sicut
774 623 916 694 dixi,
959 638 1254 692 agnoscens
1293 632 1500 679 reatum
1538 639 1690 677 suum
1723 638 1841 678 sese

280 691 392 750 {ab
419 694 570 748 altari
605 691 856 747 Ecclesiae
884 691 1154 748 humiliter
1182 711 1280 750 oro
1317 694 1691 750 emendatione
1717 693 1841 748 vitae

249 765 543 823 'removere
569 763 821 830 voluerit,
850 764 917 818 ab
937 771 1140 818 mterno
1162 763 1253 820 illo
1279 773 1334 820 et
1363 763 1566 820 cmiesti
1594 764 1841 818 convivio

276 833 714 892 excommunicari
744 834 955 904 penitus
981 849 1090 889 non
1119 835 1350 904 timebit.
1384 835 1535 904 Rogo
1553 849 1660 904 vos
1685 877 1700 900 ,
1731 832 1839 888 fra-

275 915 396 970 tres,
426 904 706 972 diligenter
734 903 992 958 attendite
1018 921 1029 956 :
1063 905 1108 958 si
1128 903 1198 958 ad
1219 920 1459 960 mensam
1477 902 1841 973 cujuscunque

274 975 497 1048 potentis
533 973 764 1048 hominis
789 989 966 1048 _nemo
993 975 1266 1048 praesumit
1293 990 1416 1029 cum
1444 975 1682 1048 vestibus
1709 989 1840 1048 cou-

271 1043 440 1103 scissis
466 1051 519 1099 et
545 1043 1152 1115 inquinatisaccedere,
1181 1053 1381 1115 quanto
1409 1046 1576 1112 magis
1605 1060 1635 1115 a
1658 1044 1842 1098 convi-

271 1117 355 1172 vio
381 1114 565 1170 aeterni
597 1113 755 1182 Regis
777 1155 792 1178 ,
843 1112 896 1168 id
942 1123 1023 1169 est
1070 1115 1137 1168 ab
1182 1112 1336 1169 altari
1366 1114 1575 1168 Domini
1596 1113 1754 1168 debet
1782 1129 1842 1169 se

269 1185 624 1254 unusquisque
664 1184 874 1240 invidiae
902 1184 990 1255 vel
1030 1184 1138 1240 odii
1178 1200 1384 1240 veneno
1414 1199 1716 1255 percussus,
1749 1193 1844 1239 aut

268 1255 546 1315 iracundia:
576 1256 757 1310 furore
799 1254 1035 1324 repletus
1055 1270 1175 1310 cum
1216 1254 1516 1310 reverentia
1549 1263 1602 1308 et
1629 1255 1842 1309 humili-

269 1335 386 1407 t-ate.
403 1324 721 1407 subtrahere
745 1366 760 1390 ,
809 1332 1031 1407 propter
1071 1325 1206 1407 illud
1247 1325 1391 1407 quod
1428 1326 1684 1407 scripjum
1714 1331 1835 1379 est:

275 1396 416 1451 Vade
441 1394 946 1466 priusfeconciliagi
976 1397 1128 1466 fratri
1164 1405 1268 1458 tuo,
1301 1394 1328 1433 ι)
1353 1404 1473 1448 tunc
1513 1395 1696 1466 offeres
1730 1412 1842 1466 mu-

266 1479 360 1520 nus
390 1463 526 1519 tuum
558 1463 770 1535 (Matth.
796 1465 870 1535 v).
899 1463 1180 1519 Et'iterum
1208 1483 1219 1518 :
1249 1465 1444 1533 Amice,
1473 1463 1722 1535 quomodo
1745 1465 1840 1518 huc

263 1537 466 1606 intrasti
503 1552 608 1606 non
651 1534 842 1606 [iubens
887 1544 1070 1589 vestem
1111 1536 1392 1606 nuptialem
1423 1534 1631 1604 (Matth.
1667 1535 1840 1606 xxii)?

266 1605 354 1661 Sic
398 1606 543 1660 enim
584 1605 746 1659 habet
791 1613 966 1659 textus
1008 1605 1327 1673 evangelica:
1375 1606 1648 1671 lectionis,
1695 1605 1840 1674 quod

302 1675 474 1731 uidam
500 1674 684 1730 fecerit
707 1676 922 1744 nuptias
947 1674 1054 1730 lilio
1083 1691 1211 1741 suo,
1248 1688 1269 1713 ε
1301 1684 1355 1730 et
1379 1677 1656 1729 intraverit
1676 1684 1733 1728 ut
1760 1676 1840 1728 vi-

297 1753 412 1801 eret
458 1744 614 1801 simul
662 1745 1084 1810 discumbentes;
1133 1754 1188 1799 et
1234 1746 1418 1800 videns
1466 1746 1538 1799 ibi
1567 1745 1838 1799 hominem

261 1831 368 1869 non
417 1815 706 1870 habentem
753 1824 954 1870 vestem
1004 1816 1293 1884 nuptialem
1320 1858 1334 1883 ,
1385 1815 1520 1869 dixit
1567 1815 1634 1868 ad
1673 1830 1833 1869 eum:

259 1863 752 1958 Ἇῖνὶῖρῖξῇόὶἧᾷἑιο
766 1863 775 1869 ⁷
787 1863 898 1958 in?
906 1863 1296 1958 ’ἶήιῖἇὲιῖξῇὁῇ
1320 1863 1520 1958 λαῐιὲῖιξ
1536 1863 1837 1958 pangi—iiii;
1870 1863 1917 1922 Β

259 1956 468 2024 ptialem
491 1953 522 2009 ἔν’
541 1954 607 2008 Et
637 1955 728 2012 illo
751 1955 1152 2010 obmutescente
1174 1956 1306 2010 dixit
1333 1955 1586 2009 ministris
1611 1973 1624 2007 :
1658 1953 1840 2024 Ligate

257 2025 340 2096 illi
368 2042 553 2079 manus
585 2035 633 2078 et
661 2025 810 2095 pedes
829 2066 844 2088 ,
886 2036 936 2079 et
963 2026 1332 2096 projicite’eum
1355 2027 1409 2078 in
1432 2025 1669 2096 tgiebras
1698 2034 1841 2096 e._rte-

258 2095 423 2150 rs'ores
448 2113 464 2149 :
495 2096 566 2148 ibi
588 2093 684 2148 erit
712 2096 862 2164 ﬂetus
884 2105 932 2147 et
958 2093 1150 2148 stridor
1179 2096 1425 2148 dentiant.
1463 2094 1600 2148 Ecce
1628 2093 1842 2161 qualem

257 2166 586 2220 sententiam
616 2164 641 2200 ἀ
663 2165 957 2219 merebitur
984 2165 1168 2220 audire
1197 2165 1287 2232 qui
1317 2165 1382 2217 ad
1410 2164 1714 2218 convivium
1743 2180 1841 2217 nu—

254 2235 444 2304 ptiale,
470 2233 522 2288 id
547 2241 631 2289 est
659 2233 726 2304 ad
753 2234 921 2288 altare
941 2233 1174 2299 Domini,
1203 2236 1308 2304 62
1336 2242 1428 2288 aut
1457 2234 1717 2298 ebriosus,
1749 2240 1842 2287 aut

252 2303 491 2370 adulter,
522 2312 614 2358 aut
639 2303 819 2358 odium
851 2304 902 2357 in
933 2303 1094 2358 corde
1123 2303 1360 2358 retinens
1392 2314 1415 2341 ε’
1446 2312 1732 2373 praesumat
1760 2318 1843 2357 ac-

252 2375 471 2429 cedere.
515 2374 732 2428 Avertat
755 2374 859 2428 hoc
887 2389 918 2427 a
946 2373 1100 2428 nobis
1140 2374 1307 2437 Deus,
1348 2373 1537 2427 fratres
1557 2373 1838 2438 carissimi,

252 2451 308 2499 et
330 2443 595 2498 concedat
638 2450 695 2498 ut
737 2444 873 2497 mala
928 2444 1028 2496 ista
1071 2450 1161 2497 aut
1190 2458 1462 2511 nunquam
1492 2443 1715 2496 velimus
1744 2443 1839 2495 ad-

252 2514 475 2569 mittere
499 2556 514 2580 ,
563 2520 654 2567 aut
693 2513 738 2568 si
764 2513 995 2567 admissa
1023 2512 1249 2576 fuerint,
1293 2515 1408 2567 sine
1438 2513 1544 2567 ulla
1572 2528 1723 2565 mora
1745 2527 1843 2580 per

250 2583 631 2655 pmniteutiam
656 2583 740 2637 vel
771 2599 962 2655 pacem,
985 2598 1177 2638 sanare
1208 2583 1534 2655 Studeamus,
1563 2590 1620 2655 et
1648 2582 1842 2655 largio-

251 2652 402 2710 ribus
449 2653 804 2724 eleeniosynis
848 2654 1161 2724 festinemus
1203 2654 1441 2715 abluere,
1490 2667 1557 2706 ne
1593 2652 1744 2724 _lorte
1791 2653 1837 2724 si

249 2741 372 2780 cum
432 2722 776 2793 peccatorum
831 2723 1140 2777 vulneribus
1201 2731 1326 2793 ante
1374 2722 1608 2776 tribunal
1655 2723 1840 2776 interni

247 2791 456 2862 Iudicis
478 2794 809 2856 venerimus,
842 2794 910 2846 ab
940 2793 1028 2847 illa
1056 2801 1254 2847 interna
1281 2791 1517 2847 Ecclesia
1535 2834 1550 2857 ,
1579 2800 1634 2847 et
1656 2793 1722 2846 ab
1751 2792 1840 2845 illa

248 2863 459 2920 caelesti
490 2863 785 2924 Jerusalem
814 2871 1070 2932 perpetua
1108 2863 1843 2932 excommunicationesepa-

246 2949 460 2988 remur.
502 2931 853 2988 Considerate
882 2931 1028 3000 ergo,
1061 2947 1193 3000 rogo
1221 2948 1336 2994 vos,
1370 2931 1579 2997 fratres,
1611 2931 1655 2984 si
1679 2931 1840 2984 hodie

247 3004 446 3073 aliquis
472 3019 504 3058 a
534 3011 804 3058 conventu
830 3002 1069 3057 ecclesiae
1094 3003 1249 3073 hujus
1277 3017 1374 3071 pro
1407 3003 1585 3073 aliquo
1615 3001 1840 3073 crimine

245 3070 396 3130 foras
446 3073 781 3144 projiciatur,
835 3073 902 3144 in
923 3079 1126 3144 quanto
1168 3070 1464 3144 dolorevel
1497 3070 1840 3144 tribulatione

246 3145 353 3200 erit
401 3141 588 3199 anima
634 3158 755 3208 sua;
805 3142 907 3196 etsi
947 3142 1292 3196 intolerabilis
1337 3141 1491 3195 dolor
1518 3145 1622 3194 est
1647 3142 1712 3194 de
1739 3141 1838 3194 ista

245 3215 486 3270 ecclesia
508 3213 654 3285 foras
674 3212 861 3281 projici
879 3252 895 3275 ,
925 3213 1015 3265 ubi
1040 3212 1132 3285 ille
1160 3213 1250 3285 qui
1279 3210 1572 3285 projicitur,
1605 3218 1661 3264 et
1681 3225 1832 3263 man-
1864 3223 1910 3285 ο

243 3285 472 3351 ducare,
501 3291 561 3338 et
587 3283 789 3345 bibere,
814 3289 870 3335 et
889 3297 1008 3336 cum
1039 3283 1344 3351 hominibus
1371 3281 1516 3351 loqui
1543 3289 1746 3351 potest,
1782 3287 1836 3331 et

243 3355 416 3410 habet
459 3349 615 3424 Spem
646 3361 703 3405 ut
731 3352 922 3406 iterum
971 3359 1239 3424 m_e_rea_tur
1279 3350 1343 3404 ad
1382 3349 1840 3424 ecciesiam_revo-

242 3425 392 3490 cari;
425 3418 563 3494 quid
597 3431 844 3494 putamus
868 3460 895 3494 ,_
915 3421 1087 3489 qualis
1128 3421 1284 3494 dolor
1320 3419 1493 3494 erit_si
1521 3418 1711 3486 aliquis
1741 3434 1839 3486 pro

239 3489 576 3551 criminibus
599 3489 664 3546 ab
693 3490 930 3546 Ecclesia
952 3506 1069 3560 qua:
1098 3498 1180 3544 est
1206 3489 1222 3527 ί
1248 3490 1300 3544 in
1327 3489 1495 3550 conis,
1523 3503 1553 3541 a
1575 3497 1843 3560 conventu

239 3566 578 3635 angelorum
625 3562 706 3616 vel
751 3559 1056 3635 sanctorum
1111 3560 1387 3635 hominum
1423 3559 1844 3635 congregatione

240 3627 413 3690 fuérit
443 3641 748 3704 separatus,
778 3640 804 3677 ε
834 3631 919 3686 cui
941 3645 1041 3685 nec
1067 3631 1239 3685 solum
1265 3627 1495 3683 suﬂiciet
1516 3628 1582 3682 ad
1604 3643 1838 3750 poenam,

240 3707 394 3750 nnnd
429 3704 584 3750 fni-as
623 3701 954 3750 nroiiciatur.
985 3699 1080 3750 sed
1122 3702 1338 3750 insuner
1383 3700 1436 3750 in
1478 3705 1600 3750 tene
1640 3713 1727 3750 ras
1751 3713 1838 3750 ex-

237 3707 396 3774 quod
429 3699 584 3759 foras
623 3699 1080 3774 projieiatur,__sed
1122 3702 1338 3768 insuper
1383 3700 1436 3774 in
1478 3699 1727 3774 tenebras
1751 3713 1847 3774 ex:

240 3767 488 3830 feriores
529 3767 735 3835 aeterno
773 3768 1021 3824 incendio
1053 3767 1478 3824 concre’mandus
1506 3767 1844 3822 excluditur?

239 3844 349 3912 Qui
383 3845 540 3900 enim
567 3842 656 3912 ab
699 3840 788 3894 illa
836 3840 1040 3912 caelesti
1073 3838 1368 3893 Jerusalem
1394 3836 1847 3912 eucemmunicari

235 3905 540 3978 meruerit,
567 3910 594 3948 ¹ι
625 3927 732 3966 non
782 3909 954 3964 solum
996 3909 1132 3963 hanc
1181 3923 1391 3976 pmnam
1429 3907 1673 3978 habebit,
1702 3905 1846 3974 quod

237 4000 349 4040 nec
380 3977 738 4044 manducare,
772 3994 869 4033 nec
889 3979 1072 4034 bibere
1101 3978 1318 4047 poterit,
1350 3977 1443 4031 sed
1473 3977 1632 4047 etiam
1658 3991 1844 4047 pinnas

235 4055 554 4110 infernales
599 4049 900 4113 sustinebit,
935 4049 1024 4102 ubi
1073 4045 1155 4102 est
1201 4048 1357 4101 lletus
1398 4055 1451 4100 et
1490 4045 1687 4098 stridor
1714 4045 1846 4098 den-

235 4127 382 4179 tium
410 4165 426 4189 ,
465 4122 560 4176 ubi
604 4120 853 4184 ululatus,
890 4118 1276 4189 lamentatio,
1299 4125 1354 4171 et
1390 4116 1705 4189 paenitentia
1728 4115 1844 4168 sine

231 4196 357 4250 ullo
389 4186 662 4254 remedio,
690 4189 780 4242 ubi
808 4195 888 4241 est
915 4188 1113 4242 vermis
1144 4187 1232 4240 ille
1266 4186 1279 4222 ί
1313 4186 1404 4255 qui
1434 4201 1539 4239 non
1564 4186 1841 4248 morietur,

230 4273 290 4320 et
313 4264 473 4332 ignis
518 4260 608 4329 qui
651 4273 919 4332 nunquam
959 4258 1359 4332 exstinguetur;
1394 4255 1483 4332 ubi
1516 4269 1662 4332 mors
1702 4268 1847 4332 qum-

230 4323 391 4391 ritu'r
441 4336 508 4384 et
535 4323 659 4383 'non
709 4323 990 4393 invenitur,
1023 4323 1160 4396 quia'
1191 4326 1382 4394 quibus
1425 4326 1476 4396 i_n
1519 4325 1622 4378 hoc
1649 4323 1847 4377 szcculo

230 4407 355 4460 vita
391 4399 648 4462 offertur,
681 4406 736 4453 et
764 4398 953 4452 nolunt
991 4394 1252 4466 accipere,
1286 4395 1339 4448 in
1361 4394 1580 4466 inferno
1605 4400 1848 4466 qumrent

230 4483 496 4533 mortem
529 4478 584 4527 et
611 4484 716 4524 non
743 4474 998 4538 poterunt
1037 4463 1323 4535 invenire._
1358 4464 1436 4520 lbi
1461 4465 1564 4520 erit
1592 4479 1701 4519 uox
1729 4463 1851 4519 sine

1665 367 1895 424 SERMO
1929 367 2110 429 XVIII.

3407 374 3523 440 882

1947 485 2051 567 ὀξεῖ,
2081 485 2380 567 amaritudo
2401 487 2516 543 sine
2531 488 2829 556 dulcedine,
2853 488 3148 545 obscuritas
3161 489 3517 567 sinelumine;

1947 555 2034 630 ubi
2063 571 2163 610 nec
2190 555 2385 630 divitia:
2408 597 2423 622 ,
2467 575 2564 613 nec
2591 555 2865 628 parentes,
2917 575 3016 615 nec
3053 560 3379 630 conjunges,
3416 555 3522 619 nec

1945 623 2057 706 iilii,
2091 641 2188 706 uec
2213 627 2372 706 vicini
2392 623 2643 706 poterunt
2663 623 2952 706 subveniri,
2977 630 3066 706 ubi
3106 623 3237 706 nihil
3255 623 3522 706 peccator

1944 697 2181 750 inveniet
2213 697 2226 745 ἱ
2268 697 2369 770 nisi
2403 699 2544 770 quod
2570 710 2717 754 caste
2744 707 2799 754 et
2821 699 2964 769 juste
2994 699 3220 770 vivendo
3248 697 3346 770 per
3373 701 3520 756 elee-

1945 782 2288 840 mosynarum
2317 767 2615 840 largitatem
2646 767 3019 825 transmiserit.
3061 769 3185 825 Haec
3213 767 3341 840 ergo
3368 771 3518 840 cogi-

1943 843 2119 890 tantes
2139 875 2154 899 ,
2181 837 2379 908 ult-atreus
2397 839 2693 908 carissimi,
2725 848 2834 893 tam
2859 841 2994 896 casti
3021 849 3076 894 et
3099 848 3208 894 tam
3237 837 3427 908 sobrii,
3442 837 3519 898 iet

1943 913 2052 959 tam
2076 907 2280 975 pacitiei
2303 907 2368 961 ad
2392 907 2530 963 istud
2551 909 2736 974 altare,
2759 909 2870 963 Deo
2892 907 3517 973 auxiliante,studeamus

1944 977 2199 1031 accedere
2229 985 2284 1031 ut
2313 978 2380 1031 ab
2414 978 2503 1033 illo
2537 989 2738 1033 aeterno
2775 979 2929 1034 altari
2957 996 3063 1035 non
3093 995 3394 1036 mereamur
3414 996 3514 1036 ex—

1943 1045 2101 1120 cludi,
2161 1046 2452 1120 Qui_enim
2499 1048 2566 1102 ad
2607 1049 2749 1104 istud
2795 1049 2963 1105 altare
3009 1059 3157 1106 casto
3205 1066 3434 1120 corpore
3460 1057 3559 1105 δι’

1942 1116 2142 1170 mundo
2172 1117 2335 1172 corde
2381 1133 2501 1172 cum
2541 1134 2725 1173 secura
2757 1127 2812 1174 et
2839 1121 3036 1174 munda
3065 1116 3391 1176 conscientia
3423 1134 3519 1175 ve-

1943 1186 2101 1259 nerit,
2135 1185 2201 1259 ad
2231 1187 2358 1242 illud
2387 1188 2582 1251 altare,
2614 1189 2758 1259 quod
2789 1190 2841 1242 in
2868 1191 3019 1244 cmlis
3045 1197 3144 1254 est,
3177 1189 3318 1245 felici
3341 1199 3523 1244 trans-

1942 1257 2260 1324 migratione
2297 1259 2588 1327 perveniet.
2632 1257 2722 1312 ‘Ad
2751 1266 3046 1314 extremum
3071 1301 3085 1326 ,
3131 1260 3323 1315 fratres
3353 1259 3522 1315 caris-

1942 1327 2099 1390 simi,
2148 1342 2253 1398 non
2295 1336 2376 1398 est
2420 1343 2580 1396 grave
2625 1344 2724 1383 nec
2751 1327 2776 1365 κ
2818 1329 3140 1384 laboriosum
3179 1331 3325 1398 quod
3363 1327 3519 1387 vobis

1942 1397 2280 1469 commendo.
2313 1397 2509 1453 Omnes
2545 1399 2645 1453 viri
2669 1440 2683 1465 ,
2709 1399 2922 1469 quando
2951 1397 3346 1464 communicare
3370 1399 3514 1453 desi-

1943 1465 2133 1538 derant
2149 1468 2598 1538 ,lavantmanus
2624 1465 2747 1525 suas
2772 1512 2786 1538 ,
2816 1479 2869 1524 et
2907 1485 3096 1524 omnes
3138 1470 3388 1524 mulieres
3429 1469 3516 1522 ni-

1941 1535 2050 1610 tida
2076 1537 2329 1610 exhibent
2369 1537 2706 1604 linteamina,
2765 1535 2853 1610 ubi
2882 1555 3075 1610 corpus
3126 1538 3320 1593 Christi
3373 1538 3518 1610 acci-

1941 1607 2110 1678 piant.
2150 1604 2164 1643 ¹
2200 1607 2315 1662 Νοη
2341 1618 2424 1662 est
2453 1623 2614 1677 grave
2641 1609 2784 1678 quod
2805 1609 2925 1665 dico
2943 1650 2958 1674 ,
2977 1604 3216 1663 Tratres:
3247 1607 3518 1678 quomodo

1941 1677 2040 1730 viri
2069 1677 2247 1749 lavant
2275 1693 2411 1746 aqua
2441 1694 2628 1749 mauus
2647 1677 2770 1734 Suas
2794 1719 2810 1746 ,
2849 1679 2926 1734 sic
2953 1677 3305 1749 eleemosynis
3343 1677 3523 1749 lavent.

1942 1748 2300 1802 conscientias
2327 1745 2480 1802 suas.
2532 1745 2801 1803 Similiter
2834 1757 2887 1805 et
2926 1745 3208 1812 mulieres,
3250 1745 3521 1816 quomodo

1943 1817 2179 1888 nitidum
2203 1817 2458 1870 exhibent
2496 1817 2768 1872 linteolum
2812 1819 2900 1873 ubi
2930 1834 3124 1888 corpus
3149 1815 3346 1888 Christi
3374 1815 3519 1870 acci-

1943 1888 2116 1956 piant,
2139 1887 2217 1941 sic
2237 1902 2432 1956 corpus
2455 1895 2661 1942 castum
2680 1897 2734 1942 et
2754 1904 2849 1943 cor
2869 1886 3124 1942 mund—um
3147 1897 3184 1925 ω
3207 1886 3517 1956 exhibeant,

1943 1955 2002 2010 ut
2065 1972 2184 2011 cum
2244 1955 2385 2011 bona
2441 1958 2766 2012 conscientia
2827 1967 3157 2012 sacramenta
3203 1955 3518 2024 suscipiant.

1943 2025 2095 2094 Rogo
2140 2041 2236 2081 vos
2260 2065 2280 2096 ,7
2326 2024 2515 2081 fratres
2538 2069 2553 2094 ,
2599 2029 2838 2096 nunquid
2867 2035 2950 2082 est
2973 2029 3163 2096 aliquis
3191 2027 3283 2095 qui
3312 2025 3364 2078 in
3393 2039 3520 2096 arca
3573 2071 3578 2075 .

1943 2096 2188 2166 sordibus
2236 2095 2391 2164 plena
2435 2097 2566 2150 velit
2613 2094 2826 2151 mittere
2867 2106 2894 2132 ιι
2945 2094 3294 2166 63ίνεδιὲηι
3323 2094 3521 2148 suam?

1942 2163 2054 2219 Etsi
2085 2167 2138 2218 in
2169 2163 2292 2235 arca
2321 2167 2566 2220 sordibus
2593 2166 2750 2235 plena
2783 2167 2945 2220 vestis
2962 2163 3098 2220 ἠ*οη
3126 2166 3355 2219 mittitur
3389 2177 3520 2235 pre-

1943 2235 2100 2305 tiosa,
2131 2250 2236 2302 qua
2269 2233 2446 2290 fronte
2487 2237 2538 2305 in
2575 2232 2751 2289 anima
2783 2245 2807 2272 ο
2839 2251 2955 2305 quae
2974 2243 3318 2305 peccatorum
3347 2232 3521 2305 sordi-

1943 2304 2041 2358 bus
2089 2299 2414 2372 inquinatur,
2477 2304 2674 2359 Christi
2720 2299 3047 2360 eucharistia-
3077 2303 3421 2373 suscipitur‘l
3453 2299 3522 2354 Et

1942 2375 2065 2442 quia
2095 2370 2210 2429 istis
2238 2375 2527 2430 verissimis
2558 2376 2812 2444 exemplis
2834 2375 2978 2444 loqui
3008 2370 3284 2444 coepimus,
3305 2370 3518 2444 cfetiam

1941 2444 2085 2512 quod
2128 2444 2268 2498 bene
2308 2446 2476 2499 nostis
2498 2484 2514 2510 ,
2563 2442 2793 2499 insinuo.
2828 2442 2942 2499 Non
2977 2442 3111 2514 puto
3140 2459 3258 2498 esse
3285 2442 3519 2514 aliquem

1942 2511 2211 2567 hominem
2242 2516 2333 2582 qui
2363 2516 2414 2568 in
2445 2529 2565 2568 arca
2595 2530 2718 2580 sua,
2751 2515 2840 2568 ubi
2867 2511 3130 2583 pretiosas
3156 2520 3332 2568 vestes
3359 2511 3522 2564 habet

1942 2586 2556 2653 repositas,acquiescat,
2573 2593 2664 2638 aut
2689 2585 2975 2653 carbonem
3003 2585 3202 2648 vivum,
3220 2590 3317 2653 aut_
3328 2594 3520 2653 quam:

1942 2650 2152 2722 cunque
2197 2650 2479 2708 sciniillam
2534 2655 2824 2710 includere.
2890 2652 3065 2719 Quare
3108 2655 3249 2716 hoc,
3293 2650 3520 2722 fratres?

1945 2718 2083 2789 Quia
2109 2725 2261 2777 timet
2299 2741 2367 2778 ne
2414 2725 2798 2779 comburantur
2837 2718 3153 2778 vestimenta
3176 2762 3192 2788 ,
3237 2720 3429 2790 quibus
3467 2718 3523 2790 in

1941 2787 2318 2856 festivitatibus
2366 2795 2617 2848 induitur.
2671 2794 2821 2862 Rogo
2866 2809 2992 2858 vos,
3044 2787 3272 2862 fratres,
3297 2789 3438 2858 quiq
3469 2787 3524 2842 in

1876 2873 1878 2876 '
1943 2878 2063 2917 arca
2095 2880 2189 2916 sua
2219 2880 2326 2916 non
2373 2865 2488 2917 vult
2533 2860 2818 2917 scintillam
2851 2863 2987 2928 ignis
3016 2860 3319 2922 includere,
3351 2871 3524 2925 quare

1943 2933 1998 2986 in
2039 2933 2214 2985 anima
2255 2948 2350 2986 sua
2395 2931 2660 2985 flammam
2698 2931 2984 2985 iracundia:
3029 2946 3133 2987 non
3158 2930 3314 2983 timet
3339 2941 3526 2980 accen-

1943 3003 2108 3055 dere?
2174 3001 2280 3054 Sed
2321 3018 2488 3124 quare
2534 3002 2635 3056 hoc
2682 3000 2774 3054 tiat
2827 3000 3106 3054 manifeste
3146 3007 3201 3054 et
3246 2995 3527 3076 evidenter

1943 3072 2300 3124 atmoscimus.
2366 3072 2466 3124 deo
2496 3072 2636 3124 enim
2669 3072 2722 3124 in
2752 3085 2932 3124 arcam
2963 3080 2985 3106 τ
3019 3070 3193 3124 ignem
3215 3081 3322 3120 non
3352 3072 3523 3118 mitti-

1943 3072 2300 3139 agnoscimus.
2338 3064 2466 3125 Ideo
2496 3072 2636 3125 enim
2669 3072 2722 3124 in
2752 3085 2932 3124 arcam
2963 3080 2985 3106 τ
3019 3070 3193 3139 iguem
3215 3081 3322 3120 non
3352 3064 3523 3118 mitti-

1942 3137 2084 3206 mus,
2114 3142 2236 3209 quia
2258 3142 2522 3208 diligimus
2551 3149 2752 3194 vestem
2787 3149 3040 3194 nostram.
3074 3137 3364 3209 Flammam
3397 3148 3524 3188 vero

1941 3205 2226 3266 iracundiae
2249 3205 2376 3264 ideo
2385 3226 2490 3263 non
2514 3209 2918 3276 exstinguimus,
2937 3209 3060 3277 quia
3089 3221 3194 3277 nou
3216 3205 3387 3277 solum
3416 3218 3526 3257 non

1945 3281 2244 3346 diligimus,
2297 3279 2391 3333 sed
2431 3279 2590 3332 etiam
2640 3273 2762 3333 odio
2809 3273 3066 3331 habemus
3094 3273 3203 3345 64
3235 3284 3256 3310 ³
3285 3275 3526 3346 animum

1949 3341 2207 3408 nostram,
2237 3349 2530 3403 secundum
2561 3347 2687 3401 illud
2709 3347 2859 3416 quod
2884 3347 3083 3416 dictum
3109 3341 3195 3399 Esi
3222 3361 3238 3416 ς
3273 3341 3526 3416 Q_ui_dili-

1987 3421 2022 3472 it
2045 3420 2365 3489 iniquitatem
2409 3419 2517 3472 odit
2547 3411 2949 3489 animamsuam
2980 3415 3150 3489 (Psul.
3185 3413 3261 3482 x).
3294 3411 3361 3489 Et
3383 3411 3523 3475 ideo,
3551 3412 3612 3472 Γ

1972 3483 2463 3569 ratres'_carissinii,
2495 3488 2740 3569 exempla
2779 3488 2879 3569 ista
2916 3485 3178 3569 attentius
3200 3483 3528 3569 cogitamus,

1955 3559 1975 3594 ί
2011 3559 2220 3613 arculas
2268 3559 2587 3621 interiores,
2650 3555 2702 3610 id
2763 3566 2845 3610 est
2891 3555 3246 3611 conscientias
3291 3558 3526 3621 nostras,

1953 3637 2211 3750 quantum
2241 3643 2542 3698 possumus,
2573 3618 2695 3680 cum
2723 3627 2820 3680 Dei
2850 3625 3120 3692 adiutorio
3149 3621 3418 3701 custodire
3448 3618 3529 3700 di-

1953 3698 2179 3750 Ittenter
2205 3699 2513 3750 studeamus
2536 3701 2574 3750 .’
2599 3704 2657 3750 ut
2704 3711 2824 3750 cum
2871 3696 2985 3750 dies
3017 3694 3201 3750 iudicii
3237 3697 3445 3746 venerit
3473 3703 3529 3742 in

1952 3694 2179 3766 Ilgenter
2205 3694 2513 3753 Studeamus
2536 3701 2574 3762 ,’
2599 3704 2657 3750 ut
2704 3711 2824 3750 cum
2871 3696 2985 3766 dies
3015 3694 3201 3763 judicii
3237 3694 3445 3766 venerit
3473 3694 3529 3742 in

1951 3761 2045 3820 illa
2072 3776 2271 3822 :cterna
2299 3775 2355 3821 et
2380 3761 2544 3821 beata
2569 3766 2823 3827 ecclesia,
2865 3765 2954 3819 ubi
2983 3761 3254 3833 nunquam
3287 3761 3534 3833 habitare

1950 3837 2150 3906 poterit
2177 3838 2366 3902 malus,
2403 3837 2541 3890 unde
2571 3845 2597 3871 υ
2630 3851 2902 3906 nunquam
2931 3835 3082 3889 exire
3113 3831 3313 3906 poterit
3335 3831 3528 3906 bonus,

1951 3899 2058 3960 non
2089 3921 2209 3979 cum
2243 3899 2434 3979 pannis
2463 3907 2733 3960 veteribus
2761 3899 3534 3979 'foras_intenebrasexierio-

1951 3992 2038 4046 res
2066 3970 2268 4030 exclusi
2299 3990 2678 4046 appareamus,
2713 3975 2807 4029 sed
2840 3975 2982 4046 stola
3006 3970 3423 4046 inimortalitutis
3453 3970 3534 4021 in-

1950 4045 2083 4109 duti,
2121 4039 2386 4099 castitatis
2412 4046 2497 4099 vel
2533 4039 2753 4112 justitia:
2792 4044 3016 4112 gemmis
3042 4042 3256 4112 ornati_,
3299 4039 3535 4112 eleemo-

1949 4105 2344 4186 synarnmiluce
2373 4105 2551 4170 vestiti
2581 4116 2767 4186 audire
2793 4105 3104 4168 increamnr
3127 4109 3380 4186 :_‘_Ven_ite
3401 4150 3414 4173 ,
3447 4105 3536 4186 be-

1951 4173 2139 4238 nedicti
2191 4185 2362 4262 Putris
2402 4187 2538 4262 m_ei,
2578 4185 2820 4262 percipite
2863 4198 3076 4262 regnum
3131 4173 3344 4262 (Manli.
3383 4176 3534 4245 xxv),

1952 4264 2095 4319 etc.;
2128 4262 2182 4323 et
2209 4254 2373 4308 illud:
2421 4249 2588 4309 Serve'
2619 4249 2746 4309 bone
2786 4262 2834 4323 et
2879 4249 3084 4323 ﬁdelis,
3129 4249 3266 4323 intra
3301 4249 3355 4300 in
3405 4263 3536 4323 guu-

1953 4316 2094 4397 dium
2136 4322 2346 4397 Domini
2373 4325 2667 4395 tui'(Ibid.)
2687 4343 2723 4397 ;_
2743 4322 2808 4377 ad
2835 4316 3261 4397 quodgaudium
3278 4316 3538 4397 .nos’oDo-f

1952 4395 2130 4448 minus
2157 4405 2184 4432 ν
2215 4396 2314 4450 sub
2360 4410 2456 4449 sua
2488 4392 2835 4465 ‘prote'ctione
2861 4392 3172 4465 perducat,
3202 4392 3295 4456 qui
3325 4392 3454 4439 vivit
3482 4393 3538 4438 et

1953 4471 2147 4533 regnat
2175 4465 2231 4521 in
2258 4467 2454 4522 saecula
2477 4462 2818 4521 siliculorum.
2843 4462 3034 4516 Amen.

306 4688 338 4717 ιι
369 4676 525 4732 Cod.
551 4673 752 4736 Later.,
785 4673 894 4740 ipse
922 4686 977 4740 ge
1004 4668 1264 4722 humiliter
1295 4666 1358 4719 ab
1383 4665 1539 4740 altari
1567 4663 1836 4719 Ecclesiae.
1865 4667 1923 4728 D
1943 4680 2181 4740 suggero.
2201 4737 2210 4740 _
2228 4666 2344 4740 Hoc
2365 4667 2499 4732 dico,
2530 4662 2665 4736 quod
2684 4677 2771 4717 vos
2805 4663 3095 4732 frequenter
3123 4657 3294 4728 facere
3316 4653 3534 4724 aspicio.

306 4748 339 4787 δ
373 4747 526 4803 Cod.
552 4744 738 4799 Vallic.
766 4736 822 4796 et
846 4741 902 4796 S.
929 4739 1070 4804 Pet.,
1100 4745 1148 4791 et
1172 4747 1289 4790 tunc
1309 4736 1532 4788 veniens.

312 4830 338 4857 σε
373 4816 529 4874 Cod.
561 4813 773 4877 Later.,
804 4807 1105 4864 et‘intravit
1142 4814 1198 4859 ut
1235 4805 1429 4859 videret
1456 4803 1610 4858 simul
1647 4819 1846 4858 recum-

229 4892 539 5014 “mem
567 4923 685 5010 cod.
717 4952 917 5014 Later.,
949 4955 1172 5002 meretur
1190 4944 1388 5000 audire.

311 5041 340 5069 ο
374 5028 531 5083 Cod.
564 5025 620 5080 8.
655 5019 1104 5092 Pet.,,pgtesumit.

314 5098 338 5138 ί
377 5096 533 5153 Cod.
557 5094 614 5150 S.
645 5093 761 5148 Pet.
780 5084 831 5143 ’Δι’
850 5091 908 5155 F,
941 5092 996 5144 in
1023 5089 1182 5152 caelis,
1230 5086 1285 5140 id
1321 5092 1398 5139 est
1436 5084 1736 5156 angelorum
1772 5086 1853 5142 vel

228 5178 567 5229 sanctorum
588 5165 812 5219 omnium
839 5157 1249 5230 congregatione.

285 5279 287 5282 .
314 5253 344 5290 ς
378 5237 534 5292 Cod.
562 5233 774 5296 Vallic.,
807 5231 886 5284 cui
909 5229 1000 5283 nec
1022 5229 1114 5280 hoc
1142 5229 1327 5280 solum.

303 5309 346 5348 ἰι
381 5306 586 5362 Codex
613 5294 793 5359 Sancti
821 5299 987 5367 Petri,
1019 5314 1121 5351 non
1141 5296 1428 5367 solumnec
1447 5311 1610 5367 paena:
1626 5294 1847 5367 habebit,

227 5381 340 5438 sed
367 5360 552 5434 etiam
578 5376 815 5445 ﬂammas
856 5360 1047 5442 infeini
1086 5364 1389 5432 sustinebit,
1418 5360 1524 5418 ubi
1561 5373 1639 5419 est
1677 5360 1847 5433 ﬂetus,

229 5460 356 5558 cui.
385 5514 576 5575 Codd.
605 5513 661 5568 S.
695 5511 811 5568 Pet.
859 5517 914 5564 et
953 5506 1156 5574 Later.,
1186 5507 1273 5577 qui
1309 5521 1412 5560 non
1451 5505 1846 5571 moritur,.etc.,

229 5586 642 5657 exstinguitur.

271 5645 300 5698 Ϊ
323 5645 353 5711 ἱ
389 5645 575 5734 {idem
604 5653 756 5710 codd.
789 5652 854 5734 S.
879 5651 995 5708 Pet.
1028 5658 1085 5705 et
1110 5649 1310 5714 Later.,
1361 5645 1464 5701 nisi
1490 5645 1626 5717 quod
1662 5645 1725 5698 de
1762 5646 1858 5700 hoc
1909 5728 1915 5733 ‘

232 5727 475 5796 “pculo
495 5734 657 5779 caste.

279 5785 350 5852 ζί
388 5793 577 5853 [idem
602 5793 756 5860 codd.
793 5792 850 5850 S.
890 5789 1006 5849 Pet.
1037 5796 1091 5848 et
1113 5787 1324 5857 Later.,
1349 5785 1693 5859 laboriosum,
1722 5785 1856 5857 quod

1954 4731 2143 4790 omnes
2164 4737 2278 4801 viri,
2311 4745 2415 4791 etc.

2035 4803 2052 4842 ι
2086 4805 2246 4860 Iidem
2265 4796 2431 4862 codd.
2465 4805 2520 4861 S.
2551 4803 2667 4860 Pet.
2697 4810 2753 4858 et
2771 4800 2976 4866 Later.,
3008 4796 3133 4853 Non
3153 4802 3229 4851 est
3249 4810 3421 4867 grave,
3445 4810 3537 4850 nec

1953 4874 2284 4931 laboriosum.
3211 4906 3213 4908 ·

2027 4955 2067 4982 ω
2097 4946 2241 5001 Idem
2271 4947 2327 5002 S.
2357 4947 2473 5002 Pet.
2505 4946 2672 5010 addit,
2702 4942 3009 5012 accipientes
3038 4937 3333 4994 exhibeant.

2027 5025 2053 5051 ιι
2084 5016 2227 5073 Idem
2248 5018 2367 5074 cod.
2400 5017 2454 5072 S.
2490 5017 2628 5080 Pet.,
2660 5023 2818 5068 vestes
2842 5027 2982 5064 suas.

2031 5095 2055 5122 ο
2089 5088 2250 5144 Iidem
2281 5089 2438 5144 codd.
2472 5087 2528 5142 S.
2563 5086 2684 5141 Pet.
2713 5092 2768 5139 et
2809 5081 3008 5149 Later.,
3041 5096 3153 5154 qua:
3192 5085 3271 5134 est
3296 5084 3538 5148 peccato-

1959 5173 2072 5210 rum
2095 5159 2333 5230 sordibus
2361 5160 2649 5230 inquinata.
2711 5166 2716 5170 ’
2792 5223 2839 5230 η
2952 5159 2954 5162 ’
3090 5223 3101 5230 ,
3177 5221 3188 5230 .
3260 5219 3271 5230 .

2028 5238 2054 5276 ῐι
2081 5228 2212 5282 Cod.
2245 5221 2445 5293 Later.,
2477 5237 2526 5282 et
2553 5229 2648 5280 hoc
2667 5223 2802 5297 quod
2823 5223 2946 5278 bene
2968 5223 3146 5288 nostis,
3169 5221 3394 5274 insinuo.

1989 5313 1994 5317 ·
2030 5308 2056 5346 ιι
2087 5297 2230 5353 Idem
2261 5300 2381 5354 cod.
2417 5298 2555 5361 Lat.,
2587 5299 2642 5368 in
2668 5311 3035 5368 arcamsuam.
3185 5361 3196 5368 _
3463 5357 3474 5367 _

1954 5365 1960 5372 ’
2034 5377 2054 5403 τ
2086 5368 2254 5422 Codd.
2282 5369 2338 5423 S.
2370 5368 2485 5423 Pet.
2518 5376 2572 5422 et
2601 5366 2802 5426 Later.,
2831 5365 2970 5436 ignis
2993 5378 3093 5416 non
3127 5361 3362 5436 mittitur,
3391 5361 3532 5436 quia,

1960 5445 2064 5492 etc.
2085 5436 2325 5493 Flamma
2349 5456 2462 5493 vero
2484 5437 2767 5492 iracundia?
2783 5431 2897 5488 ideo
2919 5450 3018 5486 non
3033 5431 3400 5497 exstinguitur,
3425 5431 3532 5479 etc.

2036 5517 2056 5544 ⁸
2089 5509 2234 5563 Idem
2265 5510 2383 5564 cod.
2417 5509 2472 5563 S.
2504 5508 2640 5570 Pet.,
2667 5507 2870 5560 animus
2890 5512 3112 5556 nostras.

2039 5580 2057 5613 ί
2091 5577 2223 5633 Cod.
2251 5579 2456 5644 Later.,
2485 5577 2702 5632 arcellus
2729 5576 3016 5644 interiores.

2031 5655 2058 5683 υ
2090 5647 2232 5703 Idem
2261 5650 2380 5704 cod.
2413 5635 2616 5712 Later.,
2648 5657 2904 5712 nunquam
2917 5640 3159 5712 exiturus
3182 5635 3344 5694 bonus
3359 5642 3460 5694 est.

2032 5729 2057 5756 ν
2087 5717 2230 5776 Idem
2261 5720 2378 5776 cod.
2411 5721 2585 5775 Later.
2604 5708 2818 5772 omittit
2839 5708 2957 5766 sub.

3224 5890 3279 5907 ν..)
