4072 6332
303 355 400 416 897

301 531 668 611 plantaverunt
695 543 748 590 et
774 531 1438 611 construxerunt,_et_suis_
1457 531 1704 611 precibus
1731 547 1865 586 con-

300 601 635 666 secraverunt
653 647 668 672 ,
699 615 858 676 atque
885 621 947 660 ea
976 605 1176 676 quzcin
1206 601 1636 657 dedicatiOnibus
1677 617 1868 656 eorum

301 677 490 735 sanctis
520 674 1074 746 precibus'poscentes
1102 674 1412 746 impetrare,
1445 680 1504 726 ut
1523 681 1736 746 certum
1764 680 1867 738 est,

303 741 622 810 meruerunt,
645 741 844 814 quanto
873 745 1040 812 magis
1059 741 1219 798 modo
1237 758 1360 797 cum
1383 741 1610 814 Domino
1638 755 1869 814 regnan—

302 826 381 872 tes
407 832 591 871 eorum
635 812 904 886 postulata
933 823 986 886 et
1030 814 1312 886 impetrata
1333 813 1450 886 suis
1479 812 1683 886 meritis
1712 813 1764 865 in
1793 812 1871 886 eis

303 887 614 948 redundant,
637 881 733 954 qui
763 886 828 940 ad
858 885 1053 954 eadem,
1078 881 1274 952 templa
1317 881 1510 954 devote
1537 881 1871 951 deprecaturi

302 952 738 1023 advenientem—et
755 970 940 1010 eorum
961 953 1309 1008 dedicationis
1337 952 1524 1006 festive
1554 959 1872 1007 venerantes

301 1026 659 1092 conveniunt,
707 1041 802 1080 seu
847 1024 1222 1078 venerabiliter
1273 1023 1605 1077 celebrantes
1651 1023 1868 1076 colunt?

301 1095 450 1150 Sicut
477 1096 618 1150 enim
642 1095 843 1164 prrcfati
866 1095 1036 1149 sancti
1059 1095 1170 1148 sive
1197 1093 1373 1147 cuncti
1404 1093 1572 1146 sancti
1599 1101 1778 1160 patres
1805 1107 1873 1145 ex

304 1167 385 1220 bis
414 1166 568 1220 factis
595 1165 998 1220 retributionem
1046 1170 1398 1234 perceperunt
1448 1173 1779 1234 perpetuam,
1821 1170 1877 1234 et

302 1236 525 1304 gloriam
571 1243 824 1290 :eternam
870 1231 1089 1304 adipisci
1137 1241 1480 1304 meruerunt,
1531 1232 1606 1286 sic
1635 1240 1688 1284 ct
1715 1231 1875 1304 modo

303 1301 488 1360 omnes
517 1321 702 1360 eorum
731 1301 1252 1369 vestigia’imitantes
1281 1302 1495 1371 prannia
1536 1310 1734 1355 :eterna
1765 1301 1873 1371 Do-

302 1376 447 1430 mino
476 1384 744 1429 annuente
773 1374 994 1442 adipisci
1035 1370 1397 1426 indubitanter
1441 1379 1726 1425 merentur.
1761 1370 1876 1436 Qua

303 1444 368 1500 de
397 1460 455 1499 re
480 1458 819 1513 summopere
845 1443 1170 1511 pensandum
1200 1450 1281 1513 est
1309 1443 1584 1513 omnibus,_
1605 1451 1662 1494 ut
1689 1456 1875 1513 eorum

304 1516 523 1582 vestigia
547 1515 598 1568 in
621 1511 877 1585 quantum
899 1520 1120 1583 possunt
1147 1512 1422 1585 imitentur
1441 1519 1496 1564 et
1523 1511 1588 1564 ad
1625 1511 1879 1564 ecclesias

303 1581 459 1653 quasi
489 1585 562 1640 illi
617 1581 1083 1645 consecraverunt,
1142 1581 1253 1653 sive
1305 1596 1639 1653 successores
1691 1595 1878 1653 eorum

305 1651 492 1722 postea
512 1655 911 1716 dedicaverunt,
940 1669 1033 1708 seu
1053 1651 1292 1722 quotidie
1320 1651 1880 1722 dedicant,liurniliter

305 1721 650 1791 conveniant,
679 1732 941 1793 quatenus
961 1721 1147 1777 eorum
1168 1722 1435 1791 postulata
1465 1721 1563 1793 sibi
1584 1721 1882 1793 impetrare

304 1794 519 1849 valeant
548 1804 656 1848 tam
676 1791 788 1848 suis
807 1793 962 1847 bonis
989 1793 1373 1846 intentionibus
1395 1799 1450 1844 et
1471 1791 1625 1844 bonis
1653 1791 1857 1845 actibus

305 1879 466 1934 quam
493 1873 548 1918 et
575 1879 760 1934 eorum
790 1863 1125 1917 sacerdotum
1155 1862 1247 1931 qui
1276 1861 1417 1929 ipsas
1457 1831 1884 1934 ecclesiassdedi:
1916 1833 1960 1893 Β

307 1929 462 1997 cant,
521 1942 680 2003 atque
727 1933 963 2002 ipsorum
1008 1929 1314 2003 sanctorum
1359 1944 1585 2003 quorum
1634 1929 1885 1998 reliquias

309 2003 442 2058 inibi
490 1999 784 2066 collocant,
835 2010 890 2056 et
934 2017 1051 2070 qua:
1094 2001 1222 2070 ipsis
1251 1999 1501 2055 Ecclesiis
1541 2008 1884 2066 venerantur,

347 2073 558 2128 recibus
604 2089 666 2126 ea
721 2087 840 2141 qua:
904 2072 1172 2141 postulant
1227 2070 1509 2140 impetrare
1561 2078 1886 2141 mereantur.

331 2143 536 2204 deirco,
587 2139 778 2196 fratres
823 2139 1114 2205 carissimi,
1163 2156 1256 2194 vos
1301 2139 1580 2194 inonemus
1610 2155 1677 2192 ne
1707 2139 1805 2192 ista
1836 2139 1888 2191 in

305 2227 507 2266 vanum
537 2212 848 2275 assnutatis,
893 2226 991 2264 nec
1018 2225 1226 2265 cessare
1253 2209 1602 2280 permittatis;
1633 2209 1888 2280 quoniam

307 2282 356 2336 si
394 2282 758 2336 dedicationes
805 2296 1062 2334 novarum
1119 2278 1464 2334 ecclesiarum
1517 2278 1894 2332 venerabiliter

307 2351 510 2414 colitis,
543 2359 598 2404 et
621 2365 802 2405 earum
851 2349 1110 2404 solemnia
1158 2349 1543 2404 studiosissime
1585 2348 1890 2414 celebratis,

307 2435 380 2489 ea
409 2435 531 2488 quae
561 2420 661 2489 ipsi
689 2420 860 2474 sancti
901 2419 1208 2474 sacerdotes
1237 2421 1290 2473 in
1320 2419 1447 2487 ipsis
1475 2419 1896 2473 dedicationibus

309 2488 678 2546 Ecclesiarum
710 2506 806 2558 pro
835 2490 987 2543 vobis
1028 2497 1083 2543 et
1130 2505 1228 2558 pro
1273 2489 1480 2543 cunctis
1509 2489 1896 2558 ibiorantibus

309 2561 621 2632 petierunt,
653 2557 1229 2632 Dominoauxiliante,
1275 2557 1693 2632 misericorditer
1723 2559 1894 2628 impe-

311 2629 460 2686 irare
488 2629 814 2697 gaudebitis;
846 2629 896 2682 id
924 2637 1006 2682 est
1031 2638 1088 2682 ut
1111 2639 1298 2683 vestra:
1325 2631 1598 2682 orationes
1627 2629 1678 2681 in
1709 2644 1898 2683 conse-

311 2701 481 2757 cratis
506 2700 574 2752 ab
601 2699 679 2752 eis
707 2700 846 2766 locis,
867 2707 920 2751 et
950 2700 1002 2752 in
1032 2699 1124 2752 Dei
1160 2698 1414 2753 Ecclesiis
1438 2697 1812 2764 exandiantur,
1843 2707 1897 2751 et

311 2786 376 2826 ea
405 2786 529 2840 qua:
557 2771 608 2822 in
636 2770 714 2823 eis
761 2770 1046 2840 impetrare
1092 2769 1340 2840 nitimini,
1379 2777 1499 2840 tam
1547 2783 1576 2821 a
1621 2769 1898 2840 praesentis

309 2839 497 2896 saeculi
520 2854 679 2908 quam
702 2847 757 2892 et
782 2855 811 2893 a
834 2839 1038 2893 cunctis
1065 2839 1492 2893 tribulationibus
1511 2846 1565 2892 et
1585 2852 1614 2889 a
1642 2839 1908 2906 peccatis,

309 2912 430 2967 sive
460 2907 808 2963 abomnibns
837 2908 1266 2962 tribulationibus
1302 2915 1355 2962 et
1384 2908 1537 2960 rnalis
1578 2907 1894 2972 liberarnini,

311 2991 366 3036 et
401 2995 466 3034 ea
495 2994 615 3048 qua:
643 2978 709 3032 ad
746 2979 983 3032 cmlestia
1032 2978 1330 3047 pertinent,
1372 2986 1426 3031 ct
1472 2977 1538 3048 a_d
1587 2978 1897 3032 societatem

311 3045 630 3106 sanctorum
658 3049 770 3102 sive
800 3045 1044 3117 requiem
1064 3048 1466 3116 sempiternam,
1488 3045 1715 3100 Domino
1739 3049 1898 3102 mise-

314 3129 506 3187 rente,
551 3118 779 3174 dulciter
823 3118 1202 3188 impetrabitis,
1225 3126 1280 3172 et
1327 3118 1543 3186 insuper
1573 3118 1751 3171 omnia
1779 3133 1897 3188 qua:

1702 343 1936 406 'SERMO
1969 341 2132 405 XXV.
2360 383 2369 393 .
2407 345 2417 394 :
2521 391 2525 395 .
2587 390 2590 393 .
2627 346 2681 397 ξι.

301 482 411 547 rum
427 461 750 547 comquales.
780 462 839 519 Si
865 461 1008 547 enim
1034 461 1286 547 viventes
1320 460 1398 543 in_
1421 460 1866 547 carneecclesias
1891 469 1943 528 Α
1967 473 2081 546 stre
2097 469 2456 547 gratissimam
2472 461 2998 547 esseocognosciraqs.
3014 461 3227 547 Qppidq
3240 472 3416 547 autem
3437 465 3546 547 Do.

3439 353 3544 410 898

1971 535 2121 607 mino
2128 542 2276 607 grata
2293 533 2406 602 ipsa
2425 533 2919 607 devotionistempli
2931 533 3187 591 festivitas
3201 534 3317 600 fuit,
3329 537 3544 607 quando

1973 604 2089 676 ipse
2110 602 2162 658 in
2183 604 2270 676 illa
2288 602 2540 676 templum
2563 605 2762 672 ingredi
2781 612 2836 658 et
2848 602 3153 660 sermonem
3172 602 3427 662 facere'ad
3441 624 3541 676 po:

1971 673 2155 747 pulum
2170 673 2358 736 voluit,
2377 673 2666 747 divinitatis
2682 690 2796 747 sirm
2813 684 3143 747 sacramenta
3165 677 3292 732 inibi
3309 673 3545 747 pandere

1971 743 2217 817 dignatus
2246 751 2348 817 est.
2379 743 2654 817 Condigno
2680 743 2772 817 [ιν.
2804 745 3260 817 ροίηάὶεηθιθηὶηι
3297 743 3352 800 in
3379 748 3549 802 eccle-

1971 814 2066 886 siis
2096 815 2204 886 Deo
2231 815 2304 886 ab,
2327 814 2592 886 episcopis
2615 814 3062 886 etisacerdotibus
3074 814 3274 870 divinis
3301 819 3548 886 precibus

1973 884 2165 938 dicatis
2195 883 2471 938 visibiliter
2496 884 2646 951 signa
2675 884 3078 940 innumerabilia
3108 886 3260 952 fiunt,
3289 883 3384 942 sed
3412 888 3547 942 invi-

1973 955 2200 1008 sibiliter
2222 953 2437 1022 majoris
2462 955 2681 1027 virtutis
2702 955 2959 1027 miracula
2988 957 3274 1027 prodeunt.
3305 956 3546 1027 Corpora

1973 1039 2204 1093 namque
2231 1033 2488 1078 sanantur
2513 1023 2769 1093 exterius,
2813 1024 2908 1078 sed
2937 1025 3154 1081 vulnera
3191 1027 3381 1080 animae
3409 1023 3547 1082 rela-

1975 1092 2170 1148 xantnr
2223 1094 2461 1148 interius.
2502 1092 2617 1147 Hoc
2660 1102 2838 1148 autem
2873 1095 3016 1162 quod
3059 1097 3296 1151 exterius
3339 1095 3548 1153 Domini

1974 1165 2153 1235 gratia
2175 1163 2454 1235 visibiliter
2481 1163 2893 1235 demonstratur,
2921 1165 3023 1218 hoc
3049 1165 3272 1235 interius
3297 1166 3550 1235 spiritua-

1977 1233 2100 1288 liter
2125 1234 2302 1287 divina
2328 1234 2495 1288 virtus
2525 1233 2859 1288 invisibiliter
2899 1243 3167 1303 operatur.
3209 1233 3340 1289 Nam
3381 1237 3550 1291 multo

1978 1305 2147 1370 magis
2185 1312 2269 1357 est
2316 1303 2538 1358 interius
2577 1305 2782 1358 animas
2826 1305 3074 1358 renovari
3103 1315 3158 1359 et
3187 1319 3219 1358 a
3249 1305 3552 1362 vulneribus

1978 1373 2089 1428 suis
2111 1374 2433 1436 resuscitari,
2458 1389 2618 1441 quam
2639 1373 2875 1427 exterius
2899 1389 3124 1442 corpora
3161 1376 3354 1428 sanari.
3381 1374 3552 1430 Unqu

1977 1444 2174 1512 quippe
2203 1444 2489 1498 carnaliter
2514 1442 2881 1512 corporalibus
2929 1442 3096 1496 oculis
3136 1443 3552 1511 demonstratur,

1980 1511 2125 1567 aliud
2153 1513 2486 1566 invisibiliter
2514 1511 2692 1566 divina
2732 1513 2901 1567 virtus
2937 1522 3216 1582 speratur.
3250 1514 3307 1567 In
3337 1515 3554 1570 dedica-

1981 1583 2215 1637 tionibus
2233 1597 2449 1651 quoque
2474 1582 2818 1637 ecclesiarum
2840 1581 3006 1635 multa
3028 1583 3175 1650 signa
3205 1584 3400 1638 nostris
3419 1592 3555 1640 tem-

1980 1653 2201 1722 poribus
2232 1652 2469 1706 videmus
2495 1659 2732 1722 peracta.
2763 1651 2964 1707 Idcirco
2993 1667 3094 1706 nos
3121 1651 3483 1708 dedicationes
3503 1663 3557 1710 et

1983 1721 2352 1776 solemnitates
2397 1721 2863 1776 consecrationum
2911 1737 3170 1776 novarum
3213 1723 3558 1779 ecclesiarum

1985 1792 2295 1845 solemniter
2317 1791 2559 1862 venerar-i
2587 1799 2906 1862 oportet,_ut
2929 1791 3065 1862 sicut
3089 1793 3312 1862 aliorum
3334 1807 3559 1862 corpora

1987 1862 2040 1916 in
2061 1862 2138 1915 eis
2160 1861 2338 1914 sanari
2367 1868 2421 1914 et
2447 1860 2729 1915 reformari
2757 1860 3016 1925 videmus,
3049 1861 3121 1915 ita
3149 1861 3338 1916 animae
3367 1860 3561 1918 nostra:

1989 1935 2261 1996 sanentur,
2294 1937 2350 1984 et
2375 1930 2594 1985 interius
2620 1929 2828 1992 Domini
2855 1930 3218 1986 misericordia
3240 1940 3563 1988 renoventur

1990 2009 2149 2070 atque
2193 2017 2222 2054 a
2265 2001 2501 2071 peccatis
2538 2001 2939 2054 resuscitentur.
2981 1998 3205 2056 Peccata
3233 2017 3450 2071 quoque
3473 2019 3564 2058 re-

1990 2071 2256 2152 laaentur,
2289 2077 2343 2123 et
2381 2070 2574 2151 divina;
2621 2071 2991 2152 miserationes
3030 2070 3402 2152 ἱιῃριοςεηιειίςἶ
3426 2070 3566 2152 ,ψυ-

1990 2141 2261 2196 minantur
2301 2155 2531 2208 namque
2561 2140 2612 2192 in
2642 2139 2884 2194 ecclesiis
2923 2140 3035 2194 Deo
3062 2139 3250 2194 dicatis
3286 2141 3565 2196 visibiliter

1993 2211 2141 2276 eieci,
2171 2209 2264 2263 sed
2290 2209 2451 2263 corda
2475 2208 2704 2263 lidelium
2727 2210 2778 2262 in
2800 2209 2877 2263 eis
2899 2209 3230 2264 invisibiliter
3251 2211 3417 2276 gratia
3439 2226 3565 2266 san-

1993 2280 2066 2335 cti
2105 2280 2348 2350 Spiritus,
2380 2279 2728 2350 illustrantur.
2769 2277 2990 2350 Leprosi
3018 2293 3148 2350 ergo
3175 2281 3452 2335 visibiliter
3478 2297 3566 2336 sa-

1995 2349 2209 2415 nantur,
2261 2349 2354 2404 sed
2403 2349 2738 2403 invisibiliter
2781 2349 2835 2402 hi
2883 2349 2974 2418 qui
3020 2349 3183 2404 variis
3220 2350 3476 2406 doctrinis
3509 2360 3567 2406 et

1996 2420 2424 2491 cogitationibus,
2471 2419 2606 2491 sive_
2631 2419 2936 2491 hieresibus,
2979 2427 3103 2491 sunt
3147 2421 3369 2489 aspersi,
3409 2421 3567 2491 spiri-

1996 2491 2212 2544 tualiter
2237 2491 2287 2543 in
2315 2489 2554 2544 ecclesiis
2583 2489 2692 2543 Deo
2721 2488 2909 2543 dicatis
2936 2487 3096 2543 corda
3127 2487 3312 2544 eorum
3341 2487 3566 2558 tangun-

1998 2568 2104 2623 tur,
2135 2572 2190 2614 et
2227 2559 2293 2614 ad
2341 2559 2496 2613 lidern
2539 2559 3022 2620 catholicam,‘sive
3049 2558 3113 2612 ad
3142 2559 3280 2614 bene
3309 2562 3567 2628 agendum

1997 2638 2401 2684 convertuntur.
2436 2629 2685 2682 Auditum
2715 2643 2928 2698 quoque
2974 2629 3024 2682 in
3070 2629 3336 2698 praedictis
3373 2631 3568 2685 sanctis

1999 2700 2130 2754 locis
2156 2701 2434 2753 visibiliter
2461 2697 2918 2767 recipiunt’sur’di,
2945 2699 3038 2753 sed
3062 2697 3394 2754 invisibiliter
3413 2715 3569 2756 aures

1998 2770 2410 2839 pnccordiorum
2431 2769 2600 2823 sancti
2621 2767 2850 2839 Spiritus
2871 2769 3220 2839 illustratione
3241 2771 3568 2838 aperiuntur,

1998 2838 2261 2908 quatenus
2301 2856 2363 2893 ea
2404 2855 2522 2908 quae
2561 2838 2816 2908 Dei'sunt
2862 2838 3043 2908 audire
3071 2845 3126 2891 et
3154 2839 3448 2907 intelligere
3477 2855 3570 2893 va-

1999 2909 2161 2962 leant.
2185 2909 2273 2964 Sic
2296 2917 2350 2961 et
2371 2907 2562 2962 caetera
2585 2924 2704 2976 quas
2727 2907 2778 2960 in
2803 2907 3071 2961 miraculis
3091 2908 3367 2962 visibiliter
3387 2911 3439 2962 in
3460 2907 3570 2963 Deo

1999 2979 2188 3033 dicatis
2234 2979 2367 3033 locis
2408 2980 2840 3032 demonstrantur
2874 2976 3145 3045 przefixum
3186 2979 3461 3032 continere
3488 2980 3573 3033 vi-

1999 3049 2193 3102 dentur
2217 3063 2450 3104 sensum.
2483 3047 2623 3113 Ideo,
2652 3047 2860 3111 fratres,
2893 3055 3107 3115 oportet
3137 3055 3192 3099 ut
3222 3048 3345 3100 talia
3374 3049 3574 3103 beneli-

2000 3119 2082 3173 cia
2130 3119 2460 3187 impetraturi
2509 3118 2619 3171 sive
2671 3117 2932 3187 adepturi,
2977 3115 3044 3169 ad
3084 3117 3340 3171 ecclesias
3380 3117 3575 3174 divinis

315 3186 607 3249 humiliter
648 3192 702 3243 in
745 3190 824 3243 eis
867 3186 922 3243 et
965 3186 1186 3242 fideliter
1241 3188 1438 3257 petitis,
1485 3187 1902 3242 misericorditer
1927 3193 1972 3254 C
2003 3186 2342 3244 consecratas
2364 3187 2608 3257 precibus
2629 3186 2900 3257 humiliter
2920 3201 3016 3257 vos
3040 3195 3093 3239 et
3111 3202 3228 3250 nos,
3253 3187 3364 3242 sive
3389 3203 3576 3243 omnes

319 3262 558 3318 Domino
581 3260 844 3313 tribuente
867 3259 1087 3326 adipisci
1118 3258 1379 3311 valebitis.
1405 3257 1461 3310 Si
1499 3273 1626 3324 ergo
1649 3258 1902 3311 Dominus

319 3333 584 3400 magister
611 3326 964 3400 rrostergJesus
992 3327 1234 3381 Christus
1254 3327 1318 3380 ad
1340 3328 1531 3400 festum
1557 3326 1905 3400 dedicationis

319 3397 518 3471 templi
549 3399 730 3471 venire
753 3398 1121 3471 diguatus_est,
1145 3404 1346 3471 quanto
1366 3397 1534 3471 magis
1561 3412 1658 3471 nos
1678 3397 1745 3471 ad
1769 3397 1908 3451 festi-

322 3465 530 3526 vitales
575 3465 968 3522 dedicatiOnum
1000 3467 1353 3522 Ecclesiarum
1398 3467 1578 3519 venire
1626 3465 1902 3531 debemus,

321 3551 385 3596 et
422 3555 521 3596 eas
549 3539 878 3602 solemniter,
909 3547 1068 3607 prout
1096 3537 1426 3607 potuerimus
1453 3545 1507 3590 et
1531 3535 1794 3607 Dominus
1813 3537 1908 3607 de-

322 3611 502 3674 derit,
554 3616 731 3663 mente
777 3617 830 3662 et
878 3606 1039 3661 cerde
1085 3606 1395 3660 soleruniter
1441 3615 1494 3659 et
1533 3606 1910 3661 venerabiliter

321 3681 615 3737 celebrare
641 3678 931 3732 debemus?
959 3677 1193 3730 Audistis
1219 3691 1446 3745 namque
1465 3718 1480 3742 ,
1523 3675 1711 3730 fratres
1739 3678 1907 3731 caris-

322 3751 490 3812 simi,
523 3763 587 3803 ex
618 3748 845 3802 lectione
873 3747 1174 3814 evangelica
1205 3745 1346 3813 quod
1375 3749 1513 3815 facta
1543 3755 1657 3815 sunt
1679 3749 1910 3815 encwnia

325 3819 712 3889 Jerosolymis,
759 3825 806 3889 et
851 3813 1182 3889 Memserat,
1229 3825 1281 3889 _e_t
1325 3813 1621 3889 ainbu_lab_at
1662 3814 1812 3889 Iesus
1857 3818 1911 3870 in

325 3883 564 3958 templo,
584 3889 637 3942 in
666 3883 862 3957 porticu
893 3886 1186 3958 Salomonis
1218 3883 1393 3958 (Joan,
1427 3887 1502 3954 ι).
1536 3884 1783 3958 Εξῃοωηίιι
1813 3901 1910 3939 au-

327 3954 454 4017 teni
483 3954 808 4014 vocabantur
830 3955 1197 4011 solemnitates
1224 3955 1395 4008 sancti
1418 3954 1598 4023 templi
1626 3970 1910 4009 consecra-

325 4030 506 4087 tionis
531 4037 584 4082 et
609 4027 990 4087 dedicationis,
1038 4041 1168 4093 quas
1195 4023 1288 4078 Dei
1337 4023 1562 4094 populus
1599 4040 1665 4078 ex
1705 4033 1912 4092 patrum

326 4099 631 4157 traditione
674 4105 728 4149 et
775 4112 842 4150 ex
886 4095 1100 4165 antiqua
1132 4093 1515 4149 consuetudine
1559 4109 1654 4165 per
1681 4094 1914 4160 singulos

327 4169 617 4228 celebrare
637 4181 804 4219 annos
825 4163 1116 4218 consuevit.
1141 4165 1374 4230 Quorum
1396 4163 1636 4233 exempla
1661 4165 1916 4217 hodierna

326 4241 427 4295 die
461 4252 558 4290 nos
587 4236 857 4288 imitantes
899 4234 1049 4302 juxta
1095 4234 1378 4288 Christiani
1415 4234 1557 4287 orbis
1588 4249 1789 4288 morem
1819 4237 1908 4286 an-

327 4322 508 4366 nuarn
530 4312 724 4359 nostra:
746 4303 993 4359 Ecclesia:
1013 4305 1361 4358 dedicationis
1381 4303 1519 4357 diem
1541 4303 1731 4358 divinis
1757 4304 1920 4358 laudi-

329 4380 469 4440 bus,
494 4375 700 4443 vigiliis.
733 4376 845 4428 sive
873 4376 1081 4428 cazteris
1110 4374 1264 4428 bonis
1292 4373 1479 4427 studiis
1507 4383 1560 4426 et
1587 4375 1919 4427 orationibus

328 4461 509 4515 agere
530 4444 807 4515 studemus
827 4443 1140 4499 solemnem.
1163 4444 1300 4498 Nihil
1322 4445 1460 4515 enim
1487 4443 1804 4498 festivitates
1827 4444 1920 4515 de-

328 4512 674 4574 dicationum
695 4512 1052 4569 Ecelesiarum
1079 4515 1252 4568 minus
1271 4513 1504 4568 colenda:
1525 4522 1580 4567 et
1600 4513 1920 4567 veneranda:

2005 3273 2311 3321 convemre,
2343 3255 2393 3311 et
2426 3256 2739 3310 festivitates
2767 3255 3160 3309 dedicationum
3200 3259 3457 3311 novarum
3483 3273 3576 3312 ec-

2006 3327 2284 3381 clesiarum
2321 3325 2697 3381 venerabiliter
2738 3325 2980 3380 venerari
3010 3333 3066 3380 et
3094 3325 3405 3380 solemniter
3431 3328 3576 3382 cele-

2007 3398 2186 3478 brare,
2209 3404 2471 3478 quatenus
2493 3395 2722 3478 Domino
2741 3404 3005 3478 annuente
3026 3395 3276 3476 praidicta
3298 3395 3578 3466 beneficia,

2007 3468 2120 3536 sive
2147 3466 2369 3536 majora,
2394 3468 2447 3520 in
2468 3467 2546 3521 eis
2568 3467 2854 3536 impetrare
2877 3473 2932 3519 et
2960 3466 3232 3536 percipere
3256 3480 3577 3522 mereamur.

2008 3534 2053 3591 0
2071 3534 2242 3604 quam
2261 3536 2557 3592 veneranda
2587 3534 2718 3600 dies,
2745 3536 2800 3607 in
2827 3551 2933 3606 qua
2955 3537 3185 3607 parietes
3209 3535 3370 3607 hujus
3396 3537 3580 3607 templi

2010 3607 2202 3676 divinis
2230 3607 2480 3676 precibus
2509 3606 2807 3676 consecrati
2835 3604 2982 3676 sunt!
3015 3604 3059 3658 0
3086 3604 3325 3662 amabilis
3345 3615 3400 3662 et
3418 3604 3584 3662 bene-

2012 3675 2151 3731 dicta
2173 3674 2306 3743 dies,
2342 3678 2393 3728 in
2421 3691 2525 3744 qna
2551 3675 2740 3730 domus
2760 3674 2874 3729 haec
2896 3675 3120 3729 Doruino
3145 3675 3336 3730 divinis
3355 3676 3585 3732 cultibus

2011 3755 2066 3800 et
2093 3747 2260 3800 sacris
2289 3746 2585 3816 actionibus
2614 3753 2697 3800 est
2719 3744 2982 3810 dedicata,
3015 3752 3069 3798 ut
3099 3746 3167 3814 in
3180 3761 3243 3800 ea
3265 3747 3584 3816 perpetuali-

2013 3823 2096 3870 ter
2140 3832 2334 3870 nomen
2379 3815 2588 3869 Domini
2633 3816 2928 3880 invocetur,
2959 3824 3014 3870 et
3049 3815 3318 3870 orationes
3346 3815 3584 3870 Omnium

2014 3885 2066 3939 in
2095 3901 2159 3940 ea
2189 3888 2274 3956 pie
2301 3885 2700 3955 deprecantium
2730 3899 2760 3938 a
2787 3883 3014 3956 Domino
3052 3888 3426 3950 exaudiantur,
3456 3901 3584 3940 sua-

2015 3955 2238 4025 rumque
2287 3957 2600 4026 petitionum
2637 3963 2759 4009 vota
2802 3955 3048 4023 precibus
3092 3969 3122 4026 a
3168 3957 3374 4010 cunctis
3414 3957 3586 4024 impe-

2015 4023 2242 4092 trentur,
2273 4023 2428 4092 atque
2457 4026 2643 4079 salutis
2680 4033 2891 4079 :eterna:
2928 4023 3163 4079 remedia
3193 4023 3581 4093 percipiantur!

2017 4094 2061 4148 Ο
2072 4095 2424 4150 sacratissima
2437 4094 2570 4166 dies,
2591 4096 2641 4148 in
2658 4111 2760 4164 qua
2770 4095 3014 4166 parietes
3036 4093 3190 4162 hujus
3207 4095 3312 4166 diei
3332 4095 3420 4166 [1".
3436 4095 3586 4165 mdis]

2019 4166 2184 4220 sacris
2211 4165 2550 4219 unctionibus
2577 4163 2717 4219 sacri
2738 4163 3038 4218 chrismatis
3057 4174 3179 4218 sunt
3199 4163 3438 4228 delibuti,
3457 4174 3514 4218 ut
3535 4163 3589 4220 iri

2018 4235 2231 4304 demum
2262 4235 2443 4304 populi
2473 4235 2771 4289 oblationes
2806 4232 3033 4304 Domino
3063 4235 3368 4298 oll'erantur,
3407 4244 3462 4288 et
3501 4251 3588 4288 sa-

2021 4302 2217 4360 crificia
2248 4302 2299 4358 in
2335 4302 2413 4360 ‘ea
2461 4304 2671 4360 Domini
2711 4303 3016 4360 sacerdotes
3043 4313 3386 4361 consecrent.
3419 4313 3473 4359 et
3501 4305 3589 4358 illa

2021 4391 2138 4446 qua:
2173 4374 2369 4428 dudum
2412 4376 2463 4428 in
2494 4390 2560 4446 ea
2597 4375 2798 4446 licitum
2825 4388 2985 4446 agere
3013 4389 3117 4446 non
3147 4383 3282 4440 erat,
3311 4382 3430 4442 post
3457 4389 3590 4426 con-

2022 4441 2373 4500 secrationem
2403 4445 2670 4498 hodierna:
2696 4443 2799 4496 diei
2823 4443 3023 4495 licitum
3056 4441 3232 4507 ﬁeret;
3265 4441 3320 4495 et
3347 4457 3464 4509 quzc
3492 4458 3592 4496 an-

2026 4524 2111 4569 tea
2143 4516 2271 4568 nulli
2305 4515 2356 4567 in
2393 4529 2455 4566 ea
2494 4515 2693 4566 licitum
2719 4514 2825 4580 82
2856 4520 2972 4564 erat
2999 4512 3200 4579 peragi,
3231 4513 3477 4565 omnibus
3503 4527 3593 4566 sa-

519 4600 676 4654 quam
698 4586 934 4639 natalitia
956 4595 1280 4648 sanctorum,
1301 4583 1551 4654 quoniam
1587 4583 1636 4636 in
1673 4584 1800 4651 ipsis
1818 4599 1918 4654 Aec-
1951 4561 2000 4622 Ῑ)
2026 4561 2331 4654 ecrdolibus
2374 4583 2578 4654 licitum
2633 4561 2871 4654 fora-in
2893 4561 3594 4654 'pbéiél-ié’édééidbiéniér

330 4652 658 4714 clesiisteo
681 4655 937 4709 dedicatis
979 4655 1127 4708 multi
1167 4652 1335 4707 sancti
1365 4652 1568 4706 orando
1608 4661 1662 4706 et
1684 4652 1920 4719 legitime

330 4726 608 4784 certando
654 4725 876 4792 gloriam
925 4733 978 4778 et
1023 4725 1334 4777 societatem
1363 4731 1666 4775 sanctorum
1703 4721 1920 4792 adipisci

333 4789 682 4853 meruerunt:
708 4793 764 4847 Si
784 4808 912 4862 ergo
935 4793 1191 4847 Dominus
1221 4801 1275 4845 et
1297 4793 1548 4862 magister
1569 4798 1750 4862 noster
1768 4789 1921 4844 Jesus

331 4867 596 4934 Christus
623 4869 689 4917 ad
720 4861 864 4918 novi
883 4863 1065 4932 templi
1108 4861 1496 4934 dedicationem
1514 4902 1532 4934 ,_
1555 4861 1704 4934 et_ad
1726 4862 1923 4934 sacrati

337 4935 539 5005 templi
561 4932 772 4997 iustum,
788 4934 928 5005 et_ad
942 4931 1085 5005 diem
1107 4931 1221 4999 ejus
1241 4931 1926 5005 consecrationnisadvenire

339 5000 542 5068 voluit,
567 5013 622 5058 et
647 5007 813 5072 ipsam
833 5003 1173 5057 festivitatem
1203 5012 1323 5055 eum
1351 5000 1471 5072 aliis
1492 5000 1702 5072 populis
1726 5001 1924 5054 solem-

338 5078 500 5132 niter
540 5077 645 5145 81
667 5070 952 5128 celebrare
981 5073 1200 5134 studuit,
1236 5072 1326 5145 qui
1366 5070 1512 5124 nullo
1543 5071 1776 5145 pondere
1806 5086 1928 5145 psec-

336 5146 464 5202 cati
507 5141 859 5212 gFaVabatur;
906 5150 1104 5212 quanto
1153 5144 1322 5208 magis
1370 5158 1499 5208 nos,
1541 5141 1632 5209 qui
1666 5141 1929 5212 oneribus

338 5210 726 5286 peccaminum
766 5210 1066 5286 multorum
1091 5225 1372 5286 gravantur
1413 5218 1466 5264 et
1510 5210 1817 5286 premimur,
1863 5210 1929 5286 ad

338 5280 643 5356 iirmdictas
673 5299 776 5337 una
801 5298 922 5336 cum
945 5281 1098 5336 nobis
1119 5281 1342 5356 subditis
1370 5280 1580 5356 populis
1607 5281 1811 5356 creteris
1839 5280 1933 5356 ad-

340 5349 544 5410 venire
576 5353 830 5408 decenter
875 5360 931 5406 et
971 5367 1062 5406 eas
1102 5352 1373 5404 celebrare
1419 5349 1728 5402 solemniter
1772 5349 1934 5404 debe-

338 5440 502 5491 mus,
525 5431 583 5477 ut
603 5423 885 5491 deprecata
906 5430 960 5476 et
979 5421 1243 5491 postulata
1265 5427 1571 5491 sanctorum
1599 5419 1935 5491 sacerdotum

339 5494 454 5564 qui
487 5488 578 5548 eas
615 5488 1083 5564 consecraverunt,
1131 5490 1362 5564 Domino
1397 5498 1686 5554 annuente,
1717 5488 1934 5564 adipisci

342 5557 686 5620 fuerearnur.
718 5561 1082 5615 Festivitatem
1110 5574 1322 5628 quoque
1351 5559 1487 5613 hanc
1518 5575 1613 5612 nos
1641 5574 1706 5611 eo
1735 5557 1936 5625 majore

343 5633 647 5691 devotione
665 5631 936 5687 celebrare
955 5637 1191 5702 oportet,
1214 5644 1320 5700 quo
1341 5645 1456 5685 eam
1481 5628 1820 5698 Redemptori
1836 5643 1936 5682 no-

447 5775 463 5797 ‘
492 5773 664 5833 Locus
693 5776 936 5834 vitiosus.
967 5773 1122 5833 Eutr.

2028 4652 2160 4705 frui!
2205 4651 2248 4703 Ο
2292 4652 2417 4704 totis
2456 4652 2657 4704 nisibus
2695 4649 3063 4716 amplectenda
3105 4658 3160 4703 et
3196 4649 3421 4703 amanda
3459 4650 3594 4716 dies,

2028 4721 2509 4788 venerabiliterque
2537 4720 2604 4773 ab
2633 4717 2877 4772 omnibus
2911 4717 3159 4782 colenda,
3191 4719 3242 4772 in
3271 4734 3374 4787 qua
3408 4720 3596 4774 altaria

2028 4791 2184 4859 hujus
2233 4790 2414 4859 templi
2461 4788 2669 4844 Domini
2710 4788 2899 4842 divinis
2932 4788 3274 4859 unctionibus
3307 4798 3432 4843 sunt
3464 4789 3597 4844 deli-

2029 4857 2176 4924 buta,
2200 4872 2252 4914 et
2276 4857 2443 4914 sancti
2472 4859 2770 4913 chrismatis
2799 4857 3050 4912 unctione
3078 4857 3144 4911 ab
3172 4859 3424 4928 episcopo
3447 4876 3600 4914 vene-

2030 4931 2270 4985 rabiliter
2299 4930 2536 4996 inuncta,
2561 4940 2720 4998 atque
2759 4928 2950 4998 divinis
2986 4928 3232 4997 precibus
3267 4939 3598 4996 consecrata,

2033 5010 2091 5054 ut
2127 5016 2286 5070 super
2327 5015 2389 5054 ea
2439 4997 2744 5070 sacerdotes
2791 4997 2980 5070 futuris
3029 4999 3354 5070 temporibus
3401 4999 3602 5054 hostias

2033 5067 2328 5135 immolent,
2358 5084 2658 5138 corpusque
2683 5067 2894 5138 Domini
2924 5083 3084 5138 super
3107 5067 3171 5122 ea
3201 5069 3421 5124 licenter
3440 5079 3492 5124 et
3515 5086 3603 5124 sa-

2034 5140 2376 5195 cerdotaliter
2401 5137 2592 5192 divinis
2618 5137 2864 5207 precibus
2889 5137 3192 5204 conficiant,
3225 5141 3269 5194 si
3297 5154 3414 5208 qua:
3443 5140 3495 5192 in
3522 5139 3603 5193 eis

2035 5226 2136 5264 nec
2162 5210 2473 5275 contingere
2501 5216 2626 5262 ante
2655 5208 3116 5263 consecrationem
3143 5207 3330 5264 eorum
3360 5207 3437 5261 fas
3464 5216 3600 5273 erat,

2076 5290 2160 5334 ost
2180 5279 2634 5333 consecrationem
2652 5279 2843 5348 iterum
2863 5278 3010 5332 fieret
3030 5280 3067 5342 ',
3084 5286 3346 5348 quatenus
3371 5279 3602 5348 sacratio

2076 5297 2160 5334 ost
2180 5297 2634 5333 consecrationem
2652 5297 2843 5332 uerum
2863 5297 3010 5332 uerer
3033 5297 3067 5342 η,
3084 5297 3346 5348 quatenus
3371 5297 3601 5331 sacrario

2038 5297 2178 5404 licita
2199 5349 2439 5418 corporis
2461 5357 2512 5402 et
2536 5349 2808 5417 sanguinis
2828 5347 3038 5402 Domini
3063 5349 3232 5418 nostri
3259 5345 3384 5400 Jesu
3403 5345 3601 5418 Christi

2039 5420 2192 5474 nobis
2221 5412 2712 5487 ad'przcsentem'et
2749 5425 3058 5488 perpetuam
3087 5412 3600 5488 salutemsproflc‘iat,

2041 5503 2130 5542 seu
2161 5483 2377 5556 reliquiis
2411 5504 2623 5558 quoque
2665 5483 2874 5558 populis
2919 5495 2993 5558 ets
3018 5485 3170 5558 nobis
3213 5483 3448 5558 expiatio
3486 5483 3600 5558 tiat,

2042 5567 2202 5636 atque
2220 5554 2796 5636 :eternai_beatitudinis
2817 5554 3255 5636 prteruianniseri}
3264 5554 3464 5636 orditer
3483 5554 3599 5636 det!

2042 5626 2086 5683 Ο
2115 5622 2238 5684 vere
2267 5628 2490 5683 amanda
2519 5636 2574 5682 et
2609 5622 2920 5684 solemniter
2957 5622 3178 5678 colenda
3221 5624 3495 5680 hodierna)
3521 5622 3602 5681 fe-
