4072 6332
591 335 698 399 905

1466 333 1796 398 APPENDIX
1831 328 2114 395 OPERUM
2153 337 2210 394 S.
2251 326 2496 395 MAXIM!
2533 326 3004 394 TAURlNENSlS.

3746 333 3843 394 9M

590 469 712 511 rum
732 466 856 508 reus
875 458 1001 507 ante
1021 450 1253 507 tribunal
1273 451 1460 508 teterni
1489 451 1689 509 Judicis
1716 451 2015 523 apparebit,
2044 451 2168 521 quia
2195 453 2248 514 Α
2273 450 2327 506 in
2372 449 2638 523 luxuriam
2670 463 2804 523 _nee_
2824 449 2878 504 in
2919 447 3136 523 luerunt
3161 445 3338 502 satculi
3375 453 3642 509 servetur.
3675 449 3768 502 sed
3794 450 3844 505 in

591 540 706 580 rem
734 539 764 576 a
793 523 1020 593 Domino
1049 523 1369 593 pauperibus
1396 523 1695 591 delegatam
1732 524 1842 578 suis
1872 523 2054 577 usibus
2083 537 2168 576 re-

590 594 845 650 servavit.
873 592 987 664 Qui
1006 592 1134 661 ergo
1159 592 1264 647 sibi
1293 603 1386 648 aut
1428 595 1707 664 praemium
1736 607 2048 662 comparare
2077 599 2169 664 aut

589 675 929 735 peccatorum
958 663 1226 735 desiderat
1268 663 1648 732 indulgentiam
1689 663 2006 735 promereri,
2039 663 2166 735 red-

587 733 713 790 ditis
739 734 980 799 decimis,
1014 735 1174 789 etiam
1197 734 1265 789 de
1296 751 1489 790 novem
1521 735 1762 804 partibus
1791 734 2002 788 studeat
2020 733 2168 804 eice:

587 820 867 875 mosynam
904 804 1051 859 dare.
1099 804 1171 858 Ita
1217 815 1272 858 ut
1310 805 1376 860 de
1421 802 1614 860 novem
1643 804 1883 875 partibus
1910 802 2167 875 quidquid

589 873 815 945 excepto
841 875 1143 950 rationabili
1181 876 1326 930 victu
1361 884 1416 931 et
1453 873 1657 931 vestitui
1679 873 2023 944 superfuerit,
2057 888 2163 926 non

3017 533 3043 572 r
3088 517 3486 590 eleemosynam
3539 529 3847 588 reponatur.

2989 603 3083 644 eus
3115 587 3339 659 dederit
3368 589 3488 658 plus
3527 587 3688 659 quam
3715 606 3846 659 opus

2273 522 2541 576 thesauris
2584 519 2892 576 coelestibus

2272 590 2539 661 Quidquid
2583 592 2722 646 enim
2755 590 2910 661 nobis

2271 670 2371 727 est,
2398 658 2504 716 non
2535 661 2690 716 nobis
2709 660 3011 730 specialiter
3031 659 3196 730 dedit,
3223 658 3320 730 sed
3340 673 3438 728 per
3465 658 3566 714 nos
3594 660 3712 713 aliis
3738 658 3848 713 ero-

2269 731 2500 800 gandum
2546 728 2856 790 transmisit.
2907 729 3033 784 Haec
3087 729 3251 796 enim,
3298 728 3509 800 fratres,
3556 730 3846 800 seenndum

2270 799 2709 856 consuetudinem
2751 809 2982 856 vestram
3030 799 3260 854 libenter
3298 799 3499 866 audite,
3536 809 3592 856 et
3636 799 3848 854 Christo

2271 872 2498 927 Domino
2521 873 2830 938 auxiliante,
2861 879 3118 942 praestare
3137 869 3464 927 contendite.

1924 963 2191 1024 SERMO
2235 963 2498 1024 XXVII.

1386 1068 1494 1138 87
1526 1067 1600 1122 De
1631 1067 1822 1122 honore
1843 1075 1892 1119 et
1919 1066 2193 1119 dilectione
2220 1081 2345 1136 erga
2373 1075 2631 1137 parentes,
2655 1073 2704 1120 et
2725 1063 2788 1120 de
2815 1064 3046 1120 decimis.

2027 1159 2418 1215 ADMONITIO.

654 1249 715 1306 In
743 1251 933 1307 eodem
958 1252 1143 1308 conice
1170 1251 1548 1309 Beneventano
1577 1254 1664 1308 hic
1689 1266 1904 1322 quoque
1932 1267 2110 1322 sermo
2139 1251 2197 1305 S.
2225 1251 2456 1307 Maximo
2486 1224 2808 1318 attribuitur,
2840 1264 3000 1321 quem
3027 1248 3254 1305 Maurini
3282 1250 3334 1306 in
3364 1247 3660 1322 appendice
3686 1264 3850 1307 serm.

586 1319 644 1377 S.
675 1324 952 1392 Augustini
983 1340 1131 1378 num.
1157 1322 1260 1376 276
1288 1325 1575 1389 collocant,
1609 1319 1772 1392 atque
1802 1319 1832 1377 εἰ
1861 1322 1918 1376 S.
1943 1321 2175 1378 Cresario
2205 1323 2565 1393 conscriptum
2593 1321 2756 1377 fuisse
2786 1319 3132 1376 arbitrantur.

588 1416 976 1493 Ancuuea'ruu.
1023 1443 1093 1493 —_-
1132 1411 1199 1466 In
1244 1413 1577 1493 eleemosynis
1611 1411 1872 1493 faciendis
1908 1411 2034 1493 ordo
2063 1428 2172 1492 ser-

656 1483 876 1554 uandus,
901 1499 962 1536 ac
991 1485 1156 1554 primo
1191 1484 1391 1554 quidem
1419 1481 1716 1554 parentibus
1735 1483 2040 1554 necessaria
2075 1482 2169 1535 tri-

656 1553 855 1607 buenda
898 1550 1035 1624 sunt,
1078 1550 1381 1624 deciimeque
1410 1550 1687 1607 solveudce.
1721 1550 1922 1606 Genera
1951 1553 2170 1606 eleemo-

656 1640 904 1694 synarum
926 1623 1045 1676 duo.

657 1757 926 1826 Legimus,
957 1757 1148 1813 fratres
1177 1757 1460 1826 carissimi,
1505 1766 1758 1814 monente
1801 1774 1898 1814 nos
1942 1757 2168 1812 Domino

2272 1414 2363 1481 qui
2392 1412 2545 1478 colis,
2571 1419 2626 1466 et
2667 1426 2852 1481 servos
2881 1419 3020 1475 tuos,
3052 1423 3153 1478 ego
3194 1409 3325 1481 feci;
3367 1410 3618 1466 animalia
3648 1426 3775 1480 quae
3804 1422 3855 1468 te

2273 1479 2338 1536 ad
2367 1482 2654 1552 colendum
2680 1479 2930 1550 adjuvant
2950 1494 3049 1552 ego
3071 1480 3314 1552 condidi;
3340 1482 3576 1552 calorem
3597 1479 3732 1537 solis
3753 1498 3855 1552 ego

2271 1553 2470 1620 tribuo,
2496 1551 2732 1622 pluviam
2757 1551 3084 1622 temporibus
3103 1551 3214 1622 suis
3234 1565 3333 1620 ego
3354 1551 3624 1620 dispenso.
3655 1552 3766 1606 Sed
3789 1551 3855 1606 ad

2266 1623 2464 1693 justam
2499 1620 2767 1676 rationem
2817 1620 2923 1693 tibi_
2964 1621 3128 1693 debes
3171 1620 3408 1693 decimas
3457 1637 3760 1688 reservare,
3802 1631 3856 1677 et

2271 1690 2399 1746 inihi
2432 1708 2622 1747 novcm
2653 1699 2848 1762 partes.
2893 1690 2998 1762 Sed
3028 1706 3136 1744 non
3157 1690 3273 1762 _hoc
3295 1706 3510 1760 quzero;
3544 1693 3856 1762 misericors

2272 1779 2393 1818 esse
2430 1765 2573 1827 volo,
2607 1760 2669 1816 et~
2698 1760 3005 1831 septuplum
3047 1760 3282 1830 praebeo,
3332 1769 3389 1813 ut
3429 1760 3705 1831 quomodo
3755 1776 3854 1829 ego

583 1842 683 1898 per
711 1823 1047 1898 prephetam,
1080 1831 1391 1901 parentibus
1417 1823 1617 1901 nostris
1644 1837 1699 1901 et
1731 1830 1991 1884 honorem
2021 1845 2165 1901 sem-
2201 1823 2243 1881 Β
2270 1835 2522 1888 misertus
2549 1823 2666 1886 sum
2689 1823 2784 1896 tui",
2816 1823 2892 1886 sic
2921 1839 2978 1884 tu
3007 1823 3311 1901 miserearis
3332 1823 3575 1901 pauperi.
3610 1830 3668 1884 Si
3689 1823 3853 1901 erg'o,

583 1897 681 1969 per
715 1897 780 1952 et
819 1913 1059 1952 amorem
1081 1897 1422 1969 impendere.
1469 1897 1531 1953 Et
1578 1899 1623 1954 si
1665 1899 1803 1953 forte
1840 1898 2082 1953 evenerit
2111 1906 2167 1952 ut

583 1969 760 2037 aliqua
802 1976 1116 2038 paupertate
1145 1969 1410 2035 laborent,
1441 1969 1789 2023 necessitates
1829 1984 2036 2034 eorum,
2076 1983 2164 2024 se-

582 2039 812 2094 cundum
835 2039 979 2106 quod
1001 2055 1300 2108 possumus,
1325 2039 1606 2094 sublevare
1619 2039 1888 2106 jubemur.
1913 2038 2002 2092 Sic
2023 2039 2164 2092 enim

580 2108 658 2162 ait
685 2127 697 2161 :
731 2108 792 2162 Si
818 2109 1026 2175 videris,
1058 2109 1250 2178 inquit,
1276 2109 1488 2173 nudum,
1516 2110 1720 2179 cooperi
1750 2125 1884 2172 eum,
1901 2117 1962 2179 et
1993 2109 2166 2162 dome-

579 2179 735 2250 sticos
763 2179 970 2250 seminis
994 2180 1067 2232 tui
1097 2177 1159 2233 ne
1182 2179 1472 2250 despexeris
1503 2177 1658 2246 (Isai.
1699 2177 2015 2250 Lvm).lloc
2046 2179 2164 2250 loco

580 2247 909 2318 donwsticos
936 2251 1154 2304 seminis
1183 2247 1433 2318 parentes
1469 2257 1682 2303 nostros
1722 2247 1945 2316 intelligi
1974 2249 2161 2303 voluit.

578 2316 688 2388 Sed
714 2320 842 2373 dicit
863 2319 1055 2388 aliquis
1081 2337 1093 2372 :
1118 2316 1248 2386 Qiiis
1275 2328 1355 2374 est
1384 2319 1475 2388 qui
1504 2327 1755 2387 parentes
1782 2335 1908 2372 suos
1931 2318 2053 2373 odio
2075 2318 2168 2371 ha-

577 2387 728 2456 beat,
766 2397 825 2443 ut
863 2387 983 2460 hoc
1004 2405 1104 2460 pro
1135 2403 1354 2460 magno»
1387 2387 1653 2460 Dominus,
1684 2389 2020 2460 admonuerit
2068 2404 2166 2457 per

576 2460 933 2529 prophetam?
961 2457 1088 2514 Sine
1116 2458 1299 2523 dubio,
1331 2458 1540 2529 fratres,
1584 2459 1754 2529 scivit,
1775 2457 2006 2529 Spiritus
2035 2473 2162 2512 san-

575 2528 696 2585 ctus
726 2529 1010 2584 nonnullos
1038 2529 1280 2584 homines
1306 2528 1420 2598 qui,
1445 2544 1566 2583 cum
1596 2528 1663 2582 ad
1691 2528 1899 2596 aliquos
1930 2528 2164 2582 honores

577 2607 671 2655 aut
711 2599 924 2654 divitias
964 2599 1315 2668 undecunque
1362 2599 1650 2667 acquisilas
1687 2599 2060 2668 pervenerint,
2091 2599 2163 2652 ita

575 2678 831 2740 parentes
858 2685 984 2740 sues
1013 2667 1276 2740 pauperes
1297 2669 1628 2740 despiciunt,
1646 2677 1705 2722 ut
1735 2684 1830 2722 eos
1859 2684 1957 2722 nec
1985 2667 2163 2740 videre

576 2737 882 2807 dignentur.
907 2737 1059 2805 Quod
1079 2737 1170 2809 qui
1194 2737 1412 2802 fecerit,
1427 2755 1533 2792 non
1553 2739 1726 2793 solum
1749 2747 2050 2809 peccatnm,
2068 2738 2163 2792 sed

577 2811 743 2864 etiam
771 2824 932 2877 grave
957 2807 1160 2864 crimen
1181 2825 1238 2862 se
1261 2809 1539 2863 admisisse
1566 2825 1674 2862 non
1695 2807 1918 2862 dubitet.
1940 2807 2005 2860 Et
2026 2807 2162 2861 forte

578 2877 845 2948 evenittut
874 2878 963 2932 ille
993 2894 1088 2947 per
1115 2879 1328 2932 divitias
1347 2886 1401 2931 et
1427 2879 1733 2948 superbiam
1755 2879 1979 2933 crimina
2005 2893 2163 2946 gran-

579 2947 668 3003 dia
697 2947 782 3002 vel
812 2956 1034 3017 peccata
1076 2949 1399 3018 committat,
1439 2947 1506 3002 et’
1531 2958 1780 3018 parentes
1810 2947 1891 3003 sui
1921 2963 2017 3018 pr_o
2049 2948 2161 3015 ipsa

578 3015 903 3142 paupertate.
940 3026 994 3072 et
1036 3017 1335 3071 humilitate
1376 3015 1638 3085 justitiam
1685 3015 1929 3100 teneant.
1962 3015 2030 3069 Et
2057 3031 2159 3084 qua

601 3096 758 3142 route
785 3087 1103 3142 dedignatur
1121 3088 1399 3141 attendere
1427 3096 1677 3142 parentes
1698 3103 1824 3141 suos
1848 3097 2159 3140 innocentes

601 3087 758 3144 route
785 3087 1103 3156 dedignatur
1121 3088 1399 3141 attendere
1427 3096 1677 3157 parentes
1693 3097 1824 3141 'suos
1848 3087 2160 3157 innocentes

579 3167 636 3213 et
659 3158 852 3227 justos,
891 3175 1010 3212 cum
1042 3159 1111 3212 sit
1139 3159 1252 3228 ipse
1282 3156 1536 3226 peccator
1571 3164 1625 3212 et
1665 3157 1927 3228 injustus?
1955 3156 2011 3209 Si
2040 3156 2159 3224 quis

578 3241 708 3296 ergo
737 3229 961 3283 idoneus
979 3229 1086 3292 est,
1111 3227 1169 3282 si
1187 3228 1393 3296 aliquos
1416 3238 1670 3296 parentes
1699 3227 1947 3282 habuerit
1968 3241 2164 3296 paupe-

583 3313 690 3363 res,
714 3299 842 3368 ipsis
870 3299 1019 3368 prius
1045 3299 1349 3368 necessaria
1379 3297 1598 3368 tribuat,
1621 3305 1676 3351 et
1699 3298 1777 3368 sic
1806 3297 2162 3368 indigentibus

579 3366 851 3423 extraneis
871 3366 1268 3438 eleemosynam
1299 3367 1486 3438 faciat;
1514 3368 1638 3438 quia
1669 3366 2160 3438 reliquispauperi-

578 3439 698 3502 bus,
728 3439 772 3492 si
802 3447 927 3494 tunc
957 3455 1064 3493 non
1084 3435 1313 3504 dederit,
1337 3437 1486 3492 dabit
1510 3435 1663 3491 alius.
1694 3435 2012 3490 Parentibus
2029 3451 2161 3490 vero

580 3509 687 3564 tuis
709 3509 1054 3579 pauperibus,
1083 3509 1208 3579 si_tu
1230 3507 1360 3562 nihil
1390 3507 1611 3579 largitus
1639 3507 1822 3572 fueris,
1848 3505 2060 3579 difficile
2081 3514 2166 3579 est

578 3587 642 3634 ut
668 3575 803 3634 alius
818 3575 1103 3647 largiatur.
1136 3576 1255 3647 Ipse
1297 3585 1380 3632 est
1419 3578 1882 3647 eleemosynarum
1913 3575 2045 3630 ordo
2072 3575 2162 3644 ju-

577 3657 695 3704 stus
734 3659 894 3719 atque
936 3649 1223 3720 legitimus,
1256 3655 1314 3702 ut
1353 3648 1500 3720 prius
1526 3647 1623 3701 tibi
1663 3655 1717 3700 et
1755 3647 1857 3700 tuis
1882 3647 2080 3701 victum
2110 3653 2165 3700 et

579 3717 833 3774 vestitum
862 3717 1213 3774 sufficientem
1241 3726 1300 3772 et
1335 3717 1685 3784 mediocrem,
1707 3727 1814 3770 non
1844 3731 2162 3785 pomposum

579 3803 684 3844 nec
707 3789 1018 3844 deliciosum
1048 3788 1351 3858 provideas.
1393 3785 1616 3858 Deinde,
1649 3788 1788 3842 sicut
1816 3787 1947 3852 dixi,
1988 3787 2032 3840 si
2072 3786 2164 3858 qui

578 3867 704 3930 sunt
729 3874 992 3930 pauperes
1015 3857 1083 3930 de
1110 3859 1423 3928 parentibus
1453 3857 1585 3930 tuis,
1608 3865 1866 3928 quantum
1905 3857 2164 3930 prtevales

579 3925 852 3998 largiaris.’
874 3929 1078 3984 Deinde
1111 3925 1300 3998 servos
1341 3936 1396 3982 et
1432 3925 1654 3982 ancillas
1684 3937 1802 3998 tuas
1833 3925 1936 3998 nec
1961 3925 2166 3998 esurire

580 3995 687 4070 nec
700 4000 878 4067 algere
899 4000 1196 4070 permittas.
1222 3996 1291 4070 Et
1311 4007 1430 4069 post
1451 3998 1584 4062 haec,
1609 3997 1867 4070 quidquid
1879 3997 1978 4070 tibi
2001 3995 2162 4070 Deus,

578 4069 721 4123 sicut
757 4066 1144 4138 dixifexcepto
1181 4066 1327 4138 victu
1368 4077 1424 4123 et
1465 4066 1678 4131 vestitu,
1711 4066 1938 4138 dederit,
1976 4067 2164 4138 nonin

581 4145 820 4200 terreno,
851 4138 940 4190 ubi
969 4136 1114 4191 iures
1140 4136 1398 4192 effodiunt
1423 4149 1478 4192 et
1509 4139 1772 4201 furantur,
1803 4137 1895 4191 sed
1927 4139 1981 4190 in
2011 4136 2167 4191 caele-

580 4207 652 4261 sti
693 4206 943 4260 thesauro
982 4207 1262 4270 recondas,
1294 4215 1352 4260 ut
1382 4209 1472 4260 ubi
1501 4207 1659 4260 fuerit
1701 4208 1980 4260 thesaurus
2021 4218 2161 4273 tuus,

579 4275 656 4332 ibi
695 4276 765 4330 sit
809 4283 864 4330 et
906 4291 1002 4330 cor
1042 4282 1214 4328 tuum.
1259 4273 1326 4328 Et
1365 4291 1488 4329 cum
1528 4277 1781 4330 sacerdos
1818 4276 2163 4342 clamaverit,

579 4344 804 4400 Sursum
834 4346 1017 4409 corda,
1051 4345 1225 4399 securi
1259 4354 1312 4399 et
1354 4345 1407 4398 in
1448 4347 1677 4398 veritate
1721 4345 2162 4413 respondeamus,

579 4415 852 4473 Habemus
889 4416 954 4469 ad
1003 4415 1307 4469 Dominum.
1339 4414 1668 4484 Quacunque
1707 4415 1848 4468 enim
1877 4413 2036 4476 Deus,
2071 4429 2166 4468 ex-

579 4496 740 4557 cepto
768 4486 1028 4540 mediocri
1051 4494 1106 4539 et
1133 4485 1440 4557 rationabili
1469 4486 1615 4539 victu
1642 4493 1699 4539 et
1719 4485 1935 4551 vestitu,
1963 4485 2076 4557 sive
2097 4486 2165 4539 de

2270 1903 2483 1967 fratres,
2542 1903 2696 1956 istam
2744 1902 3008 1955 rationem
3062 1899 3350 1954 nobiscum
3385 1899 3620 1955 valuerit
3676 1900 3856 1956 facere

2270 1973 2429 2036 Deus,
2463 1971 2702 2040 nunquid
2728 1980 2809 2026 est
2838 1970 2981 2039 quod
3009 1968 3340 2040 reSpondere
3369 1971 3672 2039 possimus?
3696 1969 3765 2024 Et
3793 1972 3858 2026 li-

2267 2052 2355 2098 cet
2385 2044 2438 2097 in
2467 2043 2647 2096 multis
2694 2051 3000 2096 sanctarum
3045 2039 3440 2108 Scripturarum
3481 2040 3616 2095 locis
3660 2040 3729 2094 de
3773 2040 3857 2096 his

2267 2115 2427 2168 rebus
2455 2113 2740 2167 admoneat
2769 2112 2927 2175 Deus,
2961 2119 3138 2164 tamen
3173 2125 3270 2179 per
3296 2109 3614 2179 Apostolum
3644 2111 3855 2179 specia-

2269 2184 2390 2238 liter
2419 2183 2613 2237 clamat
2641 2190 2696 2236 et
2723 2181 2978 2235 admonet
3006 2178 3189 2234 dicens
3215 2197 3226 2231 :
3257 2181 3272 2210 ⁸
3305 2178 3568 2233 Habentes
3598 2178 3785 2234 victum
3806 2193 3856 2234 et

2266 2257 2522 2318 vestitum,
2555 2253 2633 2306 his
2669 2253 2898 2306 contenti
2943 2250 3121 2303 simus.
3173 2247 3315 2302 Nam
3357 2251 3443 2320 qui
3472 2250 3649 2320 rolutnt
3674 2251 3856 2305 divites

2267 2325 2402 2392 ﬁeri,
2446 2323 2679 2376 incidunt
2707 2324 2759 2375 in
2791 2321 3142 2381 tentationem,
3195 2327 3245 2372 et
3280 2319 3516 2390 laqueum
3555 2319 3774 2385 diaboli,
3805 2333 3855 2374 et

2266 2394 2522 2447 desideria
2553 2392 2713 2445 multa
2741 2402 2789 2444 et
2815 2391 3022 2444 inutilia
3051 2399 3096 2443 et
3129 2406 3314 2455 nocua,
3346 2405 3460 2460 qua:
3487 2402 3728 2460 mergunt
3757 2393 3855 2445 ho-

2266 2462 2427 2517 mines
2457 2465 2511 2516 in
2542 2462 2802 2516 interitum
2827 2471 2876 2513 et
2904 2460 3270 2531 pet'ditionem;
3302 2459 3421 2530 quia
3447 2459 3854 2514 rudix’omnium

2266 2534 2520 2587 malorum
2546 2541 2619 2586 est
2645 2527 2921 2601 cupiditas.
2949 2527 3116 2593 Quam
3134 2527 3354 2601 quidam
3380 2539 3676 2601 appetentes
3716 2548 3849 2583 nau-

2267 2605 2598 2674 fragaverunt
2617 2611 2665 2674 et
2690 2598 3011 2655 inseruerunt
3034 2616 3088 2653 se
3107 2598 3368 2674 doloribus
3391 2598 3583 2674 multis.
3615 2599 3687 2674 Tu
3711 2617 3850 2665 vero,

2267 2669 2415 2728 homo
2445 2673 2563 2738 Dei,
2604 2673 2711 2725 haec
2741 2674 2878 2741 fuge,
2909 2678 3105 2741 tectare
3137 2686 3253 2741 certe
3276 2669 3848 2741 justitiam,tpietatem,

2265 2744 2422 2813 ﬁdem
2451 2753 2499 2796 et
2523 2738 2871 2813 caritatem]!
2905 2738 3038 2793 Tim.
3071 2740 3167 2808 vr).
3200 2738 3352 2806 Rogo
3397 2755 3519 2813 vos,
3550 2738 3761 2805 fratres,
3787 2751 3852 2796 ut

2265 2809 2332 2893 tle
2353 2812 2642 2893 Scripturis
2664 2811 2882 2893 reliquis
2895 2809 3606 2893 otacealnns,.selttentia_ista
3629 2820 3852 2893 aposto.

2265 2883 2368 2938 lica
2400 2876 2686 2950 unicuique
2713 2876 3015 2934 Christiano
3045 2878 3258 2950 suﬂiﬁcit.
3293 2876 3598 2950 Veredico,
3625 2876 3848 2948 fratres,

2264 2952 2408 3026 quod
2438 2952 2528 3026 qui
2577 2949 2686 3026 s’ub_
2723 2951 2826 3026 tali
2862 2950 3118 3026 tonitruo_
3142 2949 3209 3002 de
3257 2949 3492 3002 avaritia:
3519 2964 3714 3003 somno
3732 2967 3850 3026 _non

2264 3017 2472 3090 surgit:
2499 3037 2607 3075 non
2652 3019 2926 3090 dormiens
2958 3059 2974 3084 ,
3029 3017 3124 3090 sed
3166 3027 3405 3090 mortuus
3430 3033 3590 3090 esset
3621 3019 3849 3075 creden-

2263 3086 2484 3146 dus'est.
2517 3091 2583 3143 Et
2611 3089 2754 3154 ideo,
2784 3089 2994 3153 fratres,
3025 3089 3150 3158 quia
3175 3103 3273 3158 pro
3297 3089 3396 3142 ista
3421 3086 3712 3155 fragilitate
3734 3106 3852 3143 car-

2265 3162 2373 3217 nali
2413 3162 2566 3215 multi
2605 3160 2860 3229 peccatis,
2893 3168 3148 3229 tanquam
3185 3158 3697 3213 circumvolantibus
3732 3176 3850 3213 mu-

2264 3233 2397 3298 scis,
2448 3231 2658 3285 assidue
2706 3230 3065 3298 inquietamur
3109 3237 3270 3297 atque
3314 3229 3756 3298 compungimur,
3785 3230 3851 3284 ad

2264 3311 2477 3374 portum
2503 3299 2881 3374 misericordia:
2906 3299 2999 3374 Dei
3022 3299 3165 3374 inter
3181 3299 3446 3368 procellas
3468 3298 3659 3354 mundi
3687 3300 3850 3374 ipsius

2263 3367 2597 3427 festinemus.
2632 3368 2699 3422 Et
2735 3367 2873 3423 forte
2919 3369 3112 3437 aliquis
3153 3367 3444 3437 interrogat
3469 3367 3748 3437 quomodo
3785 3370 3850 3424 ad

2263 3443 2408 3497 hunc
2437 3449 2649 3510 portum
2687 3439 2868 3510 valeat
2905 3439 3217 3510 pervenire;
3249 3437 3430 3510 audiat
3459 3437 3739 3510 Christum
3769 3438 3846 3493 di-

2264 3508 2474 3568 centem
2515 3528 2528 3562 :
2563 3509 2718 3579 Beati
2733 3508 3124 3579 misericordes,
3154 3509 3394 3579 quoniam
3419 3509 3850 3579 _misericordiam

2264 3588 2639 3651 consequentur
2670 3577 2882 3649 (Matth.
2927 3581 3004 3651 v).
3050 3577 3116 3632 Et
3145 3577 3337 3651 iterum
3363 3596 3376 3631 :
3408 3577 3546 3651 D_ate
3573 3579 3852 3651 deantes,-

2264 3668 2379 3715 nas,
2411 3647 2459 3704 et
2487 3665 2601 3704 ecce
2629 3647 2800 3704 omnia
2831 3649 3024 3720 munda
3069 3657 3189 3702 sunt
3217 3648 3368 3720 nobis
3386 3647 3682 3720 ⁸(Ιιιιετηιι).
3706 3647 3850 3720 ΕΙ·έο

2260 3721 2457 3791 justam
2506 3720 2748 3791 Apostoli
2796 3719 3135 3791 sententiam,
3184 3718 3228 3772 si
3261 3717 3502 3791 evadere
3544 3717 3616 3774 de
3647 3717 3850 3791 pelago

2265 3787 2448 3846 mundi
2489 3787 2648 3859 hujus
2693 3788 2958 3859 cupimus,
2991 3797 3122 3859 ante
3157 3787 3342 3844 oculos
3388 3803 3604 3858 semper
3651 3787 3850 3844 habere

2264 3861 2538 3916 debemus.
2567 3858 2828 3913 Sufﬁciat
2857 3860 3013 3913 nobis
3043 3858 3242 3912 habere
3273 3859 3469 3913 vietum
3505 3867 3560 3912 et
3598 3859 3849 3914 vestitum

2265 3929 2662 3997 rationabilem,
2685 3944 3205 3999 tnontpompostum,
3255 3943 3363 3982 non
3403 3927 3755 3999 deliciosum;
3795 3938 3851 3984 et

2265 4000 2521 4070 quidquid
2557 3987 2784 4070 amplius
2826 3987 2967 4052 Deus
2996 3987 3232 4070 'dederit,
3267 4013 3372 4070 non
3415 3987 3644 4066 negetur
3671 3987 3851 4054 usibus

2265 4067 2579 4142 pauperum_,
2612 4067 2754 4142 quia
2775 4084 2871 4138 per
2914 4067 3191 4142 nos_ipsis
3234 4068 3494 4142 probatur
3534 4083 3656 4123 esse
3683 4079 3851 4142 trans-

2265 4136 2504 4194 inissum.
2539 4139 2606 4192 Et
2630 4136 2679 4192 si
2705 4137 2756 4191 id
2776 4136 2929 4206 quod
2963 4139 3114 4192 nobis
3151 4136 3478 4207 superfluum
3508 4148 3592 4192 est
3618 4154 3726 4192 non
3755 4138 3847 4193 de-

2265 4211 2522 4274 derimus,
2563 4225 2648 4263 res
2690 4205 2891 4262 alienas
2931 4205 3240 4261 invasimus.
3284 4205 3349 4260 Et
3377 4209 3562 4276 quanti
3593 4224 3852 4278 pauperes

2266 4295 2387 4335 cum
2440 4287 2623 4334 nostra
2663 4279 2987 4340 conscientia
3018 4278 3158 4332 fame
3191 4277 3388 4331 mortui
3418 4278 3638 4342 fuerint,
3670 4277 3851 4334 causas

2267 4351 2549 4405 nobiscum
2579 4356 2702 4402 ante
2733 4347 2964 4402 tribunal
2993 4346 3194 4402 Christi
3221 4346 3415 4401 dicturi
3447 4357 3593 4402 sunt.
3641 4347 3709 4402 Et
3737 4349 3852 4416 qui-

2271 4419 2391 4473 dem
2424 4419 2529 4472 duo
2558 4426 2682 4472 sunt
2719 4419 3180 4489 elcemosynarum
3225 4431 3468 4489 genera:
3503 4434 3670 4489 unum
3712 4418 3850 4488 quod

2271 4490 2594 4559 pauperibus
2614 4502 2915 4556 erogamus,
2946 4486 3088 4542 aliud
3106 4487 3258 4559 quod
3283 4486 3473 4559 vicinis
3493 4488 3580 4542 vel
3606 4486 3852 4542 fratribus

578 4555 901 4627 quacunque
943 4557 1155 4628 militia,
1193 4556 1319 4628 sive
1366 4555 1456 4628 de
1489 4557 1810 4624 agricultura
1857 4555 2160 4628 contulerit,
2191 4561 2244 4622 Ι)
2270 4555 2498 4628 nostris,
2529 4555 2953 4628 quotieScunque
2995 4555 3149 4612 nobis
3198 4557 3575 4628 peccaverint,
3616 4559 3851 4626 indulge—

579 4624 691 4683 lion
710 4624 826 4696 tibi
842 4627 1149 4696 specialiter
1176 4624 1341 4692 dedit,
1367 4626 1461 4681 sed
1487 4642 1587 4696 per
1612 4635 1665 4679 te
1693 4625 2164 4696 pauperibusero-

579 4695 757 4766 ganda
809 4695 1124 4766 transmisit.
1181 4696 1238 4750 Si
1287 4695 1524 4766 nolueris
1561 4695 1712 4760 dare,
1755 4697 1971 4750 noveris
2001 4704 2054 4750 te
2085 4711 2167 4750 res

581 4765 786 4822 alienas
815 4765 1054 4832 auferre;
1088 4767 1232 4834 quia,
1278 4767 1416 4821 sicut
1445 4765 1578 4834 dixi,
1611 4767 1711 4820 hoc
1746 4766 1920 4820 solum
1950 4775 2032 4820 est
2066 4781 2168 4821 no-

581 4847 773 4900 strum,
797 4837 938 4905 quod
967 4837 1123 4891 nobis
1158 4836 1244 4891 vel
1287 4836 1489 4890 nostris
1519 4835 1911 4890 rationabiliter
1951 4837 2165 4890 sufficit.

583 4905 851 4978 Quidquid
875 4907 1217 4978 superfuerit,
1246 4906 1386 4978 Deus
1414 4915 1616 4978 noster,
1648 4905 1784 4960 sicut
1807 4905 1937 4978 dixi,
1969 4921 2173 4978 paupe-

585 4976 733 5030 ribus
759 4976 1089 5045 erogandum
1119 4977 1432 5041 transmisit,
1464 4992 1528 5031 ac
1554 4977 1632 5030 sic
1670 4991 1777 5029 non
1809 4976 1982 5030 solum
2021 4976 2168 5030 deci-

585 5059 704 5100 mas
743 5045 871 5100 dare
920 5047 1198 5109 debemus,
1245 5047 1340 5102 sed
1379 5048 1542 5101 etiam
1580 5046 1647 5100 de
1696 5061 1886 5100 novem
1926 5047 2167 5114 partibus

585 5114 845 5186 quidquid
883 5116 1069 5186 solutis
1115 5117 1326 5172 tributis
1353 5117 1442 5172 vel
1469 5115 1696 5186 expletis
1733 5117 2034 5186 sumptibus
2067 5133 2167 5171 no-

586 5185 733 5250 stris,
763 5185 917 5254 quasi
946 5186 1064 5240 aliis
1091 5187 1464 5241 transmissum
1495 5185 1722 5240 fideliter
1754 5185 1979 5254 erogare
2001 5186 2168 5242 debe-

587 5270 725 5310 mus.
756 5255 910 5322 Quod
940 5263 1118 5310 tamen
1147 5257 1191 5310 si
1216 5255 1516 5321 fecerimus,
1546 5271 1672 5311 vere
1694 5264 1876 5311 nostra
1905 5263 2030 5310 sunt
2049 5271 2176 5324 qua).

587 5324 880 5391 donamus;
909 5326 1020 5397 88
1059 5326 1105 5379 si
1132 5341 1261 5380 vero
1294 5342 1401 5381 non
1442 5327 1686 5390 facimus,
1714 5343 1814 5382 nec
1860 5327 1947 5380 illa
1988 5335 2172 5380 nostra

587 5404 717 5451 sunt
757 5411 876 5465 quae
915 5410 1220 5468 servamus;
1249 5411 1350 5468 nec
1385 5401 1488 5452 nos
1518 5398 1620 5468 ipsi
1647 5397 1818 5451 nostri
1849 5412 2048 5461 sumus,
2081 5397 2172 5468 qui

590 5481 658 5522 ea
711 5481 926 5522 servare
972 5466 1232 5521 videmur.
1273 5465 1337 5520 Et
1380 5465 1581 5533 tamen,
1627 5467 1838 5530 fratres,
1881 5483 1986 5520 non
2016 5467 2173 5535 video

588 5551 694 5606 qua
735 5535 1011 5608 fronteilli
1041 5553 1148 5592 non
1178 5536 1451 5608 offerimus
1490 5553 1733 5608 parvum,
1769 5553 1798 5589 a
1825 5537 2173 5608 quotaccepi-

592 5621 714 5663 mus
735 5607 938 5661 totum?
963 5606 1016 5660 Si
1047 5609 1175 5662 velit
1202 5607 1344 5662 Deus
1371 5606 1552 5662 facere
1575 5609 1838 5660 rationem
1867 5607 2169 5672 nobiscum,

592 5683 654 5734 et
691 5676 934 5733 diceret:
961 5675 1181 5732 Terram
1227 5693 1388 5746 quam
1428 5679 1562 5732 colis
1603 5691 1702 5744 ego
1734 5675 1863 5740 feci;
1898 5686 1949 5730 te
1979 5677 2170 5746 ipsum,

2269 4646 2405 4684 mus.
2435 4626 2753 4698 Utrumque,
2777 4626 2886 4682 Deo
2911 4626 3222 4688 auxiliante,
3248 4626 3524 4698 faciamus,
3545 4629 3674 4696 quia
3696 4644 3852 4682 unum

2269 4701 2385 4754 sine
2412 4699 2517 4753 alio
2549 4697 2679 4752 nihil
2710 4698 2952 4768 prodest.
3001 4698 3155 4769 Sicut
3194 4697 3519 4764 econtrario,
3556 4699 3602 4752 si
3633 4713 3852 4769 peccan-

2271 4771 2414 4825 tibus
2453 4767 2757 4833 indulseris,
2805 4776 2860 4822 et
2899 4767 3260 4822 esurientibus
3295 4776 3555 4838 quantum
3605 4767 3852 4838 prmvales

2271 4841 2400 4894 dare
2430 4840 2692 4909 nolueris,
2729 4838 2865 4892 sicut
2905 4838 3035 4909 dixi,
3067 4853 3171 4892 una
3195 4838 3316 4909 sine
3346 4837 3449 4909 alia
3481 4838 3574 4892 tibi
3606 4837 3851 4909 prodesse

2275 4926 2381 4965 non
2424 4917 2619 4978 potest.
2653 4908 2767 4980 Nos
2788 4923 2940 4980 vero,
2971 4908 3182 4980 fratres,
3219 4908 3338 4980 ista
3351 4907 3462 4980 tduo
3490 4907 3852 4980 eleeinosyna-

2275 4996 2392 5036 rum
2425 4977 2634 5046 genera
2682 4979 2859 5046 nobis,
2907 4979 3059 5048 quasi
3097 4977 3458 5049 tspiritualium
3503 4979 3618 5049 89
3657 4977 3852 5034 alarum

2225 5078 2236 5090 σ
2275 5049 2496 5118 remigia
2531 5064 2915 5118 przeparemus,
2949 5057 3007 5118 ut
3046 5048 3113 5103 ad
3157 5048 3780 5118 principalempatriam
3806 5055 3852 5101 et

2275 5117 2431 5174 illam
2466 5117 2740 5174 caelestem
2767 5117 3086 5183 Jerusalem,
3118 5117 3367 5172 omnibus
3408 5117 3746 5174 terrenarum
3772 5132 3853 5172 re-

2275 5205 2395 5270 rnm
2417 5189 2794 5270 cupiditatibus
2814 5188 3031 5270 spretis,
3063 5188 3252 5257 hisque
3281 5188 3567 5270 expeditis,
3598 5188 3854 5270 ac_libe_ris

2275 5257 2534 5313 virtutum
2581 5259 2770 5328 pennis
2810 5257 2950 5326 fulti,
2997 5265 3253 5328 tanquam
3293 5257 3562 5328 spiritales
3603 5257 3853 5328 columba;

2275 5325 2709 5399 volare_felieiter
2724 5325 3090 5399 aciperv’enire
3110 5325 3377 5399 possimus
3393 5345 3406 5381 :
3423 5329 3717 5399 secundum
3733 5325 3853 5399 illud

2315 5399 2419 5453 uod
2452 5397 2730 5454 Psalmista
2773 5396 3042 5453 desiderat
3086 5396 3141 5452 et
3178 5398 3450 5468 supplicat
3469 5398 3655 5453 dicens
3688 5417 3700 5451 :
3737 5396 3854 5461 Qui:

2315 5416 2419 5453 uoa
2452 5416 2730 5454 rsalmISta
2773 5416 3042 5453 aesruerat
3086 5416 3141 5452 et
3178 5416 3443 5468 supplicat
3469 5416 3655 5453 arcens
3688 5417 3700 5451 :
3737 5416 3853 5461 mu

2276 5416 2419 5540 39bit
2451 5485 2645 5540 pennas
2663 5471 2806 5540 tsicut
2836 5468 3106 5540 columbae,
3149 5476 3198 5520 et
3239 5467 3441 5540 volabo,
3469 5471 3853 5540 etiamsietiam!

2279 5537 2458 5618 (Psalr
2485 5539 2629 5608 Liv)?
2649 5537 2866 5618 Certum
2895 5547 3004 5618 est,
3025 5539 3241 5618 fratres,
3263 5538 3407 5618 quod
3429 5538 3532 5618 nisi
3551 5537 3779 5618 quisque
3797 5537 3852 5618 de

2279 5606 2620 5680 peccatorum
2642 5609 2937 5680 glutino,et
2954 5609 3110 5680 nimis
3131 5606 3222 5680 [Γ.
3247 5606 3444 5679 nimiis]
3464 5606 3853 5680 impedimentis

2281 5675 2346 5734 ac
2367 5678 2569 5746 laqueis
2588 5675 2770 5733 mundi
2791 5678 2948 5748 hujus
2968 5675 3159 5732 animae
3181 5692 3291 5734 suae
3308 5675 3512 5750 pennas
3526 5675 3852 5738 contenderit

663 5787 684 5827 ι
716 5787 938 5859 Vulgata
962 5788 1090 5859 legit
1117 5806 1130 5843 :
1157 5787 1421 5856 Habentes
1449 5797 1618 5843 autem
1645 5788 1890 5843 alimenta
1917 5796 1967 5842 et
1995 5787 2176 5861 quibus
2209 5798 2460 5866 tegantur,
2489 5789 2568 5845 his
2607 5791 2832 5848 contenti
2858 5805 3056 5861 sumus,
3075 5795 3186 5849 etc.
