4072 6332
1700 374 2034 434 EPISTOLA
2086 377 2125 433 I.
3435 381 3539 445 92!

1548 494 1930 557 EPISTOLA
1979 497 2249 560 PRIMA.

1545 598 1624 653 Ad
1658 601 1879 655 amicum
1906 611 2155 672 tegrotum
2187 613 2209 639 ἰ
2237 643 2249 657 .
2832 610 2835 613 ’

635 689 1007 749 ADMONITIO
1043 688 1259 746 PRIMA
1294 687 1595 746 DOMINICI
1632 690 1997 748 VALLARSII
2030 694 2101 749 IN
2140 693 2328 752 TOMO
2365 694 2435 751 XI
2471 692 2622 755 OPP.
2661 698 2719 755 S.
2760 699 3160 760 HIERONYMI.

344 791 498 865 109
526 789 650 867 _Vis_a
679 788 915 867 ha:c_est
946 785 1084 867 _olim
1130 785 1355 867 Erasmo
1376 802 1503 867 _non
1533 786 1844 867 abhorrere
1863 802 1896 843 a
1923 789 2064 867 stylo
2094 790 2433 867 Tertulliani,
2468 801 2731 867 quantum,
2768 794 2944 866 inquit
2970 796 3285 867 Vallarsius,
3312 817 3379 856 ca:
3404 802 3548 859 illius

268 858 566 941 fragmentis
591 861 709 917 licet
750 859 998 941 odorari:
1038 867 1115 912 est
1132 858 1291 941 .enim_
1327 858 1619 941 aﬂiectatior
1638 868 1699 941 et
1728 859 2056 941 duriusculus
2080 904 2093 929 ,
2135 864 2346 941 _etia_msi
2377 858 2615 936 grai'ibus
2644 858 3287 941 sententiis.iEAxistiiaant
3314 872 3403 928 alii
3435 872 3519 929 for
3550 892 3564 941 ί

270 928 405 1011 iasse
422 932 591 1011 etiam
620 937 978 1011 congruenter
1006 929 1195 1011 magis,
1228 928 1292 982 ad
1324 929 1701 1011 subsequentis
1739 930 2031 987 dictionem
2062 934 2330 1011 epistolae,
2363 928 2508 1011 quae,
2542 935 2757 991 nemine
2779 937 2890 1005 jam
2921 939 3203 1008 dittitente,
3228 945 3399 1000 sancti
3430 928 3546 1000 Ma-

266 1005 392 1065 ximi
421 1001 767 1078 Taurinensis
794 1008 875 1055 est
899 1042 914 1067 ,
945 1014 1065 1055 eam
1107 1001 1190 1078 ita
1210 1001 1488 1078 accedere,
1542 1008 1598 1055 ut
1630 1010 1809 1078 tamen
1838 1017 1945 1058 non
1979 1001 2128 1060 certo
2157 1001 2412 1078 ascribat.
2454 1004 2588 1078 Ego,
2618 1014 2679 1062 ut
2704 1001 3052 1078 pronuntiare
3081 1001 3318 1071 nondum
3348 1014 3452 1072 hac
3478 1015 3548 1072 de

264 1073 950 1160 reausimtsentieﬁtamen
976 1071 1259 1160 ,nprepius
1292 1071 1359 1126 ad
1389 1071 1581 1129 horum
1627 1073 1940 1160 epinionem
1961 1115 1976 1140 ,
2008 1091 2130 1160 eum
2161 1078 2252 1147 qui
2280 1076 2399 1160 haec
2426 1071 2640 1149 scripsit
2674 1071 2957 1137 personam
2988 1085 3256 1143 sustinere
3284 1071 3543 1160 episcopi,

262 1148 350 1218 qui
378 1161 439 1202 se
461 1145 642 1201 statim
666 1143 817 1200 initio
840 1143 915 1199 ait
940 1160 953 1195 :
986 1142 1363 1198 dominicarum
1390 1160 1563 1199 rerum
1585 1142 1831 1217 religiosa
1858 1149 2161 1203 necessitate
2178 1142 2521 1222 bccupatum;

1534 1256 1907 1314 ADMONITIO
1926 1257 2051 1315 SEC
2060 1259 2261 1316 UNDA.

326 1354 474 1439 inter
499 1371 675 1441 operai
693 1358 874 1441 spuria
903 1357 1323 1441 sancti_Maiiimi
1352 1357 1683 1441 cellocamus
1711 1358 1877 1441 etiam
1905 1357 2164 1441 epistolas
2193 1359 2322 1415 olim
2351 1356 2833 1441 divo_llieronymo
2862 1358 3164 1441 at_tributas,
3196 1359 3545 1441 ejusque__sub

258 1428 744 1501 nominevulgatas
773 1429 924 1486 duas.
964 1428 1165 1487 Confer
1191 1430 1243 1484 in
1274 1429 1591 1500 praifatioue
1617 1437 1891 1501 momenta
1921 1428 2190 1501 rationum
2218 1429 2435 1501 quaead
2477 1430 2580 1486 hoc
2605 1428 2865 1501 judicium
2896 1428 3173 1486 ferendum
3200 1428 3389 1488 contra
3417 1433 3546 1488 Val-

257 1497 401 1553 larsii
445 1498 801 1572 aliorumque
831 1500 1140 1572 opinionem
1189 1497 1292 1557 nos
1319 1501 1666 1572 impulerunt.
1704 1499 1851 1572 VNIIIII
1892 1500 2036 1555 aliud
2074 1497 2562 1572 nobis'iaddendum
2591 1497 2837 1572 superest
2864 1500 2965 1555 nisi
2993 1502 3137 1572 quod
3166 1503 3546 1561 Variantes'de-

255 1569 581 1642 sumpsiinus
603 1586 675 1642 ex
706 1569 891 1627 codice
921 1589 954 1627 χ
982 1571 1157 1642 Plutei
1181 1589 1291 1638 xix,
1320 1569 1772 1642 meinb.in-folio
1803 1586 1925 1642 saec.
1959 1589 2046 1636 xv,
2080 1587 2204 1642 pag.
2230 1571 2359 1636 265,
2392 1571 2522 1627 bibl.
2556 1572 2604 1628 Μ

2680 1573 2749 1630 ic.
2780 1572 3175 1640 Laurentianus,
3208 1582 3263 1630 et
3284 1590 3352 1632 ex
3382 1574 3539 1632 Rom.

254 1637 392 1696 edit;
410 1637 774 1712 Epistolarum
805 1642 979 1700 sancti
1009 1637 1324 1716 Hieronymi
1354 1643 1495 1714 apud
1521 1641 1739 1698 Petrum
1760 1642 1829 1700 de
1856 1637 2097 1699 Maximo
2115 1637 2203 1699 an.
2237 1642 2395 1701 M68.

321 1780 457 1867 Cir.
489 1780 545 1867 1.Δ
569 1815 641 1825 —
671 1782 988 1867 Quanquam
1041 1785 1343 1867 certissime
1385 1784 1629 1867 noverim
1677 1798 1845 1867 espe-
1873 1785 1924 1845 Α
1956 1784 2441 1867 g'uantumnvideo'
2459 1783 2598 1867 jam“
2621 1801 2742 1867 cum
2792 1785 2909 1856 ipso
2947 1800 3177 1857 corpore
3222 1785 3545 1867 moritnms?

249 1852 507 1909 rientiam
531 1860 679 1910 tuam
705 1852 867 1910 alieni
895 1856 1278 1913 consolaminis
1297 1855 1655 1910 levaiiiinibus
1685 1852 1848 1924 atque

248 1924 493 1997 remigiis
531 1940 641 1981 non
681 1925 959 1996 indigere:
1003 1942 1126 1983 cum
1156 1927 1442 1997 languores
1470 1940 1849 1994 :erunmasque

248 1994 500 2069 languidi
515 1997 757 2069 corporis
775 2040 793 2069 ι
806 1994 811 1996 ⁷
834 2005 1220 2069 stuporemque
1234 2068 1239 2069 ί
1254 1994 1625 2069 membrorum
1665 1997 1846 2066 rigen-

248 2059 418 2151 iiuiii,
451 2059 686 2136 vigentis
716 2059 1051 2151 ea'lentisque
1082 2059 1247 2123 animi
1278 2066 1535 2151 felicitate
1565 2068 1682 2137 ipse
1711 2059 1844 2122 Eon-

245 2134 476 2216 foveas,
514 2134 579 2193 ac
624 2137 828 2216 medica
879 2134 1098 2216 ratione
1130 2154 1288 2216 cures
1328 2146 1490 2210 atque
1519 2134 1844 2216 eoinponas;

246 2214 432 2280 tamen
462 2207 604 2280 inter
633 2209 858 2265 adversa
889 2210 1216 2280 praesidium,
1251 2207 1844 2265 inter'iiiorbos'reiiie-

245 2276 397 2333 dium
416 2321 431 2343 ,
465 2278 606 2334 inter
635 2295 793 2335 curas
813 2276 1063 2337 solatium
1084 2324 1100 2348 ,
1144 2281 1198 2336 in
1229 2280 1480 2336 ﬂuctibus
1509 2280 1699 2335 aliena:
1728 2296 1845 2335 ma-

244 2364 348 2423 nus
369 2349 657 2423 remigium
682 2366 899 2423 semper
926 2353 1184 2421 quaeritur
1217 2360 1272 2407 et
1301 2360 1539 2423 optatur.
1604 2349 1734 2423 Pars
1763 2359 1847 2411 est

244 2419 390 2473 enim
436 2420 623 2489 procul
665 2419 829 2477 dubio
872 2419 1225 2477 maximarum
1256 2419 1588 2478 medelarum
1618 2420 1843 2477 fraterni

244 2490 630 2547 consolaminis
676 2490 881 2550 fructus
913 2512 925 2547 :
960 2493 987 2532 ιι
1035 2502 1091 2549 et
1130 2493 1305 2549 fomes
1335 2493 1640 2557 dictorum,
1677 2495 1692 2524 ⁸
1722 2493 1845 2548 dul-

243 2560 440 2631 cedine
461 2562 878 2628 consolantium,
905 2564 1171 2631 levamen,
1204 2564 1360 2620 fessis
1389 2564 1584 2619 animis
1606 2564 1845 2620 introdu-

242 2631 337 2686 cit.
371 2630 442 2687 Et
469 2632 517 2688 si
546 2648 654 2705 non
679 2635 956 2705 corporeis
978 2636 1031 2690 in
1051 2630 1327 2698 membris,
1354 2634 1654 2690 recessibus
1677 2635 1844 2692 animi

242 2709 429 2759 tamen
459 2712 534 2776 et
556 2703 793 2776 abditis,
841 2706 1104 2776 spirituali
1135 2706 1313 2761 studio
1354 2706 1632 2776 componit
1661 2706 1841 2762 homi-

240 2787 391 2848 nem,
433 2781 492 2831 et
522 2773 703 2848 inierit
727 2783 785 2830 ut
820 2773 1060 2833 medicus
1088 2778 1427 2848 sospitatem,
1455 2773 1717 2848 iuvatque
1744 2793 1841 2832 co-

240 2845 463 2901 namina
501 2846 886 2903 exhaustarum
926 2849 1151 2913 virium,
1187 2845 1291 2902 sub
1321 2847 1601 2915 longarum
1628 2845 1842 2904 sarcina

239 2929 620 3000 pressat-arum
645 2936 658 2971 :
692 2919 923 3000 marinie
951 2918 1499 3000 cum__scriptum‘sitn:.
1526 2916 1716 3000 Ifrater
1737 2921 1842 3000 [νας

237 2987 372 3043 trem
393 2987 660 3061 Aadjumins
681 2988 998 3061 exaltabitur
1030 2987 1220 3061 (Prov;
1236 2988 1406 3061 xviii).
1440 2987 1520 3044 0b
1551 2990 1654 3045 lioc
1677 2987 1843 3057 igitur

239 3059 501 3129 quapiam
561 3059 951 3116 dominicarum
1008 3059 1188 3116 rerum
1246 3059 1496 3127 religiosa
1545 3061 1840 3117 necessitas

241 3139 265 3169 ο
291 3129 365 3185 ita
399 3145 494 3185 me
530 3139 677 3186 tenet
712 3140 1056 3202 occupatum,
1082 3141 1141 3186 ut
1169 3131 1511 3202 frequentatu
1540 3132 1839 3202 coiporalis

240 3182 807 3266 adsentatur..an
817 3182 939 3257 [555'
949 3182 1837 3259 ἶὶἰῦεῐιίειὶῖὲἶιόἱίὰὲὶῦι-’ῐείόυἶὶιῖξῖ
1869 3182 1917 3243 Β

273 3271 476 3341 Iacuit,
501 3272 855 3342 sicutpetisti,
880 3273 1309 3342 utqualicunque
1327 3270 1521 3327 solatio
1538 3272 1839 3327 litterarum

153 3380 164 3391 .
235 3342 467 3399 lenirem
515 3351 624 3398 tam
667 3344 825 3412 longa
873 3351 1206 3398 tentainenta
1234 3342 1480 3407 virtutis,
1528 3342 1636 3412 inio
1664 3344 1841 3411 potius

234 3415 430 3470 salutis
446 3410 804 3477 commodum
835 3415 1105 3470 visitarem
1126 3456 1140 3481 ,
1185 3421 1242 3468 et
1269 3414 1507 3468 animum
1535 3410 1840 3470 Christiana

236 3485 443 3554 virtute
482 3483 766 3540 fundatum
816 3486 869 3540 in
907 3486 1073 3545 robur
1117 3484 1409 3539 niaximum
1438 3498 1836 3554 promovereni.

235 3553 339 3623 Qui
369 3570 664 3626 regnorum
684 3556 984 3613 omlestium
1010 3555 1244 3627 pnedam
1265 3598 1280 3623 ,
1310 3553 1641 3624 celisumque
1660 3570 1844 3611 mune-

233 3627 312 3682 ris
344 3627 666 3698 sempiterni
696 3627 1071 3683 contendimus
1098 3641 1396 3697 occupare,
1429 3641 1691 3698 essenon
1722 3642 1843 3696 pos-

232 3712 425 3754 sumus
470 3696 591 3754 sine
636 3698 816 3769 aliqua
844 3696 1522 3767 congressioiie’victores.
1557 3696 1839 3769 Nunquam

233 3770 381 3824 enim
426 3768 658 3825 delicata
706 3768 771 3825 ac
819 3769 1005 3838 ignara
1052 3768 1363 3825 certaminis
1400 3769 1571 3822 virtus
1601 3768 1841 3823 victoria:

232 3839 582 3910 palniil'erum
610 3839 821 3895 culmen
851 3839 1121 3904 ascendit,
1152 3848 1246 3894 aut
1272 3839 1547 3910 praemium
1588 3838 1657 3893 de
1676 3838 1840 3910 suba-

231 3909 336 3966 Ctis
367 3911 613 3981 adversis
653 3911 887 3981 accipit,
938 3911 1030 3980 qui
1077 3909 1837 3981 victoriacui-iorenivilissi-

231 3992 378 4036 mam
416 3980 627 4050 iudicat
673 3978 1045 4051 sui'corporis
1081 3982 1267 4036 vitam.
1316 3978 1428 4035 Nec
1468 3980 1660 4035 mortis
1693 3979 1839 4051 enim

230 4053 550 4107 concutitur
574 4060 743 4115 metu,
778 4053 865 4107 cui
893 4050 961 4106 de
985 4060 1164 4108 morte
1183 4052 1293 4106 vita
1321 4051 1562 4106 nascitur
1587 4068 1599 4103 :
1633 4050 1839 4121 pretio-

227 4136 350 4177 sum
383 4131 473 4177 est
500 4123 574 4176 illi
603 4131 660 4178 et
685 4123 1001 4190 sanguinem
1024 4122 1282 4188 fundere;
1315 4120 1587 4177 felicitatis
1613 4130 1699 4177 est
1715 4137 1837 4177 cum

226 4191 558 4275 infelicitate
589 4206 881 4275 pugnare,
932 4208 1159 4275 summa:
1216 4192 1463 4275 sanitatis
1511 4202 1596 4248 est
1642 4192 1836 4275 acerba

224 4263 464 4320 vulnera
491 4261 791 4329 sustinere,
833 4263 1102 4332 iacturam
1137 4278 1354 4333 quoque
1378 4261 1521 4318 ferre
1561 4264 1837 4325 membro-

224 4350 351 4390 rum
398 4333 656 4404 opinatur
692 4335 986 4390 maximum
1012 4332 1238 4390 lucrum.
1272 4332 1300 4372 ά
1333 4333 1398 4388 Ει
1419 4335 1564 4404 quod
1593 4343 1678 4389 est
1709 4334 1835 4389 ulti-

222 4420 404 4471 muni,
438 4405 969 4475 dicam,pr:eclarum
983 4406 1153 4461 estilli
1177 4405 1231 4460 in
1254 4406 1371 4476 ipso
1396 4405 1693 4476 certamine
1722 4406 1838 4475 pal-

221 4475 485 4531 niil'eram
512 4476 767 4532 creditori
806 4478 1042 4532 animam
1071 4475 1350 4533 revocare.
1391 4487 1413 4513 ε
1446 4475 1637 4531 Melius
1689 4476 1832 4531 enim

1954 1852 2179 1910 HIEIION.
2210 1852 2347 1909 Cum
2376 1852 2629 1926 periculis
2653 1855 2764 1924 jam
2803 1852 3025 1912 necesse
3047 1852 3138 1912 est
3166 1855 3544 1924 congrediatur

1952 1934 2007 1981 et
2045 1934 2215 1981 certet
2252 1941 2411 1995 quem
2455 1935 2747 1998 tempestas
2788 1926 2930 1982 inter
2975 1926 3166 1982 ﬂuetus
3215 1926 3434 1981 invenit.
3478 1928 3545 1984 Et

1951 1997 2195 2066 quamvis
2241 2012 2403 2069 nemo
2448 1997 2618 2069 libens
2655 1998 2950 2068 periculum
2991 1999 3225 2069 patiatur
3254 2007 3344 2052 aut
3386 1997 3540 2067 ferat,

1953 2077 2132 2121 tamen
2182 2067 2281 2138 sub
2327 2068 2565 2138 pondere
2604 2067 2827 2137 periculi
2855 2109 2869 2132 ,
2920 2067 3147 2138 cogente
3197 2070 3539 2135 necessitate,

1950 2137 2191 2192 duratur.
2229 2137 2390 2209 laris.
2428 2137 2535 2194 Sed
2569 2140 2674 2194 alia
2703 2140 2835 2194 mihi
2859 2137 3105 2195 anxietas
3133 2140 3359 2203 accedit,
3400 2155 3541 2209 quae,

1950 2208 2272 2281 maeroribus
2302 2208 2612 2281 duplicatis,
2643 2225 2791 2281 meos
2821 2225 3009 2266 sensus
3040 2211 3377 2281 involvat,_et
3396 2208 3542 2281 more

1949 2280 2169 2335 dacibus
2213 2279 2807 2351 curis'inexplicabiles
2856 2295 3013 2337 curas
3060 2279 3319 2351 imponat;
3361 2280 3541 2338 Movet

1948 2351 2090 2404 enim
2136 2367 2221 2405 ine
2249 2351 2395 2421 quod
2423 2368 2545 2407 cum
2572 2352 2766 2407 talibus
2799 2352 3165 2417 tentamentis,
3194 2361 3249 2407 et
3277 2367 3398 2408 cum
3429 2360 3539 2407 tam

1947 2421 2203 2477 obstinati
2252 2423 2425 2478 morbi
2456 2423 2751 2478 certamine
2788 2423 2919 2478 mihi
2949 2422 3049 2477 soli
3076 2423 3359 2492 contigerit
3387 2422 3519 2478 dimi

1947 2507 2092 2557 care,
2138 2509 2258 2548 cum
2307 2494 2441 2549 alios
2488 2494 2730 2549 noverim
2774 2502 2835 2558 et
2873 2494 3176 2549 mitioribus
3218 2494 3388 2564 plagis
3415 2508 3539 2551 esse

1947 2572 2222 2635 correctos
2246 2608 2261 2631 ,
2314 2574 2369 2620 et
2418 2564 2802 2635 compendioso
2834 2564 3127 2621 luctamine
3156 2564 3430 2620 exstitisse
3456 2566 3538 2620 vi-

1945 2642 2142 2690 ctores.
2193 2634 2303 2690 Cur
2344 2636 2476 2691 mihi
2512 2634 2771 2692 Dominus
2818 2652 2926 2692 non
2970 2652 3091 2691 cuni
3122 2636 3334 2699 caneris
3361 2644 3536 2691 certa-

1947 2721 2069 2775 men
2101 2706 2327 2761 indixit?
2373 2705 2482 2762 Cur
2520 2722 2605 2775 me
2638 2723 2751 2775 non
2775 2707 2912 2763 sicut
2953 2714 3179 2763 cieteros
3215 2706 3538 2775 castigavit?

1944 2774 2171 2833 IIIERON.
2190 2776 2382 2833 Primo
2411 2778 2555 2834 enini
2586 2773 2699 2833 'non
2730 2774 2895 2834 debes
2926 2778 2979 2832 in
3006 2785 3114 2832 tam
3148 2777 3319 2832 arduo
3356 2773 3537 2832 certa-

1943 2848 2088 2903 mine
2134 2848 2460 2905 constitutus
2506 2847 2574 2903 de
2615 2848 2905 2904 humilibus
2946 2848 3205 2916 cogitare.
3276 2846 3537 2903 lnferiora

1943 2926 2071 2993 sunt
2098 2919 2239 2993 enim
2261 2921 2480 2993 praemia
2511 2917 2852 2993 interioribus
2878 2918 3087 2993 pugnis.
3117 2928 3146 2993 ξ
3176 2917 3274 2993 Ubi
3305 2918 3538 2988 denique

1944 2988 2102 3044 fortia
2151 2988 2375 3045 fortibus
2421 2991 2771 3060 imperantur,
2808 2989 3087 3060 fortiorem
3121 2988 3313 3060 fortior
3341 3005 3534 3060 mune-

1944 3060 2019 3114 ris
2039 3062 2280 3130 sequitur
2307 3058 2528 3127 census;
2554 3070 2609 3116 et
2634 3060 2756 3115 ideo
2780 3059 3125 3129 ignominiam
3151 3058 3358 3127 iudicat
3386 3058 3537 3115 fortis

1945 3146 2067 3186 cum
2099 3132 2352 3187 inferiore
2378 3132 2648 3201 componi.
2694 3130 2919 3199 Magnus
2947 3138 3031 3185 est
3060 3130 3205 3185 enini
3228 3130 3320 3199 qui
3347 3130 3537 3201 vicerit

1945 3216 2167 3269 magna;
2221 3200 2524 3256 devotionis
2572 3207 2654 3256 est
2700 3201 2947 3255 maxima:
2977 3201 3212 3255 maxima
3248 3200 3533 3266 sustinere,

1946 3272 2175 3339 ingentis
2202 3273 2414 3327 virtutis
2442 3279 2525 3328 est
2553 3272 2786 3340 ingentia
2822 3286 3097 3341 superare.
3150 3270 3393 3341 Namque
3422 3287 3537 3327 ine-

1944 3342 2064 3397 ritis
2086 3343 2531 3397 eminentioribus
2554 3346 2576 3378 η
2605 3342 2834 3397 excellet
2872 3349 3099 3397 CtBIBIOS
3145 3341 3286 3413 apud
3318 3354 3534 3413 regem,

1944 3427 2104 3480 quem
2153 3414 2441 3481 plurimum
2487 3412 2783 3468 turbaverit
2811 3419 2981 3481 καύμα
3020 3428 3211 3468 cauma
3245 3412 3533 3479 bellorum,

1943 3491 2000 3538 et
2051 3482 2382 3540 reddiderint
2429 3492 2680 3552 superata
2746 3483 3026 3539 victorem.
3078 3482 3260 3539 °Adest
3305 3483 3538 3552 denique

1946 3553 2122 3623 pneda
2154 3555 2208 3609 in
2240 3556 2357 3624 ipso
2382 3553 2633 3611 conﬂictu
2664 3568 2967 3623 congruens
2998 3555 3244 3624 qualitati
3282 3553 3535 3624 certamie

1944 3625 2068 3689 nis,
2120 3623 2313 3681 merito
2362 3626 2632 3683 destinata
2692 3625 2932 3680 victoris.
2993 3623 3228 3680 Numero
3275 3623 3536 3680 castrensi

1943 3695 2183 3766 pondera
2228 3713 2326 3767 pro
2380 3698 2584 3753 viribus
2631 3711 2786 3765 reges
2827 3696 3110 3767 imponunt
3134 3694 3396 3767 :rmedici
3437 3710 3536 3765 pro

1942 3765 2120 3822 causis
2168 3765 2405 3823 medelas
2450 3766 2789 3838 impendunt.
2839 3765 2942 3833 Qui
2980 3766 3251 3838 curandus
3281 3775 3395 3838 est,
3426 3782 3534 3821 non

1941 3837 2071 3894 dicit
2116 3838 2326 3893 medico
2362 3854 2469 3909 qua
2499 3837 2616 3907 lege
2644 3845 2891 3901 curetur;
2929 3852 3032 3893 nec
3057 3837 3213 3893 miles
3250 3837 3411 3909 eligit
3425 3852 3536 3909 quo

1942 3908 2204 3974 mittatur,
2260 3924 2358 3979 nec
2380 3906 2593 3967 'servus
2634 3925 2744 3979 quo
2781 3909 3006 3964 verbere
3035 3909 3344 3975 castigelur.
3379 3906 3536 3979 Quod

1942 3979 2088 4034 enim
2138 3994 2203 4034 ex
2249 3978 2469 4048 majoris
2516 3978 2718 4050 pendet
2758 3980 3010 4042 arbitrio,
3051 3982 3205 4050 ιιι
3237 3986 3452 4033 nonest
3480 3978 3534 4032 iii

1942 4056 2211 4119 potestate
2239 4051 2488 4120 subjecti.
2522 4049 2664 4121 Ergo
2710 4050 2803 4119 qui
2843 4049 3092 4121 superni?
3113 4049 3355 4121 regimur
3380 4056 3534 4121 pote-

1940 4128 2117 4193 state,
2147 4129 2203 4176 et
2232 4119 2373 4177 inter
2424 4121 2608 4178 mundi
2643 4120 2660 4159 ί
2697 4119 2941 4193 miserias
2979 4119 3338 4193 multiformes
3364 4119 3537 4193 co_rri-i

1939 4191 2099 4261 gendi
2128 4208 2428 4259 versamur,
2477 4209 2579 4250 nec
2605 4190 2851 4248 nostrum
2881 4197 2966 4247 est
2992 4191 3061 4247 de
3100 4198 3372 4262 potestate
3421 4190 3533 4245 Do-
3624 4245 3632 4251 ,

1939 4262 2069 4335 mini
2110 4272 2207 4335 aut
2247 4265 2434 4335 plagas
2475 4265 2709 4335 eligere,
2760 4270 2856 4317 aut
2900 4262 3005 4319 alia
3053 4261 3370 4335 certamina,
3414 4276 3535 4335 qua:

1939 4332 2162 4389 ferendo
2190 4331 2497 4392 vincamus:
2530 4331 2669 4392 sicut
2697 4349 2797 4390 nec
2822 4350 3103 4390 servorum
3131 4341 3215 4388 est
3239 4332 3437 4400 eligere
3465 4331 3535 4386 de

1938 4403 2170 4476 dominis
2199 4420 2397 4475 genera
2438 4407 2791 4476 ﬂagellorum.
2826 4404 3126 4476 iNunquam
3159 4404 3322 4476 eniiii_
3343 4417 3415 4456 ex
3450 4415 3536 4454 ar~

1940 4475 2102 4531 bitrio
2130 4470 2417 4547 pendentis
2439 4470 2640 4547 pendet
2658 4475 2872 4547 licentia
2902 4470 3256 4547 verberantis.
3289 4470 3531 4547 Pogesta~

222 4555 331 4614 est,
356 4547 505 4628 sicut
526 4547 663 4602 ratio
698 4548 855 4672 1'10
875 4548 1216 4614 determinat,
1248 4548 1294 4602 si
1322 4546 1467 4618 quod
1497 4555 1705 4602 natura:
1734 4547 1832 4601 de-
1860 4564 1903 4628 ς
1938 4547 2008 4600 tis
2047 4540 2147 4601 est'
2176 4540 2465 4602 emendare
2489 4586 2504 4611 ,
2545 4545 2871 4627 conditionis
2908 4552 2993 4599 est
3021 4542 3318 4625 subiacere.
3374 4540 3536 4622 Regis

222 4616 414 4672 betur.
439 4618 627 4672 Virtuti
656 4633 720 4672 so
744 4627 918 4672 vatur.
945 4618 1190 4672 Fereuda
1217 4627 1366 4672 sunt.
1396 4617 1583 4672 frater.
1608 4616 1828 4672 ferenda
1938 4624 2023 4671 est
2066 4633 2202 4672 onus
2231 4618 2538 4672 imponere.
2583 4624 2639 4670 et
2678 4615 2862 4669 militis
2890 4622 2974 4668 est
3000 4621 3289 4668 sustinere.
3326 4610 3536 4672 Qumpo

685 4634 720 4674 0

222 4616 414 4684 betur,
439 4618 627 4673 virtuti
656 4616 918 4674 soTv‘atur.
945 4618 1190 4675 Fereuda
1217 4616 1366 4683 sunt,
1396 4617 1583 4681 frater,
1608 4616 1828 4672 ferenda

221 4696 356 4745 sunt
376 4689 546 4759 igitur
566 4697 762 4744 cuncta
782 4704 880 4759 per
899 4705 1020 4759 qua:
1032 4705 1092 4745 se
1104 4689 1364 4743 Dominus
1390 4686 1683 4759 amictione
1714 4686 1830 4741 lon-

220 4757 449 4831 gissima
464 4757 981 4831 voluitexpei'iritet
996 4761 1049 4814 in
1069 4772 1262 4827 magna
1283 4758 1502 4831 praemia
1532 4757 1825 4831 destinare.

295 4829 433 4888 CAP.
460 4830 528 4885 ll.
552 4854 626 4873 -ι
643 4827 808 4886 Iuris.
838 4829 858 4868 τ
889 4828 1021 4897 Quis
1048 4831 1257 4884 animus
1274 4827 1300 4895 ζ
1322 4844 1432 4884 non
1455 4828 1567 4897 jam
1592 4827 1821 4883 submis-

220 4902 300 4959 sis
346 4902 578 4968 viribus,
628 4900 767 4958 ferat
794 4903 927 4957 istos
972 4899 1311 4957 inevitabiles
1351 4914 1528 4963 casus,
1561 4907 1617 4954 et
1643 4898 1830 4968 perni-

220 4974 390 5031 ciosa:
440 4973 763 5031 calamitatis
806 4973 1054 5029 incursus
1071 5013 1089 5038 ,
1130 4979 1293 5040 atque
1329 4970 1550 5025 morbos
1580 4969 1827 5034 infestos,

239 5100 247 5115 ’
294 5126 324 5155 ι
362 5115 425 5170 In
455 5112 594 5169 Cod.
624 5111 881 5168 Laurent.
921 5111 1116 5180 legitur
1153 5121 1393 5178 sequens,
1419 5104 1606 5163 titulus
1647 5105 1820 5175 pneli-
1900 5146 1905 5151 .

219 5202 326 5258 xus
353 5184 605 5258 epistolae
628 5201 641 5237 :
675 5181 986 5258 Hieronymi
1008 5180 1328 5258 ad‘amicunt
1355 5185 1606 5249 wgrotum
1635 5193 1824 5231 conso-

217 5252 420 5315 latoriis
448 5258 507 5311 in
529 5257 751 5326 formant
778 5263 827 5308 et
848 5252 1058 5310 niodum
1083 5252 1302 5326 dialogi.

291 5329 322 5369 ιτ
363 5320 667 5384 Μεηιέοιὶ.
702 5324 1070 5395 Ιιαωιθηιηίίει
1085 5320 1248 5395 fontes
1270 5322 1525 5395 dictorum
1544 5320 1835 5395 mulcedine

216 5399 610 5458 consolantium
634 5437 649 5461 ,
692 5396 941 5451 levamen.
981 5390 1123 5450 Edit.
1152 5394 1310 5449 Rom.
1333 5434 1348 5461 ,
1393 5402 1444 5447 et
1470 5394 1637 5464 fomes
1667 5390 1833 5445 dicto-

215 5489 338 5531 rum
359 5467 661 5526 mulcedine
688 5467 1121 5532 consolationum,
1154 5465 1406 5519 levamen.

294 5554 317 5602 ς
360 5541 516 5595 Idem
544 5537 669 5593 cod.
698 5536 977 5602 Laurent.,
1003 5539 1078 5592 ita
1105 5553 1188 5590 me
1208 5535 1405 5590 detinet
1432 5543 1758 5605 occupatum.

292 5612 319 5653 ί
361 5611 515 5667 Edit.
547 5608 733 5672 Rom.,
769 5609 838 5665 Et
860 5608 983 5681 quid
1013 5607 1371 5663 estultimum.

290 5776 306 5808 ί
350 5773 519 5847 Apud
540 5722 1014 5847 Vallarsiuniolim
1045 5774 1164 5830 erat
1190 5760 1486 5847 mulcedine
1514 5769 1838 5847 c0uso_lati9-

211 5845 319 5919 nis,
352 5840 467 5917 qua
490 5860 630 5919 che
668 5854 725 5903 et
751 5845 808 5902 S.
838 5844 1341 5919 Gypi'iaiiushutitu‘r
1370 5844 1424 5898 in
1458 5843 1565 5898 line
1593 5840 1839 5919 epistolae

210 5911 412 5987 prima
442 5915 517 5973 ad
546 5917 837 5985 Donatum,
862 5911 1007 5973 e't'it.
1040 5914 1245 5974 Gellius
1269 5913 1361 5971 lib.
1398 5930 1512 5981 xix,
1543 5911 1664 5984 cap.
1697 5911 1753 5981 9,
1785 5916 1842 5967 et

1938 4624 2023 4671 est
2066 4633 2202 4673 onus
2231 4610 2538 4687 imponere,
2583 4615 2862 4687 etmilitis
2890 4614 3289 4687 estsustincre.
3326 4610 3537 4687 Quippp

1938 4670 2685 4758 cumiabﬁipsbirege'nihil
2725 4692 2941 4758 geratur
2980 4682 3256 4758 iniustum,
3307 4670 3404 4758 qui
3427 4670 3537 4736 suis

1939 4750 2277 4828 legionibus,
2298 4773 2424 4828 _pro
2449 4750 2680 4812 'virium
2727 4750 2989 4828 qualitate
3021 4750 3274 4828 bellicos
3307 4750 3537 4807 sudores

1939 4822 2224 4904 imponens
2243 4822 2276 4904 ,ί
2298 4822 2466 4884 fortes
2495 4828 2662 4904 mittit
2690 4822 2760 4904 ad
2787 4824 2981 4904 fortia:
3019 4822 3363 4904 inferioribus
3389 4836 3538 4904 coin-

1937 4894 2175 4975 peteiitia
2200 4894 2355 4969 jubet
2377 4940 2391 4965 ,
2428 4906 2488 4975 ut_
2520 4913 2622 4975 nec
2650 4896 2874 4953 inferior
2901 4903 3091 4951 contra
3120 4894 3369 4975 proprias
3398 4894 3539 4975 virﬁcs

1938 4962 2234 5027 certamine
2283 4962 2605 5042 potentioris
2648 4976 2916 5032 arceatur,
2973 4982 3074 5024 nec
3105 4962 3376 5040 posterior
3403 4962 3539 5021 infe-

2010 5116 2034 5143 θ
2083 5105 2216 5161 Cod.
2250 5114 2308 5162 et
2327 5105 2480 5169 edit.,
2504 5103 2693 5158 Melius
2717 5103 2854 5157 enim
2881 5118 2957 5156 sic
2985 5101 3120 5155 ratio
3143 5102 3465 5168 terminatur,
3495 5101 3540 5156 si

1942 5177 2099 5249 quod
2109 5187 2300 5231 natura
2321 5177 2552 5249 debetur,
2574 5175 2766 5249 virtute
2789 5172 3057 5249 solvatiir._
3168 5244 3180 5249 _
3238 5244 3249 5249 _
3406 5206 3415 5213 ι

2022 5249 2038 5286 ί
2081 5248 2228 5303 idem
2277 5247 2400 5304 cod.
2455 5254 2513 5303 et
2538 5242 2703 5313 edit.,
2746 5244 2913 5301 INPIR.
2955 5242 3102 5311 Quis,
3127 5244 3267 5309 aisti,
3298 5258 3403 5298 non
3424 5259 3539 5314 1am

1941 5318 2231 5388 submissis,
2262 5326 2366 5375 etc.
2487 5363 2506 5382 ,

2016 5401 2040 5438 6
2084 5384 2245 5459 ϐοαί,
2302 5388 2402 5445 Ubi
2431 5389 2647 5461 denique
2676 5389 2904 5461 fortiora
2949 5384 3245 5441 fortioribus
3273 5384 3539 5439 imveran-
3592 5440 3598 5449 ,

1944 5471 2052 5609 ιω.ξῖ
2084 5470 2254 5609 Eligit,
2280 5531 2488 5609 excellit
2514 5549 2544 5585 a
2565 5533 2765 5609 caneris
2786 5529 3033 5609 accedens
3054 5526 3192 5597 apud
3214 5541 3405 5609 regem,
3426 5533 3538 5609 etc.

1948 5623 1957 5627 ”
2023 5603 2037 5642 ί
2082 5602 2216 5660 Cod.
2238 5596 2302 5659 'et
2329 5602 2462 5659 edit.
2484 5646 2500 5673 ,
2530 5604 2767 5658 miserias
2798 5596 3134 5656 milleformes
3163 5596 3478 5667 corrigendi.

1890 5734 1898 5742 '
1946 5765 2168 5825 Boetius
2213 5768 2306 5823 lib.
2362 5786 2393 5823 ii
2433 5774 2498 5823 de
2547 5765 2792 5831 Consol.,
2825 5762 3079 5819 Sidonius
3118 5774 3335 5832 quoque
3360 5758 3456 5817 lib.
3473 5773 3540 5832 _V,

1948 5837 2108 5912 epist.
2142 5839 2232 5910 l7,
2265 5840 2484 5917 aliique.
2518 5837 2627 5894 Nec
2654 5829 2785 5895 sane
2812 5842 2931 5892 erat
2956 5833 3045 5892 illa
3073 5829 3538 5907 lectio'iiiutanda.
