4072 6332
469 300 576 363 ΜΞ

1359 293 1696 354 APPENDIX
1730 291 2014 349 OPEBUM
2051 289 2111 349 S.
2151 285 2398 346 MAXIM!
2434 279 2904 343 TAURINENSIS.

3624 277 3726 340 ομ

469 431 660 476 mnam
698 411 975 484 spineam.
1003 411 1152 484 illum
1181 415 1454 479 postremo
1478 421 1690 484 οωρςεη
1722 405 1888 484 fuisse.
1919 419 2042 484 Ps:-
2065 409 2122 468 Δ
2144 391 2620 484 mministis:
2645 393 2700 453 ίη
2719 405 3086 484 mitrarum
3101 397 3222 484 νὲιω
3243 401 3514 484 uastatis
3539 399 3729 484 ,διφ-

469 466 685 560 ίιξε-ιῖιιι
765 466 916 560 illum
941 466 1168 560 _i_nferna
1182 466 1515 560 ‘penetr‘asse
1539 517 1575 556 ,θ
1595 476 1744 560 illum
1762 466 1936 560 tertia"
1957 473 2045 528 die
2067 466 2122 468 ’ί
2145 479 2331 560 rnatu}
2384 469 2556 560 Β(
2569 471 2740 560 river:
2753 466 3015 560 ,φρὶξ
3034 476 3155 560 lost
3161 509 3227 560 1A
3240 466 3313 560 et
3343 467 3730 560 rnTA:“lttcru.u:

471 542 831 613 resurreiisse
857 553 913 606 in
937 551 991 606 id
1033 542 1228 620 corpus
1263 547 1407 620 quod
1431 545 1585 620 cruci
1608 543 1782 600 fuerat
1808 542 2042 620 aﬂixum,

471 627 624 682 illum
649 621 924 692 hominem
943 613 1328 692 postnm'ortetir
1343 617 1509 671 Deum
1539 616 1717 692 vinum
1743 613 1935 692 omium
1953 629 2047 682 pe-

472 696 622 750 tiisse
662 683 963 756 victorem;
993 690 1180 744 sedere
1207 687 1274 742 ad
1299 687 1576 756 dexteram
1600 683 1734 756 Dei”.
1767 691 2046 756 venturum

472 779 573 822 suo
613 770 860 831 tempore
887 751 959 814 ad
990 758 1247 828 judicium
1290 755 1590 831 faciendnm
1623 772 1635 806 ε
1669 754 1820 831 illum
1848 751 2050 831 Spiritu

474 833 574 889 Dei
597 846 695 901 per
721 822 1032 901 sanctorum
1069 842 1288 901 suorum
1319 841 1414 901 ora
1439 823 1736 901 celebrari;
1752 822 1876 877 Hinc
1900 823 2049 901 cogi—

475 893 618 957 tasse
637 899 834 954 vixisse
861 907 981 962 est,
1010 897 1126 952 haec
1153 895 1406 964 cogitatio
1424 901 1618 964 pastus
1637 893 1828 964 animae
1853 899 1965 956 est,
1998 893 2050 945 in

476 973 594 1027 haec
637 969 801 1025 relabi
828 970 913 1024 vel
954 961 1244 1022 recurrere
1275 979 1397 1020 cum
1423 961 1649 1017 Domino
1669 961 1821 1031 jungi
1849 969 1932 1016 est
1953 1003 1966 1026 ,
2000 969 2055 1014 et

477 1056 604 1097 cum
624 1040 739 1110 ipso
759 1050 858 1109 per
881 1039 995 1092 haec
1022 1035 1307 1110 humiliari,
1339 1040 1423 1088 est
1447 1047 1587 1110 cum
1607 1033 1732 1110 ipso
1755 1031 1865 1110 pati
1892 1073 1908 1098 ,
1931 1045 2054 1110 cuni

481 1111 598 1182 ipso
620 1100 778 1175 mori;
800 1115 855 1164 et
875 1123 998 1182 cum
1023 1107 1140 1182 ipso
1161 1105 1322 1159 etiam
1346 1103 1608 1182 suscitari.
1633 1100 1773 1168 Quid
1795 1101 1968 1182 dicam
1989 1101 2056 1154 de

479 1170 595 1252 ipsa
623 1170 1060 1252 resurrectione";
1080 1177 1134 1252 in
1162 1189 1264 1244 qua
1280 1188 1409 1252 cum
1432 1171 1702 1252 rideamur
1723 1170 2053 1252 agentibus,

480 1238 588 1306 non
615 1263 927 1318 separamur
949 1262 981 1300 a
999 1238 1249 1318 Christo:
1280 1244 1405 1298 licet
1432 1249 1487 1296 et
1515 1241 1668 1318 multi
1687 1241 1870 1318 quise
1888 1238 2058 1318 Claui:

481 1307 696 1375 stianos
713 1317 896 1373 dicunt
935 1314 1383 1372 resurrectionem
1403 1311 1580 1366 carnis
1614 1307 1921 1365 excludant.
1952 1307 2061 1362 Sed

481 1389 562 1458 sic
581 1389 688 1442 sint
707 1387 791 1458 illi
819 1387 937 1458 sine
963 1399 1190 1454 corpore
1213 1423 1228 1449 ,
1252 1382 1454 1458 quibus
1469 1379 1609 1458 forte
1631 1379 1946 1458 conceditnr
1965 1419 1980 1444 ,
2013 1378 2059 1458 si

484 1457 566 1514 fas
586 1464 668 1514 est
689 1456 814 1522 dici,
843 1455 996 1510 aliter
1016 1447 1392 1522 reprzesentari
1419 1450 1667 1522 Domino,
1689 1463 1852 1517 quam
1870 1447 2062 1522 _Domi-

483 1544 589 1584 nus
615 1517 873 1583 remeavit
901 1523 968 1579 ad
1011 1517 1226 1578 Patrem
1254 1537 1354 1578 nos
1375 1527 1436 1575 ut
1463 1519 1730 1574 credimus
1747 1557 1763 1583 ,
1786 1526 1842 1573 et
1870 1517 2060 1586 loqua-

485 1613 624 1654 mur.
1246 1624 1248 1627 '

561 1657 903 1741 ι34ᾼοέιρε
923 1663 1030 1719 γιι.
1064 1694 1136 1705 —-
1161 1661 1317 1728 Quid,
1350 1661 1584 1741 inquam,
1616 1657 2066 1741 haccogit‘atione

485 1725 858 1801 ltet’uE‘TQuid
889 1736 990 1788 hac
1015 1749 1111 1804 spe
1151 1725 1270 1804 esse
1319 1725 1518 1804 poterit
1565 1725 1838 1804 erectins-‘t
1868 1725 2054 1780 ﬁxum-

484 1821 591 1877 que
634 1797 803 1877 magis
849 1805 903 1858 in
945 1797 1140 1877 nostris
1187 1797 1376 1877 anim—is
1413 1799 1676 1877 inhaerere
1723 1797 1919 1860 debet,
1965 1811 2065 1877 nos

484 1867 772 1946 aliquando
797 1915 813 1940 ,
844 1888 964 1928 cum
1007 1871 1448 1946 hincexierimus
1471 1909 1484 1932 ,
1529 1867 1597 1946 ad
1625 1881 1853 1946 corpora
1883 1873 2066 1946 nostra

487 1936 608 2000 esse
657 1936 950 2005 redituros,
981 1953 1036 1996 et
1063 1941 1251 1995 animae
1291 1939 1503 1992 interim
1532 1944 1588 1991 et
1615 1937 1858 2005 corporis
1885 1936 2066 1990 divor-

487 2015 652 2079 tium,
701 2029 807 2067 non
837 2011 893 2066 id
922 2025 1080 2078 agere
1101 2049 1116 2074 ,
1166 2019 1226 2063 ut
1255 2008 1385 2079 nihil
1413 2007 1575 2060 simus
1605 2006 1853 2079 omnino,
1887 2006 1981 2079 sed
2010 2015 2066 2058 ut

487 2074 740 2138 meliores
766 2098 862 2151 per
887 2074 984 2151 Dei
1007 2079 1260 2151 Spiritum
1282 2075 1654 2151 reformemur,
1681 2075 1932 2151 quoniam
1953 2074 2066 2143 jam

489 2153 581 2208 hic
607 2145 890 2206 Dominum
917 2149 970 2204 id
998 2145 1187 2218 pignus
1216 2147 1370 2218 nobis
1408 2145 1716 2218 promisisse
1742 2147 2063 2213 accepimus.

489 2221 558 2276 Et
597 2223 700 2276 hoc
738 2235 952 2290 corpus,
983 2215 1127 2286 quod
1156 2219 1207 2271 in
1237 2216 1318 2290 sui
1357 2224 1546 2290 natura
1574 2215 1832 2268 caducum
1861 2222 1942 2268 est
1965 2253 1979 2272 .
2013 2222 2068 2268 ct

489 2292 683 2346 merito
724 2286 968 2360 pristina!
1001 2286 1436 2360 transgressionis
1488 2292 1771 2360 gravatum
1794 2325 1808 2349 ,
1861 2291 1914 2337 et
1955 2298 2068 2360 nia-

489 2351 780 2418 ledictione
827 2359 1004 2414 divina
1033 2351 1198 2410 fertur
1225 2398 1240 2423 ,
1266 2355 1332 2408 ad
1357 2351 1545 2408 terram
1574 2354 1665 2406 ibit
1707 2351 1914 2423 (Cenes.
1945 2353 2021 2422 ιιι)
2050 2371 2064 2420 ;

489 2430 549 2485 id
575 2445 786 2485 rursum
811 2438 934 2498 post
964 2428 1127 2480 multa
1157 2422 1421 2498 tempora,
1441 2423 1500 2498 id
1529 2425 1690 2498 estin
1716 2422 1820 2498 line
1847 2423 2063 2498 sarculo-

491 2516 636 2568 rum,
661 2515 781 2555 cum
809 2492 1029 2552 minima
1053 2512 1177 2567 pars
1201 2492 1391 2570 favilla:
1410 2493 1496 2558 sit,
1526 2501 1586 2546 ut
1613 2492 1749 2570 forte
1771 2492 2066 2570 jatnonulla,

491 2571 560 2626 ab
589 2562 778 2624 eadem
827 2577 965 2622 terra
991 2605 1006 2627 ,
1051 2562 1169 2636 quae
1213 2563 1344 2618 illud
1386 2562 1682 2636 corrumpit
1710 2563 1762 2615 in
1792 2562 2014 2636 nihilum
2052 2579 2064 2614 :

491 2641 746 2710 quoniam
775 2639 889 2708 ipsa
917 2632 1190 2710 liberanda
1219 2643 1302 2689 est
1325 2649 1356 2688 a
1383 2632 1660 2710 servitute
1669 2632 2028 2710 corruptionis
2050 2673 2064 2695 ,

491 2700 547 2764 in
576 2700 847 2778 integram
878 2706 1237 2778 membrorum
1265 2717 1485 2758 suorum
1524 2700 1877 2778 soliditatem,
1908 2709 1974 2778 et
2017 2701 2069 2754 in

493 2768 1120 2846 statumvpulchritudinis
1129 2775 1483 2846 decoremque
1499 2769 1891 2846 renovandum:
1902 2768 2070 2846 Quen]

494 2847 620 2900 talis
647 2839 901 2912 cogitatio
936 2860 1043 2897 non
1089 2858 1209 2896 cum
1239 2839 1590 2895 admiratione
1619 2839 1894 2912 delectet?
1924 2840 2070 2892 Reli-

495 2915 651 2984 quias
671 2955 686 2978 ,
718 2909 936 2982 inquam
957 2950 972 2975 ,
1001 2926 1292 2984 corporum
1316 2917 1622 2962 nostrorum
1659 2917 1752 2962 aut
1779 2909 1950 2962 nullas
1979 2917 2074 2984 aut

495 2979 744 3040 minimas
780 2979 926 3037 certe
949 3023 965 3051 ,
994 2989 1050 3035 et
1074 2979 1572 3051 quantulascunque
1593 3020 1608 3045 ,
1641 2985 1878 3051 attamen
1903 2979 2074 3051 sordi-

494 3053 612 3121 das,
663 3055 720 3110 et
745 3052 910 3107 animi
949 3048 1220 3119 nunquam
1265 3050 1382 3105 sine
1435 3051 1659 3121 h_orr_ore
1707 3049 1973 3121 inspectas
2019 3048 2072 3102 in

492 3115 651 3180 suum
672 3125 865 3178 iterum
885 3115 1158 3188 hominem
1181 3159 1196 3184 ,
1229 3134 1338 3174 non
1362 3125 1424 3172 ut
1448 3115 1780 3188 Pythagoras
1793 3115 2072 3188 mentiens

493 3202 551 3250 et
593 3194 826 3266 delirans
869 3201 895 3230 δι
947 3191 1000 3246 in
1046 3187 1336 3266 Euphorbo
1381 3186 1507 3244 esse
1553 3187 1831 3251 credatur,
1879 3186 1976 3242 sed
2014 3187 2069 3242 in

493 3265 770 3336 proprium
795 3276 948 3318 suum
975 3275 1170 3330 corpus
1191 3300 1206 3325 ,
1249 3266 1304 3313 et
1330 3272 1528 3336 nomen
1547 3296 1562 3322 ,
1588 3272 1685 3336 per
1716 3273 1838 3312 ossa
1867 3266 1922 3311 et
1946 3272 2070 3336 ner-

495 3326 615 3401 vos;
642 3349 753 3404 per,
783 3347 968 3398 venas,
997 3326 1094 3402 per
1143 3337 1334 3404 cuncta
1371 3326 1585 3404 vitalia,
1611 3326 1638 3365 δ
1685 3341 1866 3382 verum
1909 3327 2070 3381 etiam

494 3394 818 3460 articulatim
853 3394 1417 3470 recoiiipaginandum.
1465 3394 1579 3451 Hoc
1616 3405 1795 3470 autem
1833 3411 1939 3470 non
1989 3406 2074 3451 est

495 3480 800 3545 angustum,
830 3487 951 3528 cum
978 3466 1240 3545 omnium
1256 3467 1343 3522 vel
1369 3466 1578 3545 frugum
1603 3467 1692 3545 _ve_l_
1715 3466 1960 3545 stirpium
1983 3481 2069 3520 se-

494 3535 660 3613 mina,
684 3535 886 3613 majora
909 3581 924 3610 ,
953 3547 1008 3598 et
1035 3539 1346 3613 pulchriora
1368 3537 1424 3613 _i_n
1452 3537 1780 3607 graminibus
1808 3535 2031 3613 redeant
2053 3574 2068 3600 ,

497 3605 658 3687 quani
685 3615 740 3670 in
767 3605 920 3687 terra
950 3605 1056 3668 vel'
1083 3611 1150 3666 ab
1179 3605 1484 3687 nominibus
1512 3617 1629 3687 sata
1671 3614 1792 3687 snnt
1817 3649 1844 3687 ,ι
1862 3605 1948 3687 vel
1976 3621 2071 3660 sua

497 3678 1061 3756 s'pontenceciderunt.
1109 3691 1131 3720 ο
1173 3679 1304 3746 Quis
1329 3694 1439 3734 non
1466 3678 1718 3756 seminari
1745 3693 1804 3732 se
1831 3678 1883 3731 in
1907 3685 2068 3740 terra,

497 3747 558 3810 ιιι
584 3757 659 3810 ita
687 3754 913 3809 dixerim
937 3795 953 3820 ,
982 3753 1212 3814 lattetur,
1243 3764 1362 3820 qua:
1391 3763 1490 3820 nos
1517 3747 1765 3820 meliores
1792 3762 1952 3820 quam
1981 3763 2073 3801 ac-

498 3833 716 3896 ceperat
734 3816 956 3896 reddat,
987 3823 1198 3896 dicente
1239 3816 1497 3896 Apostolo
1533 3816 1904 3896 :‘Resurrectio
1935 3833 2075 3896 mor-

505 3887 708 3950 tuorum
736 3887 1020 3948 seminatur
1063 3893 1118 3944 in
1157 3887 1512 3958 corruptione;
1543 3887 1570 3924 ά
1603 3897 1774 3958 surget
1813 3897 1980 3940 autem
2018 3888 2074 3941 in

497 3965 882 4034 incorruptione
905 3961 959 4034 (ι
979 3959 1100 4016 Cor.
1132 3961 1246 4028 xv).
1277 3958 1406 4034 Quae
1431 3958 1701 4034 possessio
1728 3958 2072 4034 prmsentium

499 4034 624 4104 huic
649 4027 764 4103 spei
781 4027 981 4104 poterit
999 4027 1296 4104 comparari
1310 4028 1460 4104 ?__Aut
1478 4027 1603 4096 quid
1625 4027 1728 4104 erit
1743 4027 1915 4104 aliud,_
1924 4027 2075 4104 quod

502 4103 571 4157 ad
598 4097 964 4170 contemptum
991 4097 1180 4170 mortis
1207 4098 1448 4170 attollat,
1473 4103 1634 4164 quam
1663 4097 2074 4170 haecumeditatio.

503 4171 696 4226 divinis
718 4167 1160 4236 proinissiouibus
1185 4177 1240 4222 et
1260 4168 1643 4236 prophetarum
1665 4167 1886 4236 vocibus
1913 4167 2078 4235 expliL

502 4242 668 4296 cata?
699 4234 838 4296 Ouid
858 4237 964 4290 tale
989 4234 1729 4292 CleombrotusAmbraciota
1759 4237 1812 4288 in
1838 4234 2078 4292 Platonis

502 4309 642 4366 libro
669 4303 975 4378 disputante
1001 4305 1277 4378 didicerat,
1309 4305 1398 4378 qui
1419 4303 1698 4378 homicida
1722 4305 1803 4359 sui
1823 4319 1942 4378 esse
1968 4321 2077 4360 non

502 4379 715 4443 timuit,
747 4373 811 4434 ac
847 4392 908 4432 se
930 4374 1190 4430 altissimo
1221 4373 1619 4443 prtecipitavite
1657 4387 1832 4443 muro,
1861 4374 1988 4429 dum
2025 4385 2079 4430 et

501 4441 710 4505 nullum
736 4455 860 4519 post
883 4454 1114 4519 mortem
1127 4441 1427 4519 autumaret
1445 4458 1566 4498 esse
1583 4441 1867 4519 judicium;
1885 4453 1942 4499 et
1961 4445 2076 4500 sine

2149 541 2368 612 (Philip.
2394 540 2456 610 ι).
2482 539 2605 612 Non
2630 545 2779 612 certe
2798 553 3009 612 mnrum
3030 536 3100 592 de
3123 551 3231 606 quo
3257 552 3316 592 se
3345 538 3644 612 przecipitet
3665 539 3732 594 ad

2148 607 2396 674 mortem,
2416 607 2527 664 sed
2549 608 2819 664 Christum
2849 607 3152 678 Dominum,
3177 623 3275 678 per
3294 621 3454 675 quem
3470 607 3578 678 hoc
3597 624 3734 664 more

2149 681 2257 735 tale
2286 680 2353 734 ab
2382 666 2784 734 immortalitate
2821 666 3214 741 absorbeatur,
3247 666 3485 746 inquirit.
3518 666 3732 734 Etenim

2150 751 2399 818 intelligit
2418 749 2468 803 ei
2491 749 2698 804 lucrum
2723 763 2842 802 esse
2871 747 3030 815 mori,
3061 749 3149 802 cui
3175 747 3245 818 sit
3274 749 3382 818 vita
3409 747 3585 802 futura
3612 765 3736 804 cum

2152 817 2386 876 Christo.
2415 819 2545 874 Sine
2581 819 2810 874 Domino
2847 825 3028 872 autem
3067 817 3196 872 nihil
3230 817 3480 887 prodest,
3523 819 3737 873 etiamsi

2152 898 2327 944 totum
2365 889 2620 943 mundum
2667 889 2902 942 lucretur
2925 927 2940 952 ,
2980 889 3170 942 anima:
3209 895 3388 945 autem
3426 903 3535 942 sua:
3573 888 3738 942 detri-

2155 969 2395 1014 mentum
2425 973 2543 1012 csse
2571 973 2872 1029 passurum.
2903 955 3173 1029 Credebat
3206 957 3367 1026 igitur
3392 958 3612 1029 virille,
3647 975 3741 1013 vas

2155 1029 2452 1091 electionis,
2475 1043 2534 1082 se
2557 1027 2654 1098 per
2671 1027 2939 1082 Christum
2971 1027 3254 1098 Dominum
3279 1036 3520 1082 nostrum
3549 1028 3618 1082 de
3641 1029 3742 1083 hac

2157 1107 2320 1164 terra,
2349 1112 2468 1166 quae
2507 1097 2783 1166 nunquam
2817 1099 3117 1169 sinenusurna
3147 1097 3322 1152 reddit
3349 1099 3492 1169 quod
3521 1099 3738 1168 accipit,

2159 1169 2252 1240 sed
2281 1169 2384 1222 alia
2429 1169 2636 1240 minore
2659 1209 2673 1232 ,
2711 1169 2865 1240 135
2911 1167 3016 1222 alia
3046 1167 3362 1240 plerumque
3390 1167 3594 1240 majore
3617 1183 3740 1223 cum

2159 1237 2345 1292 fenore
2365 1237 3262 1306 uttricesimumct'sexagesuuum,
3287 1245 3343 1291 et
3362 1237 3743 1302 centesimum,

2162 1308 2389 1363 Domino
2425 1308 2540 1376 ipso
2570 1310 2624 1362 in
2652 1307 2942 1376 Evangelio
2978 1307 3218 1374 germina
3245 1322 3366 1376 qua:
3405 1307 3746 1376 plantaverat

2161 1379 2240 1433 sic
2268 1375 2510 1446 legente;
2541 1379 2609 1433 de
2637 1393 2740 1447 qua
2763 1375 3080 1432 te’rraetiam
3111 1375 3324 1442 veritas,
3351 1375 3509 1446 quam
3541 1375 3746 1432 Pilatus

2164 1448 2444 1518 ignorabat
2469 1465 2482 1511 ;
2504 1463 2666 1516 quam
2689 1463 2846 1502 nemo
2875 1447 3171 1518 principum
3193 1447 3350 1515 hujus
3377 1448 3559 1503 seculi
3576 1448 3743 1502 vidit:

2211 1519 2227 1570 i
2257 1519 2393 1570 enim
2421 1515 2790 1588 cognomssent,
2823 1515 3083 1588 nunquam
3109 1515 3386 1572 Dominum
3410 1518 3591 1588 gloria.-
3625 1535 3751 1588 crus

2167 1587 2452 1657 ciﬁxissent
2480 1584 2534 1656 (I
2561 1586 2682 1651 Cor.
2726 1589 2912 1656 xxvtn)
2930 1584 2952 1652 ;’
2965 1587 3033 1641 de
3061 1587 3174 1657 ipsa
3197 1625 3212 1650 ,
3241 1584 3456 1657 inquam
3475 1626 3491 1650 ,
3521 1601 3584 1641 se
3603 1587 3749 1657 Apo-

2167 1655 2335 1710 stolus
2387 1655 2822 1726 transformatum
2865 1655 3095 1726 corpori
3123 1655 3382 1726 claritatis
3428 1655 3668 1712 Domini
3695 1658 3749 1711 in

2168 1726 2398 1780 lucentia
2410 1725 2658 1796 membra
2671 1725 2975 1782 rediturum
2993 1727 3070 1780 ait
3087 1743 3100 1778 :
3123 1742 3220 1796 per
3237 1725 3586 1796 Salomonem
3607 1742 3748 1794 quo-

2095 1779 2141 1836 B
2169 1779 2424 1867 queistud
2437 1779 3223 1867 sapia.semihiante,tua)
3251 1779 3751 1867 ὃίὲίῐῖῖὲίιρεὶῆιὶιι

2162 1865 2322 1938 justi,
2365 1873 2414 1938 et
2451 1875 2690 1938 tanquam
2724 1865 2969 1938 scintillae
3013 1867 3067 1920 in
3113 1868 3421 1938 arundinem
3440 1865 3752 1938 Δ(ιὶδςὶιιθτειιτ

2172 1935 2324 2006 (ξαρ.
2341 1937 2419 2004 ιιι)
2431 1934 2512 2006 .Et
2531 1934 2652 1990 ideo
2669 1937 2722 1989 in
2735 1936 2873 1991 hanc
2885 1951 3068 1991 vocem
3089 1953 3100 1988 :
3119 1937 3240 1990 mihi
3252 1938 3414 1990 virere
3426 1934 3664 1990 Christus
3674 1947 3754 1990 est

2171 2003 2476 2076 (PhilipJ),
2504 2020 2720 2060 securus
2743 2007 2938 2075 erupit,
2963 2007 3015 2060 in
3038 2021 3142 2076 qua
3165 2007 3368 2076 utique,
3392 2021 3513 2074 qua:
3533 2005 3754 2060 fuerunt

2169 2075 2359 2128 merita
2399 2077 2606 2130 victura
2633 2083 2789 2140 sunt;
2837 2077 2927 2145 qui
2967 2075 3148 2130 autem
3178 2075 3337 2143 longe
3366 2085 3424 2129 ut
3469 2076 3754 2143 ignorave-

2169 2153 2316 2210 runt,
2341 2145 2412 2198 ita
2436 2153 2490 2199 et
2508 2145 2916 2215 iguorabuntur.
2949 2145 3120 2210 Nunc,
3150 2145 3192 2201 si
3214 2145 3445 2210 videtur,
3476 2146 3607 2215 quid
3636 2161 3752 2215 sen-

2170 2214 2338 2286 tentia
2368 2215 2458 2268 illa
2499 2213 2846 2281 Salomonica
2866 2215 3174 2286 promiserit
3211 2213 3584 2286 inquiramus;
3619 2214 3750 2271 Ful-

2169 2283 2354 2354 gebunt
2373 2286 2524 2356 justi,
2555 2295 2603 2338 et
2623 2283 3131 2356 tanquam'scintilla:
3149 2285 3202 2338 in
3215 2285 3520 2356 arundinem
3549 2285 3750 2341 discur-

2169 2353 2304 2408 rent.
2349 2353 2486 2422 Quid
2515 2363 2616 2416 est,
2650 2363 2706 2409 ut
2727 2353 2926 2424 quibus
2954 2353 3288 2409 [launmarurn
3315 2355 3530 2410 claritas
3552 2356 3752 2410 condo-

2172 2432 2349 2494 natur,
2373 2425 2456 2479 his
2471 2433 2581 2478 tam
2607 2423 2820 2494 humilis
2845 2425 2994 2480 locus
3015 2425 3102 2479 ubi
3121 2423 3423 2479 discurrant
3442 2433 3501 2479 et
3511 2423 3754 2494 abjectus

2171 2493 2428 2559 oﬂ‘ertur;
2458 2502 2518 2566 ut
2557 2493 2661 2548 loci
2690 2493 2944 2566 despectu
2969 2495 3285 2566 decrescere
3311 2493 3628 2566 videantur,
3658 2497 3753 2566 qui

2172 2578 2460 2633 corporum
2508 2565 2626 2618 luce
2667 2563 2990 2634 creverunt?
3023 2563 3160 2630 Quid
3188 2575 3292 2630 est,
3325 2565 3540 2632 inquam
3562 2607 3578 2630 ,
3609 2563 3751 2634 quod

2173 2635 2332 2704 astris
2375 2642 2472 2704 per
2515 2633 2830 2690 arundineta
2870 2635 3166 2704 comparati
3209 2635 3546 2700 volitabunt,
3603 2633 3660 2689 et
3698 2635 3751 2690 in

2172 2701 2584 2775 sidcreiiforma
2620 2703 2841 2774 fulgoris
2886 2701 3078 2775 stirpes
3117 2714 3378 2760 terrarum
3425 2705 3752 2763 miserrinias

2173 2773 2528 2844 permeabunt
2561 2793 2581 2844 :7
2606 2773 2726 2830 cum
2767 2776 2926 2844 longe
2952 2773 3252 2844 incongrue
3275 2775 3604 2830 misceantur
3624 2816 3638 2841 ,
3669 2775 3752 2830 vel

2174 2841 2407 2913 fulgores
2418 2843 2768 2912 arundinetis,
2778 2841 3200 2901 vel'arundinéta
3223 2845 3518 2913 fulgoribus
3530 2846 3554 2898 ?
3569 2845 3752 2900 Anim-

2177 2909 2437 2988 adverte,
2481 2929 2578 2988 oro
2615 2924 2696 2979 te,
2738 2909 2904 2988 divini
2943 2916 3106 2988 verba
3141 2909 3382 2988 mysterii
3406 2933 3418 2968 :
3444 2916 3531 2969 cui
3560 2924 3619 2988 ut
3643 2932 3753 2970 non

2177 2979 2245 3035 de
2273 2981 2460 3047 bobus,
2487 2983 2561 3037 ita
2603 3001 2702 3040 nec
2721 2986 2788 3040 de
2815 2986 3131 3041 arundineto
3159 2979 3290 3041 cura
3317 2993 3402 3040 est
3427 3003 3438 3038 :
3469 2993 3557 3040 aut
3587 2986 3639 3040 in
3661 3001 3752 3040 re-

2175 3053 2512 3124 surrectione
2541 3054 2860 3110 arundineta
2883 3055 3011 3124 quid
3052 3054 3254 3111 faciunt
3275 3097 3291 3123 ,
3343 3055 3446 3113 nisi
3471 3055 3608 3124 quod
3645 3070 3748 3110 nos

2176 3135 2274 3196 per
2302 3123 2542 3196 omnium
2583 3125 2798 3190 formas,
2821 3123 2915 3180 vel
2949 3127 3230 3196 pecudum,
3261 3125 3350 3181 vel
3395 3123 3636 3196 stirpium
3667 3125 3750 3179 la-

2174 3191 2331 3266 borat
2358 3193 2676 3261 ostendere;
2726 3211 2792 3251 ac
2815 3209 2912 3264 per
2939 3191 3063 3266 hoc.
3111 3205 3170 3252 ut
3199 3191 3597 3266 Apostolus'ait
3618 3235 3632 3258 ,
3658 3212 3756 3266 pro

2175 3263 2553 3336 nobis__cuncta
2597 3267 2789 3336 scripta
2817 3261 2952 3336 sunt
2981 3261 3156 3336 (Rom.
3211 3261 3325 3333 xv).
3365 3265 3627 3336 [intelliget

2175 3331 2478 3403 arundineti
2507 3331 2784 3403 imagines,
2818 3331 3060 3392 inﬁdeles
3087 3331 3335 3391 homines
3362 3343 3417 3390 et
3446 3331 3760 3390 incredulos

2173 3400 2528 3482 demonstrari
2561 3421 2573 3456 :
2605 3400 2898 3482 eorumque
2925 3413 3156 3476 corpora
3181 3405 3467 3482 snperlicie
3493 3413 3671 3482 grata,
3699 3413 3758 3460 et

2174 3472 2400 3546 interius
2443 3488 2613 3546 cassa
2633 3472 2918 3530 virtutibus
2943 3517 2958 3543 ,
2995 3472 3114 3545 q'uze
3149 3475 3238 3546 ubi
3251 3472 3514 3546 primum
3535 3475 3761 3544 spiritus

2177 3541 2423 3628 vanitatis
2447 3541 2662 3624 inllarit,
2684 3546 2838 3601 sibila
2859 3541 3126 3628 serpentis
3144 3541 3439 3628 imiténtur,
3464 3541 3760 3628 f‘et'sattus

2175 3617 2378 3690 partus,
2403 3612 2714 3690 _viperarn_m
2745 3612 3036 3690 progenies
3057 3617 3442 3690 obsequantur.
3471 3615 3754 3680 Scintilla,

2176 3681 2366 3755 inquit,
2397 3681 2807 3740 in'arundinet'o.
2854 3681 3041 3741 Sancti
3081 3681 3222 3755 ergo
3239 3687 3378 3755 inter
3405 3694 3756 3755 peccatores,

2174 3751 2429 3819 quoniam
2449 3767 2556 3806 non
2579 3756 2751 3809 omnis
2779 3771 2904 3810 caro
2933 3756 3121 3811 eadem
3145 3751 3296 3810 caro.
3326 3754 3384 3809 In
3408 3751 3753 3820 arundinem,

2175 3821 2355 3897 ait,__id
2383 3829 2491 3888 est,
2518 3838 2685 3897 vacua
2711 3825 2830 3880 luce
2857 3840 3086 3897 corpora
3102 3865 3118 3891 ,
3144 3834 3200 3880 et
3225 3825 3412 3897 alienis
3439 3839 3628 3880 arsura
3653 3825 3754 3878 ful-

2175 3892 2415 3960 goribus,
2443 3893 2637 3964 quibus
2677 3892 2982 3952 sanctorum
3011 3896 3228 3950 claritas
3255 3895 3432 3949 futura
3469 3911 3570 3964 pro
3600 3909 3754 3964 praua

2177 3969 2261 4042 est
2292 3962 2589 4042 :_quoni_am
2617 3963 2758 4042 Deus
2786 3967 2936 4042 i_gnis_
2959 3981 3281 4042 consnmens
3307 3973 3390 4042 est
3407 4003 3422 4027 ,
3439 3962 3525 4042 “et
3547 3962 3678 4042 justi
3704 3965 3754 4042 i_n

2177 4031 2462 4099 imaginem
2489 4031 2712 4089 Deitatis
2747 4031 3054 4091 advenient.
3087 4034 3236 4090 Fecit
3263 4037 3398 4089 enim
3429 4031 3570 4088 Deus
3589 4035 3753 4088 homi-

2179 4117 2312 4177 nem,
2363 4101 2432 4177 and
2477 4104 2754 4174 imaginem
2791 4123 2937 4177 suum
2985 4107 3106 4177 fecit
3153 4105 3300 4177 illum
3315 4103 3664 4177 ‘(tx‘cnestrh
3704 4113 3754 4177 et

2179 4169 2469 4244 Apostolus
2508 4169 2732 4229 testatur
2769 4169 2996 4232 credere"
3017 4172 3097 4241 se,
3140 4175 3285 4244 quod
3315 4169 3407 4228 'illi
3454 4169 3648 4229 similis
3689 4175 3758 4228 sit

2179 4238 2388 4296 futurus
2413 4245 2732 4299 necessarie.
2763 4245 2820 4300 Si
2860 4247 3004 4300 enim
3029 4238 3216 4300 similis
3240 4245 3350 4300 Deo
3399 4243 3500 4298 luit
3527 4261 3650 4299 cum
3679 4244 3758 4298 la-

2180 4318 2297 4390 ctus
2327 4321 2442 4390 est,_
2460 4321 2514 4390 et
2541 4315 2728 4390 similis
2773 4313 3260 4390 fu_turus_est_cum
3289 4323 3537 4390 resurget
3566 4333 3580 4367 :
3629 4328 3760 4382 quo-

2182 4383 2325 4452 niam
2354 4383 2610 4452 quidquid
2639 4400 2778 4440 nunc
2823 4387 2878 4440 in
2919 4385 3074 4441 nobis
3101 4385 3356 4440 dissimile
3411 4385 3622 4439 videtur
3662 4399 3757 4438 au-

2182 4450 2340 4524 ctori,
2394 4449 2448 4504 id
2491 4449 2649 4524 omne
2675 4455 2808 4510 vitio
2831 4455 3266 4523 transgressionis
3295 4455 3616 4524 impressum
3645 4462 3759 4518 est;

502 4514 807 4576 discrimine
855 4516 1187 4592 meritorum
1215 4514 1416 4592 aliquo,
1471 4527 1658 4592 omnes
1699 4515 1903 4592 animas
1932 4525 2078 4592 _post
2104 4516 2157 4578 D
2180 4527 2236 4574 et
2261 4520 2438 4592 vivam
2464 4523 2705 4578 veritatis
2723 4514 3186 4592 formam-artifex
3205 4514 3608 4580 mendaciorum
3629 4514 3760 4578 ςιτιιὲ

504 4604 736 4660 corpora
761 4586 1039 4656 mqualiter
1065 4583 1190 4638 ferri
1213 4584 1563 4660 arbitraretnr
1577 4583 1644 4637 ad
1665 4584 1859 4660 cretum
1879 4585 1902 4638 ?
1924 4583 2078 4660 Quod

504 4653 638 4716 adeo
649 4653 843 4714 omnes
850 4671 948 4726 pro
959 4670 1088 4726 vero
1101 4661 1465 4726 te_uu_erunt,et
1477 4653 1650 4726 sicnom
1657 4669 1752 4726 nes
1765 4653 1885 4710 illos
1899 4655 2079 4710 saeculi

501 4731 771 4806 sapientes
797 4722 907 4806 una
925 4724 1127 4806 nebula
1139 4722 1306 4806 ‘huj‘us
1329 4724 1528 4806 erroris
1535 4723 1792 4806 involvit,
1806 4732 1869 4806 ut
1884 4735 1939 4779 et
1966 4727 2080 4806 ipse

503 4791 612 4854 taln
640 4796 944 4861 laudabilis,
977 4803 1036 4849 ut
1060 4791 1253 4864 putant
1278 4833 1294 4859 ,
1319 4792 1508 4864 doctor
1535 4791 1784 4864 Socrates
1807 4835 1822 4859 ,
1853 4791 2082 4850 homici-

502 4869 628 4924 dam
653 4869 826 4938 ipsum
864 4881 922 4938 se
935 4863 1226 4938 privatim,
1259 4879 1327 4917 ne
1351 4863 1564 4938 publice
1596 4863 1955 4938 occideretnr,
1989 4880 2082 4920 oc-

501 4932 710 4994 ciderit.
743 4935 896 4990 Aliud
934 4932 1091 5004 longe
1123 4935 1313 5004 beatus
1339 4932 1627 5004 Apostolus
1640 4934 2078 5004 praemeditatum

501 5006 735 5062 habebat
760 5013 816 5059 et
841 5001 1131 5075 cogitatum
1156 5023 1168 5056 :
1198 5001 1424 5075 Quipth
1455 5002 1518 5056 ab
1540 5001 1844 5075 nominibug,
1872 5003 1968 5075 sed
1988 5021 2078 5075 per

501 5020 735 5062 habebat
760 5020 816 5059 et
841 5020 906 5060 co
946 5020 1131 5059 natum
1156 5023 1168 5056 :
1198 5020 1298 5067 qui
1315 5020 1424 5069 non
1455 5020 1518 5056 ao
1540 5020 1844 5067 uommwus,
1877 5020 1966 5058 sea
1988 5021 2073 5075 per

500 5076 866 5132 reuelationem
908 5020 1121 5128 ﬂamini
1151 5074 1316 5128 nostri
1360 5071 1395 5126 ,1
1399 5088 1486 5142 esu
1533 5071 1723 5126 Christi
1758 5070 1954 5142 (Galat.
2012 5073 2073 5142 ι),

500 5145 648 5217 quod
674 5143 906 5217 docebat
945 5151 1254 5217 acceperat,
1301 5141 1742 5217 nec_Aca_derni.fe
1769 5141 2078 5217 nemorosa

501 5210 746 5274 obscuris
765 5221 941 5269 tectus
961 5210 1286 5266 umbraculis
1301 5251 1314 5274 ,
1338 5210 1433 5266 sed
1453 5212 1660 5266 ctelesti
1681 5211 1976 5268 illustratus
2003 5214 2078 5267 lu-

502 5288 673 5352 mine;
705 5300 806 5341 nec
831 5283 884 5338 in
927 5281 1052 5337 ludo
1080 5281 1259 5352 aliquo
1288 5281 1610 5352 litteratoria
1637 5283 1778 5336 inter
1821 5283 2076 5352 puerulos

502 5350 797 5416 oscitantes
819 5395 834 5422 ,
879 5353 974 5410 sed
1007 5353 1062 5407 in
1094 5350 1250 5406 tertio
1297 5350 1434 5406 coelo
1489 5352 1629 5406 inter
1675 5350 1892 5420 angelos
1921 5368 2078 5408 coru-

572 5515 600 5542 ι
627 5504 758 5561 Cod.
793 5513 847 5561 et
869 5505 1018 5570 edit.,
1051 5503 1115 5557 de
1142 5500 1422 5572 Euphorbo
1447 5517 1560 5558 esse
1579 5500 1840 5554 credatur.

566 5573 595 5614 ι’
616 5574 748 5630 Cod.
775 5584 830 5630 et
849 5575 1002 5641 edit.,
1026 5591 1130 5628 non
1157 5572 1309 5628 modo
1357 5579 1637 5637 armatum,
1695 5586 1870 5624 verum
1923 5572 2079 5626 etiam

496 5645 846 5699 articulatum.

571 5725 595 5755 α
615 5714 752 5774 Cod.
781 5722 839 5772 et
863 5714 1018 5781 edit.,
1049 5712 1178 5781 Quis
1199 5730 1303 5771 non
1327 5721 1558 5770 sementa
1576 5715 1702 5776 ista.
1719 5723 1776 5769 ut
1795 5716 1869 5770 ita
1916 5712 2068 5770 dixe-

2183 4590 2347 4665 mo_sis
2377 4592 2582 4665 actibus
2606 4590 2960 4665 deformavit,
2985 4610 3246 4664 suamque
3298 4595 3621 4665 pravitatem
3663 4609 3760 4665 no-

2182 4661 2308 4734 stris
2336 4662 2499 4716 etiam
2527 4665 2800 4729 membris,
2831 4664 2957 4720 dum
3003 4661 3211 4721 mentes
3255 4661 3513 4734 corrupit,
3568 4663 3756 4718 inscri—

2181 4731 2316 4803 psit;
2360 4748 2477 4802 qua:
2524 4749 2621 4802 per
2667 4736 3076 4790 resurrectionis
3126 4735 3351 4803 gloriam
3381 4731 3524 4788 male
3551 4734 3756 4803 adjecta

2183 4807 2278 4854 aut
2306 4801 2582 4856 imminuta
2602 4805 2888 4869 diluentur,
2913 4813 2967 4860 et
3017 4805 3066 4860 id
3097 4801 3272 4860 selum
3311 4803 3456 4875 quod
3483 4801 3758 4875 auctorem

2183 4884 2364 4944 rerum
2414 4881 2665 4942 tanquam
2696 4875 2748 4929 in
2783 4876 3004 4944 speculo
3031 4875 3240 4940 reddat,
3270 4873 3561 4930 emicabit:
3595 4883 3655 4928 ut
3682 4873 3758 4926 in-

2187 4941 2482 5014 terpolator
2509 4941 2644 5014 opus
2671 4941 2829 4998 suum
2844 4961 2904 5000 se
2930 4945 3112 5000 doleat
3131 4945 3446 5014 perdidisse,
3498 4952 3554 4998 et
3572 4999 3582 5011 ,
3599 4944 3758 5014 homo

2185 5008 2401 5064 tandem
2429 5026 2489 5066 se
2506 5008 2773 5083 integrum
2801 5008 3226 5083 esse'gloriet'ur.
3269 5014 3386 5069 Non
3429 5008 3615 5068 tamen
3659 5013 3760 5067 hoc

2185 5089 2476 5153 omnes,_ut
2495 5081 2607 5153 jam
2632 5083 2879 5152 diximus,
2911 5081 3007 5140 sed
3023 5084 3149 5153 justi
3181 5092 3387 5138 tantum
3416 5085 3470 5138 in
3499 5084 3620 5138 luce
3654 5083 3760 5137 eri-

2183 5163 2320 5204 mus.
2383 5149 2648 5225 Quoniamr
2685 5149 3088 5225 omnet'quidém
3144 5169 3485 5225 resurgemns,
3526 5155 3616 5208 sed
3659 5169 3759 5225 non

2185 5171 2320 5204 mus.
2383 5171 2639 5213 uuomam
2685 5171 2858 5208 omnes
2953 5171 3088 5209 idem
3144 5171 3485 5225 resurgemus,
3526 5171 3614 5208 sea
3659 5171 3756 5206 non

2185 5235 2360 5295 omnes
2384 5220 2779 5295 immutabimur
2797 5223 2852 5294 (1
2878 5171 3056 5279 ᾕρεε.
3081 5225 3177 5295 iv),
3208 5223 3590 5295 discretionem
3619 5223 3756 5295 enim

2183 5286 2722 5370 l‘acietpersonarum
2750 5286 3032 5370 diversitas
3057 5286 3666 5370 meritorum._Nam__ct
3713 5290 3758 5345 si

2185 5359 2328 5413 inter
2353 5359 2500 5430 ipsos
2527 5371 2743 5420 sanctos
2785 5365 2889 5420 erit
2915 5365 3094 5434 aliqua
3120 5365 3188 5421 de
3214 5364 3529 5436 operatione
3555 5363 3759 5419 distau-

2219 5504 2282 5544 im
2325 5505 2526 5544 [Intonu-
2543 5507 2566 5544 9

2184 5505 2302 5571 rim,
2324 5505 2566 5561 (tutetur?
2711 5517 2725 5535 '

2253 5572 2280 5612 ά
2311 5573 2445 5649 god.
2478 5585 2534 5632 et
2559 5575 2714 5649 edit.,
2743 5577 2932 5649 Surget
2951 5585 3131 5633 autem
3157 5579 3212 5632 in
3237 5578 3686 5648 incorruptionem.

2258 5654 2282 5683 ο
2308 5644 2443 5703 Cod.
2475 5654 2530 5703 et
2549 5644 2706 5717 edit.,
2734 5657 2782 5704 et
2799 5644 2954 5706 so'nos
2979 5649 3178 5719 patrios
3203 5644 3518 5717 viperarum,
3543 5654 3656 5703 etc.
