4072 6332
283 295 385 355 953

1695 287 2029 348 EPISTOLA
2063 289 2127 346 ll.

3426 289 3541 353 954

286 422 401 473 cst:
431 413 593 470 etiam
618 410 714 467 Dei
759 377 940 468 famuli
968 410 1169 467 inimici
1195 415 1340 477 sunt,
1367 407 1496 466 dum
1539 422 1655 475 eos,
1711 407 1857 479 quod
1884 412 1935 468 Α
1962 405 2373 479 surreetionem
2408 416 2468 462 ut
2515 409 2816 466 sustineant
2856 409 3238 479 admonentur.
3274 408 3543 471 Caeterum

287 487 476 542 bonum
502 483 768 552 nesciunt,
797 489 1210 552 persequuntur.

353 554 476 608 (Σιιιι.
508 549 853 607 Kuh—Post
871 549 1057 607 barum
1077 558 1380 608 sanctarum
1403 549 1699 606 animarum
1719 563 1856 617 que-

289 627 443 682 relam
473 623 750 693 sequentia
776 623 1050 677 videamus
1074 640 1086 674 :
1119 619 1190 675 Et
1233 620 1372 693 data:
1397 629 1514 675 sunt
1541 622 1613 674 eis
1638 619 1858 693 singula;

287 695 426 750 stola!
471 689 622 748 albis.
671 691 810 759 Quid
858 693 962 748 hoc
988 699 1090 757 est,
1131 691 1275 760 quod
1301 691 1494 746 iterum
1523 689 1860 747 vestiuntur?

289 765 413 819 Nam
441 762 608 832 prius,
639 770 699 817 ut
719 764 976 832 scriptum
997 770 1101 832 est,
1124 776 1156 814 a
1184 761 1499 832 Deovestes
1517 766 1642 816 sunt
1662 772 1857 814 conse-

287 834 388 890 cuti
406 849 420 896 ;
444 830 471 870 δ
491 840 548 886 et
567 847 710 887 nunc
729 830 1050 886 indumentis
1067 830 1280 901 gemina
1300 830 1545 901 libertate
1565 835 1854 886 donantur.

287 904 410 970 Quae
429 902 613 972 utique
633 901 971 972 vestimenta,
995 900 1117 958 cum
1138 901 1431 972 spiritualia
1453 900 1576 965 sint,
1613 914 1721 955 non
1741 913 1861 972 pos-

286 969 465 1029 sumus
490 969 666 1027 vereri
693 986 762 1027 ne
800 971 888 1025 illa
929 986 1047 1040 qua:
1073 969 1220 1041 prius
1247 969 1370 1025 data
1399 979 1543 1041 sunt,
1569 978 1726 1041 extra
1776 969 1858 1024 vi-

285 1043 538 1112 deantur;
572 1057 672 1112 nec
695 1056 823 1097 sane
843 1041 1061 1112 querela
1079 1040 1344 1112 generata
1373 1048 1474 1112 est.
1507 1040 1689 1112 Igitur,
1717 1055 1857 1111 quo-

287 1113 426 1194 niam
477 1111 779 1194 diversitas
804 1109 1040 1194 ipsorum
1069 1109 1125 1166 et
1161 1110 1481 1194 significatio
1499 1109 1723 1166 vestium
1737 1109 1859 1164 'non

283 1183 397 1254 sine
425 1183 679 1254 mysterio
706 1188 808 1249 est,
824 1179 1137 1254 intelligere
1165 1179 1423 1254 debemus
1450 1179 1714 1254 donorum
1761 1195 1860 1254 va-

285 1249 500 1332 rietates
551 1258 607 1306 et
633 1251 1004 1332 operationum
1028 1250 1289 1332 divitias:
1321 1250 1574 1332 quoniam
1603 1249 1860 1332 submini-

285 1330 418 1377 strat
443 1338 585 1392 unus
609 1321 771 1391 autne
800 1321 939 1392 idem
961 1321 1197 1392 spiritus.
1225 1321 1510 1391 Accipiunt
1529 1333 1658 1388 ergo
1683 1327 1862 1375 vestes

283 1392 451 1463 prius,
501 1391 592 1447 ubi
645 1390 758 1463 per
793 1390 1185 1463 confessionem
1235 1390 1469 1463 corpora
1489 1397 1856 1463 _posuerunt_:

284 1459 465 1524 credo,
498 1469 560 1516 ut
585 1459 762 1516 vestiti
791 1476 898 1515 non
923 1461 1048 1515 nudi
1071 1459 1456 1516 invenirentur.
1489 1459 1691 1516 Rursus
1715 1459 1861 1514 acci-

282 1532 436 1613 piunt
453 1531 561 1613 alia
581 1531 1041 1613 vestimentapost
1070 1530 1576 1613 interpellationem,
1609 1529 1715 1613 imp
1742 1537 1864 1598 post

282 1599 710 1671 immutationem
740 1608 850 1654 tam
898 1599 1068 1670 leuga:
1109 1599 1379 1671 patientia:
1402 1599 1856 1671 sustinentimque.

279 1671 406 1741 Qua:
433 1670 775 1741 utiquetcum
797 1670 1083 1741 accipiunt,
1107 1670 1226 1741 quis
1248 1687 1353 1725 non
1376 1670 1623 1739 intelligit
1638 1677 1703 1741 ut
1723 1685 1862 1724 nova

279 1740 398 1796 illos
423 1739 601 1808 veste,
626 1739 704 1810 ita
731 1739 926 1794 virtute
949 1739 1191 1810 perfusos
1227 1756 1330 1810 qua
1369 1756 1511 1810 nunc
1545 1739 1864 1810 emicantuet

279 1811 583 1881 apparent?
607 1809 762 1876 Quod
789 1810 834 1865 si
856 1807 1000 1864 aliud
1027 1807 1406 1881 postulassent,
1445 1809 1588 1863 aliud
1616 1807 1858 1881 accepis-

277 1878 416 1942 sent,
447 1889 513 1934 ut
539 1879 681 1934 dona
709 1878 1046 1949 respuerent,
1077 1886 1170 1934 aut
1208 1879 1434 1949 amplius
1461 1886 1764 1949 quaererent
1791 1878 1862 1931 ir-

277 1951 388 2005 risi.
422 1950 496 2003 At
525 1965 647 2005 cum
672 1965 778 2004 non
803 1948 1032 2004 irridere
1057 1949 1177 2003 illos
1211 1948 1310 2004 Dei
1342 1949 1430 2014 sit,
1453 1948 1647 2016 quibus
1671 1961 1862 2016 magna

275 2019 550 2090 promisit,
597 2026 654 2074 et
684 2019 754 2090 ubi
779 2089 784 2090 ί
810 2028 934 2089 post
979 2019 1268 2090 secundam
1298 2017 1716 2090 munificentiam
1756 2033 1862 2090 non

275 2087 606 2160 querantur,
663 2087 1039 2160 dubitamusne
1065 2089 1132 2142 ad
1172 2089 1595 2160 consolationem
1617 2087 1865 2158 querela-

276 2157 394 2214 rum
443 2173 516 2214 ea
571 2159 806 2228 speciem
836 2159 862 2197 δ
889 2159 1190 2267 pertinere,
1220 2172 1338 2226 quzc
1365 2157 1654 2214 vindictam
1680 2163 1866 2226 postu-

276 2229 519 2267 lnnlihnc
547 2237 628 2267 ne!
675 2228 870 2267 dnnnln
947 2230 1006 2267 ΔΙ
1047 2227 1090 2267 εἰ
1140 2227 1203 2267 ad
1251 2228 1672 2267 onncnlnlinnnrn
1747 2241 1866 2267 num

275 2229 520 2284 lantibus
547 2227 631 2282 est
675 2227 916 2282 donata?
941 2230 1008 2281 At
1047 2227 1090 2282 si
1139 2227 1203 2281 ad
1251 2228 1694 2292 consolationem,
1747 2241 1866 2296 qua:

277 2299 454 2368 major
478 2297 786 2354 consolatio
811 2299 1008 2368 poterit
1036 2297 1260 2352 inveniri
1287 2297 1390 2368 hac
1411 2305 1713 2368 potestate,
1748 2310 1868 2368 qua;

273 2365 580 2431 dzemones,
605 2369 657 2422 id
688 2375 770 2422 est
793 2365 920 2423 suos
949 2373 1342 2438 persequuntur
1370 2365 1644 2422 inimicos?
1669 2365 1802 2420 Nam
1821 2365 1868 2420 si

273 2440 442 2519 stolas
472 2438 694 2519 istas__ad
715 2437 962 2508 speciem
977 2437 1137 2519 145
1154 2437 1709 2519 nostrarumvestium
1737 2451 1868 2519 con-
1909 2491 1916 2500 ,

274 2508 538 2576 feramus,
569 2509 701 2564 alias
725 2505 940 2578 quoque
980 2505 1210 2578 inquas,
1234 2521 1311 2578 ue
1340 2507 1392 2578 in
1419 2507 1502 2561 his
1544 2505 1870 2578 reponendis

272 2589 495 2650 egeant,
525 2575 874 2650 inquirainusl
905 2576 1012 2632 Sed
1041 2575 1145 2633 hoc
1168 2576 1577 2650 ridiculumest,
1603 2575 1746 2646 quod
1765 2584 1870 2631 sta-

273 2647 372 2703 tim
405 2647 668 2712 occurrit,
717 2648 842 2715 quia
869 2663 900 2701 a
928 2663 1056 2702 vera
1098 2655 1153 2702 et
1199 2647 1503 2701 necessaria
1547 2647 1870 2715 interpreta-

273 2719 429 2775 tione
449 2719 702 2774 discedit.
720 2715 794 2772 De
817 2717 1060 2772 vindictae
1085 2731 1235 2771 mora
1257 2725 1510 2786 generata
1529 2725 1610 2772 est
1627 2715 1866 2785 querela.

272 2788 332 2844 In
354 2790 526 2844 tinem
555 2789 739 2857 utique
765 2795 1082 2857 temporum,
1110 2787 1162 2841 id
1189 2794 1272 2840 est
1310 2795 1647 2852 nostrorum;
1679 2786 1732 2857 in
1772 2802 1872 2840 nos

273 2874 422 2914 enim
455 2857 594 2914 fines
621 2855 938 2913 saeculorum
962 2856 1312 2921 devenerunt,
1337 2863 1396 2910 ut
1417 2871 1567 2911 mora
1591 2855 1860 2922 credatur,

271 2929 341 2984 ad
367 2929 519 2984 hanc
546 2927 866 2991 diluendam,
890 2926 1042 2982 stolis
1061 2930 1250 2980 anima:
1289 2925 1608 2990 vestiuntur,
1637 2941 1705 2980 ne
1755 2940 1870 2978 om-

272 2999 409 3054 nino
436 2999 596 3053 nudm
623 2997 740 3052 sine
787 2995 978 3064 majori
1027 2995 1360 3065 protectione
1386 3002 1721 3065 putarentur.
1754 2994 1867 3048 Alia

274 3069 424 3124 enim
449 3067 592 3122 ratio
618 3067 916 3122 animarum
941 3073 1024 3122 est
1050 3081 1278 3136 corpore
1299 3065 1736 3136 exspoliatarum,
1767 3065 1869 3136 alia

275 3139 573 3195 hominum
623 3137 795 3192 adhuc
842 3137 896 3191 in
951 3150 1113 3190 carne
1149 3134 1470 3190 'viventium.
1501 3134 1666 3190 Nobis
1693 3135 1946 3205 oviumc

273 3209 512 3271 vellera,
567 3213 624 3261 et
651 3208 897 3276 operatio
923 3205 1162 3276 mulieris
1209 3205 1516 3276 indumenta
1561 3211 1868 3275 procurant,

270 3278 386 3333 illis
410 3270 618 3331 faciunt
636 3270 826 3329 merita
855 3275 1248 3330 vestimentum.
1280 3270 1413 3343 Cum
1443 3270 1578 3343 ergo
1599 3284 1720 3343 post
1735 3288 1870 3343 quc-

271 3348 456 3403 relam
507 3351 799 3417 martyrum
848 3345 1039 3399 anima:
1085 3343 1237 3397 stolis
1291 3341 1656 3417 amiciuntun,
1693 3341 1872 3417 divina

272 3411 948 3487 protectione_'donan_tur,
977 3428 1082 3482 qua
1110 3427 1169 3468 se
1193 3413 1540 3487 supervestiri
1587 3413 1748 3466 etiam
1780 3411 1871 3487 ille

272 3481 373 3542 vas
395 3484 686 3542 electionis
710 3485 966 3554 optabat;
994 3481 1159 3554 quam
1184 3481 1390 3554 vestem
1413 3481 1580 3536 Adam
1602 3481 1875 3554 cum_am_i-

270 3557 470 3620 sisset,
506 3556 670 3609 etiam
700 3550 764 3608 in
781 3550 1041 3624 paradiso,
1059 3553 1230 3624 nudus
1251 3551 1525 3624 inventus
1552 3559 1654 3624 e_st_.
1713 3550 1873 3605 Deni-

271 3641 388 3696 que
417 3624 629 3696 indicat
647 3621 892 3696 operatio
920 3623 1048 3692 quid
1067 3622 1234 3677 stolas
1250 3621 1548 3696 intelligere
1563 3621 1870 3696 debeamus:

269 3689 334 3753 Si
365 3689 1000 3767 postulasse-vindietam
1037 3691 1624 3767 _mart_yres_ered_imus,
1654 3705 1782 3767 ergo
1806 3689 1874 3767 ad

269 3759 720 3822 consolationem
744 3762 1015 3818 credimus
1035 3759 1246 3816 interim
1277 3760 1478 3829 aliquid
1503 3760 1792 3830 accepisse.
1817 3759 1876 3814 Si

270 3843 519 3908 propter
544 3835 730 3908 stolas,
769 3832 915 3908 velut
967 3832 1223 3908 quasdam
1269 3829 1871 3908 vestium_largitiones,

270 3899 728 3978 querelasedata
760 3920 772 3954 :
806 3903 889 3978 cui
921 3899 1028 3957 no'n
1059 3903 1170 3978 hate
1199 3909 1272 3978 _ct
1299 3899 1469 3978 prima
1496 3899 1637 3954 dona
1661 3915 1876 3978 merue-

269 3969 456 4032 r'unt?
515 3971 621 4043 Sed
671 3972 954 4043 quoniam,
1000 3978 1058 4024 ut
1103 3970 1235 4043 dixi,
1278 3971 1533 4043 virtutum
1562 3969 1869 4043 varietates,

267 4044 488 4114 quibus
517 4038 770 4114 divinitus
797 4042 1068 4114 praclartc
1097 4040 1287 4093 animm
1315 4039 1646 4114 muniuntur,
1679 4038 1874 4114 insto-

266 4107 341 4168 lis
364 4119 510 4168 sunt
533 4107 840 4180 designata},
894 4111 1014 4166 ideo
1041 4117 1183 4180 post
1231 4109 1520 4180 secundam
1569 4107 1878 4162 munificen-

269 4184 420 4237 tiam
447 4181 610 4248 juxta
631 4178 1004 4250 postulationis
1032 4178 1260 4250 formam
1290 4179 1342 4232 in
1385 4193 1478 4232 eos
1506 4185 1878 4250 persecutores

265 4253 370 4324 qui
548 4246 705 4303 terris
737 4249 1070 4324 inhabitant,
1102 4248 1262 4324 _quid_
1283 4246 1554 4324 consecuti
1595 4246 1880 4324 videaatur

265 4316 610 4382 ostendant,
661 4317 786 4388 quid
839 4318 1016 4374 adhuc
1043 4316 1206 4372 etiam
1249 4317 1502 4388 habituri
1525 4325 1721 4371 erunt:
1753 4316 1878 4388 dum

265 4390 402 4463 pari
465 4386 844 4463 persecutione
898 4403 1199 4463 conservos
1235 4402 1442 4452 eorum,
1474 4386 1647 4463 donec
1674 4387 1879 4463 prinde—

263 4454 534 4551 :stinatus
564 4458 780 4551 test-ium
799 4472 1057 4551 numerus
1073 4456 1378 4551 impleatur,
1409 4454 1804 4551 occident-Illita
1827 4464 1882 4512 et
1910 4491 1962 4551 D

266 4529 429 4587 istud
476 4541 592 4581 non
621 4526 795 4582 otiose
837 4534 922 4581 est
948 4525 1335 4596 accipiendum,
1384 4526 1526 4594 quod
1582 4526 1720 4580 inter
1774 4525 1882 4582 duo

266 4596 734 4673 persecuti-onum
759 4605 1020 4673 tempora,
1039 4596 1170 4673 lianc
1193 4605 1614 4673 martyrum_vox
1642 4610 1879 4673 princes-

266 4611 734 4673 persecuuonum
759 4611 1020 4718 tempora,
1054 4611 1167 4650 nam
1193 4611 1487 4666 martyrum
1507 4611 1614 4648 vox
1642 4611 1879 4664 princes-

263 4671 365 4734 sit,
425 4675 497 4722 ut
543 4666 783 4734 designet
809 4667 963 4736 pilos
1003 4665 1505 4736 blasphemarequi
1555 4679 1665 4736 eos
1695 4671 1882 4719 nostro

265 4731 565 4808 tempore
595 4731 718 4808 novi
751 4731 1328 4808 _aliquid_c_onsecutos
1382 4731 1546 4808 fuisse
1596 4733 1876 4808 mirantur.

264 4801 420 4866 Nan}
453 4812 517 4860 et
540 4806 662 4859 cum
692 4801 1117 4858 fnissc'crudeles
1159 4801 1562 4866 persecutiones
1585 4801 1880 4866 videamus,

266 4887 330 4935 et
379 4882 658 4932 venturas
710 4873 1026 4929 credamus:
1060 4871 1294 4926 medium
1343 4884 1470 4936 ergo
1500 4871 1636 4925 istud
1667 4879 1880 4936 tempus

266 4964 392 5020 quo
444 4952 734 5025 martyres
771 4943 862 5025 qui
909 4947 1752 5025 prmeesserunt‘remunerantur,
1781 4943 1884 5025 nec

265 5009 550 5074 nostrum
570 5009 670 5068 est.
694 5011 758 5066 Et
785 5009 1067 5066 ideo'nunc
1093 5017 1405 5075 operantur,
1434 5025 1538 5064 non
1568 5009 1635 5064 de
1662 5009 1877 5075 merito,

265 5027 550 5074 nostrum
570 5027 670 5068 est.
694 5027 758 5066 IS!
785 5027 907 5066 ideo
926 5027 1067 5066 nunc
1093 5028 1126 5066 o
1165 5027 1405 5073 erantur,
1434 5027 1538 5064 non
1568 5027 1635 5064 ue
1662 5027 1877 5075 merito,

264 5087 432 5160 quod
455 5098 681 5160 semper
701 5083 1018 5146 habuerant,
1050 5027 1164 5136 sedp
1171 5081 1238 5135 de
1265 5081 1482 5144 virtute,
1513 5094 1674 5150 quam
1715 5095 1887 5150 nuper

264 5156 475 5213 adepti
507 5161 657 5208 sunt.

402 5242 502 5281 AP.
552 5219 666 5276 XV.
697 5255 769 5266 -
809 5221 1055 5276 Forsitan
1111 5232 1324 5274 moveat
1363 5219 1592 5287 aliquem
1648 5218 1776 5287 quid
1821 5219 1892 5273 sit

261 5296 435 5370 quod
469 5299 814 5370 exspectare.
835 5289 1242 5370 jubeantur,__si
1258 5291 1366 5358 jam
1413 5288 1482 5370 ad
1527 5288 1888 5370 maturitatem

263 5359 468 5440 paena:
489 5359 757 5433 judicium
783 5359 1111 5415 daemonibus
1137 5360 1347 5413 illatura
1379 5359 1545 5414 virtus
1571 5359 1768 5428 erupit,
1804 5373 1893 5413 rc-

345 5509 374 5538 ’
411 5493 571 5553 Cod.
593 5501 648 5548 et
671 5491 824 5557 edit.,
855 5500 905 5545 et
930 5489 1243 5544 indumentis
1277 5505 1411 5542 nunc
1439 5489 1698 5558 geminata
1726 5483 1880 5540 tiber-

261 5579 405 5634 tate,
445 5574 567 5634 εις.
599 5623 608 5632 ,

345 5631 603 5714 δ’(ξρᾶ.,⁷
626 5647 741 5714 eant
765 5647 906 5714 spem
922 5631 1196 5699 pertinere,
1221 5635 1320 5683 etc.

349 5719 378 5748 ε
427 5705 500 5762 Al
512 5742 525 5755 .
541 5744 558 5769 ,
587 5705 852 5772 martyria.

1957 546 2121 601 missa
2144 546 2230 602 his
2251 546 2428 603 Verbis
2453 566 2466 600 :
2499 547 2836 604 Lwtabuntur
2869 551 2923 604 in
2951 549 3199 605 cubilibus
3220 551 3327 606 suis

1961 477 2074 548 haec
2113 477 2217 548 illis
2244 477 2412 548 gloria
2459 485 2530 548 et,
2553 480 2604 534 in
2643 480 2807 536 David
2856 481 3183 536 carminibus
3217 478 3391 536 fuerat
3415 499 3546 548 pro-

3438 555 3542 610 sal.

1960 554 2121 601 missa
2145 554 2230 602 his
2251 554 2428 603 verbis
2453 566 2466 600 :
2499 554 2836 604 Lwtabuntur
2869 554 2923 604 in
2951 554 3199 605 cubilibus
3220 554 3327 606 suis
3367 554 3542 622 (Paul.-

1960 616 2163 690 cxux).
2193 617 2329 672 Dum
2359 619 2551 690 sepulti
2570 628 2714 682 sunt,
2746 621 2931 690 utique
2966 620 3305 677 laitabuntur.
3335 621 3544 681 Cubilia

1959 686 2142 756 posuit
2177 701 2276 756 pro
2305 686 2581 813 sepulcris,
2611 690 2680 746 de
2707 686 2902 759 quibus
2940 699 2995 745 et
3022 693 3544 758 resurrecturisunt,

1961 771 2084 811 cum
2108 772 2242 812 voce
2271 774 2364 813 arc
2401 759 2575 813 antteli
2603 768 2658 813 et
2687 760 2813 813 tuba
2858 760 2952 813 Dei
2983 759 3180 813 fuerint
3205 762 3426 813 excitati
3475 766 3491 813 t
3514 762 3544 813 Ι

1961 771 2084 832 eum
2108 772 2242 832 voce
2271 759 2575 832 arcltange‘li
2603 768 2658 814 et
2687 760 2813 815 tuba
2858 760 2964 832 Dei
2976 759 3180 832 fuerint
3205 762 3426 817 excitati
3475 762 3545 832 (1

1965 825 2197 882 Thessal.
2220 830 2324 901 iv).
2373 825 2587 901 Cubilia
2603 845 2732 901 ergo
2760 845 2888 886 vere
2935 829 3202 889 dicuntur.
3253 832 3306 886 in
3353 825 3547 901 quibus

1961 912 2104 970 nunc
2140 897 2444 970 quiescunt.
2477 897 2590 954 Etsi
2644 897 2963 956 laetabuntur
3008 901 3063 955 in
3111 897 3386 956 cubiculis'
3409 903 3543 970 suis,

1961 967 2244 1041 priush’oc
2271 968 2507 1041 futurum
2537 977 2676 1041 crat,
2701 986 2894 1041 nempe
2912 986 3034 1026 cum
3065 981 3346 1038 surgerent
3365 972 3434 1027 de
3458 967 3546 1028 sei-

1962 1037 2180 1118 pulcris:
2209 1037 2363 1118 Quod
2386 1038 2530 1118 adeo
2551 1037 2843 1118 impletum
2855 1049 3038 1118 est,_ut
3061 1041 3116 1095 in
3143 1037 3407 1118 cubilibus
3433 1043 3546 1098 suis

1961 1107 2083 1181 illos
2124 1107 2246 1181 s_i_ne
2272 1107 2881 1181 dubitatione-gaudere
2927 1110 3220 1166 videamus.
3269 1111 3400 1166 Nam
3428 1127 3547 1181 qua:

1963 1177 2065 1232 alia
2097 1177 2218 1233 talis
2259 1180 2545 1245 gratulatio
2573 1177 2780 1235 animas
2823 1180 3037 1251 illorum
3086 1181 3287 1251 poterit
3325 1177 3545 1247 intrare,

1961 1263 2122 1318 quam
2139 1264 2262 1302 cum
2290 1251 2548 1374 ante
2571 1251 2788 1318 cubilia,
2818 1249 2872 1304 id
2897 1258 3000 1318 est,
3017 1249 3347 1317 utdiximus,
3369 1252 3548 1374 segni-

1963 1333 2053 1373 cra
2083 1327 2413 1374 sanctorum.
2438 1337 2452 1374 ι
2493 1336 2508 1374 ι
2537 1336 2633 1374 eos
2659 1320 2860 1374 inimici
2886 1319 2998 1374 sui.
3021 1335 3158 1374 auos
3185 1336 3248 1374 se
3278 1336 3387 1374 uno
3459 1337 3548 1374 am

1963 1327 2413 1390 cratsanctorurn,
2438 1319 2508 1374 ibi
2537 1336 2633 1376 eos
2659 1320 2860 1375 inimici
2882 1319 2998 1390 sui,
3021 1335 3158 1390 quos
3185 1336 3248 1376 se
3278 1319 3548 1390 quondam

1963 1387 2222 1443 occidisse
2250 1389 2558 1458 credebant,
2590 1407 2730 1446 nunc
2759 1399 2815 1445 et
2839 1389 3024 1445 vivere
3038 1387 3108 1444 ὀι
3133 1387 3319 1458 ulcisci
3345 1406 3404 1447 se
3431 1407 3544 1447 non

1963 1457 2081 1543 sine
2133 1467 2523 1543 tormentorum
2545 1455 2844 1543 acerbitate
2862 1455 3248 1543 _prelitentur?
3442 1462 3548 1543 illis

1963 1527 2114 1582 stola:
2143 1527 2256 1582 ista:
2295 1543 2428 1600 quas
2448 1530 2660 1585 iteravit
2678 1527 2928 1600 specialis
2947 1529 3161 1598 largitio
3183 1531 3548 1600 contulerunt,

1964 1612 2179 1668 pereas
2218 1605 2278 1668 et
2314 1599 2406 1668 qui
2461 1616 2568 1654 non
2606 1598 3020 1656 nominabantur
3074 1598 3452 1668 implorantur,
3494 1598 3550 1657 et

1965 1667 2058 1736 qui
2084 1667 2460 1740 nescicltantur
2499 1670 2856 1740 celebrantur,
2888 1677 2944 1726 et
2961 1669 3052 1740 qni
3093 1667 3200 1724 non
3229 1669 3549 1726 videbantur

1967 1735 2246 1810 apparent.
2282 1735 2388 1810 llas
2427 1739 2610 1810 stolas,
2641 1749 2700 1810 ut
2741 1735 2993 1810 legimus,
3015 1739 3290 1810 hucusque
3317 1755 3424 1810 non
3451 1741 3549 1794 ha-

1965 1803 2345 1878 buerunt,__sed
2397 1823 2538 1878 mine
2585 1803 3125 1878 liabere'cmperunt.
3157 1803 3218 1863 In
3253 1808 3358 1865 bac
3379 1807 3550 1865 forma

1966 1875 2160 1948 mulier
2192 1875 2372 1948 illain
2400 1876 2690 1934 Salomone
2730 1875 3000 1941 laudatur,
3027 1894 3150 1948 qua:
3177 1879 3418 1948 duplices
3455 1894 3549 1934 ve-

1966 1954 2078 2000 stes
2099 1944 2230 2026 facit
2252 1945 2375 2026 viro
2399 1963 2525 2026 sua;
2554 1964 2711 2026 unam
2740 1949 2792 2002 in
2817 1944 3072 2026 patientia
3099 1944 3381 2018 passionis,
3413 1949 3550 2004 alte-

1965 2030 2081 2086 ram
2099 2016 2150 2068 in
2165 2016 2359 2071 virtute
2372 2017 2635 2072 vindictae.
2655 2017 2744 2073 Sic
2764 2016 2918 2074 nobis
2941 2016 3117 2086 legere
3136 2025 3553 2086 sanctumatque

1967 2085 2113 2158 pium
2142 2094 2226 2138 est
2254 2103 2265 2137 :
2289 2086 2423 2144 alias
2443 2103 2542 2158 nec
2561 2088 2704 2156 loqui
2733 2085 3006 2158 debemus,
3038 2104 3105 2158 ne
3129 2089 3211 2142 vel
3247 2087 3405 2158 156,
3425 2085 3548 2158 inti-

1968 2154 2159 2238 delitas
2183 2161 2388 2238 nostra,
2410 2157 2497 2238 vel
2534 2154 2832 2238 ignorantia
2873 2157 2927 2210 in
2953 2157 3203 2238 tenebras
3227 2154 3543 2238 gentilitatis

1967 2223 2284 2297 blasphema.
2325 2223 2684 2297 disputatione
2736 2226 3027 2297 descendat
3059 2245 3071 2279 :
3103 2223 3549 2297 curn—proptietia

1970 2309 2038 2349 ex
2067 2309 2134 2349 eo
2165 2294 2518 2364 praecesserit,
2551 2304 2611 2350 ut
2637 2297 2875 2350 venturis
2904 2296 3084 2352 lumen
3130 2294 3380 2351 infer—ret;
3401 2294 3550 2352 Nunc

1970 2372 2214 2434 superest
2243 2373 2301 2418 ut
2328 2365 2594 2421 credenda
2615 2367 2722 2421 sint
2749 2366 3001 2421 divinitus
3017 2365 3142 2420 .fieri
3160 2380 3280 2435 qua:
3302 2365 3550 2434 probavi-

1971 2450 2091 2489 mus
2117 2443 2173 2506 et
2219 2437 2505 2506 promissa,
2537 2452 2638 2492 nec
2684 2444 2889 2491 tantum
2919 2435 3183 2506 promissa
3209 2443 3467 2506 quantum
3493 2443 3554 2491 et

1970 2502 2258 2576 postulata.
2279 2502 2430 2571 Quod
2453 2507 2498 2576 si
2525 2514 2581 2560 et
2601 2506 2866 2576 postulata
2887 2502 3031 2573 sunt,
3048 2513 3104 2560 ct
3123 2502 3242 2576 noni
3259 2504 3376 2558 aliis
3389 2519 3550 2576 quam

1970 2573 2320 2654 poscentibus
2359 2573 2638 2654 attributa,
2671 2575 2813 2654 _quid
2837 2576 3034 2654 tnirum
3076 2582 3169 2654 est
3195 2575 3240 2629 si
3289 2580 3384 2629 aut
3407 2574 3552 2654 quod

1971 2643 2395 2716 postulaverant,
2425 2653 2517 2716 aut
2545 2645 2687 2716 quod
2704 2643 2971 2716 gaudent,
3001 2659 3060 2716 se
3085 2653 3209 2716 ante
3258 2643 3549 2716 accepisse,

1971 2713 2079 2796 non
2109 2714 2412 2795 occultant?
2442 2713 2671 2784 Exigunt
2699 2713 2884 2785 plenas
2913 2715 2980 2768 ab
3003 2714 3085 2769 bis
3121 2714 3213 2838 «(iui
3253 2713 3554 2794 inhabitant

1971 2801 2026 2838 in
2057 2793 2214 2838 terris
2245 2801 2258 2836 :
2291 2799 2427 2838 quos
2475 2785 2746 2838 accusatio
2794 2784 3120 2838 comureheu
3159 2791 3199 2837 ιι
3245 2783 3346 2838 hos
3382 2793 3554 2838 Virtus

1971 2785 2026 2839 in
2057 2784 2214 2838 terris
2245 2801 2258 2836 :
2291 2799 2427 2854 quos
2475 2783 2746 2840 accusatio
2794 2783 3199 2854 comprehendit
3245 2783 3346 2854 hos
3382 2783 3554 2854 virtus

1974 2855 2270 2924 impugnat.
2302 2851 2404 2924 Ipsi
2452 2856 2594 2910 enim
2624 2851 3002 2908 inliabitant'in
3033 2852 3212 2924 terris,
3253 2853 3346 2922 qui
3381 2851 3554 2921 possi-

1972 2922 2103 2979 dent
2142 2922 2351 2978 mentes
2378 2924 2654 2978 hominum
2697 2933 2906 2978 terrcna
2936 2922 3326 2991 possidentium
3367 2939 3382 2974 :
3414 2937 3552 2990 quos

1973 3008 2095 3049 cum
2125 3000 2388 3064 martyres
2415 2993 2482 3048 ad
2509 2994 2766 3064 supplicia
2791 2994 3108 3064 deposcunt,
3149 2992 3309 3064 etiam
3348 3006 3448 3064 pra
3470 2992 3554 3064 bis

1975 3079 2109 3186 gnos
2129 3059 2480 3145 possederant
2518 3059 2889 3132 deprecantur.
2919 3060 3167 3146 Denique
3189 3068 3243 3114 et
3269 3061 3382 3142 ipsa
3403 3059 3550 3142 desi-

2013 3132 2230 3186 erabilia
2258 3148 2350 3186 sua
2383 3148 2459 3186 Sic
2486 3141 2666 3186 animt.
2699 3140 2757 3186 ut
2783 3145 2880 3186 eos
2902 3146 2932 3185 a
2962 3138 3172 3184 terrena
3203 3129 3550 3186 habitatione.

2013 3129 2230 3187 erabilia
2258 3148 2350 3186 sua
2383 3135 2459 3188 sic
2486 3129 2666 3201 agunt,
2699 3140 2757 3186 ut
2783 3145 2880 3186 eos
2902 3138 3172 3201 atterrena‘
3203 3129 3551 3201 habitatione,

1978 3201 2030 3256 id
2069 3210 2153 3256 est
2180 3201 2248 3254 ab
2274 3203 2506 3256 obsessis
2523 3198 2764 3256 terrenis
2807 3199 3110 3255 hominibus
3136 3198 3442 3253 excludant.
3471 3199 3554 3254 An

1974 3271 2388 3335 calumniantur,
2419 3287 2514 3325 cur
2539 3271 2808 3326 daemones
2836 3277 3205 3338 torqueantur,
3231 3276 3287 3324 et
3311 3269 3554 3326 favemus

1976 3341 2204 3412 inimicis
2225 3339 2534 3412 ?_Martyrcs
2562 3349 2747 3396 contra
2772 3337 3226 3412 tipsosiinvidiosa
3256 3352 3395 3412 pene
3417 3337 3556 3395 indi-

1974 3411 2226 3478 gnatione
2256 3406 2554 3478 insitrgunt,
2577 3418 2630 3465 et
2653 3406 2904 3466 sustineri
2927 3409 3048 3463 illos
3071 3415 3219 3462 tanto
3239 3406 3554 3478 saeculorum

1975 3476 2150 3549 spatio
2175 3476 2577 3548 conqueruntur
2593 3498 2604 3532 :
2621 3478 2645 3516 ά
2670 3487 2726 3534 et
2740 3495 2838 3537 nos
2855 3478 3100 3549 fingimus
3117 3493 3215 3533 nos
3229 3477 3414 3532 mirari
3424 3476 3555 3549 quid

1975 3547 2114 3604 istud
2144 3549 2235 3615 sit,
2264 3547 2415 3618 quasi
2443 3566 2552 3604 non
2580 3549 2811 3605 debeant
2841 3548 2922 3602 vel
2962 3557 3149 3618 nostro
3177 3555 3425 3618 tempore
3446 3547 3556 3618 sol:

1974 3634 2102 3674 vere
2149 3617 2297 3688 quod
2320 3619 2405 3688 ab
2450 3619 2615 3673 Adam
2663 3617 3154 3688 merentueruod
3193 3617 3372 3672 autem
3413 3617 3556 3688 istud

1976 3685 2292 3770 miraculum
2315 3687 2600 3770 Mediolani
2646 3689 2855 3753 videtur
2899 3687 3443 3770 primum.exot:ttim,
3473 3685 3557 3742 vel

1975 3760 2120 3813 bono
2157 3758 2440 3814 Ambrosio
2462 3775 2796 3824 concessum,
2826 3755 2946 3827 quis
2973 3773 3081 3812 non
3109 3755 3254 3827 videt
3280 3755 3437 3812 fidem
3468 3772 3559 3812 no-

1976 3837 2142 3883 stram
2171 3837 2392 3898 propter
2433 3829 2750 3884 Arianorum
2797 3826 3071 3898 perfidiam
3099 3826 3292 3898 divinis
3320 3827 3560 3898 testimo-

1978 3899 2081 3953 niis
2109 3895 2496 3968 approbatam?
2536 3897 2775 3968 Namque
2797 3895 2943 3953 _cum
2991 3897 3046 3968 in
3098 3895 3251 3968 italia
3295 3895 3558 3968 catholica

1980 3967 2111 4040 fides
2136 3965 2528 4040 intolerabilem
2575 3965 2911 4040 tyrannidem
2957 3966 3056 4040 sub
3086 3965 3350 4021 Auxentio
3395 3965 3560 4020 susti-

1978 4038 2203 4103 nuisset,
2227 4037 2440 4092 tandem
2472 4037 2706 4094 donante
2728 4038 2954 4093 Domino
2975 4037 3278 4092 libertatem
3294 4042 3557 4100 veterem,

1978 4109 2078 4162 etsi
2101 4107 2214 4176 jam
2243 4122 2309 4162 eo
2337 4116 2581 4179 tempore
2601 4123 2709 4178 quo
2736 4107 2991 4179 praidicto
3019 4105 3332 4179 Ambrosius
3358 4105 3562 4179 substi-

1979 4184 2124 4248 tutus
2143 4186 2245 4248 est,
2276 4176 2562 4248 respiravit
2585 4176 2710 4234 huic
2732 4176 2908 4232 tamen
2939 4177 3038 4248 ipsi
3061 4177 3114 4231 in
3136 4176 3562 4248 adversariorum

1979 4245 2448 4318 confusionem,‘et
2479 4257 2716 4304 nostram
2745 4263 2895 4318 spem
2927 4245 3150 4312 scilicet,
3182 4246 3358 4301 omnis
3395 4245 3560 4318 caele:-

1980 4316 2149 4388 stium~
2163 4317 2349 4384 gloria,
2374 4333 2570 4388 omnes
2597 4315 3052 4388 etiamr'martyres
3096 4329 3439 4388 consensere,
3468 4315 3561 4388 qui

1982 4401 2103 4442 cum
2130 4383 2242 4458 jam
2266 4387 2479 4458 pridem
2504 4387 2797 4458 apparendi
2824 4383 3356 4458 ba_liereat__tempus,
3386 4383 3564 4458 homi-_

1984 4471 2107 4527 nem
2132 4451 2234 4527 cui
2251 4451 2310 4527 s'e
2351 4451 2646 4527 proder'e'nt
2693 4455 3050 4524 inquirebant.
3083 4451 3431 4527 llluprlcerte
3477 4451 3564 4527 cui

1985 4526 2084 4579 sub
2113 4541 2177 4579 ea
2206 4524 2308 4579 ﬁde
2336 4519 2704 4581 nevelarentur
2731 4519 2850 4592 qua:
2877 4523 3132 4592 martyria
3176 4521 3446 4592 fecissent.
3478 4519 3567 4577 Sic

1984 4594 2242 4648 donatum
2287 4603 2370 4648 est
2398 4595 2684 4650 Ambrosio
2729 4590 2889 4664 quod
2915 4590 3198 4664 Auxentio
3243 4590 3565 4664 denegatum

1985 4671 2068 4717 est
2099 4681 2111 4715 :
2143 4664 2395 4733 quoniam
2417 4679 2536 4733 qua:
2558 4660 2852 4733 Auxentius
2875 4661 3308 4733 blasphemabat,
3336 4660 3566 4714 Ambro-

1985 4733 2096 4787 sius
2134 4731 2474 4802 praedicabat.
2507 4733 2612 4788 Sed
2641 4748 2764 4787 cum
2803 4732 2916 4786 hrcc
2943 4731 3111 4802 virtus
3147 4738 3442 4802 martyrum
3466 4745 3568 4802 per

1985 4800 2175 4872 omnes
2202 4803 2506 4872 provincias
2531 4805 2601 4859 sit
2628 4805 2767 4858 itura
2799 4811 2822 4840 ο
2852 4801 3122 4872 (omnibus
3148 4800 3290 4872 enim
3311 4813 3418 4872 non
3449 4800 3568 4872 Am-

1984 4871 2166 4926 brosio
2195 4868 2294 4926 soli
2321 4872 2437 4927 sine
2457 4888 2808 4941 personarum
2837 4868 3150 4940 acceptione
3169 4868 3414 4924 donanda
3436 4869 3565 4992 est},

1986 4941 2293 4992 necessario
2320 4949 2499 4992 tamen
2523 4943 2751 4992 nrimnm
2782 4942 2835 4992 in
2854 4941 3004 4992 ltalia
3031 4940 3313 4992 processit.
3343 4940 3429 4992 cui
3450 4940 3502 4992 in
3545 4971 3565 4982 -

1986 4941 2294 5014 necessario
2320 4940 2499 5014 tamen
2523 4943 2751 5014 primum
2782 4942 2835 5014 in
2854 4940 3313 5014 ltaliatprocessit,
3343 4940 3429 4995 cui
3450 4940 3569 4993 inii-

1987 5010 2178 5066 delitas
2206 5011 2400 5066 Ariana
2454 5007 2614 5068 fuerit
2661 5011 2954 5066 dominata.
2985 5007 3244 5081 Quoniam
3266 5011 3568 5081 signa_non

1988 5081 2246 5154 fidelibus,
2278 5081 2682 5154 sedtinﬁdelibus
2701 5082 2894 5154 donata
2916 5079 3115 5154 suat}
3131 5077 3248 5134 Cor.
3275 5077 3409 5149 xiv).
3436 5079 3571 5154 Nam

1992 5149 2024 5206 a
2045 5151 2272 5222 Domino
2293 5151 2384 5222 qui
2408 5149 2613 5221 signum
2634 5151 2908 5222 postulant
2935 5149 3174 5205 infideles
3187 5158 3319 5222 sunt
3341 5168 3354 5202 :
3383 5149 3573 5204 scribas

1992 5219 2593 5292 postulantbeai'isaai
2637 5219 2943 5292 postulant;
2992 5220 3222 5291 apostoli
3268 5227 3471 5292 tacent,
3515 5224 3572 5271 et

1993 5286 2239 5361 credunt,
2259 5299 2323 5361 et
2349 5286 2663 5360 sequuntur:
2696 5291 2762 5345 Et
2804 5286 3115 5361 propterea
3135 5304 3243 5343 non
3271 5286 3568 5341 mirandum

1994 5360 2138 5429 quod
2165 5359 2343 5422 divina
2369 5363 2538 5417 virtus
2566 5359 2822 5432 operatur
2845 5359 2942 5432 per
2969 5359 3213 5430 sepulcra
3240 5365 3567 5421 sanctorum,

2061 5486 2087 5524 ά
2129 5488 2286 5560 Cod.,
2311 5498 2362 5560 et
2390 5489 2784 5560 uouﬁngimus.

2019 5593 2026 5598 -
2066 5567 2090 5595 °
2133 5558 2291 5625 Cod.,
2327 5555 2581 5627 (omnibus
2598 5555 2746 5613 tenim
2776 5555 3085 5627 martyribus
3119 5555 3193 5611 sic
3239 5567 3573 5624 personarum

1993 5630 2287 5700 acceptione
2306 5629 2552 5685 donanda
2580 5639 2654 5682 est
2670 5630 2707 5697 ).
