4066 6454
361 502 3644 552 m

1643 657 1871 712 SANCTI
1910 659 2138 710 PATRIS
2172 659 2402 711 NOSTRI

859 896 958 1053 J
966 890 1354 1052 OAN
1361 897 1486 1050 N
1494 893 1671 1052 IS
1797 891 3178 1054 CHRYSOSTOMI

1400 1201 1519 1246 ΛΚΕ
1527 1199 1866 1245 HIEPISCOPI
1911 1198 2558 1246 CONSTANTINOPOLITA
2567 1199 2633 1244 NI

1010 1422 1734 1552 HOMILUE
1811 1424 1973 1549 IN
2063 1419 3036 1554 MATTHAEVM

924 1683 1209 1734 TEXTVM
1243 1685 1331 1734 AD
1363 1683 1580 1734 FIDEM
1617 1685 1925 1738 CODICVM
1960 1683 2110 1736 MSS.
2145 1686 2229 1736 ET
2269 1685 2530 1736 VERSIO,

1517 1685 1580 1733 ΞΜ
1617 1685 1925 1738 CODICVM
1960 1683 2110 1736 MSS.
2145 1686 2229 1736 ET
2269 1685 2680 1736 VERSIONVM
2714 1682 3123 1735 ΕΜΕΝΠΔΥΙΤ

1129 1771 1553 1824 ΡΗΕΟΙΡΥΑΜ
1607 1773 1975 1825 ιεσΤιοΝις
2013 1772 2458 1824 ΥΔΒΙΕΤΔΤΕΜ
2493 1771 2904 1823 ADSCRIPSIT

1364 1857 1994 1909 ADNOTATIONIBVS
2029 1858 2155 1908 γΒΙ
2210 1857 2392 1908 OPVS
2431 1857 2598 1906 ERAT
2636 1857 2719 1908 ET

1519 1941 1738 1994 Νονιε
1773 1941 2147 1994 INDICIBVS
2184 1941 2572 1992 INSTRVIIT

432 2138 903 2201 FRIDERICVS
945 2138 1164 2200 FIELD
1203 2140 1321 2200 AA.
1375 2140 1454 2199 M.
1500 2139 1850 2201 COLLEGII
1889 2141 1994 2201 SS.
2034 2141 2475 2203 TRINITATIS
2516 2145 2566 2203 Α
2602 2142 2808 2204 REGE
2850 2143 3030 2206 HEN.
3079 2145 3212 2206 VIII
3247 2145 3582 2209 FVNDATI

1634 2245 1738 2307 UN
1744 2247 1837 2308 US
1880 2249 1924 2308 E
1963 2247 2381 2310 SODALITIO.

1021 2432 1348 2498 Cantabrigiaa
1377 2433 1426 2483 in
1463 2432 1664 2484 Ol‘ﬁcina
1701 2434 2022 2496 Academica,
2057 2436 2296 2490 svmtibvs
2328 2437 2534 2490 editoris
2589 2438 3004 2491 MDCCCXXXIX.

1687 2627 2323 2660 ——-—--——-—

1648 2810 2369 2921 PIUEFATIO.

1972 3077 2052 3096 συ

453 3230 631 3306 Quod
667 3227 1113 3310 Chrysostomo
1143 3229 1287 3312 ipsi,
1310 3228 1462 3294 dum
1492 3228 1556 3292 in
1582 3227 1734 3292 vivis
1758 3236 1911 3305 erat,
1943 3247 1979 3293 a
2009 3229 2400 3297 lividioribus
2430 3231 2844 3315 objiciebatur
2866 3237 2974 3321 (a),
2993 3256 3140 3304 eum
3176 3237 3438 3322 prolixis
3463 3251 3650 3300 exor-

375 3332 493 3398 diis
522 3332 842 3396 auditores
870 3333 1123 3408 morari,
1163 3332 1226 3394 id
1257 3349 1337 3394 ne
1372 3329 1528 3393 mihi
1573 3347 1832 3411 quoque
1885 3331 2136 3395 crimini
2167 3333 2373 3409 detur,
2410 3334 2720 3414 praefandi
2765 3341 3023 3417 negotio
3072 3341 3234 3405 intra
3269 3339 3652 3404 arctissimos

375 3430 602 3494 limites
632 3431 958 3506 concluso,
987 3431 1067 3494 ad
1119 3429 1599 3493 disertissimum
1646 3429 1892 3490 Patrem
1953 3431 2282 3492 Lectorem
2331 3431 2666 3494 remittam.
2714 3436 3067 3516 Antequam
3128 3454 3278 3500 vero
3334 3437 3414 3499 ad
3469 3450 3651 3498 novaa

375 3531 669 3593 editionis
695 3530 1049 3593 institutum
1078 3531 1514 3610 rationemque
1545 3525 2026 3592 describendam
2062 3527 2380 3608 accingor,
2413 3547 2627 3611 operte
2667 3532 2940 3612 pretium
2977 3535 3116 3611 erit,
3141 3534 3294 3616 quid
3331 3539 3476 3597 ante
3534 3550 3652 3605 nos

372 3632 438 3694 in
471 3631 590 3694 hac
622 3639 796 3713 parte
834 3629 1159 3694 immensa;
1197 3629 1574 3712 scriptorum
1599 3627 2250 3709 Chrysostomicorum
2283 3629 2474 3711 sylva)
2514 3632 2861 3696 excolenda
2891 3635 3166 3698 editores
3214 3633 3671 3716 praestiterint,‘

376 3729 644 3793 breviter
671 3747 1023 3794 recensere.
1045 3732 1198 3793 Nam
1231 3736 1292 3792 et
1324 3747 1454 3792 non
1481 3725 1699 3792 leviter
1731 3725 1976 3807 erravit,
2012 3730 2123 3812 qui
2148 3728 2315 3793 idem
2348 3732 2672 3811 negotium
2697 3733 2763 3796 in
2792 3733 3166 3798 Praefatione
3193 3751 3307 3798 sua
3350 3733 3650 3815 suscepit,

374 3835 930 3912 Montefalconius,
990 3843 1052 3899 et
1107 3835 1188 3899 de
1233 3833 1397 3899 veris
1450 3833 1651 3898 nostri
1683 3833 1884 3897 Patris
1940 3834 2289 3899 editionum
2320 3842 2451 3899 tum
2485 3833 2764 3901 fontibus
2819 3842 2954 3901 tum
2990 3837 3232 3902 meritis
3269 3837 3436 3901 viros
3467 3836 3650 3898 etiam

376 3936 773 4001 doctissimos
801 3938 865 4001 in
899 3956 1143 4000 summa
1177 3936 1531 4017 ignorantia
1568 3934 1800 3998 versari
1825 3935 2036 3999 video.

355 4048 362 4115 ι
451 4040 501 4100 Ι.
548 4039 765 4102 Statim
802 4037 868 4102 in
915 4037 1229 4120 principio
1290 4035 1477 4119 hujus
1530 4033 1906 4116 argumenti,
1939 4039 2217 4103 notanda
2250 4045 2345 4103 est
2384 4041 2543 4105 mira
2578 4040 3052 4105 Montefalconii
3078 4039 3508 4113 hallucinatio,
3541 4037 3650 4118 qui

376 4141 652 4204 editione
693 4138 1021 4216 Saviliana,
1043 4156 1210 4203 anno
1235 4139 1387 4202 1612
1421 4139 1690 4220 vulgata,
1720 4138 1927 4220 primo
1954 4137 2099 4200 loco
2130 4141 2358 4219 posita,
2389 4140 2920 4204 Commelinianae
2956 4137 3308 4204 secundum
3337 4138 3650 4212 tribuerit,

373 4241 472 4304 his
517 4242 724 4305 verbis
773 4260 788 4303 :
833 4266 862 4300 «
901 4247 1081 4306 Anno
1133 4239 1280 4304 1617
1323 4241 1515 4305 altera
1577 4241 1812 4323 prodiit
1880 4237 2075 4304 editio
2103 4243 2576 4306 Graeco-Latina
2626 4242 3044 4306 Homiliarum
3100 4241 3529 4322 Chrysostomi
3585 4241 3649 4301 in

373 4341 729 4404 Matthaaum
762 4347 949 4423 atque
974 4343 1040 4404 in
1077 4344 1384 4405 Joannem
1432 4357 1510 4404 ex
1539 4338 1788 4403 officina
1814 4338 2304 4403 Commeliniana
2342 4341 2802 4422 Heidelbergae.
2835 4342 2950 4418 Qui
2990 4349 3200 4407 autem
3239 4343 3408 4406 illam
3435 4341 3650 4423 publi-

375 4443 636 4506 candam
669 4450 986 4518 curarunt,
1018 4442 1386 4506 Savilianam
1407 4439 1535 4522 jam
1590 4441 1875 4523 quinque
1904 4446 2050 4504 ante
2093 4443 2276 4506 annis
2317 4443 2609 4506 emissam
2639 4458 2721 4505 ne
2760 4443 3012 4507 novisse
3035 4443 3292 4526 quidem
3323 4443 3650 4530 videntur;

371 4543 476 4607 illa
505 4551 674 4609 certe
706 4561 835 4607 non
863 4546 957 4606 usi
984 4547 1151 4618 sunt,
1188 4560 1306 4606 nec
1329 4542 1462 4622 ejus
1490 4540 1738 4623 uspiam
1765 4540 2211 4604 meminerunt.
2249 4561 2278 4599 ››
2301 4543 2430 4604 Nec
2455 4540 2708 4602 mirum.
2744 4542 2900 4604 Nam
2927 4542 3271 4605 editionem
3313 4558 3490 4603 suam
3519 4558 3645 4602 non

375 4645 641 4726 quinque
680 4645 1046 4724 annispost,
1087 4643 1197 4706 sed
1236 4643 1444 4705 decem
1497 4643 1683 4704 annis
1724 4651 1867 4704 ante
1907 4641 2218 4720 vulgatam
2246 4641 2642 4717 Savilianam,
2673 4643 2966 4706 videlicet
2990 4661 3160 4707 anno
3195 4642 3368 4718 1602,
3410 4641 3646 4722 publici

363 4744 521 4825 juris
539 4744 835 4809 fecerunt
861 4762 876 4820 ;
915 4761 1180 4824 eamque
1198 4743 1421 4824 ipsam,
1445 4748 1517 4806 ut
1547 4760 1698 4806 mox
1742 4742 2116 4818 videbimus,
2147 4741 2408 4805 Savilius
2442 4742 2788 4822 typothetaa
2828 4760 2944 4808 suo
2969 4743 3440 4826 exprimendam
3464 4742 3648 4802 tradi-

375 4845 484 4910 dit.
516 4848 642 4908 Res
669 4853 878 4909 autem
910 4852 1004 4909 est
1028 4845 1162 4908 haec
1188 4864 1201 4906 :
1231 4845 1488 4908 Prodito
1518 4843 1862 4925 exemplari
1883 4843 2250 4921 Anglicano,
2281 4843 2873 4923 Heidelbergenses,
2904 4863 2987 4908 ne
3019 4863 3131 4909 sua
3171 4845 3366 4908 editio
3388 4862 3646 4926 prorsus

375 4951 819 5026 obsolesceret,
850 4949 1046 5013 libros
1079 4966 1244 5013 novo
1291 4948 1495 5025 titulo,
1516 4965 1753 5012 annum
1781 4948 2195 5028 posteriorem
2215 4946 2373 5009 falso
2405 4945 2672 5023 ferente,
2709 4949 3049 5013 instructos
3081 4950 3453 5026 emiserunt;
3481 4967 3644 5032 quo-

372 5069 507 5116 rum
539 5067 734 5114 unum
769 5049 1018 5113 incaute
1047 5047 1377 5129 descripsit
1409 5045 1951 5110 Montefalcunius.
1984 5046 2101 5120 Qui
2125 5053 2337 5109 tamen
2366 5063 2446 5108 ne
2490 5046 2578 5110 sic
2615 5046 2874 5128 quidem
2922 5051 3320 5113 excusandus
3341 5060 3457 5113 est.
3491 5051 3644 5114 Nam

376 5154 637 5218 Savilius
656 5152 795 5234 ipse
836 5151 904 5213 in
933 5151 1103 5215 notis
1131 5152 1208 5215 ad
1235 5149 1541 5214 Homilies
1559 5150 1626 5212 in
1655 5148 2016 5212 Matthaaum
2043 5149 2132 5212 sic
2158 5150 2458 5230 praefatus
2488 5157 2619 5213 erat
2652 5169 2666 5213 :
2706 5176 2734 5209 ‹‹
2767 5153 2955 5215 Hisce
2977 5153 3347 5235 (codicibus)
3379 5155 3645 5218 accessit

379 5257 565 5322 editio
601 5257 861 5337 vulgata
892 5251 1551 5333 Heidelbergensis,de
1581 5268 1705 5331 qua
1737 5251 2020 5330 quamvis
2046 5251 2398 5314 innumeris
2427 5258 2662 5315 scateat
2690 5253 3032 5329 erroribus,
3057 5272 3329 5335 quorum
3351 5272 3642 5334 magnam
3683 5329 3688 5332 _

376 5360 438 5417 et
469 5361 632 5419 certe
669 5355 1004 5417 maximam
1034 5358 1274 5432 partem
1303 5364 1422 5413 nos
1470 5351 1975 5431 expurgavimus,
2005 5355 2216 5412 tamen
2257 5352 2450 5429 gratia
2479 5350 2746 5414 debetur
2786 5353 2972 5416 bonis
3013 5353 3136 5416 illis
3172 5354 3355 5430 viris,
3397 5355 3544 5434 quia
3585 5365 3642 5418 et

350 5457 547 5539 prius
573 5457 811 5520 inedita
850 5456 1040 5520 edere
1068 5457 1422 5530 voluerunt,
1459 5457 1650 5538 idque
1683 5458 1856 5520 libris
1884 5475 2012 5520 non
2042 5457 2580 5538 negligentissime
2609 5460 2933 5541 inspectis.
2971 5484 3000 5518 n
3030 5463 3271 5542 Itaque,
3300 5466 3370 5522 ut
3398 5461 3476 5524 ad
3507 5479 3638 5524 rem

370 5559 724 5636 redeamus,
755 5559 1180 5639 Chrysostomi
1204 5555 1507 5621 Homilias
1526 5559 1590 5620 in
1615 5559 1970 5623 Matthteum
1995 5560 2078 5644 (ὁ)
2103 5561 2343 5640 primus
2373 5561 2580 5624 erce
2620 5561 2814 5624 edidit
2855 5561 3020 5645 (nam
3051 5561 3129 5623 de
3158 5562 3390 5626 Latinis
3407 5558 3638 5626 editio-

437 5747 656 5888 faﬂ'id.
680 5749 818 5877 Οιηέἱ
851 5761 983 5834 toni.
1005 5747 1092 5814 Ill,
1135 5766 1190 5822 p.
1224 5751 1344 5808 “3.
1830 5821 1843 5836 .
2261 5820 2272 5833 .
2347 5784 2370 5796 ~

459 5827 509 5888 ιι)
543 5821 746 5877 Harum
821 5823 1124 5877 omnliarum
1151 5839 1257 5877 una
1287 5833 1340 5878 et
1358 5822 1528 5882 altera
1557 5838 1803 5882 seorsum
1824 5837 1936 5888 jam
1965 5831 2091 5877 ante
2117 5821 2370 5888 prodierat

459 5827 509 5890 ιι)
543 5820 746 5877 Harum
766 5820 1257 5877 Homiliarum'una
1287 5833 1340 5878 el
1358 5822 1528 5882 altera
1557 5838 1803 5882 seorsum
1824 5821 1936 5897 jam
1965 5831 2091 5877 ante
2117 5820 2461 5894 prodierant.

688 5917 960 5984 ΡΑτιιοι.
995 5917 1111 5980 Gn.
1143 5918 1339 5982 LVII.
