4066 6428
349 402 400 442 ’τι
1579 385 1757 440 FB").
1802 383 1955 440 FIEl.

1579 385 1757 440 FRlD.
1802 383 2004 440 FIEH)
2043 382 2418 440 PREFATIO

365 490 548 551 πείθῃς
578 506 753 552 nunc
780 505 910 552 non
958 488 1181 568 dicam)
1219 487 1641 549 Commelinus
1673 483 2103 566 typographus
2131 484 2700 563 Heidelbergensis,
2743 477 2813 546 iu'
2845 484 3160 547 volumine
3191 482 3370 565 cujus
3398 480 3626 546 inscri-

359 595 496 670 .pli0
529 589 662 652 hth
694 599 786 653 est
820 610 832 651 :
866 600 971 653 Τοῦ
990 602 1046 652 ὲν
1077 599 1249 668 ἁγίοις
1279 598 1491 671 Harpe;
1519 598 1676 670 ἡμῶν
1717 599 1962 653 Ἰωάννου

2019 596 2085 650 ηοῦ
2123 597 2508 669 Χρυσοστόμου
2539 598 2969 668 ἀρχιεπισκόπου
3004 596 3625 658 Κωνσταντινουπόλευς

375 701 672 772 Ἑρμηνεία
705 705 784 768 εἰς
818 703 878 757 τὸ
909 703 1048 758 κατὰ
1072 703 1351 756 Ματοαῖον
1381 702 1534 771 ἅγιον
1573 702 1925 771 Εὑαγγέλιον.
1969 705 1981 753 .‘

2021 693 2192 752 uncti
2232 693 2445 754 Patris
2493 694 2696 754 nostri
2723 693 2990 753 Joannis
3048 691 3474 770 Chrysostomi
3518 705 3627 748 aro

282 873 287 877 _
355 793 742 875 vehicpiscopi
772 795 1398 875 Constantinopoleos
1460 796 1798 874 Expositio
1838 794 1904 853 in
1959 792 2374 872 Evangelium
2419 793 2754 854 secundum
2797 793 3182 854 Matthwum.
3225 793 3428 854 Greece
3465 804 3630 849 nunc

359 896 634 973 primum
681 899 1057 977 producitur
1097 920 1124 960 e
1161 918 1306 962 mss.
1355 898 1672 962 illustriss.
1711 897 1791 978 (a)
1828 896 2341 958 bibliothecarum
2391 895 2720 971 Palatinae,
2757 898 3040 972 Bavarw,
3066 895 3465 974 Augustanw,
3497 907 3631 950 cum

367 995 886 1074 interpretatione
927 999 1182 1060 Aniani.
1215 999 1470 1060 Accedit
1493 999 1989 1061 Commentarius
2024 1016 2186 1058 mere
2219 999 2478 1058 Latinus
2526 1000 2592 1059 in
2637 997 3026 1070 Matthwum,
3058 994 3242 1074 vulgo
3291 990 3634 1053 attributus

369 1097 563 1160 cidem
591 1100 667 1160 D.
703 1099 1289 1178 Chrysostomo.Ex
1318 1105 1573 1186 ofﬁcina
1606 1102 2120 1166 Commeliniana.
2141 1102 2293 1164 Cum
2331 1102 2708 1182 privilegiis.
2731 1101 2963 1161 MDCl'l.
2986 1096 3162 1172 Quod
3194 1095 3295 1157 hic
3316 1095 3394 1156 de
3413 1091 3631 1154 Aniani

370 1197 888 1279 interpretatione
942 1205 1258 1280 asseritur,
1296 1207 1359 1267 id
1387 1206 1644 1268 nonnisi
1676 1207 1754 1268 de
1799 1213 1943 1270 octo
2002 1205 2318 1287 prioribus
2360 1204 2635 1266 homiliis
2682 1201 3160 1281 intelligendum
3200 1204 3294 1260 est
3327 1215 3339 1257 :
3378 1213 3522 1259 nam
3569 1193 3634 1254 in

373 1297 580 1362 fronte
609 1299 780 1363 hom.
832 1321 901 1364 ix
953 1305 1182 1367 diserte
1235 1306 1482 1383 legitur,
1519 1308 1786 1386 Georgio
1833 1307 2248 1387 Trapezuntio
2302 1307 2664 1384 interprete.
2695 1300 3192 1366 Commentarius
3237 1303 3446 1360 autem
3473 1313 3635 1355 mere

374 1405 633 1465 Latinus
668 1405 721 1468 is
743 1413 858 1481 est,
886 1408 995 1488 qui
1043 1408 1229 1488 vulgo
1268 1409 1696 1490 Chrysostomi
1733 1435 1763 1468 α
1807 1411 1977 1490 Opus
2014 1410 2442 1489 imperfectum
2501 1409 2567 1469 in
2607 1407 2973 1471 Matthwum
3017 1429 3045 1462 »
3094 1407 3520 1481 nuncupatur,
3561 1397 3637 1461 de

374 1521 502 1586 quo
561 1514 790 1586 praeter
823 1507 982 1571 alios
1029 1512 1155 1588 egit
1207 1511 1456 1586 Millius,
1488 1513 1842 1591 Prolegom.
1877 1529 2049 1574 num.
2087 1509 2259 1572 1037.
2296 1511 2383 1574 De
2431 1511 2650 1572 Graeco
2706 1508 2894 1589 hujus
2946 1503 3238 1568 editionis
3297 1498 3640 1580 exemplari

377 1612 602 1685 praeter
623 1607 832 1669 Savilii
861 1609 1284 1675 testimonium
1313 1630 1504 1692 supra
1555 1613 1809 1676 allatum
1846 1630 2045 1695 pauca
2073 1611 2387 1675 mouenda
2420 1617 2587 1674 sunt.
2613 1610 2911 1673 Codicum
2936 1603 3345 1670 dissensionis
3389 1601 3456 1664 in
3505 1607 3643 1662 toto

374 1721 568 1787 apere
616 1708 788 1771 nulla
840 1711 1100 1772 mentio.
1142 1713 1360 1776 Plures
1388 1719 1598 1776 autem
1626 1715 1820 1777 libros
1846 1715 1910 1776 in
1939 1714 2170 1776 Graecis
2197 1711 2657 1774 constituendis
2694 1709 2980 1773 evolutos
3007 1722 3146 1770 esse
3167 1753 3182 1778 ,
3214 1702 3484 1767 dubitari
3510 1717 3643 1764 non

380 1816 622 1890 potest;
654 1811 719 1872 in
744 1813 974 1892 quibus
999 1817 1332 1878 tractandis
1355 1819 1558 1882 editor
1595 1818 1756 1882 hanc
1799 1819 2004 1897 legem
2045 1817 2165 1879 sibi
2225 1816 2603 1896 imposuisse
2633 1814 2898 1888 videtur,
2937 1819 3004 1874 ut
3048 1811 3334 1891 pleniore
3373 1807 3645 1871 lectione

381 1911 444 1974 in
478 1917 714 1974 textum
751 1915 1280 1984 relata.vocabula
1303 1937 1444 2000 quae
1470 1921 1538 1983 in
1565 1939 1696 1986 uno
1726 1929 1831 1985 aut
1852 1921 2136 2003 pluribus
2182 1919 2505 1984 codicibus
2535 1936 2665 1982 non
2697 1915 3226 1991 exstarent,uncis
3256 1911 3639 1976 includeret:

380 2031 570 2095 quam
621 2015 877 2095 quidem
934 2019 1212 2098 regulam
1255 2039 1332 2085 eo
1373 2042 1578 2104 usque
1630 2022 2021 2098 observavit,
2087 2030 2155 2086 ut
2200 2023 2742 2086 manifestissimos
2782 2029 3042 2102 prepter
3103 2016 3642 2081 homoeoteleuton

383 2113 662 2181 defectus
685 2119 907 2184 iisdem
937 2122 1100 2185 notis
1143 2123 1576 2204 distingueret.
1607 2126 1692 2188 De
1720 2125 1817 2187 his
1845 2125 2012 2187 notis
2038 2125 2205 2187 aliud
2239 2141 2430 2205 porro
2464 2124 2856 2187 monendum
2894 2131 3009 2197 est,
3060 2121 3350 2185 videlicet
3373 2136 3487 2200 per
3512 2119 3645 2179 Hos

383 2217 585 2281 milies
615 2239 718 2293 XL,
749 2239 856 2283 xu
885 2229 946 2286 et
973 2240 1100 2286 xm
1126 2242 1230 2287 eas
1266 2225 1514 2307 parcius
1545 2226 1967 2302 disseminari;
2024 2226 2090 2288 in
2150 2223 2348 2286 tribus
2402 2231 2612 2287 autem
2663 2223 3076 2306 sequentibus
3114 2221 3318 2284 nullas
3365 2226 3646 2282 exstare:

386 2319 554 2383 unde
585 2322 887 2385 Homilias
914 2323 1062 2386 istas
1083 2342 1160 2387 ex
1197 2326 1388 2389 unico
1429 2325 1648 2390 codice
1677 2327 2022 2407 descriptas
2062 2343 2224 2400 esse,
2255 2325 2466 2403 colligi
2496 2331 2723 2407 potest.
2755 2326 2901 2386 Post
2925 2321 3248 2384 homiliam
3284 2339 3407 2382 XLV
3439 2337 3652 2382 rursus

387 2429 684 2485 notantur
730 2425 1019 2489 codicum
1075 2425 1381 2501 defectus,
1415 2427 1525 2490 sed
1565 2428 1911 2508 aliquanto,
1945 2428 2008 2490 ni
2056 2425 2262 2501 fallor,
2297 2426 2648 2507 pauciores.
2688 2427 3012 2487 Postremo
3040 2425 3118 2486 ab
3151 2422 3410 2484 liomilia
3441 2439 3651 2483 Lxxxv

387 2521 464 2584 ad
491 2520 773 2585 ultimam
807 2529 1010 2586 textus
1041 2522 1405 2605 hujusmodi
1433 2525 1629 2603 signis
1664 2526 1926 2589 omnino
1978 2542 2206 2608 expers
2272 2531 2388 2588 est.
2421 2525 2607 2605 Cujus
2645 2525 2762 2599 rei,
2819 2541 2962 2588 cum
2993 2523 3073 2585 de
3119 2522 3444 2586 codicibus
3467 2539 3661 2584 manu

388 2621 637 2703 scriptis
663 2623 1003 2684 dicendum
1043 2622 1254 2696 fuerit,
1294 2624 1451 2686 ratio
1480 2625 1809 2687 constabit.
1843 2626 2052 2689 Unum
2089 2626 2337 2701 addam,
2371 2623 2730 2706 exemplum
2755 2623 2945 2705 hujus
2973 2624 3288 2700 editionis,
3310 2625 3481 2706 quod
3510 2624 3663 2686 olim

394 2723 584 2786 lsaaci
615 2723 962 2785 Casauboni
999 2723 1147 2799 fuit,
1179 2724 1449 2786 Londini
1494 2725 1563 2786 in
1590 2727 1806 2789 Museo
1835 2727 2197 2791 Britannico
2247 2733 2515 2801 exstare,
2560 2726 2740 2806 cujus
2765 2725 2831 2786 in
2861 2725 3077 2786 limine
3111 2742 3308 2805 pauca
3347 2725 3664 2805 quaedam,

392 2827 472 2893 ad
500 2845 601 2892 res
629 2829 692 2890 in
725 2829 947 2909 primis
977 2831 1381 2910 pertinentia,
1417 2832 1653 2896 notavit
1687 2832 1780 2894 vir
1807 2850 2093 2912 magnus,
2124 2831 2348 2895 harum
2393 2831 2818 2908 homiliarum,
2853 2838 2922 2893 ut
2942 2848 3018 2892 ex
3049 2831 3500 2893 commentario
3531 2830 3664 2910 ejus

394 2925 476 2991 ad
504 2927 700 2988 Persii
726 2935 964 3007 satyras
989 2929 1154 2992 facto
1179 2937 1463 3010 apparet,
1495 2931 1696 2995 lector
1732 2932 2251 2996 studiosissimus.

478 3030 554 3090 II.
599 3028 1026 3109 Chrysostomi
1054 3032 1257 3111 Opera
1304 3031 1518 3095 omnia
1550 3034 1767 3096 Graece
1807 3034 2001 3096 edidit
2045 3034 2354 3096 Henricus
2418 3033 2702 3108 Savilius,
2751 3035 2968 3096 Etonaa
3023 3048 3190 3094 anno
3223 3030 3396 3106 1612,
3431 3031 3496 3093 in
3526 3038 3670 3095 octo

401 3136 608 3195 tomos
635 3132 984 3211 distributa,
1019 3152 1292 3215 quorum
1342 3136 1659 3200 secundus
1699 3139 2005 3200 Homilias
2052 3137 2117 3200 in
2148 3137 2506 3200 Matthaeum
2539 3146 2601 3200 et
2629 3139 2937 3200 Joannem
2983 3137 3441 3218 complectitur.
3474 3136 3666 3216 Hujus

399 3227 639 3293 ultimm
693 3232 939 3311 pagina
976 3233 1320 3314 ascriptum
1368 3241 1485 3309 est,
1518 3236 1738 3297 Etona:
1779 3255 2070 3298 excusum
2111 3239 2178 3298 in
2219 3235 2494 3317 Collegia
2526 3236 2748 3318 Regali
2804 3238 3071 3301 MDCX.
3095 3237 3578 3320 Typographus,
3606 3243 3667 3298 ut

401 3345 592 3412 supra
616 3331 910 3404 diximus,
949 3333 1294 3414 exemplari
1323 3335 1823 3399 Commeliniano
1859 3355 2012 3400 usus
2047 3344 2163 3412 est,
2195 3339 2274 3401 ab
2301 3338 2501 3419 ipsius
2530 3339 2736 3401 Savilii
2759 3356 2950 3402 manu
2988 3338 3461 3417 diligentissime
3492 3355 3669 3400 reco—

403 3435 602 3514 gnito,
635 3437 804 3516 quod
836 3437 1043 3520 ipsum
1079 3439 1284 3501 adhuc
1309 3440 1533 3502 Oxonii
1558 3441 1625 3502 in
1656 3441 2038 3507 bibliotheca
2064 3443 2405 3508 Bodleiana
2435 3443 2727 3524 religiose
2749 3451 3051 3506 servatur.
3074 3443 3190 3506 Hic
3210 3443 3361 3518 illic,
3382 3442 3447 3503 in
3472 3449 3668 3523 poste-

403 3539 570 3601 riore
600 3543 971 3620 praesertim,
1005 3543 1057 3604 si
1089 3543 1252 3606 bene
1274 3544 1556 3620 memini,
1595 3545 1933 3610 voluminis
1989 3554 2192 3630 parte,
2230 3564 2349 3629 pro
2399 3564 2631 3610 excuso
2679 3546 3095 3628 archetypum
3130 3563 3322 3607 manu
3349 3545 3676 3628 scriptum,

395 3642 811 3704 emendatum
870 3650 931 3706 et
975 3644 1153 3720 illud,
1191 3662 1403 3726 operai
1459 3657 1927 3728 expresserunt.
1970 3651 2057 3712 De
2113 3649 2408 3712 subsidiis
2468 3667 2598 3712 suae
2643 3649 3031 3712 recensionis
3074 3665 3274 3730 pauca
3315 3664 3430 3710 nos
3468 3646 3676 3710 docuit

407 3745 613 3810 editor
641 3748 954 3827 egregius,
994 3767 1136 3830 quas
1173 3749 1276 3814 hic
1307 3751 1665 3815 exscribere
1703 3770 1834 3816 non
1855 3754 2179 3834 gravabor.
2211 3779 2240 3811 α
2263 3756 2502 3818 Harum
2531 3753 2875 3816 editionem
2903 3752 3317 3815 Homiliarum
3347 3749 3676 3813 adornavi-

407 3867 570 3926 mus,
618 3855 864 3929 Lector,
906 3872 980 3916 ex
1012 3855 1295 3935 quinque
1323 3855 1498 3918 libris
1543 3875 1736 3920 manu
1787 3859 2057 3940 scriptis.
2114 3859 2399 3923 Primum
2439 3858 2622 3922 nobis
2676 3856 2961 3921 exhibuit
3006 3855 3386 3918 bibliotheca
3433 3853 3680 3934 collegii

408 3953 704 4036 Corporis
740 3957 962 4020 Christi
1007 3958 1252 4033 Oxonii,
1287 3976 1322 4021 a
1371 3959 1726 4041 SerbOpulo
1755 3962 2056 4043 quodam,
2086 3961 2348 4026 homine
2372 3963 2616 4036 Greece,
2646 3978 2815 4024 anno
2846 3959 3265 4022 MCCCCXCIX
3308 3957 3455 4020 satis
3481 3956 3681 4036 negli-

410 4063 631 4135 genter
659 4064 716 4118 et
756 4057 1044 4139 imperite
1074 4059 1400 4140 scriptum,
1457 4060 1760 4142 Redingaa
1792 4063 1860 4124 in
1892 4063 2135 4143 Anglia,
2163 4063 2314 4125 XLV
2357 4069 2595 4126 tantum
2625 4062 2869 4144 priores
2897 4061 3200 4124 Homilies
3229 4061 3682 4124 continentem.

411 4159 765 4222 Secundum
799 4159 1182 4225 bibliotheca
1205 4163 1605 4227 illustrissimi
1649 4165 1877 4228 Caecilii
1931 4167 2177 4230 comitis
2219 4165 2617 4242 Oxoniensis,
2645 4165 2726 4228 ab
2764 4167 2989 4229 eodem
3052 4160 3407 4242 Serbopulo
3449 4159 3685 4222 ibidem

412 4262 635 4325 eadem
659 4262 782 4324 ﬁde
816 4269 879 4324 et
905 4262 1223 4342 diligentia
1253 4264 1555 4345 scriptum
1586 4282 1752 4331 anno
1781 4273 2112 4346 sequente,
2148 4283 2238 4328 sc.
2269 4265 2402 4340 MD,
2428 4265 2701 4345 reliquas
2727 4264 3109 4346 posteriores
3134 4260 3684 4342 complectentem-

421 4367 702 4428 Tertium
737 4366 922 4432 nobis
942 4368 1225 4431 codicem
1249 4369 1422 4431 dedit
1450 4369 1836 4433 bibliotheca
1861 4369 2118 4449 Collegii
2147 4369 2305 4432 Novi
2332 4369 2578 4438 Oxonii,
2613 4373 2674 4430 et
2707 4376 2999 4448 quartum
3024 4362 3406 4427 bibliotheca
3436 4362 3690 4423 Univer-

415 4467 610 4530 sitatis
666 4470 1062 4549 Oxoniensis,
1117 4472 1660 4556 ConstantinOpoli
1689 4492 1894 4556 nuper
1947 4475 2300 4549 advectum,
2343 4473 2624 4537 melioris
2675 4479 2844 4536 nota:
2893 4477 2954 4535 et
2998 4471 3327 4550 antiquum
3358 4467 3530 4540 satis,
3561 4481 3690 4525 non

416 4567 634 4649 plures
695 4576 906 4635 tamen
967 4591 1263 4656 quemque
1295 4592 1486 4656 quam
1536 4594 1677 4646 xLIv
1713 4583 1819 4640 aut
1849 4594 1975 4637 XLV
2013 4575 2259 4658 priores
2306 4579 2887 4656 repraesentantem.
2951 4573 3252 4650 Quintum
3290 4576 3351 4630 et
3401 4567 3692 4631 ultimum

419 4671 802 4749 posteriores
841 4670 1157 4749 homilias,
1186 4691 1418 4755 easque
1451 4693 1580 4738 non
1607 4675 1796 4757 plene
1828 4675 2281 4750 continentem,
2314 4674 2425 4737 sed
2463 4674 2717 4755 Optimae
2756 4690 2900 4737 cum
2929 4671 3149 4754 primis
3179 4675 3345 4733 notae
3382 4665 3695 4737 codicem,

419 4787 610 4852 supra
643 4789 1153 4838 commemoratae
1183 4777 1612 4840 Universitatis
1640 4777 2039 4841 bibliotheca;
2071 4778 2396 4841 debemus.
2427 4799 2455 4836 »
2479 4778 2719 4839 Horum
2749 4782 2874 4837 tres
2903 4775 3148 4856 priores
3191 4788 3320 4834 non
3367 4765 3695 4846 indagavi;

421 4885 680 4956 quartus
701 4881 900 4944 codex
931 4881 984 4944 is
1007 4887 1123 4957 est,
1153 4881 1219 4944 ni
1249 4880 1454 4955 fallor,
1495 4881 1605 4963 qui
1634 4881 1824 4944 hodie
1853 4880 2031 4944 Bodl.
2068 4879 2176 4942 160
2208 4886 2497 4943 notatur:
2539 4879 2648 4959 qui
2675 4884 2885 4942 tamen
2913 4894 3043 4939 non
3070 4893 3222 4938 xuv
3253 4881 3358 4936 aut
3394 4888 3540 4946 va,
3585 4867 3697 4931 sed

423 4996 548 5047 XLII
578 4986 820 5043 tantum
866 4980 1157 5043 homilias
1188 4982 1490 5044 continet.
1532 4981 1654 5044 Sed
1690 4988 2110 5061 praeterquam
2174 4979 2346 5061 quod
2399 4979 2611 5042 caeteri
2675 4995 2898 5041 omnes
2953 4975 3342 5039 Oxonienses
3387 4971 3586 5035 serius
3630 4969 3696 5030 in

427 5082 872 5148 bibliothecam
909 5088 1238 5154 venerunt,
1281 5083 1591 5146 lectiones
1620 5083 1923 5162 quasdam
1954 5099 2213 5165 prorsus
2247 5081 2617 5161 singulares,
2647 5096 2683 5141 a
2713 5078 2939 5140 Savilio
2968 5077 3034 5139 in
3077 5076 3244 5138 notis
3282 5092 3360 5136 ex
3389 5073 3551 5135 libro
3581 5086 3695 5134 suo

427 5181 1126 5265 Constantinopolitano
1159 5192 1510 5266 excerptas,
1551 5183 1618 5245 in
1657 5182 1824 5260 dicto
1855 5183 2074 5247 codice
2103 5182 2446 5248 Bodleiano
2474 5180 2688 5243 inveni
2720 5179 2828 5261 (b).
2857 5180 3160 5240 Caeterum
3188 5183 3395 5238 utrum
3442 5180 3696 5255 quartus

430 5291 542 5351 iste
572 5288 776 5353 codex
795 5287 1046 5364 Savilio,
1081 5287 1232 5350 dum
1261 5295 1501 5352 textum
1558 5287 1782 5354 harum
1814 5288 2212 5354 homiliarum
2263 5287 2694 5360 concinnaret,
2725 5285 2803 5347 ad
2823 5301 3079 5346 manum
3109 5282 3322 5358 fuerit,
3357 5298 3437 5343 an
3477 5279 3698 5351 serius,

503 5523 582 5597 (a)
611 5522 767 5597 Unde
795 5541 942 5580 novo
963 5532 1283 5597 argumento
1306 5524 1522 5594 probari
1547 5534 1750 5597 potest,
1784 5540 1886 5595 pro
1907 5526 2012 5582 hoc

2192 5527 2265 5597 (ὁ)
2305 5527 2424 5583 Vid.
2457 5526 2659 5584 Adnot.
2685 5526 2750 5580 ad
2777 5524 3025 5597 ρει-240,
3059 5518 3311 5597 ψη-εδξ
3361 5515 3472 5596 (δά.
3497 5514 3702 5597 calcem

434 5584 598 5669 titulo
630 5593 800 5669 alium
834 5584 1395 5669 postea‘isuppositum
1422 5584 1565 5669 esse:
1612 5584 1749 5669 Nam
1779 5584 1859 5669 de
1877 5597 2009 5650 sub-
2118 5584 2290 5669 partis
2317 5597 2570 5669 secundae
2601 5584 2794 5666 hujus'
2817 5584 3412 5669 'voluniinis).Pa.gin_as
3437 5584 3698 5669 intelligo

431 5665 588 5718 sidiis
630 5662 796 5732 huius
835 5661 1095 5737 editionis
1124 5661 1592 5737 illontel‘alconius
1613 5666 1692 5720 sic
1723 5689 1735 5720 ;
1766 5685 1783 5718 ‹
1821 5665 2008 5721 Graeca
2119 5661 2372 5724 editionis
2403 5661 2819 5737 hlailrinat'quas
2863 5665 3007 5722 inter
3054 5661 3226 5718 un'cos
3251 5661 3312 5716 in
3338 5666 3490 5714 textu
3510 5661 3697 5726 posui-

435 5749 498 5786 ex
524 5747 682 5794 mss.,
715 5741 771 5786 ut
822 5735 1043 5788 credere
1085 5742 1189 5808 est,
1214 5733 1474 5808 Palatinis
1505 5746 1768 5792 eruerunt
1797 5754 1808 5790 :
1843 5751 2009 5805 neque
2119 5756 2258 5794 nius.
2298 5739 2454 5793 Enn.
2482 5736 2671 5808 Pun.)

439 5819 574 5856 unm
615 5811 951 5859 monuerunt.
989 5811 1124 5857 unde
1153 5805 1555 5870 desumpserint.
