4066 6442
325 385 397 434 'rJ
1588 361 1770 427 FRID.
1815 361 2016 424 FIELD
2057 361 2217 423 ῐἪᾸί
2227 359 2453 422 FATIO.

335 486 610 568 ﬁdeliter
648 487 979 553 habentur.
1006 489 1286 552 Alterum
1323 489 1451 568 fuit
1488 489 1680 551 editio
1724 498 2040 570 postrema
2067 489 2449 550 Parisiensis
2475 488 2694 551 Latine
2725 496 2966 550 tantum
2999 509 3037 550 α
3071 489 3146 550 R.
3175 489 3253 552 P.
3286 487 3605 550 Frontone

336 591 558 651 Βασωο
589 593 869 654 societat.
899 595 1048 654 Jesu
1084 591 1416 672 Theologo,
1456 592 1775 671 etc.Atqui
1798 589 1968 671 quod
2000 590 2084 652 ait
2104 591 2209 654 ille
2235 608 2303 654 se
2345 591 2688 670 Anglicano
2711 593 3079 674 exemplari,
3112 595 3241 655 sive
3269 590 3603 662 Saviliano,

337 689 628 768 religiose
681 692 1045 767 adhaesisse,
1092 693 1323 755 mirum
1395 697 1700 772 quantum
1750 709 1786 754 a
1830 707 1980 753 vero
2038 691 2495 753 aberratznam
2541 691 2620 753 ab
2677 691 2785 754 illo
2822 691 3166 773 saepissime
3196 690 3281 752 ita
3303 689 3605 760 dissonat,

332 791 608 852 maxime
656 809 805 854 vero
855 793 1233 873 quibusdam
1279 795 1345 856 in
1381 794 1562 868 locis,
1597 800 1658 855 et
1694 793 1950 872 quidem
1994 799 2089 855 sat
2114 793 2572 873 frequentibus,
2612 798 2680 855 ut
2709 794 2966 873 planum
2999 794 3078 856 sit
3115 793 3293 855 illum
3324 809 3361 854 a
3391 790 3609 852 labore

336 887 472 951 haec
502 887 628 950 duo
659 889 1044 969 exemplaria
1073 891 1442 953 conferendi
1469 891 1564 953 vel
1595 891 1880 965 omnino,
1904 889 2001 951 vel
2031 891 2249 953 saltem
2275 891 2643 972 plerumque
2673 892 3071 954 abstinuisse.
3107 893 3371 953 Prorsus
3397 896 3608 952 autem

335 999 688 1057 consonant
715 995 930 1057 Grasca
957 994 1200 1056 Morelli
1233 1013 1373 1058 cum
1406 995 1636 1057 Graecis
1656 996 2165 1058 Commelinianis
2190 1015 2205 1071 ;
2233 998 2317 1060 ita
2345 1003 2412 1058 ut
2442 998 2629 1060 etiam
2674 1015 2861 1060 voces
2913 1015 3158 1072 omnes,
3189 1015 3332 1077 qua)
3361 995 3610 1059 uncinis

332 1093 744 1158 includuntur
771 1095 836 1158 in
876 1097 1367 1161 Commeliniana
1398 1097 1700 1174 editione,
1728 1098 1793 1160 id
1832 1098 2003 1178 quod
2035 1098 2266 1178 passim
2293 1099 2587 1173 occurrit,
2618 1100 2868 1161 uncinis
2895 1099 3182 1160 similiter
3209 1096 3609 1160 includantur

334 1192 942 1260 in-Morolliana.......
977 1198 1156 1261 Unde
1198 1199 1380 1262 facile
1419 1200 1824 1275 crediderim,
1870 1218 2100 1280 operas
2155 1201 2392 1263 Morelli
2452 1203 2938 1283 typographicas
2971 1202 3049 1264 ad
3097 1198 3607 1264 Comm'elinianaa

334 1287 629 1354 editionis
652 1292 847 1356 fidem
890 1295 1103 1358 Grtnca
1159 1295 1586 1377 Chrysostomi
1641 1298 1935 1361 edidisse.
1977 1301 2051 1361 Et
2076 1306 2285 1362 tamen
2315 1299 2484 1362 nulla
2509 1302 3016 1364 Commelinianre
3048 1300 3341 1364 editionis
3368 1299 3607 1361 mentio

332 1389 601 1455 habetur
637 1395 706 1456 in
730 1395 966 1458 Monito
994 1396 1261 1459 Morelli.
1285 1421 1312 1455 »
1338 1399 1487 1463 Hazc
1516 1402 1840 1464 verissime
1867 1419 1904 1463 a
1929 1401 2421 1465 Montefalconio
2441 1402 2604 1465 dicta
2634 1421 2772 1466 esse
2801 1411 3018 1478 testor,
3053 1402 3402 1484 praisertim
3434 1399 3605 1480 quod

333 1493 411 1584 de
441 1512 685 1558 summa
715 1498 1055 1562 concordia
1087 1501 1543 1582 exemplarium
1569 1504 1914 1568 Morelliani
1944 1511 2006 1567 et
2043 1504 2518 1568 Commeliniani
2557 1505 2856 1580 afﬁrmat;
2889 1505 2976 1569 ita
3009 1512 3102 1579 ut,
3130 1506 3238 1566 sia
3258 1501 3610 1564 manifestis

332 1597 658 1678 utriusque
715 1615 1052 1679 operarum
1097 1604 1415 1666 erroribus
1468 1606 1836 1682 decesseris,
1880 1608 1983 1668 vix
2007 1607 2226 1669 decem
2257 1607 2412 1670 locis
2453 1624 2527 1670 ea
2563 1609 2728 1669 inter
2751 1623 2819 1668 se
2868 1607 3196 1669 dissentire
3229 1603 3605 1668 existimem.

331 1694 550 1778 Itaque
599 1717 744 1762 cum
771 1702 921 1763 satis
949 1710 1222 1781 constet,
1244 1705 1312 1767 in
1347 1704 1463 1768 hac
1502 1706 1784 1769 editione
1821 1706 1978 1769 nihil
2035 1707 2297 1771 omnino
2328 1707 2560 1770 critica)
2622 1705 2769 1769 ﬁdei
2817 1713 2924 1768 aut
2953 1703 3339 1768 auctoritatis
3369 1702 3607 1772 inesse,

325 1817 596 1879 prorsus
619 1803 702 1867 de
729 1819 805 1866 ea
837 1806 1196 1883 tacuissem,
1231 1809 1353 1872 nisi
1387 1811 1528 1872 duaa
1561 1828 1782 1874 causa;
1821 1812 2208 1875 obstitissent
2242 1830 2254 1873 :
2285 1830 2434 1887 una,
2465 1811 2638 1892 quod
2664 1810 2786 1874 hoc
2816 1812 3021 1892 ipsum
3055 1808 3399 1889 exemplar,
3431 1806 3607 1886 cujus

333 1904 816 1984 depravationes
869 1915 997 1972 tam
1049 1912 1304 1992 penitus
1356 1921 1719 1996 perspectas
1758 1914 1983 1978 habuit
2009 1914 2556 1991 Montefalconius,
2589 1918 2726 1996 ipse
2765 1926 2978 1997 spreto
3024 1913 3364 1993 Anglicano
3395 1910 3606 1992 Oper-is

329 2004 466 2065 suis
517 2005 893 2071 imitandum
923 2010 1145 2087 dedit;
1167 2011 1382 2090 altera,
1424 2014 1594 2096 quod
1626 2015 1776 2078 dum
1807 2018 2020 2079 Graeca
2049 2035 2190 2081 mea
2225 2017 2550 2095 ornabam,
2573 2019 2918 2082 editionem
2945 2013 3497 2079 Commelinianam
3527 2011 3605 2072 ad

334 2122 593 2168 manum
622 2106 854 2174 habere
889 2129 1020 2174 non
1052 2113 1269 2193 potui:
1305 2123 1525 2196 postea
1555 2135 1703 2182 vero
1737 2118 2082 2200 exemplari
2119 2127 2508 2201 comparato,
2550 2120 2676 2183 vidi
2703 2121 2766 2187 in
2801 2120 3012 2182 locum
3035 2115 3278 2179 Morelli
3315 2116 3604 2180 Comme-

321 2207 447 2270 ilini
477 2227 709 2274 nomen
724 2212 962 2294 ubique
976 2213 1119 2278 fere
1145 2215 1344 2279 suffici
1369 2234 1560 2299 posse
1595 2219 1709 2302 (α).

411 2311 512 2372 IV.
553 2312 689 2374 Jam
727 2315 980 2377 tandem
1018 2315 1095 2378 ad
1124 2317 1594 2384 Benedictinam
1626 2322 2015 2400 devenimus,
2049 2340 2193 2404 quae
2219 2342 2468 2390 summo
2498 2326 2773 2388 virorum
2807 2323 3137 2386 doctorum
3162 2318 3601 2382 indoctorum~

332 2431 458 2495 que
493 2430 810 2478 consensu
854 2416 932 2480 ad
970 2416 1140 2482 hunc
1189 2419 1356 2484 diem
1387 2421 1715 2484 Editionis
1737 2427 1984 2504 optimo:
2004 2423 2216 2505 elogio
2247 2427 2604 2490 decoratur.
2640 2425 2884 2488 Prodiit
2909 2423 3098 2501 igitur
3116 2423 3390 2501 Opernm
3413 2418 3604 2498 Chry-

323 2514 594 2576 sostomi
623 2520 831 2578 tomus
850 2517 1182 2598 septimus,
1215 2520 1326 2601 qui
1355 2539 1390 2583 a
1416 2523 1648 2585 nostris
1682 2524 1972 2586 Homiliis
1993 2532 2159 2588 totus
2188 2534 2556 2608 occupatur,
2578 2525 2828 2590 Parisiis
2861 2540 3028 2588 anno
3077 2521 3249 2583 1727.
3281 2523 3352 2583 In
3389 2521 3598 2581 fronte

326 2616 475 2680 libri
530 2617 610 2679 de
653 2617 1082 2699 Ghrysostomi
1119 2623 1420 2702 operibus
1468 2624 1536 2685 in
1589 2626 1956 2688 universum
2015 2627 2394 2708 praedicatur
2419 2677 2435 2705 ,
2469 2647 2550 2690 ΕΑ
2596 2646 2678 2690 an
2721 2644 2856 2689 uss.
2901 2641 3158 2687 CODICES
3198 2637 3600 2692 GALLICANOS,

331 2735 700 2794 VATICANOS,
741 2735 1152 2798 A-NGLICA-NOS,
1181 2737 1734 2802 ‘GERMANEOSQUE,
1777 2746 2031 2794 NECNON
2067 2749 2152 2793 AD
2195 2748 2571 2794 SAVILIANAM
2611 2749 2691 2793 ΕΤ
2724 2743 3217 2792 FRONTONIANAM
3255 2740 3603 2796 EDITIONES,

336 2838 676 2884 CASTIGATA
719 2838 891 2884 nssn.
939 2823 1122 2896 Quod
1181 2822 1294 2887 hic
1335 2824 1414 2888 de
1445 2827 1770 2891 codicibus
1795 2829 2640 2911 VaticanisGermanicisque
2678 2833 3231 2901 commemoratur,
3261 2824 3324 2887 id
3365 2823 3444 2886 ad
3483 2822 3603 2884 alia

332 2921 760 3002 Chrysostomi
791 2941 985 3005 opera
1021 2927 1295 3006 pertinet
1329 2944 1342 2988 :
1374 2927 1861 3007 Anglicanorum
1909 2949 2061 2996 vero
2096 2933 2389 2997 codicum
2416 2932 2656 2995 mentio
2701 2929 2952 2994 nonnisi
3009 2928 3273 3010 repetita
3312 2922 3605 2990 editionis

333 3022 658 3085 Savilianaa
683 3023 1034 3089 nominatio
1065 3035 1180 3089 est.
1217 3027 1480 3090 Restant
1505 3046 1657 3111 ergo
1683 3031 2010 3109 Gallicani,
2038 3017 2201 3115 quos
2224 3034 2302 3097 ad
2338 3034 2586 3108 initium
2615 3033 2891 3097 homilia;
2920 3030 3141 3114 primas
3195 3028 3469 3090 breviter
3499 3025 3606 3088 de-

332 3123 620 3202 signavit.
653 3123 1068 3202 Contulimus,
1099 3127 1328 3208 inquit,
1370 3130 1612 3194 codices
1641 3134 1869 3214 Regios
1911 3133 2086 3212 1934,
2131 3135 2312 3212 1940,
2353 3136 2526 3198 1942.
2557 3134 2830 3200 Colbert.
2869 3133 3005 3209 166,
3035 3133 3174 3194 205.
3205 3127 3468 3193 Coislin.
3502 3125 3602 3186 66.

326 3223 543 3286 Alium
564 3225 706 3286 item
732 3223 906 3288 Dom.
953 3226 1275 3290 Foucault.
1310 3238 1368 3291 et
1410 3231 1829 3294 Turonemem
1875 3234 2055 3294 Dom.
2095 3231 2182 3294 du
2214 3233 2480 3308 Poirier,
2502 3232 2737 3295 Medici
2762 3230 3195 3292 eruditissimi.
3217 3225 3425 3290 Habes
3462 3229 3597 3287 octr

321 3326 585 3388 codices
615 3325 780 3389 bene
816 3332 1204 3403 numeratos,
1233 3328 1300 3390 in
1325 3326 1602 3409 quorum
1628 3335 1838 3393 tamen
1875 3331 2096 3395 notitia
2129 3332 2347 3395 Virum
2376 3329 2951 3414 palaeographicum
2981 3334 3042 3391 et
3063 3333 3266 3391 totum
3295 3327 3360 3388 in
3399 3341 3603 3387 mem-

329 3433 668 3496 branarum
697 3431 1122 3514 descriptione
1149 3439 1462 3496 versatum
1491 3433 1786 3514 equidem
1815 3451 1948 3497 non
1978 3451 2278 3514 agnosco.
2323 3435 2499 3509 Quod
2533 3434 2874 3515 plurimum
2923 3431 3210 3505 interest,
3238 3435 3448 3492 utrum
3471 3427 3603 3488 sin-

330 3529 462 3611 guli
491 3530 743 3594 codices
792 3532 1108 3610 integrum
1160 3548 1346 3613 Opus,
1378 3549 1460 3595 an
1489 3533 1769 3614 priorem
1796 3539 2038 3597 tantum
2071 3535 2167 3597 vel
2216 3535 2633 3615 posteriorem
2675 3540 2918 3614 partem
2971 3531 3358 3604 contineant,
3406 3529 3468 3590 id
3523 3544 3604 3590 ne

329 3632 522 3694 verbo
576 3631 834 3711 quidem
873 3631 1229 3696 declaravit.
1291 3634 1424 3706 Qua
1453 3632 1534 3695 de
1587 3649 1656 3696 re
1704 3651 1902 3714 pauca
1935 3635 2120 3699 nobis
2157 3634 2424 3698 dicenda
2454 3641 2622 3697 sunt.
2669 3633 2964 3696 Codicem
2995 3629 3600 3709 Coislinianumipse

328 3730 590 3794 Montef.
644 3733 711 3794 in
773 3729 1160 3794 Bibliotheca
1199 3730 1454 3793 Coislin.
1515 3749 1580 3812 p.
1625 3729 1760 3807 129,
1806 3731 2008 3796 fusius
2060 3733 2391 3813 descripsit
2437 3749 2451 3794 :
2493 3733 2774 3814 continet
2824 3729 3116 3793 homilias
3151 3730 3300 3803 XLV
3330 3729 3602 3809 priores.

329 3835 568 3915 Regius
619 3833 793 3911 1940,
829 3833 1022 3898 hodie
1059 3833 1198 3910 673,
1229 3833 1482 3897 easdem
1514 3833 1722 3897 habet.
1759 3837 1994 3914 Regius
2041 3835 2214 3913 1942,
2246 3836 2438 3901 hodie
2483 3835 2621 3912 666,
2663 3841 2725 3898 et
2755 3837 2913 3914 Reg.
2953 3833 3206 3909 1934-3,
3238 3832 3430 3896 hodie
3458 3833 3598 3910 668,

330 3937 577 4018 priores
603 3937 785 3997 XLIV
815 3944 1083 4016 uterque
1106 3941 1414 3998 numerat.
1440 3938 1717 4011 Quatuor
1737 3936 1857 4000 hos
1878 3939 2130 4002 codices
2166 3939 2302 4020 ipse
2329 3938 2601 4019 inspexi,
2631 3935 3064 4016 lectionesque
3089 3935 3425 3996 nonnullas
3450 3935 3602 3998 inde

331 4043 682 4116 excerptas,
714 4035 782 4098 in
814 4033 1327 4099 adnotationibus
1355 4053 1502 4106 eum
1537 4039 1797 4101 Lectore
1847 4039 2327 4104 communicavi.
2368 4039 2602 4118 Regius
2636 4035 2888 4113 1934-4,
2920 4035 3112 4099 hodie
3141 4033 3279 4110 685,
3306 4035 3461 4098 mihi
3503 4039 3599 4112 L.,

323 4138 746 4216 posteriorem
804 4136 1206 4203 homiliarum
1249 4146 1494 4220 partem
1531 4141 1836 4206 continet.
1869 4143 1956 4206 De
1979 4144 2226 4206 caeteris
2262 4142 2415 4206 nihil
2439 4147 2836 4222 compertum
2871 4139 3100 4204 habeo.
3141 4141 3447 4201 Caeterum
3487 4157 3600 4202 co-

331 4237 542 4300 dicum
570 4237 884 4301 indicibus
903 4239 972 4301 in
1011 4238 1220 4304 fronte
1259 4241 1473 4320 aperis
1510 4242 1756 4322 positis,
1787 4248 2011 4324 postea
2061 4260 2098 4306 a
2129 4243 2335 4324 prima
2379 4242 2641 4305 homilia
2684 4257 2891 4322 usque
2927 4239 3005 4302 ad
3065 4239 3470 4302 novissimam
3518 4256 3600 4300 ne

331 4357 530 4405 unum
569 4339 828 4420 quidem
866 4338 1237 4403 nominatim
1265 4339 1570 4421 appellat;
1596 4342 1711 4405 sed
1763 4361 1979 4418 unum,
2013 4342 2162 4418 duo,
2209 4341 2392 4417 alios,
2433 4341 2732 4422 quosdam
2789 4339 3094 4419 plurimos
3117 4385 3138 4414 ,.
3168 4337 3291 4402 hoc
3318 4338 3414 4401 vel
3443 4337 3597 4400 illud

331 4440 545 4521 legere
590 4457 880 4515 monens,
916 4439 1157 4504 umbris
1199 4457 1273 4503 ac
1331 4440 1682 4504 simulacris
1719 4440 2022 4506 lectorem
2073 4440 2234 4504 ludit
2266 4439 2376 4523 (b).
2435 4440 2619 4502 Plura
2649 4439 2730 4501 de
2778 4438 2958 4501 istius
2997 4436 3273 4500 hominis
3307 4437 3596 4500 codicum

331 4543 699 4607 tractatione
737 4541 805 4605 in
851 4541 1361 4605 adnotationibus
1417 4541 1570 4619 dixi,
1608 4560 1751 4623 quae
1781 4561 1952 4608 nunc
1998 4550 2288 4625 repetere
2317 4560 2447 4606 non
2475 4541 2702 4624 placet.
2751 4542 3006 4603 Summa
3050 4545 3261 4603 autem
3290 4540 3427 4606 haec
3460 4548 3593 4603 est:

323 4649 592 4712 Codices
629 4664 760 4711 non
801 4646 995 4710 modo
1023 4662 1156 4709 non
1193 4645 1456 4710 contulit
1495 4648 1702 4710 bonus
1720 4647 2093 4724 monachus,
2125 4648 2237 4711 sed
2265 4647 2582 4710 interdum
2609 4646 2796 4709 etiam
2831 4645 2899 4707 in
2926 4644 3084 4708 locis
3113 4644 3594 4720 difficilioribus,

323 4759 397 4813 et
423 4752 534 4813 ubi
559 4767 626 4813 se
654 4748 897 4812 hilarere
932 4748 1287 4830 proﬁtetur,
1307 4764 1390 4812 ne
1418 4747 1699 4828 inspexit
1737 4747 1997 4829 quidem
2029 4747 2130 4829 (c).
2161 4747 2486 4811 Variarum
2517 4747 2862 4811 lectionum
2902 4764 2976 4810 ex
3007 4753 3101 4810 tot
3135 4747 3429 4810 subsidiis
3458 4765 3493 4810 a
3529 4767 3596 4810 se

320 4853 600 4918 evolutis
627 4852 728 4916 vix
755 4853 943 4917 unius
971 4851 1244 4917 codicilli
1263 4866 1534 4915 messem
1561 4851 1817 4933 collegit
1832 4851 1946 4937 (ἀ).
1981 4853 2352 4916 Notularum
2382 4870 2607 4932 magna
2626 4871 2772 4934 pars
2798 4852 2866 4916 in
2899 4852 3062 4916 vitiis
3089 4853 3190 4917 ed.
3213 4853 3594 4916 Morellianae

407 5059 494 5133 to)
517 5059 696 5133 Editio
719 5058 939 5133 Morelli
953 5059 1185 5133 repetita
1212 5068 1298 5116 est
1317 5058 1662 5116 Francofurti
1688 5060 1832 5132 apud
1851 5060 1910 5116 Β.
2023 5080 2043 5115 ε
2084 5059 2308 5117 Montef.
2337 5062 2502 5133 tacite
2523 5063 2751 5119 exclusit
2766 5063 2895 5117 τῶν.
2917 5062 3052 5117 Nam
3082 5062 3297 5133 codices
3323 5062 3593 5133 inspicere

331 5130 393 5186 C.
433 5130 721 5204 Wustium.
753 5145 899 5204 anno
921 5130 1077 5186 1698.
1103 5200 1202 5204 UA
1470 5200 1486 5204 _
1608 5201 1637 5204 η
1723 5130 1740 5132 ⁷
2021 5151 2040 5184 ε
2068 5132 2382 5204 properanti
2435 5133 2637 5189 Critico
2660 5199 2673 5204 ι
2698 5148 2809 5204 non
2845 5133 3107 5204 vacabat._
3129 5151 3146 5184 ι
3183 5131 3319 5204 Ibid.
3351 5130 3540 5203 p.156
3573 5151 3588 5187 :

408 5202 479 5272 (ὁ)
517 5200 700 5277 Semel
723 5200 970 5277 quidem,
1009 5215 1064 5269 p.
1097 5200 1223 5262 287,
1253 5208 1393 5266 not.,
1421 5200 1488 5256 ad
1523 5201 1761 5277 codicum
1796 5218 1911 5257 om-
2021 5221 2040 5254 ‹
2070 5199 2306 5277 ςοᾶἰοθξ
2331 5204 2617 5258 consulere
2646 5199 2879 5277 debebat
2906 5202 3126 5277 Montef.
3157 5221 3175 5254 ›
3200 5202 3334 5277 Ibid.
3354 5199 3417 5274 'p.
3450 5205 3585 5277 i§_9:

333 5272 480 5342 nium
514 5271 1286 5342 emeudcitissimainprovocat,
1315 5286 1419 5342 nec
1443 5272 1690 5326 nominat
1706 5280 1911 5328 tamen.
2021 5291 2040 5324 ‹
2076 5273 2246 5328 Vetus
2285 5272 2562 5342 lnterpres
2612 5273 2843 5327 multant
2897 5273 3170 5342 discrepat
3197 5290 3225 5327 a
3247 5271 3450 5328 Graeco.
3487 5273 3587 5328 llic

332 5341 431 5410 Cf.
465 5356 586 5408 qua;
624 5340 733 5410 dixi
790 5341 846 5394 in
891 5340 1088 5394 Adnot.
1114 5340 1181 5395 ad
1225 5356 1278 5410 p.
1310 5340 1436 5395 205.-
1471 5341 1726 5404 Matthaai,
1768 5341 1905 5397 Nov.
2020 5361 2040 5394 α
2075 5358 2204 5410 ergo
2228 5340 2545 5397 consulendi
2574 5351 2730 5396 erant
2757 5342 2990 5397 codices.
3039 5360 3058 5392 ι
3081 5340 3164 5396 Et
3184 5344 3262 5396 sic
3291 5344 3516 5398 centies.

333 5409 516 5482 Eclog.
541 5426 596 5482 ῃ.
627 5409 767 5482 235:
793 5428 812 5460 ς
844 5411 922 5482 ita
949 5425 1079 5482 ergo
1099 5409 1634 5482 invenit_Montef.in
1664 5412 1776 5466 suis
1791 5411 1912 5467 XIV
2089 5409 2163 5482 (αἱ
2197 5412 2311 5466 Hoc
2337 5412 2394 5465 in
2427 5411 2844 5482 Commentariis
2873 5412 2943 5466 ad
2993 5411 3139 5466 Pauli
3169 5413 3438 5482 Epistolas
3488 5428 3592 5482 po-

339 5497 359 5529 ε
389 5479 668 5550 codicibus
695 5480 796 5550 [ες.
835 5479 1188 5534 Homiliarum
1210 5481 1268 5532 in
1305 5479 1585 5550 Joannem]
1611 5482 1752 5550 apud
1783 5498 1912 5537 suos
2015 5479 2276 5537 steriores
2303 5481 2645 5536 manifestius
2671 5483 2903 5547 videtur,
2927 5482 3020 5538 ubi
3048 5482 3100 5535 iu
3125 5479 3332 5550 integra
3365 5479 3588 5537 homilia

343 5569 361 5622 ε
401 5549 674 5622 quosdam,
700 5549 758 5603 et
789 5550 933 5620 apud
970 5565 1098 5605 suos
1147 5549 1302 5617 alios,
1341 5565 1478 5620 quos
1515 5549 1676 5605 nemo
1716 5561 1913 5622 praeter
2014 5569 2179 5606 unam
2211 5551 2484 5606 interdum
2536 5551 2914 5622 lcctiﬁuncnlam
2961 5567 3026 5606 ex
3075 5549 3355 5607 codicibus
3407 5553 3586 5607 aﬂert.

335 5612 770 5691 ipsunrpovit.)
823 5612 841 5620 ’
960 5689 975 5691 _
1289 5612 1298 5617 ⁷
1343 5612 1376 5691 ξ
1433 5690 1436 5691 ν
1611 5689 1640 5691 υ
1691 5612 1735 5691 γ’
2013 5622 2196 5676 Valrk.
2229 5636 2418 5691 opusc.
2465 5637 2522 5684 II,
2554 5637 2607 5690 p.
2651 5621 2748 5676 198
2781 5639 2795 5676 :
2835 5643 2852 5674 ι
2879 5621 3012 5676 Illud
3034 5637 3165 5676 vero
3189 5622 3372 5687 miror,
3402 5622 3455 5676 in
3485 5623 3588 5676 ista

413 5687 486 5766 (εξ
511 5687 647 5766 Vide
668 5688 867 5742 Adnot.
909 5689 979 5744 ad
1015 5703 1110 5758 pp.
1150 5689 1272 5751 155,
1335 5688 1462 5766 295,
1499 5696 1560 5766 e_t_
1577 5689 1723 5766 alibi.
1759 5691 1907 5766 Idem
2015 5687 2294 5766 splendida
2329 5691 2459 5745 edit.
2487 5687 2592 5766 tam
2633 5706 2782 5745 raras
2806 5707 2872 5746 ex
2905 5691 3066 5749 codd.
3088 5692 3276 5766 Regiis
3299 5693 3588 5749 adnotatas

339 5755 610 5812 Hatthtrio
634 5772 849 5828 quoque
878 5755 1196 5828 persuasum
1222 5767 1321 5814 est.
1355 5759 1488 5814 Nov.
1521 5759 1704 5829 Eclog.
1745 5777 1800 5831 p.
1834 5762 1863 5815 7
1892 5780 1904 5816 :
2016 5755 2116 5831 legi
2147 5762 2432 5829 scriptura:
2463 5761 2774 5819 varietates.
2808 5779 2828 5814 ι
