  <div class='ocr_page' id='page_1' title='image "/cluster/home/n/w/nwhite01/storage/ocr_20150623/57:no.7:pt.1/coo.31924054869577/019.png"; bbox 0 0 4066 6442; ppageno 0'>
   <div class='ocr_carea' id='block_1_1' title="bbox 364 355 2456 418">
    <p class='ocr_par' dir='ltr' id='par_1_1' title="bbox 364 355 2456 418">
     <span class='ocr_line' id='line_1_1' title="bbox 364 355 2456 418; baseline 0 -4"><span class='ocrx_word' id='word_1_1' title='bbox 364 377 459 418; x_wconf 74' lang='lat' dir='ltr'><strong>rm</strong></span> <span class='ocrx_word' id='word_1_2' title='bbox 1589 355 1773 413; x_wconf 68' lang='lat' dir='ltr'><strong>FRID.</strong></span> <span class='ocrx_word' id='word_1_3' title='bbox 1815 357 2016 411; x_wconf 77' lang='lat' dir='ltr'><strong>FIELD</strong></span> <span class='ocrx_word' id='word_1_4' title='bbox 2071 355 2456 416; x_wconf 65' lang='lat' dir='ltr'><strong>PBJSFATIO.</strong></span> 
     </span>
    </p>
   </div>
   <div class='ocr_carea' id='block_1_2' title="bbox 367 469 3636 557">
    <p class='ocr_par' dir='ltr' id='par_1_2' title="bbox 367 469 3636 557">
     <span class='ocr_line' id='line_1_2' title="bbox 367 469 3636 557; baseline 0.004 -30"><span class='ocrx_word' id='word_1_5' title='bbox 367 481 511 546; x_wconf 73' lang='lat' dir='ltr'><strong>qum</strong></span> <span class='ocrx_word' id='word_1_6' title='bbox 538 484 615 530; x_wconf 87' lang='lat' dir='ltr'><strong>ex</strong></span> <span class='ocrx_word' id='word_1_7' title='bbox 649 469 936 535; x_wconf 85' lang='lat' dir='ltr'><strong>Homiliis</strong></span> <span class='ocrx_word' id='word_1_8' title='bbox 973 472 1038 535; x_wconf 91' lang='lat' dir='ltr'><strong>in</strong></span> <span class='ocrx_word' id='word_1_9' title='bbox 1076 473 1433 538; x_wconf 64' lang='lat' dir='ltr'><strong>Matthaaum</strong></span> <span class='ocrx_word' id='word_1_10' title='bbox 1489 484 1786 557; x_wconf 81' lang='lat' dir='ltr'><strong>excerpta</strong></span> <span class='ocrx_word' id='word_1_11' title='bbox 1815 481 1985 552; x_wconf 84' lang='lat' dir='ltr'><strong>sunt,</strong></span> <span class='ocrx_word' id='word_1_12' title='bbox 2016 478 2324 553; x_wconf 89' lang='lat' dir='ltr'><strong>omnium,</strong></span> <span class='ocrx_word' id='word_1_13' title='bbox 2359 478 2422 539; x_wconf 88' lang='lat' dir='ltr'><strong>ni</strong></span> <span class='ocrx_word' id='word_1_14' title='bbox 2447 476 2654 553; x_wconf 80' lang='lat' dir='ltr'><strong>fallor,</strong></span> <span class='ocrx_word' id='word_1_15' title='bbox 2684 476 2939 540; x_wconf 87' lang='lat' dir='ltr'><strong>sedibus</strong></span> <span class='ocrx_word' id='word_1_16' title='bbox 2967 474 3298 557; x_wconf 84' lang='lat' dir='ltr'><strong>indagatis,</strong></span> <span class='ocrx_word' id='word_1_17' title='bbox 3323 473 3636 540; x_wconf 81' lang='lat' dir='ltr'><strong>lectiones</strong></span> 
     </span>
    </p>
   </div>
   <div class='ocr_carea' id='block_1_3' title="bbox 369 579 2722 670">
    <p class='ocr_par' dir='ltr' id='par_1_3' title="bbox 369 579 2722 670">
     <span class='ocr_line' id='line_1_3' title="bbox 369 579 2722 670; baseline 0.005 -39"><span class='ocrx_word' id='word_1_18' title='bbox 369 586 488 633; x_wconf 89' lang='lat' dir='ltr'><strong>nec</strong></span> <span class='ocrx_word' id='word_1_19' title='bbox 518 590 750 652; x_wconf 85' lang='lat' dir='ltr'><strong>paucas</strong></span> <span class='ocrx_word' id='word_1_20' title='bbox 778 593 892 638; x_wconf 90' lang='lat' dir='ltr'><strong>nec</strong></span> <span class='ocrx_word' id='word_1_21' title='bbox 920 579 1436 662; x_wconf 80' lang='lat' dir='ltr'><strong>contemnendas,</strong></span> <span class='ocrx_word' id='word_1_22' title='bbox 1469 597 1598 642; x_wconf 90' lang='lat' dir='ltr'><strong>non</strong></span> <span class='ocrx_word' id='word_1_23' title='bbox 1629 580 1766 642; x_wconf 87' lang='lat' dir='ltr'><strong>sine</strong></span> <span class='ocrx_word' id='word_1_24' title='bbox 1798 597 2028 659; x_wconf 87' lang='lat' dir='ltr'><strong>magno</strong></span> <span class='ocrx_word' id='word_1_25' title='bbox 2056 580 2272 670; x_wconf 77' lang='lat' dir='ltr'><strong>labore</strong></span> <span class='ocrx_word' id='word_1_26' title='bbox 2308 589 2528 644; x_wconf 89' lang='lat' dir='ltr'><strong>nactus</strong></span> <span class='ocrx_word' id='word_1_27' title='bbox 2559 597 2722 643; x_wconf 91' lang='lat' dir='ltr'><strong>sum.</strong></span> 
     </span>
    </p>
   </div>
   <div class='ocr_carea' id='block_1_4' title="bbox 438 672 3634 836">
    <p class='ocr_par' dir='ltr' id='par_1_4' title="bbox 438 672 3634 836">
     <span class='ocr_line' id='line_1_4' title="bbox 438 672 3634 835; baseline 0.003 -102"><span class='ocrx_word' id='word_1_28' title='bbox 438 672 902 835; x_wconf 52' lang='lat' dir='ltr'><strong>1&#39;i‘heOphylacti</strong></span> <span class='ocrx_word' id='word_1_29' title='bbox 929 680 1426 744; x_wconf 90' lang='lat' dir='ltr'><strong>Commentarius</strong></span> <span class='ocrx_word' id='word_1_30' title='bbox 1457 681 1522 744; x_wconf 93' lang='lat' dir='ltr'><strong>in</strong></span> <span class='ocrx_word' id='word_1_31' title='bbox 1552 681 1935 760; x_wconf 66' lang='lat' dir='ltr'><strong>Matthaeum,</strong></span> <span class='ocrx_word' id='word_1_32' title='bbox 1975 681 2164 763; x_wconf 89' lang='lat' dir='ltr'><strong>hujus</strong></span> <span class='ocrx_word' id='word_1_33' title='bbox 2199 683 2412 762; x_wconf 89' lang='lat' dir='ltr'><strong>operis</strong></span> <span class='ocrx_word' id='word_1_34' title='bbox 2439 683 2504 744; x_wconf 91' lang='lat' dir='ltr'><strong>in</strong></span> <span class='ocrx_word' id='word_1_35' title='bbox 2537 681 2801 760; x_wconf 75' lang='lat' dir='ltr'><strong>gratiam</strong></span> <span class='ocrx_word' id='word_1_36' title='bbox 2829 697 2865 743; x_wconf 90' lang='lat' dir='ltr'><strong>a</strong></span> <span class='ocrx_word' id='word_1_37' title='bbox 2890 681 3076 744; x_wconf 89' lang='lat' dir='ltr'><strong>nobis</strong></span> <span class='ocrx_word' id='word_1_38' title='bbox 3111 698 3442 758; x_wconf 84' lang='lat' dir='ltr'><strong>excussus,</strong></span> <span class='ocrx_word' id='word_1_39' title='bbox 3465 697 3634 744; x_wconf 88' lang='lat' dir='ltr'><strong>non-</strong></span> 
     </span>
     <span class='ocr_line' id='line_1_5' title="bbox 487 773 1073 836; baseline 0.003 -2"><span class='ocrx_word' id='word_1_40' title='bbox 487 773 524 834; x_wconf 91' lang='lat' dir='ltr'><strong>il</strong></span> <span class='ocrx_word' id='word_1_41' title='bbox 554 775 817 836; x_wconf 86' lang='lat' dir='ltr'><strong>subsidii</strong></span> <span class='ocrx_word' id='word_1_42' title='bbox 847 776 1073 836; x_wconf 79' lang='lat' dir='ltr'><strong>attulit.</strong></span> 
     </span>
    </p>
   </div>
   <div class='ocr_carea' id='block_1_5' title="bbox 369 773 1073 840">
    <p class='ocr_par' dir='ltr' id='par_1_5' title="bbox 369 773 1073 840">
     <span class='ocr_line' id='line_1_6' title="bbox 369 773 1073 840; baseline 0.009 -7"><span class='ocrx_word' id='word_1_43' title='bbox 369 773 524 835; x_wconf 81' lang='lat' dir='ltr'><strong>nihil</strong></span> <span class='ocrx_word' id='word_1_44' title='bbox 554 775 817 838; x_wconf 87' lang='lat' dir='ltr'><strong>subsidii</strong></span> <span class='ocrx_word' id='word_1_45' title='bbox 847 776 1073 840; x_wconf 80' lang='lat' dir='ltr'><strong>attulit.</strong></span> 
     </span>
    </p>
   </div>
   <div class='ocr_carea' id='block_1_6' title="bbox 445 901 3636 993">
    <p class='ocr_par' dir='ltr' id='par_1_6' title="bbox 445 901 3636 993">
     <span class='ocr_line' id='line_1_7' title="bbox 445 901 3636 993; baseline 0.003 -30"><span class='ocrx_word' id='word_1_46' title='bbox 445 901 678 982; x_wconf 85' lang='lat' dir='ltr'><strong>Majore</strong></span> <span class='ocrx_word' id='word_1_47' title='bbox 704 951 719 978; x_wconf 93' lang='lat'><strong>,</strong></span> <span class='ocrx_word' id='word_1_48' title='bbox 764 905 895 968; x_wconf 90' lang='lat' dir='ltr'><strong>imo</strong></span> <span class='ocrx_word' id='word_1_49' title='bbox 963 906 1240 970; x_wconf 88' lang='lat' dir='ltr'><strong>maximo</strong></span> <span class='ocrx_word' id='word_1_50' title='bbox 1308 926 1451 972; x_wconf 89' lang='lat' dir='ltr'><strong>cum</strong></span> <span class='ocrx_word' id='word_1_51' title='bbox 1503 907 1737 986; x_wconf 86' lang='lat' dir='ltr'><strong>fructu,</strong></span> <span class='ocrx_word' id='word_1_52' title='bbox 1778 908 2161 972; x_wconf 86' lang='lat' dir='ltr'><strong>contulimus</strong></span> <span class='ocrx_word' id='word_1_53' title='bbox 2200 909 2521 993; x_wconf 85' lang='lat' dir='ltr'><strong>Euthymii</strong></span> <span class='ocrx_word' id='word_1_54' title='bbox 2568 911 2865 992; x_wconf 89' lang='lat' dir='ltr'><strong>Zigabeni</strong></span> <span class='ocrx_word' id='word_1_55' title='bbox 2897 928 3082 992; x_wconf 80' lang='lat' dir='ltr'><strong>Opus,</strong></span> <span class='ocrx_word' id='word_1_56' title='bbox 3128 909 3301 991; x_wconf 89' lang='lat' dir='ltr'><strong>quod</strong></span> <span class='ocrx_word' id='word_1_57' title='bbox 3341 925 3636 987; x_wconf 84' lang='lat' dir='ltr'><strong>magnam</strong></span> 
     </span>
    </p>
   </div>
   <div class='ocr_carea' id='block_1_7' title="bbox 369 1001 3638 1092">
    <p class='ocr_par' dir='ltr' id='par_1_7' title="bbox 369 1001 3638 1092">
     <span class='ocr_line' id='line_1_8' title="bbox 369 1001 3638 1092; baseline 0.004 -36"><span class='ocrx_word' id='word_1_58' title='bbox 369 1004 610 1077; x_wconf 79' lang='lat' dir='ltr'><strong>partem</strong></span> <span class='ocrx_word' id='word_1_59' title='bbox 639 1018 719 1064; x_wconf 92' lang='lat' dir='ltr'><strong>ex</strong></span> <span class='ocrx_word' id='word_1_60' title='bbox 766 1001 1193 1083; x_wconf 85' lang='lat' dir='ltr'><strong>Chrysostomi</strong></span> <span class='ocrx_word' id='word_1_61' title='bbox 1244 1009 1734 1084; x_wconf 85' lang='lat' dir='ltr'><strong>commentariis,</strong></span> <span class='ocrx_word' id='word_1_62' title='bbox 1768 1009 1974 1071; x_wconf 83' lang='lat' dir='ltr'><strong>verbis</strong></span> <span class='ocrx_word' id='word_1_63' title='bbox 2030 1009 2358 1090; x_wconf 85' lang='lat' dir='ltr'><strong>paululum</strong></span> <span class='ocrx_word' id='word_1_64' title='bbox 2406 1013 2682 1088; x_wconf 84' lang='lat' dir='ltr'><strong>mutatis,</strong></span> <span class='ocrx_word' id='word_1_65' title='bbox 2731 1011 3105 1092; x_wconf 90' lang='lat' dir='ltr'><strong>decerptum</strong></span> <span class='ocrx_word' id='word_1_66' title='bbox 3143 1027 3304 1083; x_wconf 90' lang='lat' dir='ltr'><strong>esse,</strong></span> <span class='ocrx_word' id='word_1_67' title='bbox 3340 1009 3638 1072; x_wconf 86' lang='lat' dir='ltr'><strong>omnibus</strong></span> 
     </span>
    </p>
   </div>
   <div class='ocr_carea' id='block_1_8' title="bbox 371 1108 3638 1192">
    <p class='ocr_par' dir='ltr' id='par_1_8' title="bbox 371 1108 3638 1192">
     <span class='ocr_line' id='line_1_9' title="bbox 371 1108 3638 1192; baseline 0.002 -29"><span class='ocrx_word' id='word_1_68' title='bbox 371 1109 588 1166; x_wconf 89' lang='lat' dir='ltr'><strong>notum</strong></span> <span class='ocrx_word' id='word_1_69' title='bbox 622 1112 738 1169; x_wconf 90' lang='lat' dir='ltr'><strong>est.</strong></span> <span class='ocrx_word' id='word_1_70' title='bbox 770 1108 970 1189; x_wconf 87' lang='lat' dir='ltr'><strong>Hujus</strong></span> <span class='ocrx_word' id='word_1_71' title='bbox 999 1110 1212 1191; x_wconf 89' lang='lat' dir='ltr'><strong>operis</strong></span> <span class='ocrx_word' id='word_1_72' title='bbox 1243 1111 1436 1174; x_wconf 85' lang='lat' dir='ltr'><strong>editio</strong></span> <span class='ocrx_word' id='word_1_73' title='bbox 1466 1113 1680 1177; x_wconf 91' lang='lat' dir='ltr'><strong>Latina</strong></span> <span class='ocrx_word' id='word_1_74' title='bbox 1715 1132 1753 1176; x_wconf 90' lang='lat' dir='ltr'><strong>a</strong></span> <span class='ocrx_word' id='word_1_75' title='bbox 1782 1115 2027 1177; x_wconf 82' lang='lat' dir='ltr'><strong>Joanne</strong></span> <span class='ocrx_word' id='word_1_76' title='bbox 2058 1115 2372 1178; x_wconf 90' lang='lat' dir='ltr'><strong>Hentenio</strong></span> <span class='ocrx_word' id='word_1_77' title='bbox 2411 1116 2722 1192; x_wconf 84' lang='lat' dir='ltr'><strong>confecta,</strong></span> <span class='ocrx_word' id='word_1_78' title='bbox 2752 1115 2903 1178; x_wconf 90' lang='lat' dir='ltr'><strong>inde</strong></span> <span class='ocrx_word' id='word_1_79' title='bbox 2937 1116 3016 1178; x_wconf 89' lang='lat' dir='ltr'><strong>ab</strong></span> <span class='ocrx_word' id='word_1_80' title='bbox 3053 1130 3221 1177; x_wconf 91' lang='lat' dir='ltr'><strong>anno</strong></span> <span class='ocrx_word' id='word_1_81' title='bbox 3258 1111 3410 1174; x_wconf 76' lang='grc'><strong>1544</strong></span> <span class='ocrx_word' id='word_1_82' title='bbox 3435 1111 3638 1174; x_wconf 83' lang='lat' dir='ltr'><strong>exsti-</strong></span> 
     </span>
    </p>
   </div>
   <div class='ocr_carea' id='block_1_9' title="bbox 369 1207 3638 1296">
    <p class='ocr_par' dir='ltr' id='par_1_9' title="bbox 369 1207 3638 1296">
     <span class='ocr_line' id='line_1_10' title="bbox 369 1207 3638 1296; baseline 0.002 -30"><span class='ocrx_word' id='word_1_83' title='bbox 369 1207 443 1269; x_wconf 89' lang='lat' dir='ltr'><strong>tit</strong></span> <span class='ocrx_word' id='word_1_84' title='bbox 476 1224 490 1267; x_wconf 90' lang='lat'>:</span> <span class='ocrx_word' id='word_1_85' title='bbox 524 1207 779 1271; x_wconf 83' lang='lat' dir='ltr'><strong>Graecus</strong></span> <span class='ocrx_word' id='word_1_86' title='bbox 816 1217 1024 1273; x_wconf 89' lang='lat' dir='ltr'><strong>autem</strong></span> <span class='ocrx_word' id='word_1_87' title='bbox 1073 1218 1281 1276; x_wconf 87' lang='lat' dir='ltr'><strong>textus</strong></span> <span class='ocrx_word' id='word_1_88' title='bbox 1320 1215 1594 1296; x_wconf 89' lang='lat' dir='ltr'><strong>primum</strong></span> <span class='ocrx_word' id='word_1_89' title='bbox 1639 1232 1676 1282; x_wconf 84' lang='lat' dir='ltr'><strong>a</strong></span> <span class='ocrx_word' id='word_1_90' title='bbox 1720 1215 2038 1278; x_wconf 62' lang='lat' dir='ltr'><strong>Matthaaio</strong></span> <span class='ocrx_word' id='word_1_91' title='bbox 2087 1234 2256 1281; x_wconf 93' lang='lat' dir='ltr'><strong>anno</strong></span> <span class='ocrx_word' id='word_1_92' title='bbox 2299 1216 2449 1282; x_wconf 80' lang='lat'><strong>1792</strong></span> <span class='ocrx_word' id='word_1_93' title='bbox 2481 1236 2558 1280; x_wconf 84' lang='lat' dir='ltr'><strong>ex</strong></span> <span class='ocrx_word' id='word_1_94' title='bbox 2597 1217 2844 1280; x_wconf 91' lang='lat' dir='ltr'><strong>duobus</strong></span> <span class='ocrx_word' id='word_1_95' title='bbox 2890 1215 3079 1280; x_wconf 91' lang='lat' dir='ltr'><strong>codd.</strong></span> <span class='ocrx_word' id='word_1_96' title='bbox 3111 1217 3356 1296; x_wconf 88' lang='lat' dir='ltr'><strong>Mosqq.</strong></span> <span class='ocrx_word' id='word_1_97' title='bbox 3393 1211 3638 1295; x_wconf 84' lang='lat' dir='ltr'><strong>publici</strong></span> 
     </span>
    </p>
   </div>
   <div class='ocr_carea' id='block_1_10' title="bbox 369 1307 3001 1398">
    <p class='ocr_par' dir='ltr' id='par_1_10' title="bbox 369 1307 3001 1398">
     <span class='ocr_line' id='line_1_11' title="bbox 369 1307 3001 1398; baseline 0.004 -29"><span class='ocrx_word' id='word_1_98' title='bbox 369 1307 526 1387; x_wconf 87' lang='lat' dir='ltr'><strong>juris</strong></span> <span class='ocrx_word' id='word_1_99' title='bbox 566 1307 794 1385; x_wconf 86' lang='lat' dir='ltr'><strong>factus,</strong></span> <span class='ocrx_word' id='word_1_100' title='bbox 818 1327 986 1374; x_wconf 89' lang='lat' dir='ltr'><strong>nunc</strong></span> <span class='ocrx_word' id='word_1_101' title='bbox 1019 1312 1272 1376; x_wconf 81' lang='lat' dir='ltr'><strong>tandem</strong></span> <span class='ocrx_word' id='word_1_102' title='bbox 1298 1313 1374 1377; x_wconf 90' lang='lat' dir='ltr'><strong>ad</strong></span> <span class='ocrx_word' id='word_1_103' title='bbox 1400 1314 1574 1396; x_wconf 89' lang='lat' dir='ltr'><strong>ipsos</strong></span> <span class='ocrx_word' id='word_1_104' title='bbox 1608 1313 1819 1378; x_wconf 85' lang='lat' dir='ltr'><strong>fontes</strong></span> <span class='ocrx_word' id='word_1_105' title='bbox 1854 1317 2220 1398; x_wconf 79' lang='lat' dir='ltr'><strong>purgandos</strong></span> <span class='ocrx_word' id='word_1_106' title='bbox 2241 1335 2278 1382; x_wconf 90' lang='lat' dir='ltr'><strong>a</strong></span> <span class='ocrx_word' id='word_1_107' title='bbox 2319 1317 2504 1382; x_wconf 91' lang='lat' dir='ltr'><strong>nobis</strong></span> <span class='ocrx_word' id='word_1_108' title='bbox 2541 1317 2858 1382; x_wconf 84' lang='lat' dir='ltr'><strong>adhibitus</strong></span> <span class='ocrx_word' id='word_1_109' title='bbox 2884 1323 3001 1380; x_wconf 91' lang='lat' dir='ltr'><strong>est.</strong></span> 
     </span>
    </p>
   </div>
   <div class='ocr_carea' id='block_1_11' title="bbox 445 1431 3627 1524">
    <p class='ocr_par' dir='ltr' id='par_1_11' title="bbox 445 1431 3627 1524">
     <span class='ocr_line' id='line_1_12' title="bbox 445 1431 3627 1524; baseline 0.003 -32"><span class='ocrx_word' id='word_1_110' title='bbox 445 1431 866 1505; x_wconf 68' lang='lat' dir='ltr'><strong>Quaestionem</strong></span> <span class='ocrx_word' id='word_1_111' title='bbox 905 1433 984 1496; x_wconf 93' lang='lat' dir='ltr'><strong>de</strong></span> <span class='ocrx_word' id='word_1_112' title='bbox 1011 1435 1278 1512; x_wconf 86' lang='lat' dir='ltr'><strong>Aniano,</strong></span> <span class='ocrx_word' id='word_1_113' title='bbox 1315 1443 1524 1500; x_wconf 86' lang='lat' dir='ltr'><strong>vetere</strong></span> <span class='ocrx_word' id='word_1_114' title='bbox 1547 1436 1771 1500; x_wconf 91' lang='lat' dir='ltr'><strong>harum</strong></span> <span class='ocrx_word' id='word_1_115' title='bbox 1808 1439 2222 1503; x_wconf 88' lang='lat' dir='ltr'><strong>Homiliarum</strong></span> <span class='ocrx_word' id='word_1_116' title='bbox 2249 1440 2619 1523; x_wconf 83' lang='lat' dir='ltr'><strong>interprete,</strong></span> <span class='ocrx_word' id='word_1_117' title='bbox 2652 1441 2942 1524; x_wconf 89' lang='lat' dir='ltr'><strong>pluribus</strong></span> <span class='ocrx_word' id='word_1_118' title='bbox 2971 1440 3255 1504; x_wconf 86' lang='lat' dir='ltr'><strong>tractavit</strong></span> <span class='ocrx_word' id='word_1_119' title='bbox 3299 1438 3627 1502; x_wconf 81' lang='lat' dir='ltr'><strong>Montefal-</strong></span> 
     </span>
    </p>
   </div>
   <div class='ocr_carea' id='block_1_12' title="bbox 370 1532 3638 1624">
    <p class='ocr_par' dir='ltr' id='par_1_12' title="bbox 370 1532 3638 1624">
     <span class='ocr_line' id='line_1_13' title="bbox 370 1532 3638 1624; baseline 0.002 -28"><span class='ocrx_word' id='word_1_120' title='bbox 370 1532 593 1596; x_wconf 90' lang='lat' dir='ltr'><strong>conius</strong></span> <span class='ocrx_word' id='word_1_121' title='bbox 637 1532 703 1596; x_wconf 90' lang='lat' dir='ltr'><strong>in</strong></span> <span class='ocrx_word' id='word_1_122' title='bbox 748 1534 1148 1610; x_wconf 65' lang='lat' dir='ltr'><strong>Praaf&#39;atione,</strong></span> <span class='ocrx_word' id='word_1_123' title='bbox 1187 1543 1343 1599; x_wconf 88' lang='lat' dir='ltr'><strong>sect.</strong></span> <span class='ocrx_word' id='word_1_124' title='bbox 1376 1555 1413 1599; x_wconf 91' lang='lat' dir='ltr'><strong>v</strong></span> <span class='ocrx_word' id='word_1_125' title='bbox 1450 1554 1464 1599; x_wconf 92' lang='lat'>:</span> <span class='ocrx_word' id='word_1_126' title='bbox 1502 1555 1646 1618; x_wconf 67' lang='lat' dir='ltr'><strong>qua:</strong></span> <span class='ocrx_word' id='word_1_127' title='bbox 1668 1556 1838 1603; x_wconf 90' lang='lat' dir='ltr'><strong>nunc</strong></span> <span class='ocrx_word' id='word_1_128' title='bbox 1869 1549 2158 1622; x_wconf 90' lang='lat' dir='ltr'><strong>repetere</strong></span> <span class='ocrx_word' id='word_1_129' title='bbox 2188 1558 2320 1604; x_wconf 91' lang='lat' dir='ltr'><strong>non</strong></span> <span class='ocrx_word' id='word_1_130' title='bbox 2338 1548 2536 1606; x_wconf 88' lang='lat' dir='ltr'><strong>vacat.</strong></span> <span class='ocrx_word' id='word_1_131' title='bbox 2565 1543 2766 1624; x_wconf 86' lang='lat' dir='ltr'><strong>Hujus</strong></span> <span class='ocrx_word' id='word_1_132' title='bbox 2793 1541 3101 1606; x_wconf 86' lang='lat' dir='ltr'><strong>versionis</strong></span> <span class='ocrx_word' id='word_1_133' title='bbox 3117 1541 3377 1616; x_wconf 67' lang='lat' dir='ltr'><strong>Latinae,</strong></span> <span class='ocrx_word' id='word_1_134' title='bbox 3402 1539 3638 1604; x_wconf 62' lang='lat' dir='ltr'><strong>saeculo</strong></span> 
     </span>
    </p>
   </div>
   <div class='ocr_carea' id='block_1_13' title="bbox 369 1635 3640 1726">
    <p class='ocr_par' dir='ltr' id='par_1_13' title="bbox 369 1635 3640 1726">
     <span class='ocr_line' id='line_1_14' title="bbox 369 1635 3640 1726; baseline 0.003 -30"><span class='ocrx_word' id='word_1_135' title='bbox 369 1653 412 1696; x_wconf 80' lang='grc' dir='ltr'><strong>ν</strong></span> <span class='ocrx_word' id='word_1_136' title='bbox 434 1635 766 1714; x_wconf 66' lang='lat' dir='ltr'><strong>confectas,</strong></span> <span class='ocrx_word' id='word_1_137' title='bbox 798 1655 946 1719; x_wconf 88' lang='lat' dir='ltr'><strong>pars</strong></span> <span class='ocrx_word' id='word_1_138' title='bbox 969 1639 1253 1717; x_wconf 86' lang='lat' dir='ltr'><strong>minima,</strong></span> <span class='ocrx_word' id='word_1_139' title='bbox 1278 1659 1422 1722; x_wconf 65' lang='lat' dir='ltr'><strong>quae</strong></span> <span class='ocrx_word' id='word_1_140' title='bbox 1457 1643 1700 1706; x_wconf 88' lang='lat' dir='ltr'><strong>scilicet</strong></span> <span class='ocrx_word' id='word_1_141' title='bbox 1727 1651 1874 1707; x_wconf 91' lang='lat' dir='ltr'><strong>octo</strong></span> <span class='ocrx_word' id='word_1_142' title='bbox 1904 1643 2150 1726; x_wconf 91' lang='lat' dir='ltr'><strong>priores</strong></span> <span class='ocrx_word' id='word_1_143' title='bbox 2178 1643 2470 1708; x_wconf 82' lang='lat' dir='ltr'><strong>homilias</strong></span> <span class='ocrx_word' id='word_1_144' title='bbox 2496 1645 2800 1721; x_wconf 90' lang='lat' dir='ltr'><strong>continet,</strong></span> <span class='ocrx_word' id='word_1_145' title='bbox 2842 1644 3034 1709; x_wconf 86' lang='lat' dir='ltr'><strong>hodie</strong></span> <span class='ocrx_word' id='word_1_146' title='bbox 3059 1645 3126 1706; x_wconf 89' lang='lat' dir='ltr'><strong>in</strong></span> <span class='ocrx_word' id='word_1_147' title='bbox 3164 1643 3346 1706; x_wconf 90' lang='lat' dir='ltr'><strong>editis</strong></span> <span class='ocrx_word' id='word_1_148' title='bbox 3381 1660 3640 1722; x_wconf 86' lang='lat' dir='ltr'><strong>compa-</strong></span> 
     </span>
    </p>
   </div>
   <div class='ocr_carea' id='block_1_14' title="bbox 369 1739 3638 1826">
    <p class='ocr_par' dir='ltr' id='par_1_14' title="bbox 369 1739 3638 1826">
     <span class='ocr_line' id='line_1_15' title="bbox 369 1739 3638 1826; baseline 0.003 -31"><span class='ocrx_word' id='word_1_149' title='bbox 369 1739 462 1796; x_wconf 88' lang='lat' dir='ltr'><strong>ret</strong></span> <span class='ocrx_word' id='word_1_150' title='bbox 494 1751 508 1795; x_wconf 93' lang='lat'><strong>:</strong></span> <span class='ocrx_word' id='word_1_151' title='bbox 540 1741 746 1800; x_wconf 89' lang='lat' dir='ltr'><strong>totum</strong></span> <span class='ocrx_word' id='word_1_152' title='bbox 774 1753 923 1801; x_wconf 88' lang='lat' dir='ltr'><strong>vero</strong></span> <span class='ocrx_word' id='word_1_153' title='bbox 956 1739 1185 1802; x_wconf 87' lang='lat' dir='ltr'><strong>librum</strong></span> <span class='ocrx_word' id='word_1_154' title='bbox 1214 1743 1293 1804; x_wconf 88' lang='lat' dir='ltr'><strong>ab</strong></span> <span class='ocrx_word' id='word_1_155' title='bbox 1325 1758 1405 1804; x_wconf 93' lang='lat' dir='ltr'><strong>eo</strong></span> <span class='ocrx_word' id='word_1_156' title='bbox 1442 1759 1821 1806; x_wconf 84' lang='lat' dir='ltr'><strong>conversum</strong></span> <span class='ocrx_word' id='word_1_157' title='bbox 1851 1760 2012 1818; x_wconf 87' lang='lat' dir='ltr'><strong>esse,</strong></span> <span class='ocrx_word' id='word_1_158' title='bbox 2049 1743 2179 1808; x_wconf 91' lang='lat' dir='ltr'><strong>imo</strong></span> <span class='ocrx_word' id='word_1_159' title='bbox 2209 1745 2519 1824; x_wconf 84' lang='lat' dir='ltr'><strong>integram</strong></span> <span class='ocrx_word' id='word_1_160' title='bbox 2543 1744 2678 1826; x_wconf 89' lang='lat' dir='ltr'><strong>ejus</strong></span> <span class='ocrx_word' id='word_1_161' title='bbox 2704 1743 3058 1806; x_wconf 88' lang='lat' dir='ltr'><strong>versionem</strong></span> <span class='ocrx_word' id='word_1_162' title='bbox 3079 1741 3157 1804; x_wconf 89' lang='lat' dir='ltr'><strong>ad</strong></span> <span class='ocrx_word' id='word_1_163' title='bbox 3191 1741 3362 1803; x_wconf 92' lang='lat' dir='ltr'><strong>hunc</strong></span> <span class='ocrx_word' id='word_1_164' title='bbox 3382 1740 3547 1803; x_wconf 90' lang='lat' dir='ltr'><strong>diem</strong></span> <span class='ocrx_word' id='word_1_165' title='bbox 3572 1741 3638 1804; x_wconf 90' lang='lat' dir='ltr'><strong>in</strong></span> 
     </span>
    </p>
   </div>
   <div class='ocr_carea' id='block_1_15' title="bbox 370 1834 3633 1924">
    <p class='ocr_par' dir='ltr' id='par_1_15' title="bbox 370 1834 3633 1924">
     <span class='ocr_line' id='line_1_16' title="bbox 370 1834 3633 1924; baseline 0.002 -29"><span class='ocrx_word' id='word_1_166' title='bbox 370 1834 896 1900; x_wconf 88' lang='lat' dir='ltr'><strong>bibliothecarum</strong></span> <span class='ocrx_word' id='word_1_167' title='bbox 927 1838 1182 1902; x_wconf 87' lang='lat' dir='ltr'><strong>latebris</strong></span> <span class='ocrx_word' id='word_1_168' title='bbox 1216 1839 1586 1904; x_wconf 87' lang='lat' dir='ltr'><strong>delitescere</strong></span> <span class='ocrx_word' id='word_1_169' title='bbox 1609 1859 1822 1924; x_wconf 88' lang='lat' dir='ltr'><strong>posse,</strong></span> <span class='ocrx_word' id='word_1_170' title='bbox 1855 1842 2286 1923; x_wconf 89' lang='lat' dir='ltr'><strong>probabilibus</strong></span> <span class='ocrx_word' id='word_1_171' title='bbox 2314 1845 2702 1923; x_wconf 85' lang='lat' dir='ltr'><strong>argumentis</strong></span> <span class='ocrx_word' id='word_1_172' title='bbox 2730 1843 2945 1907; x_wconf 90' lang='lat' dir='ltr'><strong>docuit</strong></span> <span class='ocrx_word' id='word_1_173' title='bbox 2964 1840 3487 1906; x_wconf 86' lang='lat' dir='ltr'><strong>Montefalconius</strong></span> <span class='ocrx_word' id='word_1_174' title='bbox 3520 1836 3633 1921; x_wconf 91' lang='lat' dir='ltr'><strong>(a).</strong></span> 
     </span>
    </p>
   </div>
   <div class='ocr_carea' id='block_1_16' title="bbox 447 1939 3634 2025">
    <p class='ocr_par' dir='ltr' id='par_1_16' title="bbox 447 1939 3634 2025">
     <span class='ocr_line' id='line_1_17' title="bbox 447 1939 3634 2025; baseline 0 -23"><span class='ocrx_word' id='word_1_175' title='bbox 447 1939 755 2003; x_wconf 84' lang='lat' dir='ltr'><strong>Ilomilias</strong></span> <span class='ocrx_word' id='word_1_176' title='bbox 793 1957 1016 2005; x_wconf 88' lang='lat' dir='ltr'><strong>omnes</strong></span> <span class='ocrx_word' id='word_1_177' title='bbox 1045 1959 1082 2005; x_wconf 94' lang='lat' dir='ltr'><strong>a</strong></span> <span class='ocrx_word' id='word_1_178' title='bbox 1110 1958 1278 2005; x_wconf 89' lang='lat' dir='ltr'><strong>nona</strong></span> <span class='ocrx_word' id='word_1_179' title='bbox 1302 1943 1379 2006; x_wconf 92' lang='lat' dir='ltr'><strong>ad</strong></span> <span class='ocrx_word' id='word_1_180' title='bbox 1410 1942 1692 2007; x_wconf 87' lang='lat' dir='ltr'><strong>ultimam</strong></span> <span class='ocrx_word' id='word_1_181' title='bbox 1713 1943 1930 2007; x_wconf 88' lang='lat' dir='ltr'><strong>Latine</strong></span> <span class='ocrx_word' id='word_1_182' title='bbox 1967 1946 2227 2009; x_wconf 89' lang='lat' dir='ltr'><strong>vertisse</strong></span> <span class='ocrx_word' id='word_1_183' title='bbox 2260 1945 2448 2025; x_wconf 87' lang='lat' dir='ltr'><strong>vulgo</strong></span> <span class='ocrx_word' id='word_1_184' title='bbox 2476 1945 2755 2010; x_wconf 90' lang='lat' dir='ltr'><strong>creditur</strong></span> <span class='ocrx_word' id='word_1_185' title='bbox 2797 1944 3103 2024; x_wconf 86' lang='lat' dir='ltr'><strong>Georgius</strong></span> <span class='ocrx_word' id='word_1_186' title='bbox 3139 1942 3634 2024; x_wconf 88' lang='lat' dir='ltr'><strong>Trapezuntius:</strong></span> 
     </span>
    </p>
   </div>
   <div class='ocr_carea' id='block_1_17' title="bbox 369 2042 3637 2127">
    <p class='ocr_par' dir='ltr' id='par_1_17' title="bbox 369 2042 3637 2127">
     <span class='ocr_line' id='line_1_18' title="bbox 369 2042 3637 2127; baseline 0.001 -24"><span class='ocrx_word' id='word_1_187' title='bbox 369 2042 542 2122; x_wconf 87' lang='lat' dir='ltr'><strong>quod</strong></span> <span class='ocrx_word' id='word_1_188' title='bbox 573 2048 784 2105; x_wconf 86' lang='lat' dir='ltr'><strong>tamen</strong></span> <span class='ocrx_word' id='word_1_189' title='bbox 817 2059 948 2106; x_wconf 90' lang='lat' dir='ltr'><strong>non</strong></span> <span class='ocrx_word' id='word_1_190' title='bbox 983 2044 1161 2106; x_wconf 89' lang='lat' dir='ltr'><strong>omni</strong></span> <span class='ocrx_word' id='word_1_191' title='bbox 1189 2061 1268 2107; x_wconf 92' lang='lat' dir='ltr'><strong>ex</strong></span> <span class='ocrx_word' id='word_1_192' title='bbox 1295 2049 1476 2127; x_wconf 88' lang='lat' dir='ltr'><strong>parte</strong></span> <span class='ocrx_word' id='word_1_193' title='bbox 1504 2062 1723 2108; x_wconf 84' lang='lat' dir='ltr'><strong>verum</strong></span> <span class='ocrx_word' id='word_1_194' title='bbox 1753 2061 1892 2108; x_wconf 90' lang='lat' dir='ltr'><strong>esse</strong></span> <span class='ocrx_word' id='word_1_195' title='bbox 1921 2044 2111 2108; x_wconf 91' lang='lat' dir='ltr'><strong>docui</strong></span> <span class='ocrx_word' id='word_1_196' title='bbox 2135 2045 2203 2108; x_wconf 92' lang='lat' dir='ltr'><strong>in</strong></span> <span class='ocrx_word' id='word_1_197' title='bbox 2223 2046 2451 2110; x_wconf 89' lang='lat' dir='ltr'><strong>Adnot.</strong></span> <span class='ocrx_word' id='word_1_198' title='bbox 2487 2046 2566 2109; x_wconf 91' lang='lat' dir='ltr'><strong>ad</strong></span> <span class='ocrx_word' id='word_1_199' title='bbox 2593 2065 2660 2127; x_wconf 90' lang='lat' dir='ltr'><strong>p.</strong></span> <span class='ocrx_word' id='word_1_200' title='bbox 2693 2045 2831 2108; x_wconf 90' lang='lat'><strong>838.</strong></span> <span class='ocrx_word' id='word_1_201' title='bbox 2856 2048 3202 2126; x_wconf 88' lang='lat' dir='ltr'><strong>Utrumque</strong></span> <span class='ocrx_word' id='word_1_202' title='bbox 3229 2043 3637 2124; x_wconf 86' lang='lat' dir='ltr'><strong>interpretem</strong></span> 
     </span>
    </p>
   </div>
   <div class='ocr_carea' id='block_1_18' title="bbox 371 2140 3640 2224">
    <p class='ocr_par' dir='ltr' id='par_1_18' title="bbox 371 2140 3640 2224">
     <span class='ocr_line' id='line_1_19' title="bbox 371 2140 3640 2224; baseline -0.001 -20"><span class='ocrx_word' id='word_1_203' title='bbox 371 2148 516 2222; x_wconf 90' lang='lat' dir='ltr'><strong>post</strong></span> <span class='ocrx_word' id='word_1_204' title='bbox 542 2142 822 2205; x_wconf 88' lang='lat' dir='ltr'><strong>Boisium</strong></span> <span class='ocrx_word' id='word_1_205' title='bbox 859 2148 922 2204; x_wconf 91' lang='lat' dir='ltr'><strong>et</strong></span> <span class='ocrx_word' id='word_1_206' title='bbox 951 2141 1248 2204; x_wconf 86' lang='lat' dir='ltr'><strong>Savilium</strong></span> <span class='ocrx_word' id='word_1_207' title='bbox 1297 2142 1509 2207; x_wconf 90' lang='lat' dir='ltr'><strong>denuo</strong></span> <span class='ocrx_word' id='word_1_208' title='bbox 1538 2142 1617 2205; x_wconf 91' lang='lat' dir='ltr'><strong>ad</strong></span> <span class='ocrx_word' id='word_1_209' title='bbox 1675 2142 2105 2205; x_wconf 86' lang='lat' dir='ltr'><strong>dissensiones</strong></span> <span class='ocrx_word' id='word_1_210' title='bbox 2150 2143 2444 2206; x_wconf 90' lang='lat' dir='ltr'><strong>codicum</strong></span> <span class='ocrx_word' id='word_1_211' title='bbox 2499 2142 2931 2224; x_wconf 89' lang='lat' dir='ltr'><strong>dijudicandas</strong></span> <span class='ocrx_word' id='word_1_212' title='bbox 2977 2141 3305 2216; x_wconf 88' lang='lat' dir='ltr'><strong>advocavi;</strong></span> <span class='ocrx_word' id='word_1_213' title='bbox 3361 2140 3640 2204; x_wconf 86' lang='lat' dir='ltr'><strong>adhibita</strong></span> 
     </span>
    </p>
   </div>
   <div class='ocr_carea' id='block_1_19' title="bbox 372 2240 3642 2323">
    <p class='ocr_par' dir='ltr' id='par_1_19' title="bbox 372 2240 3642 2323">
     <span class='ocr_line' id='line_1_20' title="bbox 372 2240 3642 2323; baseline -0.002 -15"><span class='ocrx_word' id='word_1_214' title='bbox 372 2247 584 2308; x_wconf 77' lang='lat' dir='ltr'><strong>tamen</strong></span> <span class='ocrx_word' id='word_1_215' title='bbox 614 2258 859 2306; x_wconf 89' lang='lat' dir='ltr'><strong>summa</strong></span> <span class='ocrx_word' id='word_1_216' title='bbox 896 2241 1214 2317; x_wconf 87' lang='lat' dir='ltr'><strong>cautione,</strong></span> <span class='ocrx_word' id='word_1_217' title='bbox 1249 2258 1330 2305; x_wconf 93' lang='lat' dir='ltr'><strong>ne</strong></span> <span class='ocrx_word' id='word_1_218' title='bbox 1354 2258 1434 2305; x_wconf 93' lang='lat' dir='ltr'><strong>ex</strong></span> <span class='ocrx_word' id='word_1_219' title='bbox 1467 2240 1688 2305; x_wconf 91' lang='lat' dir='ltr'><strong>solutis</strong></span> <span class='ocrx_word' id='word_1_220' title='bbox 1707 2241 2142 2322; x_wconf 82' lang='lat' dir='ltr'><strong>verbosisque,</strong></span> <span class='ocrx_word' id='word_1_221' title='bbox 2172 2241 2491 2305; x_wconf 90' lang='lat' dir='ltr'><strong>interdum</strong></span> <span class='ocrx_word' id='word_1_222' title='bbox 2521 2241 2709 2306; x_wconf 89' lang='lat' dir='ltr'><strong>etiam</strong></span> <span class='ocrx_word' id='word_1_223' title='bbox 2739 2241 2911 2304; x_wconf 85' lang='lat' dir='ltr'><strong>falsis</strong></span> <span class='ocrx_word' id='word_1_224' title='bbox 2938 2241 3352 2323; x_wconf 85' lang='lat' dir='ltr'><strong>interpretum</strong></span> <span class='ocrx_word' id='word_1_225' title='bbox 3383 2257 3642 2304; x_wconf 86' lang='lat' dir='ltr'><strong>conver-</strong></span> 
     </span>
    </p>
   </div>
   <div class='ocr_carea' id='block_1_20' title="bbox 370 2338 3643 2421">
    <p class='ocr_par' dir='ltr' id='par_1_20' title="bbox 370 2338 3643 2421">
     <span class='ocr_line' id='line_1_21' title="bbox 370 2338 3643 2421; baseline -0.002 -14"><span class='ocrx_word' id='word_1_226' title='bbox 370 2339 682 2419; x_wconf 85' lang='lat' dir='ltr'><strong>sionibus,</strong></span> <span class='ocrx_word' id='word_1_227' title='bbox 719 2359 912 2407; x_wconf 87' lang='lat' dir='ltr'><strong>novas</strong></span> <span class='ocrx_word' id='word_1_228' title='bbox 932 2341 1238 2405; x_wconf 87' lang='lat' dir='ltr'><strong>lectiones</strong></span> <span class='ocrx_word' id='word_1_229' title='bbox 1273 2340 1810 2406; x_wconf 90' lang='lat' dir='ltr'><strong>comminiscerer.</strong></span> <span class='ocrx_word' id='word_1_230' title='bbox 1845 2340 2206 2421; x_wconf 85' lang='lat' dir='ltr'><strong>Exemplari</strong></span> <span class='ocrx_word' id='word_1_231' title='bbox 2235 2349 2446 2405; x_wconf 89' lang='lat' dir='ltr'><strong>autem</strong></span> <span class='ocrx_word' id='word_1_232' title='bbox 2474 2358 2626 2403; x_wconf 91' lang='lat' dir='ltr'><strong>usus</strong></span> <span class='ocrx_word' id='word_1_233' title='bbox 2651 2357 2814 2415; x_wconf 91' lang='lat' dir='ltr'><strong>sum,</strong></span> <span class='ocrx_word' id='word_1_234' title='bbox 2861 2338 3034 2420; x_wconf 89' lang='lat' dir='ltr'><strong>quod</strong></span> <span class='ocrx_word' id='word_1_235' title='bbox 3062 2339 3129 2401; x_wconf 92' lang='lat' dir='ltr'><strong>in</strong></span> <span class='ocrx_word' id='word_1_236' title='bbox 3159 2345 3332 2401; x_wconf 86' lang='lat' dir='ltr'><strong>tomo</strong></span> <span class='ocrx_word' id='word_1_237' title='bbox 3360 2339 3643 2402; x_wconf 86' lang='lat' dir='ltr'><strong>secundo</strong></span> 
     </span>
    </p>
   </div>
   <div class='ocr_carea' id='block_1_21' title="bbox 370 2440 3640 2525">
    <p class='ocr_par' dir='ltr' id='par_1_21' title="bbox 370 2440 3640 2525">
     <span class='ocr_line' id='line_1_22' title="bbox 370 2440 3640 2525; baseline -0.001 -16"><span class='ocrx_word' id='word_1_238' title='bbox 370 2445 664 2509; x_wconf 89' lang='lat' dir='ltr'><strong>editionis</strong></span> <span class='ocrx_word' id='word_1_239' title='bbox 693 2443 1144 2525; x_wconf 85' lang='lat' dir='ltr'><strong>Chrysostomi,</strong></span> <span class='ocrx_word' id='word_1_240' title='bbox 1178 2442 1429 2505; x_wconf 85' lang='lat' dir='ltr'><strong>Parisiis</strong></span> <span class='ocrx_word' id='word_1_241' title='bbox 1455 2459 1625 2506; x_wconf 92' lang='lat' dir='ltr'><strong>anno</strong></span> <span class='ocrx_word' id='word_1_242' title='bbox 1656 2441 1805 2505; x_wconf 87' lang='grc'><strong>1580</strong></span> <span class='ocrx_word' id='word_1_243' title='bbox 1833 2442 2052 2505; x_wconf 90' lang='lat' dir='ltr'><strong>Latine</strong></span> <span class='ocrx_word' id='word_1_244' title='bbox 2072 2459 2347 2518; x_wconf 70' lang='lat' dir='ltr'><strong>excusaa,</strong></span> <span class='ocrx_word' id='word_1_245' title='bbox 2383 2447 2620 2516; x_wconf 89' lang='lat' dir='ltr'><strong>exstat;</strong></span> <span class='ocrx_word' id='word_1_246' title='bbox 2652 2441 2765 2504; x_wconf 91' lang='lat' dir='ltr'><strong>ubi</strong></span> <span class='ocrx_word' id='word_1_247' title='bbox 2793 2441 2873 2504; x_wconf 89' lang='lat' dir='ltr'><strong>ad</strong></span> <span class='ocrx_word' id='word_1_248' title='bbox 2899 2441 3138 2504; x_wconf 87' lang='lat' dir='ltr'><strong>calcem</strong></span> <span class='ocrx_word' id='word_1_249' title='bbox 3160 2441 3335 2505; x_wconf 88' lang='lat' dir='ltr'><strong>hom.</strong></span> <span class='ocrx_word' id='word_1_250' title='bbox 3365 2459 3470 2503; x_wconf 73' lang='lat' dir='ltr'><strong>xc:</strong></span> <span class='ocrx_word' id='word_1_251' title='bbox 3501 2440 3640 2506; x_wconf 63' lang='lat' dir='ltr'><strong>haec</strong></span> 
     </span>
    </p>
   </div>
   <div class='ocr_carea' id='block_1_22' title="bbox 370 2540 3644 2625">
    <p class='ocr_par' dir='ltr' id='par_1_22' title="bbox 370 2540 3644 2625">
     <span class='ocr_line' id='line_1_23' title="bbox 370 2540 3644 2625; baseline -0 -18"><span class='ocrx_word' id='word_1_252' title='bbox 370 2547 663 2625; x_wconf 82' lang='lat' dir='ltr'><strong>leguntur</strong></span> <span class='ocrx_word' id='word_1_253' title='bbox 696 2544 878 2606; x_wconf 79' lang='lat' dir='ltr'><strong>:Divi</strong></span> <span class='ocrx_word' id='word_1_254' title='bbox 907 2545 1178 2606; x_wconf 75' lang='lat' dir='ltr'><strong>Joannis</strong></span> <span class='ocrx_word' id='word_1_255' title='bbox 1210 2542 1641 2622; x_wconf 67' lang='grc' dir='ltr'><strong>σὴν-νεοποωί</strong></span> <span class='ocrx_word' id='word_1_256' title='bbox 1663 2540 2088 2604; x_wconf 80' lang='lat' dir='ltr'><strong>Homiliarum</strong></span> <span class='ocrx_word' id='word_1_257' title='bbox 2122 2542 2274 2604; x_wconf 81' lang='lat' dir='ltr'><strong>XCI</strong></span> <span class='ocrx_word' id='word_1_258' title='bbox 2312 2543 2381 2604; x_wconf 76' lang='lat' dir='ltr'><strong>in</strong></span> <span class='ocrx_word' id='word_1_259' title='bbox 2414 2541 2782 2605; x_wconf 69' lang='lat' dir='ltr'><strong>Matthwum</strong></span> <span class='ocrx_word' id='word_1_260' title='bbox 2808 2541 2977 2620; x_wconf 77' lang='lat' dir='ltr'><strong>ﬁnis,</strong></span> <span class='ocrx_word' id='word_1_261' title='bbox 3017 2560 3132 2622; x_wconf 80' lang='lat' dir='ltr'><strong>per</strong></span> <span class='ocrx_word' id='word_1_262' title='bbox 3158 2540 3434 2624; x_wconf 85' lang='lat' dir='ltr'><strong>Philipp.</strong></span> <span class='ocrx_word' id='word_1_263' title='bbox 3473 2545 3644 2606; x_wconf 83' lang='lat' dir='ltr'><strong>Mon-</strong></span> 
     </span>
    </p>
   </div>
   <div class='ocr_carea' id='block_1_23' title="bbox 371 2643 3646 2729">
    <p class='ocr_par' dir='ltr' id='par_1_23' title="bbox 371 2643 3646 2729">
     <span class='ocr_line' id='line_1_24' title="bbox 371 2643 3646 2729; baseline -0.001 -19"><span class='ocrx_word' id='word_1_264' title='bbox 371 2657 588 2711; x_wconf 85' lang='lat' dir='ltr'><strong>tanum</strong></span> <span class='ocrx_word' id='word_1_265' title='bbox 615 2650 1086 2726; x_wconf 76' lang='lat' dir='ltr'><strong>recognitarum</strong></span> <span class='ocrx_word' id='word_1_266' title='bbox 1114 2645 1199 2708; x_wconf 86' lang='lat' dir='ltr'><strong>ad</strong></span> <span class='ocrx_word' id='word_1_267' title='bbox 1231 2643 1619 2724; x_wconf 70' lang='lat' dir='ltr'><strong>exemplaria</strong></span> <span class='ocrx_word' id='word_1_268' title='bbox 1645 2648 1861 2712; x_wconf 69' lang='lat' dir='ltr'><strong>Graeca</strong></span> <span class='ocrx_word' id='word_1_269' title='bbox 1898 2649 2022 2711; x_wconf 83' lang='lat' dir='ltr'><strong>duo</strong></span> <span class='ocrx_word' id='word_1_270' title='bbox 2054 2650 2501 2724; x_wconf 68' lang='lat' dir='ltr'><strong>vetustissima,</strong></span> <span class='ocrx_word' id='word_1_271' title='bbox 2538 2666 2672 2729; x_wconf 71' lang='lat' dir='ltr'><strong>qua</strong></span> <span class='ocrx_word' id='word_1_272' title='bbox 2696 2647 2879 2711; x_wconf 72' lang='lat' dir='ltr'><strong>nobis</strong></span> <span class='ocrx_word' id='word_1_273' title='bbox 2907 2647 3415 2727; x_wconf 76' lang='lat' dir='ltr'><strong>mppcditaverat</strong></span> <span class='ocrx_word' id='word_1_274' title='bbox 3446 2650 3646 2728; x_wconf 75' lang='lat' dir='ltr'><strong>Regia</strong></span> 
     </span>
    </p>
   </div>
   <div class='ocr_carea' id='block_1_24' title="bbox 371 2747 3646 2831">
    <p class='ocr_par' dir='ltr' id='par_1_24' title="bbox 371 2747 3646 2831">
     <span class='ocr_line' id='line_1_25' title="bbox 371 2747 3646 2831; baseline -0 -18"><span class='ocrx_word' id='word_1_275' title='bbox 371 2751 544 2831; x_wconf 82' lang='lat' dir='ltr'><strong>apud</strong></span> <span class='ocrx_word' id='word_1_276' title='bbox 573 2749 992 2831; x_wconf 59' lang='lat' dir='ltr'><strong>Bene-Aquae</strong></span> <span class='ocrx_word' id='word_1_277' title='bbox 1017 2751 1258 2831; x_wconf 80' lang='lat' dir='ltr'><strong>fontem</strong></span> <span class='ocrx_word' id='word_1_278' title='bbox 1280 2749 1676 2813; x_wconf 74' lang='lat' dir='ltr'><strong>bibliotheca.</strong></span> <span class='ocrx_word' id='word_1_279' title='bbox 1695 2749 1944 2813; x_wconf 89' lang='lat' dir='ltr'><strong>Scilicet</strong></span> <span class='ocrx_word' id='word_1_280' title='bbox 1969 2755 2148 2813; x_wconf 89' lang='lat' dir='ltr'><strong>textu</strong></span> <span class='ocrx_word' id='word_1_281' title='bbox 2165 2749 2385 2813; x_wconf 90' lang='lat' dir='ltr'><strong>Latino</strong></span> <span class='ocrx_word' id='word_1_282' title='bbox 2409 2749 2658 2828; x_wconf 90' lang='lat' dir='ltr'><strong>integro</strong></span> <span class='ocrx_word' id='word_1_283' title='bbox 2691 2753 2959 2826; x_wconf 85' lang='lat' dir='ltr'><strong>servato,</strong></span> <span class='ocrx_word' id='word_1_284' title='bbox 2987 2749 3320 2812; x_wconf 85' lang='lat' dir='ltr'><strong>Montanus</strong></span> <span class='ocrx_word' id='word_1_285' title='bbox 3351 2747 3646 2813; x_wconf 87' lang='lat' dir='ltr'><strong>emenda-</strong></span> 
     </span>
    </p>
   </div>
   <div class='ocr_carea' id='block_1_25' title="bbox 373 2849 1952 2930">
    <p class='ocr_par' dir='ltr' id='par_1_25' title="bbox 373 2849 1952 2930">
     <span class='ocr_line' id='line_1_26' title="bbox 373 2849 1952 2930; baseline -0.001 -15"><span class='ocrx_word' id='word_1_286' title='bbox 373 2853 581 2916; x_wconf 88' lang='lat' dir='ltr'><strong>tiones</strong></span> <span class='ocrx_word' id='word_1_287' title='bbox 609 2869 755 2915; x_wconf 91' lang='lat' dir='ltr'><strong>suas</strong></span> <span class='ocrx_word' id='word_1_288' title='bbox 788 2868 920 2916; x_wconf 91' lang='lat' dir='ltr'><strong>non</strong></span> <span class='ocrx_word' id='word_1_289' title='bbox 948 2851 1034 2915; x_wconf 91' lang='lat' dir='ltr'><strong>ita</strong></span> <span class='ocrx_word' id='word_1_290' title='bbox 1067 2850 1297 2915; x_wconf 88' lang='lat' dir='ltr'><strong>multas</strong></span> <span class='ocrx_word' id='word_1_291' title='bbox 1328 2850 1395 2914; x_wconf 92' lang='lat' dir='ltr'><strong>in</strong></span> <span class='ocrx_word' id='word_1_292' title='bbox 1423 2850 1707 2930; x_wconf 88' lang='lat' dir='ltr'><strong>margine</strong></span> <span class='ocrx_word' id='word_1_293' title='bbox 1732 2849 1952 2914; x_wconf 90' lang='lat' dir='ltr'><strong>illevit.</strong></span> 
     </span>
    </p>
   </div>
   <div class='ocr_carea' id='block_1_26' title="bbox 460 3000 3638 3084">
    <p class='ocr_par' dir='ltr' id='par_1_26' title="bbox 460 3000 3638 3084">
     <span class='ocr_line' id='line_1_27' title="bbox 460 3000 3638 3084; baseline -0.001 -15"><span class='ocrx_word' id='word_1_294' title='bbox 460 3005 777 3069; x_wconf 73' lang='lat' dir='ltr'><strong>Yersiom‘:</strong></span> <span class='ocrx_word' id='word_1_295' title='bbox 808 3004 1092 3067; x_wconf 63' lang='lat' dir='ltr'><strong>Armenta</strong></span> <span class='ocrx_word' id='word_1_296' title='bbox 1115 3003 1341 3067; x_wconf 89' lang='lat' dir='ltr'><strong>harum</strong></span> <span class='ocrx_word' id='word_1_297' title='bbox 1375 3000 1791 3066; x_wconf 89' lang='lat' dir='ltr'><strong>Homiliarum</strong></span> <span class='ocrx_word' id='word_1_298' title='bbox 1828 3001 2114 3065; x_wconf 90' lang='lat' dir='ltr'><strong>notitiam</strong></span> <span class='ocrx_word' id='word_1_299' title='bbox 2143 3001 2348 3067; x_wconf 86' lang='lat' dir='ltr'><strong>debeo</strong></span> <span class='ocrx_word' id='word_1_300' title='bbox 2383 3001 2533 3066; x_wconf 89' lang='lat' dir='ltr'><strong>viris</strong></span> <span class='ocrx_word' id='word_1_301' title='bbox 2565 3001 2850 3078; x_wconf 89' lang='lat' dir='ltr'><strong>eruditis,</strong></span> <span class='ocrx_word' id='word_1_302' title='bbox 2884 3002 3312 3067; x_wconf 62' lang='lat' dir='ltr'><strong>Benedictinae</strong></span> <span class='ocrx_word' id='word_1_303' title='bbox 3349 3003 3638 3084; x_wconf 66' lang='lat' dir='ltr'><strong>repetita;</strong></span> 
     </span>
    </p>
   </div>
   <div class='ocr_carea' id='block_1_27' title="bbox 374 3101 3646 3187">
    <p class='ocr_par' dir='ltr' id='par_1_27' title="bbox 374 3101 3646 3187">
     <span class='ocr_line' id='line_1_28' title="bbox 374 3101 3646 3187; baseline -0.002 -15"><span class='ocrx_word' id='word_1_304' title='bbox 374 3106 757 3182; x_wconf 89' lang='lat' dir='ltr'><strong>editoribus;</strong></span> <span class='ocrx_word' id='word_1_305' title='bbox 811 3105 923 3187; x_wconf 87' lang='lat' dir='ltr'><strong>qui</strong></span> <span class='ocrx_word' id='word_1_306' title='bbox 958 3105 1028 3168; x_wconf 93' lang='lat' dir='ltr'><strong>in</strong></span> <span class='ocrx_word' id='word_1_307' title='bbox 1069 3103 1412 3168; x_wconf 87' lang='lat' dir='ltr'><strong>Corollario</strong></span> <span class='ocrx_word' id='word_1_308' title='bbox 1440 3103 1522 3167; x_wconf 91' lang='lat' dir='ltr'><strong>ad</strong></span> <span class='ocrx_word' id='word_1_309' title='bbox 1563 3102 2033 3168; x_wconf 80' lang='lat' dir='ltr'><strong>Montefalconii</strong></span> <span class='ocrx_word' id='word_1_310' title='bbox 2080 3101 2521 3167; x_wconf 73' lang='lat' dir='ltr'><strong>Prtet‘ationem</strong></span> <span class='ocrx_word' id='word_1_311' title='bbox 2567 3103 2705 3169; x_wconf 58' lang='lat' dir='ltr'><strong>haec</strong></span> <span class='ocrx_word' id='word_1_312' title='bbox 2732 3105 3126 3186; x_wconf 89' lang='lat' dir='ltr'><strong>scripserunt</strong></span> <span class='ocrx_word' id='word_1_313' title='bbox 3159 3122 3174 3167; x_wconf 92' lang='lat'><strong>:</strong></span> <span class='ocrx_word' id='word_1_314' title='bbox 3209 3127 3240 3162; x_wconf 75' lang='grc' dir='ltr'>ι</span> <span class='ocrx_word' id='word_1_315' title='bbox 3272 3105 3646 3168; x_wconf 85' lang='lat' dir='ltr'><strong>Versionern</strong></span> 
     </span>
    </p>
   </div>
   <div class='ocr_carea' id='block_1_28' title="bbox 374 3206 3648 3288">
    <p class='ocr_par' dir='ltr' id='par_1_28' title="bbox 374 3206 3648 3288">
     <span class='ocr_line' id='line_1_29' title="bbox 374 3206 3648 3288; baseline -0.003 -11"><span class='ocrx_word' id='word_1_316' title='bbox 374 3219 710 3277; x_wconf 81' lang='lat' dir='ltr'><strong>Armenam</strong></span> <span class='ocrx_word' id='word_1_317' title='bbox 738 3209 973 3275; x_wconf 59' lang='lat' dir='ltr'><strong>saiculo</strong></span> <span class='ocrx_word' id='word_1_318' title='bbox 1007 3228 1052 3273; x_wconf 75' lang='grc' dir='ltr'><strong>ν</strong></span> <span class='ocrx_word' id='word_1_319' title='bbox 1080 3209 1436 3274; x_wconf 80' lang='lat' dir='ltr'><strong>confectam</strong></span> <span class='ocrx_word' id='word_1_320' title='bbox 1467 3212 1531 3272; x_wconf 94' lang='lat' dir='ltr'><strong>S.</strong></span> <span class='ocrx_word' id='word_1_321' title='bbox 1557 3208 1820 3273; x_wconf 85' lang='lat' dir='ltr'><strong>Joannis</strong></span> <span class='ocrx_word' id='word_1_322' title='bbox 1844 3206 2274 3288; x_wconf 86' lang='lat' dir='ltr'><strong>Chrysostomi</strong></span> <span class='ocrx_word' id='word_1_323' title='bbox 2309 3209 2916 3272; x_wconf 82' lang='lat' dir='ltr'><strong>Commentariorum</strong></span> <span class='ocrx_word' id='word_1_324' title='bbox 2941 3209 3008 3271; x_wconf 92' lang='lat' dir='ltr'><strong>in</strong></span> <span class='ocrx_word' id='word_1_325' title='bbox 3039 3210 3104 3270; x_wconf 93' lang='lat' dir='ltr'><strong>S.</strong></span> <span class='ocrx_word' id='word_1_326' title='bbox 3137 3206 3418 3271; x_wconf 65' lang='grc' dir='ltr'><strong>Μωὼωί</strong></span> <span class='ocrx_word' id='word_1_327' title='bbox 3441 3208 3648 3269; x_wconf 85' lang='lat' dir='ltr'><strong>Evan-</strong></span> 
     </span>
    </p>
   </div>
   <div class='ocr_carea' id='block_1_29' title="bbox 375 3310 3649 3399">
    <p class='ocr_par' dir='ltr' id='par_1_29' title="bbox 375 3310 3649 3399">
     <span class='ocr_line' id='line_1_30' title="bbox 375 3310 3649 3399; baseline -0.001 -20"><span class='ocrx_word' id='word_1_328' title='bbox 375 3318 611 3399; x_wconf 80' lang='lat' dir='ltr'><strong>gelium</strong></span> <span class='ocrx_word' id='word_1_329' title='bbox 643 3315 814 3397; x_wconf 81' lang='lat' dir='ltr'><strong>typis</strong></span> <span class='ocrx_word' id='word_1_330' title='bbox 848 3313 1279 3395; x_wconf 86' lang='lat' dir='ltr'><strong>vulgaverunt,</strong></span> <span class='ocrx_word' id='word_1_331' title='bbox 1312 3312 1562 3378; x_wconf 89' lang='lat' dir='ltr'><strong>duobus</strong></span> <span class='ocrx_word' id='word_1_332' title='bbox 1590 3310 2023 3376; x_wconf 89' lang='lat' dir='ltr'><strong>voluminibus</strong></span> <span class='ocrx_word' id='word_1_333' title='bbox 2058 3311 2124 3372; x_wconf 91' lang='lat' dir='ltr'><strong>in</strong></span> <span class='ocrx_word' id='word_1_334' title='bbox 2151 3317 2392 3387; x_wconf 79' lang='lat' dir='ltr'><strong>octavo,</strong></span> <span class='ocrx_word' id='word_1_335' title='bbox 2424 3310 2863 3376; x_wconf 67' lang='lat' dir='ltr'><strong>Mechitaristte</strong></span> <span class='ocrx_word' id='word_1_336' title='bbox 2909 3314 3101 3376; x_wconf 84' lang='lat' dir='ltr'><strong>Revv.</strong></span> <span class='ocrx_word' id='word_1_337' title='bbox 3140 3313 3355 3376; x_wconf 88' lang='lat' dir='ltr'><strong>Patres</strong></span> <span class='ocrx_word' id='word_1_338' title='bbox 3394 3313 3649 3376; x_wconf 86' lang='lat' dir='ltr'><strong>Armeni</strong></span> 
     </span>
    </p>
   </div>
   <div class='ocr_carea' id='block_1_30' title="bbox 374 3413 3644 3493">
    <p class='ocr_par' dir='ltr' id='par_1_30' title="bbox 374 3413 3644 3493">
     <span class='ocr_line' id='line_1_31' title="bbox 374 3413 3644 3493; baseline -0.002 -10"><span class='ocrx_word' id='word_1_339' title='bbox 374 3422 441 3483; x_wconf 85' lang='lat' dir='ltr'><strong>in</strong></span> <span class='ocrx_word' id='word_1_340' title='bbox 476 3418 682 3483; x_wconf 88' lang='lat' dir='ltr'><strong>insula</strong></span> <span class='ocrx_word' id='word_1_341' title='bbox 707 3420 771 3481; x_wconf 92' lang='lat' dir='ltr'><strong>S.</strong></span> <span class='ocrx_word' id='word_1_342' title='bbox 800 3418 1035 3493; x_wconf 87' lang='lat' dir='ltr'><strong>Lazari,</strong></span> <span class='ocrx_word' id='word_1_343' title='bbox 1069 3416 1374 3492; x_wconf 78' lang='lat' dir='ltr'><strong>Venetiis,</strong></span> <span class='ocrx_word' id='word_1_344' title='bbox 1407 3432 1578 3480; x_wconf 89' lang='lat' dir='ltr'><strong>anno</strong></span> <span class='ocrx_word' id='word_1_345' title='bbox 1615 3413 1791 3490; x_wconf 77' lang='lat'><strong>1826,</strong></span> <span class='ocrx_word' id='word_1_346' title='bbox 1821 3415 2014 3478; x_wconf 90' lang='lat' dir='ltr'><strong>nullis</strong></span> <span class='ocrx_word' id='word_1_347' title='bbox 2047 3414 2277 3478; x_wconf 87' lang='lat' dir='ltr'><strong>additis</strong></span> <span class='ocrx_word' id='word_1_348' title='bbox 2306 3413 2472 3485; x_wconf 84' lang='lat' dir='ltr'><strong>notis</strong></span> <span class='ocrx_word' id='word_1_349' title='bbox 2500 3414 2756 3489; x_wconf 87' lang='lat' dir='ltr'><strong>Latinis,</strong></span> <span class='ocrx_word' id='word_1_350' title='bbox 2787 3419 2850 3476; x_wconf 92' lang='lat' dir='ltr'><strong>et</strong></span> <span class='ocrx_word' id='word_1_351' title='bbox 2872 3413 3011 3477; x_wconf 89' lang='lat' dir='ltr'><strong>sine</strong></span> <span class='ocrx_word' id='word_1_352' title='bbox 3039 3413 3446 3478; x_wconf 90' lang='lat' dir='ltr'><strong>translatione</strong></span> <span class='ocrx_word' id='word_1_353' title='bbox 3472 3414 3598 3476; x_wconf 89' lang='lat' dir='ltr'><strong>ulla</strong></span> <span class='ocrx_word' id='word_1_354' title='bbox 3629 3431 3644 3476; x_wconf 92' lang='lat'><strong>:</strong></span> 
     </span>
    </p>
   </div>
   <div class='ocr_carea' id='block_1_31' title="bbox 375 3515 3646 3599">
    <p class='ocr_par' dir='ltr' id='par_1_31' title="bbox 375 3515 3646 3599">
     <span class='ocr_line' id='line_1_32' title="bbox 375 3515 3646 3599; baseline -0.003 -13"><span class='ocrx_word' id='word_1_355' title='bbox 375 3524 461 3587; x_wconf 84' lang='lat' dir='ltr'><strong>ita</strong></span> <span class='ocrx_word' id='word_1_356' title='bbox 486 3531 557 3587; x_wconf 88' lang='lat' dir='ltr'><strong>ut</strong></span> <span class='ocrx_word' id='word_1_357' title='bbox 603 3523 810 3598; x_wconf 89' lang='lat' dir='ltr'><strong>nobis,</strong></span> <span class='ocrx_word' id='word_1_358' title='bbox 862 3527 1149 3585; x_wconf 66' lang='lat' dir='ltr'><strong>Armenes</strong></span> <span class='ocrx_word' id='word_1_359' title='bbox 1177 3520 1413 3599; x_wconf 63' lang='lat' dir='ltr'><strong>linguae</strong></span> <span class='ocrx_word' id='word_1_360' title='bbox 1464 3518 1724 3599; x_wconf 88' lang='lat' dir='ltr'><strong>ignaris,</strong></span> <span class='ocrx_word' id='word_1_361' title='bbox 1779 3517 1901 3581; x_wconf 92' lang='lat' dir='ltr'><strong>hoc</strong></span> <span class='ocrx_word' id='word_1_362' title='bbox 1929 3516 2094 3580; x_wconf 88' lang='lat' dir='ltr'><strong>libro</strong></span> <span class='ocrx_word' id='word_1_363' title='bbox 2127 3517 2220 3579; x_wconf 90' lang='lat' dir='ltr'><strong>uti</strong></span> <span class='ocrx_word' id='word_1_364' title='bbox 2242 3533 2374 3578; x_wconf 92' lang='lat' dir='ltr'><strong>non</strong></span> <span class='ocrx_word' id='word_1_365' title='bbox 2419 3531 2794 3580; x_wconf 90' lang='lat' dir='ltr'><strong>concessum</strong></span> <span class='ocrx_word' id='word_1_366' title='bbox 2825 3515 3036 3578; x_wconf 85' lang='lat' dir='ltr'><strong>fuerit.</strong></span> <span class='ocrx_word' id='word_1_367' title='bbox 3073 3538 3104 3573; x_wconf 84' lang='grc'><strong>»</strong></span> <span class='ocrx_word' id='word_1_368' title='bbox 3145 3515 3401 3578; x_wconf 89' lang='lat' dir='ltr'><strong>Librum</strong></span> <span class='ocrx_word' id='word_1_369' title='bbox 3437 3515 3646 3578; x_wconf 86' lang='lat' dir='ltr'><strong>statim</strong></span> 
     </span>
    </p>
   </div>
   <div class='ocr_carea' id='block_1_32' title="bbox 376 3615 3650 3705">
    <p class='ocr_par' dir='ltr' id='par_1_32' title="bbox 376 3615 3650 3705">
     <span class='ocr_line' id='line_1_33' title="bbox 376 3615 3650 3705; baseline -0.002 -17"><span class='ocrx_word' id='word_1_370' title='bbox 376 3623 761 3705; x_wconf 83' lang='lat' dir='ltr'><strong>comparavi,</strong></span> <span class='ocrx_word' id='word_1_371' title='bbox 793 3628 857 3684; x_wconf 90' lang='lat' dir='ltr'><strong>et</strong></span> <span class='ocrx_word' id='word_1_372' title='bbox 886 3639 1004 3703; x_wconf 90' lang='lat' dir='ltr'><strong>pro</strong></span> <span class='ocrx_word' id='word_1_373' title='bbox 1032 3637 1173 3683; x_wconf 90' lang='lat' dir='ltr'><strong>mea</strong></span> <span class='ocrx_word' id='word_1_374' title='bbox 1197 3620 1379 3684; x_wconf 89' lang='lat' dir='ltr'><strong>istius</strong></span> <span class='ocrx_word' id='word_1_375' title='bbox 1405 3618 1640 3698; x_wconf 63' lang='lat' dir='ltr'><strong>lingua)</strong></span> <span class='ocrx_word' id='word_1_376' title='bbox 1669 3617 1955 3694; x_wconf 91' lang='lat' dir='ltr'><strong>scientia,</strong></span> <span class='ocrx_word' id='word_1_377' title='bbox 1985 3634 2128 3698; x_wconf 72' lang='lat' dir='ltr'><strong>qum</strong></span> <span class='ocrx_word' id='word_1_378' title='bbox 2165 3633 2475 3697; x_wconf 83' lang='lat' dir='ltr'><strong>perquam</strong></span> <span class='ocrx_word' id='word_1_379' title='bbox 2503 3617 2730 3696; x_wconf 88' lang='lat' dir='ltr'><strong>exigua</strong></span> <span class='ocrx_word' id='word_1_380' title='bbox 2763 3623 2880 3692; x_wconf 91' lang='lat' dir='ltr'><strong>est,</strong></span> <span class='ocrx_word' id='word_1_381' title='bbox 2904 3633 3134 3696; x_wconf 89' lang='lat' dir='ltr'><strong>magna</strong></span> <span class='ocrx_word' id='word_1_382' title='bbox 3153 3633 3299 3680; x_wconf 91' lang='lat' dir='ltr'><strong>cum</strong></span> <span class='ocrx_word' id='word_1_383' title='bbox 3327 3615 3650 3698; x_wconf 82' lang='lat' dir='ltr'><strong>voluptate</strong></span> 
     </span>
    </p>
   </div>
   <div class='ocr_carea' id='block_1_33' title="bbox 376 3715 3650 3798">
    <p class='ocr_par' dir='ltr' id='par_1_33' title="bbox 376 3715 3650 3798">
     <span class='ocr_line' id='line_1_34' title="bbox 376 3715 3650 3798; baseline -0.002 -11"><span class='ocrx_word' id='word_1_384' title='bbox 376 3722 602 3788; x_wconf 90' lang='lat' dir='ltr'><strong>evolvi.</strong></span> <span class='ocrx_word' id='word_1_385' title='bbox 660 3721 952 3785; x_wconf 86' lang='lat' dir='ltr'><strong>Continet</strong></span> <span class='ocrx_word' id='word_1_386' title='bbox 1003 3717 1295 3782; x_wconf 89' lang='lat' dir='ltr'><strong>homilias</strong></span> <span class='ocrx_word' id='word_1_387' title='bbox 1327 3734 1433 3780; x_wconf 81' lang='lat' dir='ltr'><strong>un</strong></span> <span class='ocrx_word' id='word_1_388' title='bbox 1483 3717 1752 3798; x_wconf 89' lang='lat' dir='ltr'><strong>priores.</strong></span> <span class='ocrx_word' id='word_1_389' title='bbox 1809 3717 2128 3796; x_wconf 91' lang='lat' dir='ltr'><strong>Interpres</strong></span> <span class='ocrx_word' id='word_1_390' title='bbox 2170 3717 2386 3779; x_wconf 73' lang='lat' dir='ltr'><strong>Graeca</strong></span> <span class='ocrx_word' id='word_1_391' title='bbox 2413 3716 2616 3796; x_wconf 89' lang='lat' dir='ltr'><strong>probe</strong></span> <span class='ocrx_word' id='word_1_392' title='bbox 2669 3715 3004 3792; x_wconf 75' lang='lat' dir='ltr'><strong>intellexit,</strong></span> <span class='ocrx_word' id='word_1_393' title='bbox 3049 3722 3217 3779; x_wconf 86' lang='lat' dir='ltr'><strong>terse</strong></span> <span class='ocrx_word' id='word_1_394' title='bbox 3266 3733 3341 3780; x_wconf 92' lang='lat' dir='ltr'><strong>ac</strong></span> <span class='ocrx_word' id='word_1_395' title='bbox 3381 3717 3650 3780; x_wconf 86' lang='lat' dir='ltr'><strong>ﬁdeliter</strong></span> 
     </span>
    </p>
   </div>
   <div class='ocr_carea' id='block_1_34' title="bbox 376 3815 3652 3908">
    <p class='ocr_par' dir='ltr' id='par_1_34' title="bbox 376 3815 3652 3908">
     <span class='ocr_line' id='line_1_35' title="bbox 376 3815 3652 3908; baseline -0.004 -17"><span class='ocrx_word' id='word_1_396' title='bbox 376 3825 720 3908; x_wconf 86' lang='lat' dir='ltr'><strong>expressit;</strong></span> <span class='ocrx_word' id='word_1_397' title='bbox 752 3822 1072 3888; x_wconf 88' lang='lat' dir='ltr'><strong>interdum</strong></span> <span class='ocrx_word' id='word_1_398' title='bbox 1099 3837 1265 3884; x_wconf 87' lang='lat' dir='ltr'><strong>unus</strong></span> <span class='ocrx_word' id='word_1_399' title='bbox 1292 3818 1579 3883; x_wconf 89' lang='lat' dir='ltr'><strong>omnium</strong></span> <span class='ocrx_word' id='word_1_400' title='bbox 1603 3835 1825 3882; x_wconf 82' lang='lat' dir='ltr'><strong>verum</strong></span> <span class='ocrx_word' id='word_1_401' title='bbox 1854 3817 2008 3880; x_wconf 83' lang='lat' dir='ltr'><strong>vidit</strong></span> <span class='ocrx_word' id='word_1_402' title='bbox 2042 3815 2152 3898; x_wconf 91' lang='lat' dir='ltr'><strong>(b).</strong></span> <span class='ocrx_word' id='word_1_403' title='bbox 2183 3819 2495 3893; x_wconf 87' lang='lat' dir='ltr'><strong>Quantum</strong></span> <span class='ocrx_word' id='word_1_404' title='bbox 2531 3834 2684 3880; x_wconf 88' lang='lat' dir='ltr'><strong>vero</strong></span> <span class='ocrx_word' id='word_1_405' title='bbox 2713 3817 2996 3880; x_wconf 87' lang='lat' dir='ltr'><strong>utilitatis</strong></span> <span class='ocrx_word' id='word_1_406' title='bbox 3024 3817 3104 3881; x_wconf 89' lang='lat' dir='ltr'><strong>ad</strong></span> <span class='ocrx_word' id='word_1_407' title='bbox 3133 3818 3480 3896; x_wconf 86' lang='lat' dir='ltr'><strong>genuinum</strong></span> <span class='ocrx_word' id='word_1_408' title='bbox 3526 3819 3652 3880; x_wconf 80' lang='lat' dir='ltr'><strong>No-</strong></span> 
     </span>
    </p>
   </div>
   <div class='ocr_carea' id='block_1_35' title="bbox 375 3919 3649 4006">
    <p class='ocr_par' dir='ltr' id='par_1_35' title="bbox 375 3919 3649 4006">
     <span class='ocr_line' id='line_1_36' title="bbox 375 3919 3649 4006; baseline -0.004 -11"><span class='ocrx_word' id='word_1_409' title='bbox 375 3927 492 3995; x_wconf 90' lang='lat' dir='ltr'><strong>stri</strong></span> <span class='ocrx_word' id='word_1_410' title='bbox 513 3943 737 3993; x_wconf 87' lang='lat' dir='ltr'><strong>aurum</strong></span> <span class='ocrx_word' id='word_1_411' title='bbox 755 3943 791 3990; x_wconf 87' lang='lat' dir='ltr'><strong>c</strong></span> <span class='ocrx_word' id='word_1_412' title='bbox 819 3923 1114 3988; x_wconf 88' lang='lat' dir='ltr'><strong>sordibus</strong></span> <span class='ocrx_word' id='word_1_413' title='bbox 1142 3921 1495 3987; x_wconf 89' lang='lat' dir='ltr'><strong>eruendum</strong></span> <span class='ocrx_word' id='word_1_414' title='bbox 1523 3921 1673 3985; x_wconf 90' lang='lat' dir='ltr'><strong>inde</strong></span> <span class='ocrx_word' id='word_1_415' title='bbox 1699 3921 2194 4003; x_wconf 88' lang='lat' dir='ltr'><strong>perceperimus,</strong></span> <span class='ocrx_word' id='word_1_416' title='bbox 2226 3939 2344 4004; x_wconf 90' lang='lat' dir='ltr'><strong>pro</strong></span> <span class='ocrx_word' id='word_1_417' title='bbox 2375 3939 2444 3987; x_wconf 92' lang='lat' dir='ltr'><strong>se</strong></span> <span class='ocrx_word' id='word_1_418' title='bbox 2471 3920 2742 4004; x_wconf 82' lang='lat' dir='ltr'><strong>quisque</strong></span> <span class='ocrx_word' id='word_1_419' title='bbox 2769 3919 2912 4003; x_wconf 92' lang='lat' dir='ltr'><strong>ipso</strong></span> <span class='ocrx_word' id='word_1_420' title='bbox 2942 3936 3138 4002; x_wconf 89' lang='lat' dir='ltr'><strong>opere</strong></span> <span class='ocrx_word' id='word_1_421' title='bbox 3156 3921 3446 4006; x_wconf 72' lang='lat' dir='ltr'><strong>insPecto</strong></span> <span class='ocrx_word' id='word_1_422' title='bbox 3471 3921 3649 4002; x_wconf 84' lang='lat' dir='ltr'><strong>judi-</strong></span> 
     </span>
    </p>
   </div>
   <div class='ocr_carea' id='block_1_36' title="bbox 376 4026 930 4111">
    <p class='ocr_par' dir='ltr' id='par_1_36' title="bbox 376 4026 930 4111">
     <span class='ocr_line' id='line_1_37' title="bbox 376 4026 930 4111; baseline -0.013 -16"><span class='ocrx_word' id='word_1_423' title='bbox 376 4046 522 4095; x_wconf 86' lang='lat' dir='ltr'><strong>care</strong></span> <span class='ocrx_word' id='word_1_424' title='bbox 543 4027 780 4111; x_wconf 88' lang='lat' dir='ltr'><strong>poterit</strong></span> <span class='ocrx_word' id='word_1_425' title='bbox 819 4026 930 4108; x_wconf 81' lang='lat' dir='ltr'><strong>(b).</strong></span> 
     </span>
    </p>
   </div>
   <div class='ocr_carea' id='block_1_37' title="bbox 455 4146 3649 4232">
    <p class='ocr_par' dir='ltr' id='par_1_37' title="bbox 455 4146 3649 4232">
     <span class='ocr_line' id='line_1_38' title="bbox 455 4146 3649 4232; baseline 0 -19"><span class='ocrx_word' id='word_1_426' title='bbox 455 4149 636 4225; x_wconf 85' lang='lat' dir='ltr'><strong>Quod</strong></span> <span class='ocrx_word' id='word_1_427' title='bbox 664 4155 978 4231; x_wconf 87' lang='lat' dir='ltr'><strong>superest,</strong></span> <span class='ocrx_word' id='word_1_428' title='bbox 1010 4166 1254 4216; x_wconf 89' lang='lat' dir='ltr'><strong>merces</strong></span> <span class='ocrx_word' id='word_1_429' title='bbox 1271 4165 1446 4212; x_wconf 87' lang='lat' dir='ltr'><strong>meas</strong></span> <span class='ocrx_word' id='word_1_430' title='bbox 1475 4165 1628 4212; x_wconf 87' lang='lat' dir='ltr'><strong>sane</strong></span> <span class='ocrx_word' id='word_1_431' title='bbox 1654 4147 2183 4231; x_wconf 90' lang='lat' dir='ltr'><strong>locupletissimas</strong></span> <span class='ocrx_word' id='word_1_432' title='bbox 2211 4149 2541 4232; x_wconf 91' lang='lat' dir='ltr'><strong>quomodo</strong></span> <span class='ocrx_word' id='word_1_433' title='bbox 2570 4149 2639 4212; x_wconf 91' lang='lat' dir='ltr'><strong>in</strong></span> <span class='ocrx_word' id='word_1_434' title='bbox 2660 4146 2892 4211; x_wconf 88' lang='lat' dir='ltr'><strong>chartis</strong></span> <span class='ocrx_word' id='word_1_435' title='bbox 2914 4146 3351 4229; x_wconf 86' lang='lat' dir='ltr'><strong>explicuerim,</strong></span> <span class='ocrx_word' id='word_1_436' title='bbox 3374 4147 3649 4212; x_wconf 88' lang='lat' dir='ltr'><strong>breviter</strong></span> 
     </span>
    </p>
   </div>
   <div class='ocr_carea' id='block_1_38' title="bbox 377 4247 3648 4333">
    <p class='ocr_par' dir='ltr' id='par_1_38' title="bbox 377 4247 3648 4333">
     <span class='ocr_line' id='line_1_39' title="bbox 377 4247 3648 4333; baseline 0 -19"><span class='ocrx_word' id='word_1_437' title='bbox 377 4251 834 4332; x_wconf 85' lang='lat' dir='ltr'><strong>exponendum</strong></span> <span class='ocrx_word' id='word_1_438' title='bbox 862 4257 978 4313; x_wconf 91' lang='lat' dir='ltr'><strong>est.</strong></span> <span class='ocrx_word' id='word_1_439' title='bbox 1017 4253 1234 4332; x_wconf 87' lang='lat' dir='ltr'><strong>Itaque</strong></span> <span class='ocrx_word' id='word_1_440' title='bbox 1267 4250 1468 4312; x_wconf 85' lang='lat' dir='ltr'><strong>varias</strong></span> <span class='ocrx_word' id='word_1_441' title='bbox 1513 4249 1842 4324; x_wconf 89' lang='lat' dir='ltr'><strong>lectiones,</strong></span> <span class='ocrx_word' id='word_1_442' title='bbox 1887 4267 1971 4313; x_wconf 92' lang='lat' dir='ltr'><strong>ne</strong></span> <span class='ocrx_word' id='word_1_443' title='bbox 2005 4252 2220 4331; x_wconf 88' lang='lat' dir='ltr'><strong>operis</strong></span> <span class='ocrx_word' id='word_1_444' title='bbox 2255 4269 2373 4333; x_wconf 90' lang='lat' dir='ltr'><strong>per</strong></span> <span class='ocrx_word' id='word_1_445' title='bbox 2425 4267 2498 4314; x_wconf 89' lang='lat' dir='ltr'><strong>se</strong></span> <span class='ocrx_word' id='word_1_446' title='bbox 2549 4251 2874 4315; x_wconf 85' lang='lat' dir='ltr'><strong>crassioris</strong></span> <span class='ocrx_word' id='word_1_447' title='bbox 2915 4247 3118 4312; x_wconf 90' lang='lat' dir='ltr'><strong>moles</strong></span> <span class='ocrx_word' id='word_1_448' title='bbox 3164 4266 3356 4330; x_wconf 80' lang='lat' dir='ltr'><strong>supra</strong></span> <span class='ocrx_word' id='word_1_449' title='bbox 3388 4250 3648 4315; x_wconf 89' lang='lat' dir='ltr'><strong>modum</strong></span> 
     </span>
    </p>
   </div>
   <div class='ocr_carea' id='block_1_39' title="bbox 380 4352 3647 4434">
    <p class='ocr_par' dir='ltr' id='par_1_39' title="bbox 380 4352 3647 4434">
     <span class='ocr_line' id='line_1_40' title="bbox 380 4352 3647 4434; baseline 0 -17"><span class='ocrx_word' id='word_1_450' title='bbox 380 4360 764 4428; x_wconf 87' lang='lat' dir='ltr'><strong>excurreret,</strong></span> <span class='ocrx_word' id='word_1_451' title='bbox 796 4371 942 4417; x_wconf 89' lang='lat' dir='ltr'><strong>cum</strong></span> <span class='ocrx_word' id='word_1_452' title='bbox 965 4352 1535 4430; x_wconf 83' lang='lat' dir='ltr'><strong>delectunotandas</strong></span> <span class='ocrx_word' id='word_1_453' title='bbox 1560 4353 1733 4416; x_wconf 91' lang='lat' dir='ltr'><strong>duxi.</strong></span> <span class='ocrx_word' id='word_1_454' title='bbox 1761 4355 1833 4416; x_wconf 93' lang='lat' dir='ltr'><strong>In</strong></span> <span class='ocrx_word' id='word_1_455' title='bbox 1864 4370 1994 4434; x_wconf 87' lang='lat' dir='ltr'><strong>quo</strong></span> <span class='ocrx_word' id='word_1_456' title='bbox 2019 4352 2408 4429; x_wconf 88' lang='lat' dir='ltr'><strong>adhibendo,</strong></span> <span class='ocrx_word' id='word_1_457' title='bbox 2430 4354 2659 4417; x_wconf 90' lang='lat' dir='ltr'><strong>accidit</strong></span> <span class='ocrx_word' id='word_1_458' title='bbox 2680 4353 2860 4428; x_wconf 90' lang='lat' dir='ltr'><strong>mihi,</strong></span> <span class='ocrx_word' id='word_1_459' title='bbox 2881 4352 3056 4433; x_wconf 91' lang='lat' dir='ltr'><strong>quod</strong></span> <span class='ocrx_word' id='word_1_460' title='bbox 3077 4353 3394 4428; x_wconf 90' lang='lat' dir='ltr'><strong>omnibus,</strong></span> <span class='ocrx_word' id='word_1_461' title='bbox 3429 4353 3647 4430; x_wconf 90' lang='lat' dir='ltr'><strong>credo,</strong></span> 
     </span>
    </p>
   </div>
   <div class='ocr_carea' id='block_1_40' title="bbox 379 4450 3650 4534">
    <p class='ocr_par' dir='ltr' id='par_1_40' title="bbox 379 4450 3650 4534">
     <span class='ocr_line' id='line_1_41' title="bbox 379 4450 3650 4534; baseline -0 -18"><span class='ocrx_word' id='word_1_462' title='bbox 379 4452 491 4534; x_wconf 89' lang='lat' dir='ltr'><strong>qui</strong></span> <span class='ocrx_word' id='word_1_463' title='bbox 524 4450 603 4514; x_wconf 89' lang='lat' dir='ltr'><strong>ad</strong></span> <span class='ocrx_word' id='word_1_464' title='bbox 636 4469 768 4515; x_wconf 89' lang='lat' dir='ltr'><strong>rem</strong></span> <span class='ocrx_word' id='word_1_465' title='bbox 791 4451 1069 4515; x_wconf 89' lang='lat' dir='ltr'><strong>criticam</strong></span> <span class='ocrx_word' id='word_1_466' title='bbox 1115 4450 1502 4514; x_wconf 89' lang='lat' dir='ltr'><strong>tractandam</strong></span> <span class='ocrx_word' id='word_1_467' title='bbox 1534 4450 1726 4532; x_wconf 91' lang='lat' dir='ltr'><strong>paulo</strong></span> <span class='ocrx_word' id='word_1_468' title='bbox 1757 4450 2046 4514; x_wconf 92' lang='lat' dir='ltr'><strong>rudiores</strong></span> <span class='ocrx_word' id='word_1_469' title='bbox 2073 4451 2478 4527; x_wconf 89' lang='lat' dir='ltr'><strong>accesserint,</strong></span> <span class='ocrx_word' id='word_1_470' title='bbox 2516 4456 2586 4513; x_wconf 92' lang='lat' dir='ltr'><strong>ut</strong></span> <span class='ocrx_word' id='word_1_471' title='bbox 2615 4450 2876 4514; x_wconf 89' lang='lat' dir='ltr'><strong>ineunte</strong></span> <span class='ocrx_word' id='word_1_472' title='bbox 2906 4467 3104 4531; x_wconf 83' lang='lat' dir='ltr'><strong>Opere</strong></span> <span class='ocrx_word' id='word_1_473' title='bbox 3146 4452 3450 4514; x_wconf 86' lang='lat' dir='ltr'><strong>nonnulla</strong></span> <span class='ocrx_word' id='word_1_474' title='bbox 3483 4470 3650 4534; x_wconf 59' lang='lat' dir='ltr'><strong>pras-</strong></span> 
     </span>
    </p>
   </div>
   <div class='ocr_carea' id='block_1_41' title="bbox 380 4549 3648 4634">
    <p class='ocr_par' dir='ltr' id='par_1_41' title="bbox 380 4549 3648 4634">
     <span class='ocr_line' id='line_1_42' title="bbox 380 4549 3648 4634; baseline -0.002 -16"><span class='ocrx_word' id='word_1_475' title='bbox 380 4553 814 4630; x_wconf 84' lang='lat' dir='ltr'><strong>termitterem,</strong></span> <span class='ocrx_word' id='word_1_476' title='bbox 846 4570 988 4634; x_wconf 62' lang='lat' dir='ltr'><strong>qua;</strong></span> <span class='ocrx_word' id='word_1_477' title='bbox 1017 4559 1233 4634; x_wconf 86' lang='lat' dir='ltr'><strong>postea</strong></span> <span class='ocrx_word' id='word_1_478' title='bbox 1266 4552 1656 4634; x_wconf 84' lang='lat' dir='ltr'><strong>experientia</strong></span> <span class='ocrx_word' id='word_1_479' title='bbox 1679 4551 1902 4616; x_wconf 90' lang='lat' dir='ltr'><strong>doctus</strong></span> <span class='ocrx_word' id='word_1_480' title='bbox 1929 4551 2107 4616; x_wconf 90' lang='lat' dir='ltr'><strong>nullo</strong></span> <span class='ocrx_word' id='word_1_481' title='bbox 2135 4552 2332 4615; x_wconf 91' lang='lat' dir='ltr'><strong>modo</strong></span> <span class='ocrx_word' id='word_1_482' title='bbox 2369 4551 2838 4615; x_wconf 89' lang='lat' dir='ltr'><strong>contemnenda</strong></span> <span class='ocrx_word' id='word_1_483' title='bbox 2868 4567 3008 4613; x_wconf 90' lang='lat' dir='ltr'><strong>esse</strong></span> <span class='ocrx_word' id='word_1_484' title='bbox 3037 4549 3186 4612; x_wconf 91' lang='lat' dir='ltr'><strong>vidi.</strong></span> <span class='ocrx_word' id='word_1_485' title='bbox 3223 4551 3387 4614; x_wconf 86' lang='lat' dir='ltr'><strong>Hinc</strong></span> <span class='ocrx_word' id='word_1_486' title='bbox 3418 4551 3648 4614; x_wconf 86' lang='lat' dir='ltr'><strong>factum</strong></span> 
     </span>
    </p>
   </div>
   <div class='ocr_carea' id='block_1_42' title="bbox 377 4653 3650 4737">
    <p class='ocr_par' dir='ltr' id='par_1_42' title="bbox 377 4653 3650 4737">
     <span class='ocr_line' id='line_1_43' title="bbox 377 4653 3650 4737; baseline -0 -19"><span class='ocrx_word' id='word_1_487' title='bbox 377 4663 495 4730; x_wconf 68' lang='lat' dir='ltr'><strong>est,</strong></span> <span class='ocrx_word' id='word_1_488' title='bbox 524 4662 595 4719; x_wconf 89' lang='lat' dir='ltr'><strong>ut</strong></span> <span class='ocrx_word' id='word_1_489' title='bbox 615 4655 809 4719; x_wconf 82' lang='lat' dir='ltr'><strong>altera</strong></span> <span class='ocrx_word' id='word_1_490' title='bbox 840 4672 984 4737; x_wconf 88' lang='lat' dir='ltr'><strong>pars</strong></span> <span class='ocrx_word' id='word_1_491' title='bbox 1007 4653 1423 4718; x_wconf 88' lang='lat' dir='ltr'><strong>Homiliarum</strong></span> <span class='ocrx_word' id='word_1_492' title='bbox 1449 4655 1814 4718; x_wconf 85' lang='lat' dir='ltr'><strong>uberiorem</strong></span> <span class='ocrx_word' id='word_1_493' title='bbox 1839 4655 2216 4718; x_wconf 89' lang='lat' dir='ltr'><strong>variantium</strong></span> <span class='ocrx_word' id='word_1_494' title='bbox 2246 4655 2597 4719; x_wconf 88' lang='lat' dir='ltr'><strong>lectionum</strong></span> <span class='ocrx_word' id='word_1_495' title='bbox 2630 4660 2910 4732; x_wconf 84' lang='lat' dir='ltr'><strong>segetem</strong></span> <span class='ocrx_word' id='word_1_496' title='bbox 2940 4653 3181 4734; x_wconf 87' lang='lat' dir='ltr'><strong>jactare</strong></span> <span class='ocrx_word' id='word_1_497' title='bbox 3206 4654 3519 4730; x_wconf 88' lang='lat' dir='ltr'><strong>videatur;</strong></span> <span class='ocrx_word' id='word_1_498' title='bbox 3549 4655 3650 4718; x_wconf 91' lang='lat' dir='ltr'><strong>cui</strong></span> 
     </span>
    </p>
   </div>
   <div class='ocr_carea' id='block_1_43' title="bbox 380 4755 3649 4838">
    <p class='ocr_par' dir='ltr' id='par_1_43' title="bbox 380 4755 3649 4838">
     <span class='ocr_line' id='line_1_44' title="bbox 380 4755 3649 4838; baseline -0.001 -18"><span class='ocrx_word' id='word_1_499' title='bbox 380 4767 591 4821; x_wconf 88' lang='lat' dir='ltr'><strong>tamen</strong></span> <span class='ocrx_word' id='word_1_500' title='bbox 612 4756 1046 4838; x_wconf 64' lang='lat' dir='ltr'><strong>inmqualitati,</strong></span> <span class='ocrx_word' id='word_1_501' title='bbox 1077 4756 1315 4832; x_wconf 88' lang='lat' dir='ltr'><strong>multis,</strong></span> <span class='ocrx_word' id='word_1_502' title='bbox 1347 4772 1493 4836; x_wconf 60' lang='lat' dir='ltr'><strong>qua)</strong></span> <span class='ocrx_word' id='word_1_503' title='bbox 1514 4755 1691 4836; x_wconf 86' lang='lat' dir='ltr'><strong>prius</strong></span> <span class='ocrx_word' id='word_1_504' title='bbox 1719 4757 2080 4833; x_wconf 90' lang='lat' dir='ltr'><strong>omiseram,</strong></span> <span class='ocrx_word' id='word_1_505' title='bbox 2120 4758 2187 4820; x_wconf 93' lang='lat' dir='ltr'><strong>in</strong></span> <span class='ocrx_word' id='word_1_506' title='bbox 2210 4757 2656 4821; x_wconf 86' lang='lat' dir='ltr'><strong>adnotationes</strong></span> <span class='ocrx_word' id='word_1_507' title='bbox 2685 4755 2920 4832; x_wconf 88' lang='lat' dir='ltr'><strong>relatis,</strong></span> <span class='ocrx_word' id='word_1_508' title='bbox 2948 4756 3211 4818; x_wconf 89' lang='lat' dir='ltr'><strong>remedii</strong></span> <span class='ocrx_word' id='word_1_509' title='bbox 3229 4756 3468 4837; x_wconf 87' lang='lat' dir='ltr'><strong>aliquid</strong></span> <span class='ocrx_word' id='word_1_510' title='bbox 3496 4756 3649 4819; x_wconf 87' lang='lat' dir='ltr'><strong>alla-</strong></span> 
     </span>
    </p>
   </div>
   <div class='ocr_carea' id='block_1_44' title="bbox 379 4859 3650 4944">
    <p class='ocr_par' dir='ltr' id='par_1_44' title="bbox 379 4859 3650 4944">
     <span class='ocr_line' id='line_1_45' title="bbox 379 4859 3650 4944; baseline 0.001 -21"><span class='ocrx_word' id='word_1_511' title='bbox 379 4871 512 4924; x_wconf 91' lang='lat' dir='ltr'><strong>tum</strong></span> <span class='ocrx_word' id='word_1_512' title='bbox 545 4869 660 4924; x_wconf 88' lang='lat' dir='ltr'><strong>est.</strong></span> <span class='ocrx_word' id='word_1_513' title='bbox 691 4864 1002 4926; x_wconf 69' lang='lat' dir='ltr'><strong>Praeterea</strong></span> <span class='ocrx_word' id='word_1_514' title='bbox 1028 4862 1082 4925; x_wconf 91' lang='lat' dir='ltr'><strong>si</strong></span> <span class='ocrx_word' id='word_1_515' title='bbox 1107 4861 1270 4926; x_wconf 85' lang='lat' dir='ltr'><strong>forte</strong></span> <span class='ocrx_word' id='word_1_516' title='bbox 1297 4861 1602 4925; x_wconf 90' lang='lat' dir='ltr'><strong>lectiones</strong></span> <span class='ocrx_word' id='word_1_517' title='bbox 1628 4862 2018 4926; x_wconf 79' lang='lat' dir='ltr'><strong>Oxonienses</strong></span> <span class='ocrx_word' id='word_1_518' title='bbox 2045 4861 2247 4925; x_wconf 86' lang='lat' dir='ltr'><strong>serius</strong></span> <span class='ocrx_word' id='word_1_519' title='bbox 2278 4862 2684 4938; x_wconf 83' lang='lat' dir='ltr'><strong>advenerant,</strong></span> <span class='ocrx_word' id='word_1_520' title='bbox 2714 4879 2904 4944; x_wconf 89' lang='lat' dir='ltr'><strong>quam</strong></span> <span class='ocrx_word' id='word_1_521' title='bbox 2939 4867 3012 4924; x_wconf 88' lang='lat' dir='ltr'><strong>ut</strong></span> <span class='ocrx_word' id='word_1_522' title='bbox 3041 4877 3158 4923; x_wconf 92' lang='lat' dir='ltr'><strong>suo</strong></span> <span class='ocrx_word' id='word_1_523' title='bbox 3186 4877 3459 4942; x_wconf 68' lang='lat' dir='ltr'><strong>quaeque</strong></span> <span class='ocrx_word' id='word_1_524' title='bbox 3506 4859 3650 4926; x_wconf 90' lang='lat' dir='ltr'><strong>loco</strong></span> 
     </span>
    </p>
   </div>
   <div class='ocr_carea' id='block_1_45' title="bbox 380 4961 2662 5044">
    <p class='ocr_par' dir='ltr' id='par_1_45' title="bbox 380 4961 2662 5044">
     <span class='ocr_line' id='line_1_46' title="bbox 380 4961 2662 5044; baseline 0 -20"><span class='ocrx_word' id='word_1_525' title='bbox 380 4967 770 5036; x_wconf 85' lang='lat' dir='ltr'><strong>notarentur,</strong></span> <span class='ocrx_word' id='word_1_526' title='bbox 800 4963 881 5025; x_wconf 90' lang='lat' dir='ltr'><strong>de</strong></span> <span class='ocrx_word' id='word_1_527' title='bbox 912 4962 1011 5025; x_wconf 85' lang='lat' dir='ltr'><strong>his</strong></span> <span class='ocrx_word' id='word_1_528' title='bbox 1031 4980 1291 5044; x_wconf 88' lang='lat' dir='ltr'><strong>quoque</strong></span> <span class='ocrx_word' id='word_1_529' title='bbox 1318 4962 1387 5025; x_wconf 93' lang='lat' dir='ltr'><strong>in</strong></span> <span class='ocrx_word' id='word_1_530' title='bbox 1414 4961 1930 5027; x_wconf 88' lang='lat' dir='ltr'><strong>adnotationibus</strong></span> <span class='ocrx_word' id='word_1_531' title='bbox 1955 4963 2177 5028; x_wconf 88' lang='lat' dir='ltr'><strong>sedulo</strong></span> <span class='ocrx_word' id='word_1_532' title='bbox 2205 4963 2520 5027; x_wconf 86' lang='lat' dir='ltr'><strong>monitum</strong></span> <span class='ocrx_word' id='word_1_533' title='bbox 2541 4971 2662 5026; x_wconf 91' lang='lat' dir='ltr'><strong>est.</strong></span> 
     </span>
    </p>
   </div>
   <div class='ocr_carea' id='block_1_46' title="bbox 454 5088 2638 5170">
    <p class='ocr_par' dir='ltr' id='par_1_46' title="bbox 454 5088 2638 5170">
     <span class='ocr_line' id='line_1_47' title="bbox 454 5088 2638 5170; baseline -0.002 -19"><span class='ocrx_word' id='word_1_534' title='bbox 454 5090 528 5151; x_wconf 94' lang='lat' dir='ltr'><strong>In</strong></span> <span class='ocrx_word' id='word_1_535' title='bbox 557 5089 741 5152; x_wconf 83' lang='lat' dir='ltr'><strong>variis</strong></span> <span class='ocrx_word' id='word_1_536' title='bbox 767 5088 1147 5153; x_wconf 91' lang='lat' dir='ltr'><strong>lectionibus</strong></span> <span class='ocrx_word' id='word_1_537' title='bbox 1179 5088 1540 5169; x_wconf 87' lang='lat' dir='ltr'><strong>digerendis</strong></span> <span class='ocrx_word' id='word_1_538' title='bbox 1559 5088 1672 5153; x_wconf 91' lang='lat' dir='ltr'><strong>has</strong></span> <span class='ocrx_word' id='word_1_539' title='bbox 1703 5089 1839 5153; x_wconf 85' lang='lat' dir='ltr'><strong>fere</strong></span> <span class='ocrx_word' id='word_1_540' title='bbox 1867 5089 2115 5170; x_wconf 80' lang='lat' dir='ltr'><strong>regulas</strong></span> <span class='ocrx_word' id='word_1_541' title='bbox 2154 5095 2410 5154; x_wconf 85' lang='lat' dir='ltr'><strong>secutus</strong></span> <span class='ocrx_word' id='word_1_542' title='bbox 2441 5103 2581 5151; x_wconf 90' lang='lat' dir='ltr'><strong>sum</strong></span> <span class='ocrx_word' id='word_1_543' title='bbox 2624 5105 2638 5148; x_wconf 93' lang='lat'><strong>:</strong></span> 
     </span>
    </p>
   </div>
   <div class='ocr_carea' id='block_1_47' title="bbox 456 5210 3653 5298">
    <p class='ocr_par' dir='ltr' id='par_1_47' title="bbox 456 5210 3653 5298">
     <span class='ocr_line' id='line_1_48' title="bbox 456 5210 3653 5298; baseline -0.003 -18"><span class='ocrx_word' id='word_1_544' title='bbox 456 5219 506 5282; x_wconf 89' lang='grc' dir='ltr'><strong>ῐ.</strong></span> <span class='ocrx_word' id='word_1_545' title='bbox 545 5215 830 5291; x_wconf 86' lang='lat' dir='ltr'><strong>Codices,</strong></span> <span class='ocrx_word' id='word_1_546' title='bbox 857 5216 969 5298; x_wconf 85' lang='lat' dir='ltr'><strong>qui</strong></span> <span class='ocrx_word' id='word_1_547' title='bbox 1016 5234 1147 5279; x_wconf 90' lang='lat' dir='ltr'><strong>non</strong></span> <span class='ocrx_word' id='word_1_548' title='bbox 1177 5223 1629 5290; x_wconf 90' lang='lat' dir='ltr'><strong>memorantur,</strong></span> <span class='ocrx_word' id='word_1_549' title='bbox 1682 5215 1802 5279; x_wconf 92' lang='lat' dir='ltr'><strong>nisi</strong></span> <span class='ocrx_word' id='word_1_550' title='bbox 1835 5215 1999 5280; x_wconf 81' lang='lat' dir='ltr'><strong>forte</strong></span> <span class='ocrx_word' id='word_1_551' title='bbox 2041 5217 2265 5280; x_wconf 89' lang='lat' dir='ltr'><strong>lacuna</strong></span> <span class='ocrx_word' id='word_1_552' title='bbox 2291 5220 2517 5290; x_wconf 87' lang='lat' dir='ltr'><strong>exstet,</strong></span> <span class='ocrx_word' id='word_1_553' title='bbox 2547 5229 2697 5277; x_wconf 90' lang='lat' dir='ltr'><strong>cum</strong></span> <span class='ocrx_word' id='word_1_554' title='bbox 2735 5217 2913 5275; x_wconf 89' lang='lat' dir='ltr'><strong>textu</strong></span> <span class='ocrx_word' id='word_1_555' title='bbox 2955 5213 3175 5274; x_wconf 91' lang='lat' dir='ltr'><strong>nostro</strong></span> <span class='ocrx_word' id='word_1_556' title='bbox 3211 5210 3653 5274; x_wconf 88' lang='lat' dir='ltr'><strong>consentiunt.</strong></span> 
     </span>
    </p>
   </div>
   <div class='ocr_carea' id='block_1_48' title="bbox 453 5443 2059 5580">
    <p class='ocr_par' dir='ltr' id='par_1_48' title="bbox 453 5450 1962 5580">
     <span class='ocr_line' id='line_1_49' title="bbox 453 5450 1962 5576; baseline 0 -68"><span class='ocrx_word' id='word_1_557' title='bbox 453 5456 528 5525; x_wconf 75' lang='grc' dir='ltr'><strong>(α)</strong></span> <span class='ocrx_word' id='word_1_558' title='bbox 567 5455 686 5510; x_wconf 82' lang='lat' dir='ltr'><strong>Huc</strong></span> <span class='ocrx_word' id='word_1_559' title='bbox 716 5454 992 5523; x_wconf 84' lang='lat' dir='ltr'><strong>pertinere</strong></span> <span class='ocrx_word' id='word_1_560' title='bbox 1011 5453 1226 5508; x_wconf 84' lang='lat' dir='ltr'><strong>videtur</strong></span> <span class='ocrx_word' id='word_1_561' title='bbox 1245 5451 1552 5576; x_wconf 52' lang='lat' dir='ltr'><strong>exemgilum</strong></span> <span class='ocrx_word' id='word_1_562' title='bbox 1575 5452 1631 5506; x_wconf 91' lang='lat' dir='ltr'><strong>in</strong></span> <span class='ocrx_word' id='word_1_563' title='bbox 1659 5450 1859 5507; x_wconf 77' lang='lat' dir='ltr'><strong>Adnot.</strong></span> <span class='ocrx_word' id='word_1_564' title='bbox 1893 5453 1962 5508; x_wconf 83' lang='lat' dir='ltr'><strong>ad</strong></span> 
     </span>
     <span class='ocr_line' id='line_1_50' title="bbox 471 5522 1959 5580; baseline -0.001 0"><span class='ocrx_word' id='word_1_565' title='bbox 471 5526 577 5580; x_wconf 63' lang='grc'><strong>631</strong></span> <span class='ocrx_word' id='word_1_566' title='bbox 600 5526 845 5579; x_wconf 83' lang='lat' dir='ltr'><strong>allatum.</strong></span> <span class='ocrx_word' id='word_1_567' title='bbox 877 5523 1031 5579; x_wconf 80' lang='lat' dir='ltr'><strong>Adde</strong></span> <span class='ocrx_word' id='word_1_568' title='bbox 1059 5522 1247 5577; x_wconf 81' lang='lat' dir='ltr'><strong>Pelav.</strong></span> <span class='ocrx_word' id='word_1_569' title='bbox 1288 5522 1355 5576; x_wconf 82' lang='lat' dir='ltr'><strong>ad</strong></span> <span class='ocrx_word' id='word_1_570' title='bbox 1427 5537 1579 5580; x_wconf 83' lang='lat' dir='ltr'><strong>vnes.</strong></span> <span class='ocrx_word' id='word_1_571' title='bbox 1612 5531 1756 5576; x_wconf 66' lang='lat' dir='ltr'><strong>notae</strong></span> <span class='ocrx_word' id='word_1_572' title='bbox 1785 5538 1841 5580; x_wconf 73' lang='grc' dir='ltr'><strong>υ.</strong></span> <span class='ocrx_word' id='word_1_573' title='bbox 1869 5523 1959 5578; x_wconf 78' lang='grc'><strong>57.</strong></span> 
     </span>
    </p>
   </div>
   <div class='ocr_carea' id='block_1_49' title="bbox 2048 5443 3654 5580">
    <p class='ocr_par' dir='ltr' id='par_1_49' title="bbox 2066 5443 3654 5580">
     <span class='ocr_line' id='line_1_51' title="bbox 2068 5443 3654 5524; baseline -0.005 -18"><span class='ocrx_word' id='word_1_574' title='bbox 2068 5449 2348 5522; x_wconf 80' lang='lat' dir='ltr'><strong>Chrysost.</strong></span> <span class='ocrx_word' id='word_1_575' title='bbox 2367 5451 2467 5506; x_wconf 86' lang='lat' dir='ltr'><strong>ista</strong></span> <span class='ocrx_word' id='word_1_576' title='bbox 2483 5449 2762 5520; x_wconf 81' lang='lat' dir='ltr'><strong>leguntur.</strong></span> <span class='ocrx_word' id='word_1_577' title='bbox 2789 5445 2966 5516; x_wconf 81' lang='lat' dir='ltr'><strong>Hujus</strong></span> <span class='ocrx_word' id='word_1_578' title='bbox 2981 5443 3147 5500; x_wconf 80' lang='lat' dir='ltr'><strong>verba</strong></span> <span class='ocrx_word' id='word_1_579' title='bbox 3163 5453 3293 5499; x_wconf 91' lang='lat' dir='ltr'><strong>sunt</strong></span> <span class='ocrx_word' id='word_1_580' title='bbox 3311 5444 3388 5524; x_wconf 70' lang='grc' dir='ltr'><strong>(ρ.</strong></span> <span class='ocrx_word' id='word_1_581' title='bbox 3411 5443 3520 5511; x_wconf 61' lang='lat' dir='ltr'><strong>te),</strong></span> <span class='ocrx_word' id='word_1_582' title='bbox 3534 5443 3654 5498; x_wconf 78' lang='grc' dir='ltr'><strong>οὐδὲ</strong></span> 
     </span>
     <span class='ocr_line' id='line_1_52' title="bbox 2066 5514 3652 5580; baseline -0.004 -7"><span class='ocrx_word' id='word_1_583' title='bbox 2066 5523 2101 5580; x_wconf 79' lang='grc' dir='ltr'><strong>ἡ</strong></span> <span class='ocrx_word' id='word_1_584' title='bbox 2133 5524 2191 5573; x_wconf 85' lang='grc' dir='ltr'><strong>ὲν</strong></span> <span class='ocrx_word' id='word_1_585' title='bbox 2247 5519 2555 5580; x_wconf 73' lang='grc' dir='ltr'><strong>πρυτανείῳ</strong></span> <span class='ocrx_word' id='word_1_586' title='bbox 2609 5517 2840 5580; x_wconf 83' lang='grc' dir='ltr'><strong>σίτησις.</strong></span> <span class='ocrx_word' id='word_1_587' title='bbox 2895 5516 3142 5570; x_wconf 81' lang='lat' dir='ltr'><strong>Anianus</strong></span> <span class='ocrx_word' id='word_1_588' title='bbox 3169 5529 3298 5568; x_wconf 80' lang='lat' dir='ltr'><strong>vero</strong></span> <span class='ocrx_word' id='word_1_589' title='bbox 3337 5525 3408 5568; x_wconf 79' lang='lat' dir='ltr'><strong>ita</strong></span> <span class='ocrx_word' id='word_1_590' title='bbox 3453 5514 3652 5580; x_wconf 68' lang='lat' dir='ltr'><strong>retldh,</strong></span> 
     </span>
    </p>
   </div>
   <div class='ocr_carea' id='block_1_50' title="bbox 383 5523 1989 5662">
    <p class='ocr_par' dir='ltr' id='par_1_50' title="bbox 383 5523 1959 5662">
     <span class='ocr_line' id='line_1_53' title="bbox 383 5523 1959 5608; baseline -0.002 -28"><span class='ocrx_word' id='word_1_591' title='bbox 383 5543 436 5597; x_wconf 73' lang='grc' dir='ltr'><strong>ρ.</strong></span> <span class='ocrx_word' id='word_1_592' title='bbox 462 5523 577 5608; x_wconf 47' lang='lat' dir='ltr'><strong>ti?»</strong></span> <span class='ocrx_word' id='word_1_593' title='bbox 600 5526 845 5605; x_wconf 78' lang='lat' dir='ltr'><strong>allatum.</strong></span> <span class='ocrx_word' id='word_1_594' title='bbox 877 5523 1031 5579; x_wconf 80' lang='lat' dir='ltr'><strong>Adde</strong></span> <span class='ocrx_word' id='word_1_595' title='bbox 1059 5523 1247 5602; x_wconf 74' lang='lat' dir='ltr'><strong>Pelav.</strong></span> <span class='ocrx_word' id='word_1_596' title='bbox 1288 5523 1358 5603; x_wconf 81' lang='lat' dir='ltr'><strong>ad</strong></span> <span class='ocrx_word' id='word_1_597' title='bbox 1385 5523 1579 5591; x_wconf 79' lang='lat' dir='ltr'><strong>Synes.</strong></span> <span class='ocrx_word' id='word_1_598' title='bbox 1612 5531 1756 5576; x_wconf 66' lang='lat' dir='ltr'><strong>notae</strong></span> <span class='ocrx_word' id='word_1_599' title='bbox 1785 5538 1841 5603; x_wconf 62' lang='grc' dir='ltr'><strong>ρ.</strong></span> <span class='ocrx_word' id='word_1_600' title='bbox 1869 5523 1959 5578; x_wconf 78' lang='grc'><strong>57.</strong></span> 
     </span>
     <span class='ocr_line' id='line_1_54' title="bbox 386 5591 1957 5662; baseline -0.001 -13"><span class='ocrx_word' id='word_1_601' title='bbox 386 5619 406 5649; x_wconf 71' lang='grc' dir='ltr'>ι</span> <span class='ocrx_word' id='word_1_602' title='bbox 433 5597 552 5650; x_wconf 56' lang='grc' dir='ltr'><strong>λου</strong></span> <span class='ocrx_word' id='word_1_603' title='bbox 572 5609 755 5649; x_wconf 79' lang='lat' dir='ltr'><strong>minus</strong></span> <span class='ocrx_word' id='word_1_604' title='bbox 778 5594 947 5649; x_wconf 75' lang='lat' dir='ltr'><strong>falsus</strong></span> <span class='ocrx_word' id='word_1_605' title='bbox 961 5601 1045 5650; x_wconf 87' lang='lat' dir='ltr'><strong>est</strong></span> <span class='ocrx_word' id='word_1_606' title='bbox 1065 5593 1206 5646; x_wconf 82' lang='lat' dir='ltr'><strong>Idem</strong></span> <span class='ocrx_word' id='word_1_607' title='bbox 1219 5591 1478 5662; x_wconf 79' lang='lat' dir='ltr'><strong>Scaliger,</strong></span> <span class='ocrx_word' id='word_1_608' title='bbox 1496 5591 1625 5645; x_wconf 86' lang='lat' dir='ltr'><strong>dum</strong></span> <span class='ocrx_word' id='word_1_609' title='bbox 1639 5607 1704 5646; x_wconf 88' lang='lat' dir='ltr'><strong>ex</strong></span> <span class='ocrx_word' id='word_1_610' title='bbox 1724 5593 1957 5658; x_wconf 79' lang='lat' dir='ltr'><strong>Amano,</strong></span> 
     </span>
    </p>
   </div>
   <div class='ocr_carea' id='block_1_51' title="bbox 2045 5523 3651 5662">
    <p class='ocr_par' dir='ltr' id='par_1_51' title="bbox 2066 5523 3651 5662">
     <span class='ocr_line' id='line_1_55' title="bbox 2066 5523 3651 5592; baseline -0.004 -19"><span class='ocrx_word' id='word_1_611' title='bbox 2066 5523 2101 5592; x_wconf 78' lang='grc' dir='ltr'><strong>ὴ</strong></span> <span class='ocrx_word' id='word_1_612' title='bbox 2133 5524 2191 5573; x_wconf 85' lang='grc' dir='ltr'><strong>ὲν</strong></span> <span class='ocrx_word' id='word_1_613' title='bbox 2247 5523 2555 5588; x_wconf 73' lang='grc' dir='ltr'><strong>πρυτανείῳ</strong></span> <span class='ocrx_word' id='word_1_614' title='bbox 2609 5523 2840 5588; x_wconf 81' lang='grc' dir='ltr'><strong>σίτησις.</strong></span> <span class='ocrx_word' id='word_1_615' title='bbox 2895 5523 3142 5570; x_wconf 80' lang='lat' dir='ltr'><strong>Anianus</strong></span> <span class='ocrx_word' id='word_1_616' title='bbox 3169 5529 3298 5568; x_wconf 80' lang='lat' dir='ltr'><strong>vero</strong></span> <span class='ocrx_word' id='word_1_617' title='bbox 3337 5523 3408 5568; x_wconf 81' lang='lat' dir='ltr'><strong>ita</strong></span> <span class='ocrx_word' id='word_1_618' title='bbox 3453 5523 3651 5581; x_wconf 63' lang='lat' dir='ltr'><strong>reddit,</strong></span> 
     </span>
     <span class='ocr_line' id='line_1_56' title="bbox 2067 5584 3651 5662; baseline -0.003 -18"><span class='ocrx_word' id='word_1_619' title='bbox 2067 5609 2160 5645; x_wconf 77' lang='lat' dir='ltr'><strong>nec</strong></span> <span class='ocrx_word' id='word_1_620' title='bbox 2192 5590 2396 5661; x_wconf 66' lang='lat' dir='ltr'><strong>publica</strong></span> <span class='ocrx_word' id='word_1_621' title='bbox 2427 5592 2482 5643; x_wconf 77' lang='lat' dir='ltr'><strong>in</strong></span> <span class='ocrx_word' id='word_1_622' title='bbox 2512 5589 2779 5662; x_wconf 64' lang='lat' dir='ltr'><strong>Prytaneo</strong></span> <span class='ocrx_word' id='word_1_623' title='bbox 2812 5597 3078 5662; x_wconf 60' lang='lat' dir='ltr'><strong>apparata</strong></span> <span class='ocrx_word' id='word_1_624' title='bbox 3113 5585 3374 5662; x_wconf 66' lang='lat' dir='ltr'><strong>convivia.</strong></span> <span class='ocrx_word' id='word_1_625' title='bbox 3405 5584 3496 5640; x_wconf 87' lang='lat' dir='ltr'><strong>Sic</strong></span> <span class='ocrx_word' id='word_1_626' title='bbox 3523 5584 3651 5640; x_wconf 83' lang='lat' dir='ltr'><strong>ille:</strong></span> 
     </span>
    </p>
   </div>
   <div class='ocr_carea' id='block_1_52' title="bbox 385 5655 3434 5732">
    <p class='ocr_par' dir='ltr' id='par_1_52' title="bbox 385 5655 3434 5732">
     <span class='ocr_line' id='line_1_57' title="bbox 385 5655 3434 5732; baseline -0.005 -12"><span class='ocrx_word' id='word_1_627' title='bbox 385 5666 553 5720; x_wconf 62' lang='lat' dir='ltr'><strong>veteri</strong></span> <span class='ocrx_word' id='word_1_628' title='bbox 592 5663 966 5732; x_wconf 73' lang='lat' dir='ltr'><strong>Cbrysostmni</strong></span> <span class='ocrx_word' id='word_1_629' title='bbox 1017 5663 1338 5731; x_wconf 85' lang='lat' dir='ltr'><strong>interprete.</strong></span> <span class='ocrx_word' id='word_1_630' title='bbox 1366 5655 1716 5730; x_wconf 60' lang='lat' dir='ltr'><strong>&#39;conjectatur</strong></span> <span class='ocrx_word' id='word_1_631' title='bbox 1748 5655 1959 5732; x_wconf 61' lang='grc' dir='ltr'><strong>πρνταὲ</strong></span> <span class='ocrx_word' id='word_1_632' title='bbox 2064 5677 2169 5717; x_wconf 84' lang='lat' dir='ltr'><strong>nec</strong></span> <span class='ocrx_word' id='word_1_633' title='bbox 2189 5655 2346 5731; x_wconf 71' lang='lat' dir='ltr'><strong>vulgo</strong></span> <span class='ocrx_word' id='word_1_634' title='bbox 2371 5669 2566 5723; x_wconf 82' lang='lat' dir='ltr'><strong>exstat,</strong></span> <span class='ocrx_word' id='word_1_635' title='bbox 2592 5655 2690 5732; x_wconf 65' lang='lat' dir='ltr'><strong>nec</strong></span> <span class='ocrx_word' id='word_1_636' title='bbox 2726 5657 2780 5710; x_wconf 80' lang='lat' dir='ltr'><strong>in</strong></span> <span class='ocrx_word' id='word_1_637' title='bbox 2812 5656 3076 5732; x_wconf 48' lang='lat' dir='ltr'><strong>Prytaneo</strong></span> <span class='ocrx_word' id='word_1_638' title='bbox 3103 5655 3371 5732; x_wconf 64' lang='lat' dir='ltr'><strong>sportula.</strong></span> <span class='ocrx_word' id='word_1_639' title='bbox 3415 5673 3434 5706; x_wconf 76' lang='grc' dir='ltr'><strong><em>ι</em></strong></span> 
     </span>
    </p>
   </div>
   <div class='ocr_carea' id='block_1_53' title="bbox 387 5721 3226 5802">
    <p class='ocr_par' dir='ltr' id='par_1_53' title="bbox 387 5721 3226 5802">
     <span class='ocr_line' id='line_1_58' title="bbox 387 5721 3226 5802; baseline -0.004 -13"><span class='ocrx_word' id='word_1_640' title='bbox 387 5741 499 5789; x_wconf 60' lang='grc' dir='ltr'><strong>θεῖα</strong></span> <span class='ocrx_word' id='word_1_641' title='bbox 521 5721 821 5802; x_wconf 80' lang='lat' dir='ltr'><strong>sumpsisse</strong></span> <span class='ocrx_word' id='word_1_642' title='bbox 848 5721 1294 5800; x_wconf 75' lang='lat' dir='ltr'><strong>Cbrysostornum</strong></span> <span class='ocrx_word' id='word_1_643' title='bbox 1328 5721 1428 5800; x_wconf 88' lang='lat' dir='ltr'><strong>pro</strong></span> <span class='ocrx_word' id='word_1_644' title='bbox 1461 5721 1699 5798; x_wconf 65' lang='lat' dir='ltr'><strong>sportula</strong></span> <span class='ocrx_word' id='word_1_645' title='bbox 1731 5721 1956 5802; x_wconf 59' lang='lat' dir='ltr'><strong>in&#39;Pry-</strong></span> <span class='ocrx_word' id='word_1_646' title='bbox 2135 5733 2207 5800; x_wconf 81' lang='lat' dir='ltr'><strong>(bl</strong></span> <span class='ocrx_word' id='word_1_647' title='bbox 2235 5721 2364 5786; x_wconf 62' lang='lat' dir='ltr'><strong>Vide</strong></span> <span class='ocrx_word' id='word_1_648' title='bbox 2393 5721 2808 5802; x_wconf 74' lang='lat' dir='ltr'><strong>Adliot.adpp.</strong></span> <span class='ocrx_word' id='word_1_649' title='bbox 2837 5721 2923 5789; x_wconf 70' lang='lat'><strong>8‘5,</strong></span> <span class='ocrx_word' id='word_1_650' title='bbox 2947 5726 3075 5802; x_wconf 55' lang='grc' dir='ltr'>βίϐ,</span> 
     </span>
    </p>
   </div>
   <div class='ocr_carea' id='block_1_54' title="bbox 388 5795 3510 5875">
    <p class='ocr_par' dir='ltr' id='par_1_54' title="bbox 388 5795 3510 5875">
     <span class='ocr_line' id='line_1_59' title="bbox 388 5795 3510 5875; baseline -0.003 -13"><span class='ocrx_word' id='word_1_651' title='bbox 388 5821 560 5863; x_wconf 78' lang='lat' dir='ltr'><strong>rauco.</strong></span> <span class='ocrx_word' id='word_1_652' title='bbox 610 5795 813 5862; x_wconf 70' lang='lat' dir='ltr'><strong>Verum</strong></span> <span class='ocrx_word' id='word_1_653' title='bbox 850 5795 1027 5872; x_wconf 76' lang='lat' dir='ltr'><strong>ncquc</strong></span> <span class='ocrx_word' id='word_1_654' title='bbox 1057 5802 1220 5875; x_wconf 77' lang='lat' dir='ltr'><strong>apud</strong></span> <span class='ocrx_word' id='word_1_655' title='bbox 1256 5795 1546 5867; x_wconf 59' lang='lat' dir='ltr'><strong>An&#39;ianuin,</strong></span> <span class='ocrx_word' id='word_1_656' title='bbox 1593 5817 1770 5872; x_wconf 86' lang='lat' dir='ltr'><strong>ncquc</strong></span> <span class='ocrx_word' id='word_1_657' title='bbox 1813 5795 1958 5873; x_wconf 74' lang='lat' dir='ltr'><strong>apud</strong></span> <span class='ocrx_word' id='word_1_658' title='bbox 2135 5795 2204 5871; x_wconf 69' lang='grc' dir='ltr'><strong>(τ)</strong></span> <span class='ocrx_word' id='word_1_659' title='bbox 2224 5803 2427 5860; x_wconf 76' lang='lat' dir='ltr'><strong>\‘idcin</strong></span> <span class='ocrx_word' id='word_1_660' title='bbox 2456 5801 2647 5874; x_wconf 75' lang='lat' dir='ltr'><strong>primis</strong></span> <span class='ocrx_word' id='word_1_661' title='bbox 2676 5795 2876 5855; x_wconf 79' lang='lat' dir='ltr'><strong>Adnot.</strong></span> <span class='ocrx_word' id='word_1_662' title='bbox 2897 5797 2963 5853; x_wconf 81' lang='lat' dir='ltr'><strong>ad</strong></span> <span class='ocrx_word' id='word_1_663' title='bbox 2982 5795 3212 5870; x_wconf 87' lang='lat' dir='ltr'><strong>pp.ll5,</strong></span> <span class='ocrx_word' id='word_1_664' title='bbox 3243 5795 3362 5865; x_wconf 84' lang='grc'><strong>117,</strong></span> <span class='ocrx_word' id='word_1_665' title='bbox 3389 5796 3510 5855; x_wconf 69' lang='grc' dir='ltr'><strong>ιη.</strong></span> 
     </span>
    </p>
   </div>
  </div>
