4066 6424
1671 330 1852 390 nuo.
1895 332 2098 390 ruam
2139 317 2551 396 PREFA’I'IO.
3586 347 3641 390 Ix

383 449 503 516 Ubi
541 469 694 517 vero
738 453 1011 532 calices,
1057 454 1168 536 qui
1216 453 1642 532 nominantur,
1683 464 2000 540 receptam
2044 460 2390 526 lectionem
2434 452 3148 539 habent,"caeteros’pro
3187 460 3417 541 rejecta
3459 465 3651 535 stare,

387 571 505 635 per
533 572 603 618 se
632 557 783 619 satis
811 556 1198 636 intelligitur.

471 679 528 739 Π
592 679 678 742 De
698 679 836 742 aliis
859 681 1139 756 testibus,
1170 681 1281 762 qui
1333 682 1590 745 nonnisi
1616 686 1802 747 certis
1823 685 1982 749 locis
2001 684 2308 768 appellari
2330 690 2619 766 possunt,
2647 703 2704 748 e.
2739 702 2797 766 g.
2819 685 2935 766 Ep.
2957 682 3144 747 Euth.
3168 681 3457 764 Thcoph.
3481 679 3649 745 Flor.

391 783 457 839 et
482 778 768 858 Interpp.
800 779 921 841 nisi
948 779 1176 843 diserte
1211 783 1638 859 nominentur,
1669 783 1827 846 nihil
1863 801 1900 847 a
1929 787 2192 851 Lectore
2232 785 2442 866 colligi
2473 792 2706 866 potest.

475 907 583 967 III.
611 906 934 970 Editorum
961 908 1266 972 librorum
1293 910 1598 974 lectiones
1631 929 1887 994 semper
1907 919 1968 976 et
2010 914 2254 996 ubique
2292 929 2790 979 commemorare
2833 926 2965 974 non
2991 907 3192 972 nostri
3227 906 3344 969 fuit
3387 903 3648 985 incepti.

393 1005 618 1084 Itaque
650 1022 821 1085 saepe
851 1005 1099 1081 accidit,
1131 1013 1202 1068 ut
1231 1007 1421 1070 lectio
1457 1009 1666 1071 minus
1694 1011 2064 1090 probabilis,
2106 1028 2184 1075 ex
2211 1029 2342 1075 uno
2371 1019 2478 1076 aut
2507 1011 2794 1093 pluribus
2823 1008 3011 1073 codd.
3040 1008 3108 1069 in
3137 1006 3416 1084 margine
3442 1003 3650 1078 allata,

396 1122 475 1170 ea
500 1108 639 1186 ipsa
669 1106 768 1180 sit,
805 1123 946 1186 quae
974 1107 1039 1169 in
1067 1106 1214 1170 edd.
1243 1113 1348 1170 aut
1376 1108 1776 1190 quibusdam,
1817 1117 1923 1173 aut
1950 1112 2136 1175 etiam
2163 1112 2456 1175 omnibus
2489 1111 2857 1192 reperiatur.

481 1229 588 1296 IV.
619 1232 738 1294 Ubi
768 1248 883 1312 pro
914 1231 1108 1295 altera
1127 1231 1402 1295 lectione
1431 1251 1640 1294 omnes
1668 1233 1909 1314 scripti,
1941 1251 2058 1314 pro
2079 1233 2271 1297 altera
2293 1251 2438 1296 vero
2463 1252 2668 1295 omnes
2692 1231 2844 1296 editi
2870 1231 3013 1295 libri
3033 1235 3336 1313 pugnant,
3368 1228 3656 1294 codicum

399 1333 676 1398 lectione
706 1337 981 1412 recepta,
1011 1332 1242 1395 editam
1274 1331 1342 1394 in
1379 1333 1660 1412 margine
1686 1333 1932 1414 scripsi,
1963 1351 2108 1396 cum
2137 1341 2311 1411 nota,
2349 1358 2376 1392 ‹‹
2409 1335 2564 1397 Edd.
2594 1357 2626 1392 »

493 1455 565 1516 ν.
613 1452 732 1516 Ubi
760 1453 826 1515 in
852 1451 1062 1533 aliqua
1087 1452 1362 1516 lectione
1390 1453 1624 1517 tuenda
1657 1471 1803 1516 cum
1830 1459 2000 1516 textu
2030 1453 2340 1518 Saviliano
2377 1456 2779 1519 consentiunt
2811 1475 3017 1518 omnes
3045 1456 3321 1532 codices,
3347 1455 3512 1518 hanc
3554 1454 3657 1517 in-

406 1556 691 1621 numeris
727 1555 908 1629 locis,
941 1556 1174 1635 rejecta
1207 1553 1481 1618 lectione
1510 1555 2247 1632 Morello-Benedictina,
2280 1558 2465 1620 tacite
2501 1558 2750 1621 excudi.

489 1678 593 1739 VI.
636 1678 707 1739 In
740 1675 962 1738 ordine
991 1675 1324 1738 verborum
1361 1677 1802 1740 constituendo
1833 1677 2096 1757 singulis
2129 1679 2286 1742 locis
2307 1680 2521 1761 plures
2556 1685 2618 1743 et
2647 1680 2942 1744 meliores
2971 1679 3166 1743 libros
3207 1686 3458 1743 secutus
3495 1697 3658 1752 sum,

408 1776 605 1857 idque
634 1775 968 1839 maximam
1011 1783 1252 1856 partem
1295 1791 1428 1836 non
1467 1777 2048 1878 monito\Lectore;
2080 1796 2224 1843 cum
2257 1778 2518 1843 inﬁnitas
2551 1779 2736 1842 molis
2777 1778 3019 1856 fuisset,
3053 1797 3273 1843 omnes
3300 1776 3664 1864 bujusmodi

409 1879 788 1942 mutationes
817 1878 883 1940 in
910 1877 1166 1940 tabellas
1196 1876 1456 1942 referre.

494 2023 839 2086 Moralium
868 2023 1043 2086 initia
1061 2024 1193 2105 jam
1214 2031 1359 2088 ante
1389 2042 1508 2088 nos
1537 2025 1905 2090 distinxerat
1930 2027 2192 2092 Savilius
2206 2043 2224 2104 ;
2257 2027 2621 2092 earumdem
2643 2043 2793 2090 vero
2814 2031 3178 2106 argumenta
3200 2040 3366 2087 nunc
3391 2021 3665 2102 primum

409 2145 450 2189 c
482 2128 811 2191 codicibus
847 2127 1090 2210 prolata
1113 2133 1281 2189 sunt.
1311 2128 1462 2190 Haec
1491 2127 1558 2190 in
1587 2128 1914 2193 codicibus
1941 2146 2073 2193 non
2103 2131 2399 2194 omnibus
2427 2131 2647 2194 eadem
2669 2128 3003 2209 leguntur:
3027 2127 3146 2191 alia
3173 2145 3292 2191 nos
3320 2127 3659 2202 edidimus,

411 2230 536 2292 alia
572 2229 786 2291 Latine
816 2245 990 2291 versa
1025 2229 1092 2290 in
1117 2227 1324 2290 fronte
1353 2229 1565 2308 Operis
1591 2227 1764 2290 dedit
1792 2230 2110 2294 Morellus.
2143 2231 2231 2294 De
2252 2229 2350 2294 his
2381 2238 2580 2295 exstat
2606 2231 2914 2295 Monitum
2941 2230 3009 2292 in
3045 2229 3264 2294 codice
3289 2228 3539 2292 Coislin.
3565 2227 3665 2303 66,

411 2329 588 2410 quod
618 2327 718 2392 hic
750 2327 1108 2392 exscribere
1144 2328 1233 2390 nil
1271 2334 1453 2391 vetat.
1497 2328 1716 2401 Ἐπειδὴ
1748 2327 1868 2395 ἔθος
1897 2325 1965 2402 ἦν
1987 2348 2017 2385 τ

2061 2351 2068 2382 ι
2093 2331 2498 2404 μακαριωτάτῳ
2520 2328 2737 2405 Ἰωάννῃ
2761 2328 2838 2402 τῷ
2870 2327 3238 2400 Χρυσοπόμῳ
3264 2326 3401 2398 μετὰ
3421 2326 3667 2399 τὸὲρμη-

413 2434 606 2489 νεῦσαι
639 2433 698 2486 τὸ
727 2433 857 2505 παρ’
887 2433 1052 2488 αὐτοῦ
1083 2433 1345 2506 προτεθὲν
1373 2433 1728 2502 εὐαγγελικὸν
1756 2434 1919 2505 ῥητὸν
1943 2436 2026 2500 εἰς
2053 2435 2246 2507 ἠθικὸν
2279 2434 2619 2490 καταπαύειν
2652 2435 2744 2490 τὸν
2767 2433 2946 2501 λόγον,
2973 2433 3269 2500 ἀναγκαῖον
3315 2430 3539 2501 ἐνόμισα
3576 2429 3670 2482 καὶ

327 2588 330 2590 γ
406 2529 480 2584 τὰ
513 2529 642 2600 παρ’
666 2529 831 2584 αὐτοῦ
861 2528 920 2584 ὲν
948 2529 1026 2602 τῷ
1073 2528 1250 2601 ἠθικῷ
1286 2529 1428 2583 κατὰ
1454 2528 1656 2592 πλάτος
1686 2529 1958 2600 εἰρημένα
1982 2530 2040 2584 ὲν
2068 2530 2319 2601 συντόμῳ
2344 2529 2632 2602 προτάξαι,
2665 2529 2753 2583 ἵνα
2790 2528 2889 2599 Em
2918 2530 2947 2582 ὁ
2969 2527 3288 2598 βουλόμενος
3321 2523 3421 2595 τὴν
3441 2522 3670 2592 δύναμιν

409 2626 506 2680 τοῦ
532 2623 732 2689 παντὸς
757 2623 950 2695 ἠθικοῦ
981 2623 1196 2687 ἀπόνως
1221 2624 1315 2677 καὶ
1346 2623 1405 2676 ὲν
1434 2622 1682 2694 συντόμῳ
1707 2623 1981 2695 εὑρίσκειν
2010 2645 2015 2690 4

2061 2623 2123 2705 ι).
2153 2624 2538 2705 Plerumque
2557 2641 2705 2688 vero
2735 2640 2868 2686 non
2893 2623 2961 2684 in
2985 2621 3194 2684 fronte
3223 2620 3458 2701 Operis,
3499 2618 3667 2680 indi-

410 2729 505 2792 cis
549 2726 762 2801 modo,
799 2725 911 2789 sed
935 2725 1062 2788 suis
1089 2740 1359 2808 quaeque
1382 2723 1539 2788 locis
1566 2723 1632 2786 in
1653 2724 1936 2802 margine
1961 2724 2129 2800 libri,
2161 2725 2334 2806 quod
2369 2742 2489 2788 nos
2521 2724 2811 2800 fecimus,
2843 2728 3213 2802 argumenta
3245 2726 3564 2783 notantur.

491 2855 561 2914 In
599 2853 1128 2928 adnotationibus,
1159 2857 1390 2933 praeter
1417 2868 1489 2914 ea
1519 2868 1662 2932 qum
1689 2851 1784 2914 vel
1821 2850 1900 2912 ad
1929 2849 2190 2913 criticen
2211 2849 2306 2912 vel
2351 2849 2429 2911 ad
2475 2847 3065 2930 interpretationem
3111 2841 3460 2906 necessaria
3500 2837 3670 2900 vide-

410 2955 661 3030 bantur,
697 2955 996 3036 pauculas
1019 2955 1411 3035 conjecturas
1439 2959 1684 3016 nostras
1717 2951 1797 3016 ad
1829 2951 1951 3014 alia
1989 2951 2426 3031 gratiosissimi
2473 2950 2762 3014 Auctoris
2793 2947 3026 3030 scripta
3071 2943 3487 3028 pertinentes,
3526 2956 3673 3002 cum

410 3060 672 3120 Lectore
693 3055 1317 3120 communicavimus.

493 3185 820 3248 Postremo
870 3183 948 3248 ad
982 3183 1230 3247 Indices
1284 3185 1622 3246 consuetos
1669 3180 1930 3244 accessit
1966 3181 2126 3244 alius
2159 3182 2446 3254 Graecus;
2485 3178 2551 3241 in
2580 3195 2708 3260 quo
2744 3175 3140 3242 conﬁciendo
3179 3173 3244 3237 id
3275 3171 3674 3255 potissimum

412 3284 570 3348 mihi
605 3283 999 3365 prapositum
1033 3289 1149 3360 est,
1178 3288 1251 3346 ut
1283 3299 1503 3346 eorum
1548 3281 1900 3346 commodis
1930 3281 2292 3356 inserviam,
2333 3280 2442 3362 qui
2469 3279 2734 3361 posthac
2772 3279 2892 3342 alia
2939 3277 3206 3340 fortasse
3247 3270 3676 3355 Chrysostomi

415 3403 612 3469 Opera
649 3388 974 3467 purganda
1008 3387 1390 3468 suscipient;
1440 3385 1614 3466 quod
1651 3385 1975 3464 negotium
2020 3392 2150 3448 tam
2197 3384 2587 3466 expeditum,
2625 3401 2815 3465 quam
2849 3380 3277 3446 necessarium
3319 3394 3481 3453 esse,
3532 3379 3677 3456 post

415 3507 631 3554 meum
653 3488 936 3552 laborem
973 3504 1185 3563 nemo,
1218 3486 1468 3567 Opinor,
1500 3485 1775 3565 negabit.

499 3612 862 3676 Scribebam
888 3606 1316 3687 Cantabrigiaa,
1363 3605 1465 3668 die
1493 3606 1631 3667 XIX
1653 3603 1883 3685 Aprilis
1910 3605 2422 3668 MDCCCXXXIX.

495 3829 572 3918 (α)
625 3831 751 3918 ¹¹ε⁷ς9
803 3833 942 3918 ipss.
970 3835 1606 3918 ex,cedi29..easerirsi-
1639 3835 1994 3918 N“.“.°.-"i‘.'.‘?°
2098 3859 2101 3890 ε

2098 3836 2386 3918 ειίεθαὺτδν
2411 3834 2737 3916 προτξρρθεν
2758 3833 2932 3918 dedit.
2957 3831 3065 3890 Sed
3095 3832 3468 3906 apograpbum
3492 3839 3675 3882 mcum

422 3903 609 3957 eadem
637 3903 1106 3978 a‘Montefalconio
1128 3904 1337 3978 in_Bibl_.
1363 3903 1578 3978 Coislin.
1611 3923 1678 3978 p._
1712 3908 1814 3961 I50
1843 3908 1990 3964 edita
2099 3908 2282 3964 verius
2311 3903 2465 3977 esse,
2485 3903 2662 3978 quivis
2687 3905 2854 3962 videt.

423 3985 563 4042 esse,
595 3973 685 4044 qui
713 3983 897 4031 tamen
929 3991 1028 4048 pro
1047 3976 1227 4033 verbis
1275 3975 1337 4029 τὸ
1361 3977 1488 4048 παρ’
1516 3973 1681 4031 acto?
1705 3978 1987 4050 προτεθὲν,
