4066 6442
462 376 526 429 13
1194 378 1251 436 S.
1277 378 1561 435 JOANNIS
1590 376 2069 435 CHRYSOSTOMI
2100 376 2415 433 ARClllEP.
2444 370 2993 431 CONSTANTINOP.
3696 369 3768 424 ﬂ

455 464 574 545 qui
608 466 695 545 ob
725 462 1013 545 divisam
1040 464 1109 523 in
1137 463 1296 545 quas
1332 464 1646 526 decimam
1684 479 1949 545 nonam,
1983 464 2338 545 nonaginta
2365 467 2429 527 et
2460 481 2659 528 unam
2688 465 2988 528 homilias
3017 463 3347 528 numerari
3381 464 3657 540 videbat,
3694 469 3757 529 in

460 541 751 606 eamdem
774 544 1127 622 Epistulam
1156 541 1291 603 XCI
1319 560 1664 604 numerum
1691 544 2022 605 inductum
2053 541 2275 605 fuisse.

461 685 490 758 ᾗ
540 685 647 745 Vl.
681 719 755 729 —
782 686 873 746 De
901 685 1422 765 interpretatione
1448 685 2125 827 Θεονρῇέὖᾷρῗίέῖἓ

2179 731 2191 753 .
2255 685 2414 747 etde
2442 704 2610 748 nova
2665 686 3093 751 Homilian
3131 687 3409 749 omnium
3458 686 3527 748 in
3566 682 3737 748 Mat-

2215 764 2552 827 adornata.

1784 783 1887 826 um
1926 783 1967 825 a
1994 782 2177 827 nam:
2215 782 2552 827 adornata.

536 906 609 966 In
635 906 835 967 Editis
858 907 1104 969 Latinis
1131 925 1402 990 operum
1431 908 1901 990 Chrysostomi,
1955 908 2237 990 itemque
2278 909 2345 971 in
2376 909 2822 973 Grateolatinis
2852 908 3363 973 Commeliniano
3412 913 3475 971 et
3502 908 3751 990 Mcrel-

457 984 663 1071 liano,
696 993 845 1065 post
872 991 1020 1048 octo
1066 984 1316 1071 priores
1341 984 1667 1071 homilias,
1700 1006 1981 1071 quarum
1998 984 2332 1071 interpres
2358 990 2629 1071 Latinus
2656 990 2970 1071 ⁸Αῐιίειιιιιε
3003 996 3139 1071 est,
3170 991 3265 1052 uti
3283 990 3418 1071 jam
3446 989 3754 1061 diximus,

456 1070 706 1148 (aeterm
732 1083 957 1128 omnes
985 1084 1134 1148 cum
1177 1068 1715 1148 interpretatione
1746 1067 2013 1147 Georgii
2042 1068 2462 1147 Trapexuntii
2512 1068 2856 1148 prodiere;
2913 1069 3027 1133 sed
3082 1071 3150 1131 in
3180 1067 3566 1132 Mureniana
3620 1073 3755 1131 tam

459 1145 696 1208 Auiani
726 1164 926 1220 quam
970 1145 1230 1225 Georgii
1256 1145 1673 1228 Trapezuntii
1702 1145 2039 1214 versiones
2067 1145 2461 1225 retractata,
2488 1145 2554 1211 e't
2579 1149 2647 1211 in
2674 1148 2897 1213 multis
2948 1154 3215 1213 mutatas
3250 1153 3650 1229 comparent.
3679 1151 3755 1208 ut

505 1557 3746 1607 MM

1283 1862 1766 2023 SANC'TI
1872 1863 2361 1957 PATRIS
2459 1864 2964 1964 NOSTRI

641 2177 1682 2419 JOANNIS
1859 2178 3618 2367 CHRYSOSTOMI

1412 2563 1933 2625 meammeam
1986 2548 2836 2633 consrsnrmordurm,

1601 2834 2062 2953 OPERA
2136 2831 2637 2949 OMNIA.

1997 3126 2269 3146 ﬂ

766 3346 1453 3415 COMMENTARIUS
1494 3345 1597 3412 IN
1634 3343 2050 3411 SANCTUM
2084 3343 2125 3408 Δ

2179 3342 2615 3409 tTTHzEUM
2654 3339 3332 3407 EVANGELISTAM
3368 3337 3479 3425 (α).

1993 3605 2268 3627 α-ι--κ

1965 3843 2251 3903 ΠΟΜΠΛΑ
2274 3843 2321 3901 ῐ.

560 4113 610 4169 Ι.
640 4111 775 4168 Libri
804 4108 1089 4184 Scriptum
1106 4129 1198 4168 cur
1240 4112 1366 4170 dati.
1392 4110 1503 4170 Lex
1527 4109 1731 4185 quando
1753 4119 1801 4168 et
1827 4110 2079 4184 quomodo

482 4206 624 4260 data.
656 4205 857 4261 Novum
882 4204 1257 4262 Testamentum
1285 4209 1490 4278 quando
1529 4217 1576 4263 et
1600 4207 1854 4279 quomodo
1880 4206 2074 4260 datum.

482 4297 675 4352 —-Par
703 4307 847 4352 esset
870 4298 1084 4368 quidem
1123 4314 1222 4354 nos
1260 4299 1405 4353 nulla
1438 4314 1598 4369 egere
1642 4298 1918 4354 literarum
1948 4310 2075 4367 ope,

481 4388 579 4444 sed
622 4388 692 4443 ita
735 4403 921 4459 puram
965 4389 1219 4445 exhibere
1255 4390 1441 4457 vitam,
1472 4398 1531 4443 ut
1556 4389 1785 4460 Spiritus
1811 4389 1977 4458 gratia
2007 4386 2077 4442 li-

483 4480 703 4537 brorum
738 4483 906 4539 instar
930 4483 1084 4539 nobis
1125 4493 1271 4539 esset
1304 4500 1318 4538 :
1347 4498 1411 4539 ac
1437 4482 1576 4539 sicut
1604 4482 1723 4538 libri
1752 4490 2073 4547 atramento,

479 4576 561 4630 sic
597 4575 759 4657 corda
799 4585 978 4632 nostra
1017 4575 1218 4648 Spiritu
1263 4576 1381 4647 ipso
1411 4585 1593 4633 essent
1633 4576 1909 4645 inscripta.
1942 4574 2076 4643 Quia

478 4681 611 4724 vero
638 4667 945 4739 hujusmodi
988 4669 1216 4740 gratiam
1256 4669 1576 4741 depulimus,
1615 4684 1733 4742 age,
1780 4670 2074 4725 secundum

478 4761 829 4831 navigationis
850 4774 1066 4817 cursum
1092 4760 1465 4832 suscipiamus.
1487 4761 1646 4817 Certe
1665 4761 1899 4833 primum
1926 4759 2073 4815 illum

476 4866 694 4908 cursum
725 4852 1150 4922 przestautiorem
1196 4851 1383 4919 fuisse,
1414 4861 1472 4908 et
1514 4851 1693 4909 verbis
1729 4861 1784 4909 et
1823 4850 2075 4922 operibus

480 4943 612 5013 ipsis
636 4944 872 4999 ostendit
898 4944 1058 5002 Deus.
1090 4944 1365 5017 Siquidem
1394 4943 1508 5001 Noe
1536 4952 1592 5000 et
1631 4944 1937 5000 Abraliamo
1974 4956 2073 4998 ne-

480 5037 800 5106 potibusque
827 5037 964 5106 ejus,
998 5054 1208 5094 necnon
1236 5037 1375 5095 Jobo
1404 5038 1611 5108 ipsique
1631 5037 1821 5108 Moysi,
1852 5051 1959 5090 non
1981 5050 2075 5105 per

479 5129 662 5184 literas
687 5128 1020 5198 loquebatur,
1055 5130 1149 5185 sed
1188 5145 1282 5201 per
1318 5145 1378 5186 se
1419 5130 1556 5200 ipse,
1600 5129 1742 5200 quod
1787 5142 1977 5198 purum
2017 5127 2072 5181 in

475 5219 606 5290 ipsis
646 5220 884 5274 animum
920 5220 1203 5289 reperiret.
1246 5221 1531 5291 Postquam
1570 5227 1750 5274 autem
1789 5219 2074 5273 universus

475 5310 824 5366 Hebraeorum
863 5311 1087 5380 populus
1117 5310 1168 5364 in
1196 5309 1514 5380 profundum
1541 5310 1794 5381 nequitia:
1820 5309 2072 5380 delapsus

477 5411 577 5465 est,
610 5416 829 5457 necesse
857 5400 1071 5457 demum
1097 5400 1195 5455 fuit
1220 5410 1278 5456 ut
1305 5400 1472 5456 literis
1498 5410 1551 5457 et
1578 5400 1772 5455 tabulis
1797 5400 1862 5454 ad
1884 5414 2071 5455 eorum

478 5494 948 5549 commonitionem
970 5502 1241 5561 uteretur;
1266 5491 1425 5563 idque
1444 5493 1619 5547 nonin
1644 5490 1854 5547 Veteris
1871 5491 2067 5558 solum,

563 5644 940 5711 (1)7CQntulimus
961 5648 1172 5711 Codices,
1196 5655 1313 5711 Reg.
1343 5647 1483 5707 195i,
1512 5648 1653 5711 1949,
1691 5649 1829 5709 l9i2,
1851 5648 2069 5700 Colliert.

478 5706 730 5776 166,306,
757 5706 1094 5777 Fuislinianuin
1114 5710 1193 5777 _66.
1224 5706 1388 5777 Alium
1428 5706 1548 5777 item
1581 5709 1724 5777 Dom:
1753 5706 1993 5777 Foucault,
2020 5717 2073 5762 et

475 5772 810 5828 Turaneusetu
833 5774 895 5829 Ι).
916 5779 980 5830 du
1004 5775 1188 5830 Poiricr
1211 5772 1390 5828 medici
1413 5772 1743 5831 eruditissmi.

2185 4109 2282 4167 sed
2313 4110 2367 4167 in
2398 4108 2527 4166 Novi
2555 4109 2715 4167 etiam
2737 4110 3073 4171 Testamenti
3098 4114 3298 4172 sanctis
3324 4114 3517 4172 factum
3551 4130 3775 4188 compe-

2184 4201 2371 4258 rimus.
2391 4202 2574 4273 Neque
2590 4203 2731 4260 enim
2760 4205 3014 4274 apostolis
3034 4206 3235 4276 scripto
3261 4205 3533 4277 quidpiam
3559 4207 3778 4264 tradidit

2186 4293 2349 4361 Deus,
2378 4293 2475 4348 sed
2503 4309 2602 4364 pro
2630 4295 2800 4350 literis
2828 4293 3056 4366 Spiritus
3083 4298 3307 4367 gratiam
3332 4312 3392 4353 se
3430 4296 3677 4353 daturum
3708 4298 3776 4352 il-

2182 4381 2250 4439 lis
2278 4383 2543 4454 pollicitus
2567 4394 2652 4441 est
2691 4404 2705 4441 :
2737 4401 2859 4442 nam
2892 4385 3008 4454 Ille,
3048 4389 3145 4456 ait,
3172 4398 3402 4460 suggeret
3439 4389 3578 4445 vobis
3605 4392 3777 4445 omnia

2183 4472 2368 4544 (Joan.
2398 4477 2485 4533 ﬂ.
2508 4475 2624 4551 26).
2645 4477 2714 4535 Ut
2733 4493 2862 4534 vero
2878 4479 3056 4537 discas
3073 4481 3176 4537 hoc
3194 4481 3351 4553 longe
3372 4483 3563 4539 melius
3584 4482 3769 4548 fuisse,

2180 4569 2306 4625 audi
2333 4571 2461 4641 quid
2486 4587 2583 4643 per
2608 4572 2926 4643 prophetam
2948 4575 3129 4630 dicat:
3156 4574 3434 4646 Disponant
3466 4577 3604 4631 vobis
3625 4585 3776 4630 testa-

2181 4672 2406 4717 mentum
2433 4679 2638 4733 novum,
2670 4666 2799 4719 dans
2830 4667 2960 4736 leges
2989 4682 3127 4721 meas
3155 4667 3207 4721 in
3240 4676 3401 4722 mente
3423 4684 3615 4735 eorum,
3644 4678 3690 4723 et
3718 4669 3773 4723 in

2180 4754 2417 4810 cordibus
2453 4771 2629 4810 eorum
2670 4756 2887 4812 scribam
2927 4772 3034 4825 eas,
3078 4764 3124 4812 et
3166 4767 3313 4812 erunt
3353 4775 3523 4814 omnes
3564 4758 3701 4813 docti
3739 4774 3775 4812 α

2180 4845 2291 4901 Deo
2317 4845 2451 4917 (Jer.
2478 4847 2569 4903 '51.
2604 4849 2692 4903 3i.
2724 4849 2839 4919 5'5).
2868 4847 3065 4904 Paulus
3090 4862 3304 4920 quoque
3333 4849 3470 4906 banc
3496 4851 3774 4906 declarans

2179 4939 2565 5008 praestantiam,
2592 4938 2801 4996 dicebat
2831 4941 3102 5010 accepisse
3133 4955 3194 4996 se
3226 4941 3418 5012 legem,
3462 4940 3585 4995 Non
3612 4942 3665 4995 in
3692 4952 3773 4995 ta-

2180 5032 2313 5085 bulis
2340 5031 2576 5101 lapideis,
2607 5032 2698 5086 sed
2733 5031 2789 5086 in
2821 5032 3007 5086 tabulis
3035 5031 3203 5087 cordis
3227 5033 3515 5087 carnalibus
3544 5031 3619 5104 (2.
3648 5033 3772 5087 Cor.

2174 5126 2233 5181 3-
2261 5125 2339 5195 5).
2366 5125 2500 5192 Quia
2519 5140 2648 5181 vero
2670 5134 2790 5193 post
2816 5126 3039 5181 multum
3073 5126 3328 5195 temporis
3351 5125 3439 5179 alii
3466 5126 3610 5180 circa
3635 5124 3771 5196 dog-

2176 5227 2343 5284 mata,
2388 5217 2479 5273 alii
2505 5218 2647 5273 circa
2693 5219 2854 5274 vitam
2880 5228 2936 5273 et
2973 5231 3156 5274 mores
3197 5219 3551 5288 impegerunt,
3583 5233 3773 5274 neces-

2178 5311 2317 5365 saria
2357 5309 2535 5365 denuo
2577 5309 2674 5365 fuit
2700 5311 2788 5365 illa
2832 5325 2931 5381 per
2972 5310 3160 5365 literas
3203 5310 3484 5365 institutio.
3518 5310 3775 5365 Animad-

2176 5410 2354 5457 vertas
2374 5402 2558 5470 velim,
2585 5411 2839 5472 quantum
2863 5402 2993 5457 illud
3015 5402 3214 5457 malum
3240 5402 3337 5469 sit;
3362 5401 3502 5472 quod
3529 5402 3626 5457 etsi
3648 5417 3770 5457 cum

2178 5501 2321 5546 tanta
2361 5492 2591 5562 puritate
2630 5496 2792 5549 vitam
2841 5508 3003 5564 agere
3049 5494 3359 5560 debeamus,
3406 5502 3465 5548 ut
3504 5509 3575 5548 ne
3623 5493 3773 5550 libris

2174 5583 2392 5654 quidem
2424 5585 2493 5639 sit
2521 5599 2677 5653 opus,
2719 5584 2815 5640 sed
2862 5586 3116 5641 librorum
3147 5586 3263 5640 vice
3291 5582 3455 5639 corda
3498 5584 3770 5641 oli'erenda

2178 5675 2286 5728 sint
2331 5674 2550 5743 Spiritui
2598 5685 2785 5732 sancto
2832 5675 3187 5742 instituenda;
3239 5685 3520 5745 postquam
3565 5685 3768 5732 tantum

2180 5767 2442 5823 honorem
2485 5766 2783 5839 amisimus,
2816 5775 2979 5842 atque
3017 5781 3084 5826 eo
3124 5767 3325 5825 redacti
3368 5781 3573 5838 sumus,
3607 5776 3664 5825 ut
3702 5769 3766 5825 lio
