4066 6496
414 452 478 504 15
1133 439 1188 495 S.
1227 439 1513 494 JOANNIS
1552 438 2002 495 (IIIIWSOSTOM

2125 438 2392 496 RCIIIEP.
2433 440 2977 497 CONSTANTINOP.
3633 442 3713 499 16

406 555 811 613 ἐπισπάσασθαι
837 555 859 587 ⁷
900 555 1078 627 χάριν,
1120 554 1393 626 σκόπησον
1436 555 1595 627 ἡλίκη
1641 554 1976 626 κατηγορία,

406 651 466 703 τὸ
500 649 634 719 μηδέ
678 649 813 717 μετά
840 648 940 718 τὴν
978 646 1229 718 βοήθειαν
1273 647 1475 717 ταύτην
1518 647 1722 701 ἐθέλειν
1767 645 1980 717 κερδαί-

405 760 537 807 νειν,
579 741 694 795 ἀλλ’
718 740 794 802 ὡς
821 740 940 811 είκῆ
975 742 1069 793 καὶ
1102 742 1278 812 μάτην
1316 740 1543 810 κείμενα
1570 738 1639 792 τά
1678 738 1982 809 γράμματα

407 833 688 904 περιορᾷν,
737 832 830 886 καὶ
885 832 1109 905 μείζονα
1157 831 1491 885 ἐπισπᾶσθαι
1523 831 1545 863 ³
1588 831 1690 902 τὴν
1737 829 1980 883 κόλασιν.

408 923 584 993 Ὅπερ
610 923 695 976 ἴνα
728 923 804 996 μὴ
837 923 1083 995 γένηται,
1116 922 1474 996 προσέχωμεν
1521 921 1661 991 μετά
1699 919 1985 992 ἀκριϐείας

407 1017 517 1077 τοῖς
551 1015 981 1086 γεγραμμένοις,
1008 1016 1103 1069 καὶ
1126 1014 1398 1086 ,μάθωμεν
1435 1010 1519 1086 [3]
1541 1011 1662 1076 πῶς
1696 1011 1795 1082 μὲν
1825 1012 1855 1064 6
1884 1027 1987 1065 πα-

406 1104 559 1168 λαιὸς
596 1104 752 1177 ἐδόθη
796 1105 985 1177 νόμος,
1016 1105 1135 1170 πῶς
1171 1106 1228 1159 δὲ
1266 1107 1301 1177 ἡ
1341 1106 1518 1174 Καινὴ
1552 1102 1815 1173 Διαθήκη.
1860 1100 1987 1164 Πῶς

408 1191 501 1250 οὖν
528 1197 559 1250 6
587 1197 750 1267 νόμος
779 1198 983 1260 ἐκεῖνος
1010 1195 1165 1267 ἐδόθη
1209 1196 1352 1260 τότε,
1396 1193 1491 1247 καὶ
1537 1191 1668 1245 πότε
1712 1191 1805 1245 καὶ
1843 1188 1986 1255 ποῦ;

411 1286 566 1341 Μετά
591 1286 685 1339 τὸν
710 1285 816 1340 τῶν
851 1285 1164 1355 Αἰγυπτίων
1199 1284 1438 1355 ὄλεθρον,
1485 1284 1580 1337 ἐπὶ
1619 1283 1719 1354 τῆς
1756 1282 1986 1353 ἐρήμου,

412 1379 470 1429 ἐν
499 1377 578 1448 τῷ
625 1377 742 1448 ὄρει
786 1378 938 1440 Σινᾶ,
977 1375 1185 1431 καπνοῦ
1229 1375 1323 1429 καὶ
1358 1374 1570 1446 πυρὸς⁹
1604 1373 1846 1436 ἀνιόντος
1880 1371 1990 1425 ἀπὸ

412 1470 507 1522 τοῦ
543 1469 721 1541 ὅρους,
752 1468 1047 1538 σάλπιγγος
1074 1466 1331 1539 ἡχούσης,
1365 1465 1604 1539 βροντῶν
1647 1465 1744 1520 καὶ
1786 1465 1991 1535 ἀστρα-

414 1561 532 1614 πῶν
563 1560 861 1631 γινομένων
885 1561 952 1626 ¹⁹,
985 1558 1082 1613 τοῦ
1110 1559 1390 1623 Μωῦσέως
1421 1560 1501 1622 εἰς
1533 1556 1696 1611 αὐτὸν
1734 1554 1991 1617 εἰσιόντος

414 1648 505 1702 τὸν
543 1649 761 1718 γνόφον.
805 1650 895 1703 Ἐν
936 1651 1004 1721 τῇ
1053 1651 1231 1721 Καινῇ
1281 1649 1339 1703 δέ
1381 1649 1480 1720 οὐχ
1525 1648 1729 1711 οὕτως·
1761 1645 1885 1701 οὐτε
1934 1644 1993 1697 ἐν

414 1743 631 1813 ἐρήμῳ,
659 1740 783 1796 οῦτε
814 1744 871 1796 ἐν
903 1743 1041 1812 δρει,
1071 1740 1196 1795 οὔτε
1234 1740 1371 1812 μετά
1399 1738 1608 1794 καπνοῦ
1637 1739 1734 1792 καὶ
1768 1738 1994 1799 σκότους

417 1835 512 1888 καὶ
535 1834 734 1903 γνόφου
770 1833 866 1887 καὶ
900 1832 1158 1904 θυέλλης·
1189 1832 1302 1886 ἀλλ’
1325 1830 1636 1902 ἀρχομένης
1663 1828 1899 1900 ἡμέρας,
1936 1829 1994 1879 ἐν

418 1924 601 1996 οἰκίᾳ,
658 1923 877 1978 πάντων
935 1923 1386 1994 συγκαθημένων,
1435 1921 1575 1993 μετά
1630 1920 1833 1989 πολλῆς
1893 1919 1993 1989 τῆς

420 2015 757 2087 ἡμερότητος
801 2015 981 2069 πάντα
1019 2015 1246 2085 ἐγίνετο.
1288 2015 1412 2077 Tot;
1458 2012 1557 2083 μὲν
1591 2013 1699 2082 γάρ
1726 2009 1996 2077 ἀλογωτέ-

423 2122 539 2186 ροις
578 2107 672 2159 καὶ
707 2104 979 2175 δυσηνίοις
1019 2105 1336 2175 σωματικῆς
1379 2103 1485 2157 ἔδει
1532 2101 1853 2172 φαντασίας,
1884 2094 1996 2153 οἷον

423 2198 680 2269 ἐρημίας,
729 2197 909 2269 ὅρους,
955 2197 1187 2260 καπνοῦ,
1231 2197 1528 2266 σάλπιγγος
1556 2195 1715 2266 ἠχῆς,
1764 2193 1859 2246 καὶ
1887 2191 1996 2246 τῶν

423 2276 599 2343 ἄλλων
625 2287 731 2343 τῶν
762 2282 1046 2342 τοιούτων·
1077 2290 1190 2352 τοῖς
1218 2286 1276 2340 δὲ
1305 2284 1656 2357 ὑψηλοτέροις
1694 2284 1788 2337 καὶ
1829 2299 1997 2336 κατα-

425 2379 637 2433 πειθὲσι
670 2380 763 2433 καὶ
805 2379 904 2450 τὴν
936 2379 1045 2432 τῶν
1093 2379 1359 2449 σωμάτων
1404 2377 1613 2430 ἔννοιαν
1658 2372 1995 2446 ὐπεραναϐε-

426 2471 671 2541 ϐηκόσιν,
700 2470 911 2535 οὐδενὸς
938 2468 1005 2542 ἦν
1037 2472 1238 2524 τούτων
1267 2470 1444 2541 χρεία.
1478 2470 1540 2522 Εἰ
1569 2468 1629 2520 δὲ
1661 2467 1756 2520 καὶ
1788 2467 1875 2518 ἐπ’
1903 2465 1998 2518 αὐ-

425 2563 532 2616 τῶν
561 2559 692 2635 ἦχος
722 2564 955 2632 ἐγένετο,
981 2564 1041 2615 οὐ
1072 2563 1161 2616 διὰ
1188 2564 1315 2624 τοὺς
1364 2557 1713 2622 ἀποστόλους,
1748 2556 1883 2612 ἀλλὰ
1908 2556 1998 2610 διὰ

425 2656 552 2719 τούς
593 2656 864 2726 παρόντας
897 2654 1208 2717 Ἰουδαίους,
1258 2654 1324 2706 δι’
1353 2650 1446 2715 οῦς
1476 2651 1570 2704 καὶ
1601 2652 1656 2704 αἰ
1685 2649 1778 2702 τοῦ
1832 2647 1999 2713 πυρὸς

424 2745 685 2815 ὤφθησαν
722 2743 983 2812 γλῶσσαι.
1028 2741 1091 2792 Εἰ
1132 2739 1240 2810 γὰρ
1282 2739 1375 2792 καὶ
1409 2738 1546 2809 μετά
1590 2736 1748 2790 τοῦτο
1798 2737 2007 2805 ελεγον.

424 2837 506 2889 ὅτι
536 2834 803 2897 Γλεύκους
847 2829 1259 2902 μεμεστωμένοι
1290 2830 1427 2891 εἰσὶ,
1476 2827 1656 2898 πολλῷ
1703 2827 1923 2897 μᾶλλον,
1959 2829 2008 2881 εί

430 2925 594 2997 μηδὲν
627 2923 832 2979 τούτων
885 2917 1043 2985 εἶδον,
1091 2921 1261 2977 ταῦτα
1293 2922 1361 2975 ἀν
1409 2916 1581 2974 εἷπον.
1621 2921 1732 2974 Kal
1768 2920 1862 2974 ἐπὶ
1913 2920 2010 2990 μὲν

424 3018 524 3086 τῆς
574 3016 854 3078 Παλαιᾶς,
901 3013 1179 3077 Μωῦσέως
1230 3012 1559 3077 ἀναϐάντος,
1602 3011 1773 3076 οὕτως
1807 3013 1834 3064 6
1877 3011 2010 3076 Θεὸς

426 3107 660 3179 κατέϐη·
692 3106 921 3161 ἐνταῦθα
957 3105 1015 3158 δὲ
1058 3105 1159 3171 τῆς
1192 3105 1409 3176 φύσεως
1454 3105 1555 3174 τῆς
1605 3105 1881 3175 ἡμετέρας
1926 3104 2007 3160 εἰς

425 3199 516 3253 τὸν
542 3198 787 3269 οὐρανὸν,
822 3197 1022 3268 μᾶλλον
1051 3197 1108 3251 δέ
1138 3197 1220 3260 εἰς
1258 3196 1348 3250 τὸν
1378 3184 1569 3267 θρόνον
1606 3196 1696 3249 τὸν
1729 3194 2009 3264 βασιλικὸν

424 3293 836 3365 ἀνενεχθείσης,
877 3291 1019 3347 οὕτω
1056 3293 1117 3346 τὸ
1154 3291 1379 3362 Πνεῦμα
1424 3292 1689 3347 κάτεισιν.
1742 3293 1805 3345 Εἰ
1842 3291 1898 3345 δὲ
1944 3290 2011 3345 τὸ

425 3383 655 3455 Πνεῦμα
695 3384 936 3449 ἔλαττον,
975 3383 1074 3440 οὗκ
1111 3383 1176 3438 ἂν
1216 3383 1439 3456 μείζονα
1475 3380 1546 3456 ἦν
1577 3384 1648 3439 τὰ
1675 3383 1941 3456 γενόμενα
1964 3384 2005 3415 ¹¹

425 3477 521 3530 καὶ
544 3451 979 3549 θαυμαστότερα.
1021 3476 1130 3530 Kal
1162 3451 1270 3549 γάρ
1304 3478 1356 3530 αἱ
1386 3451 1591 3541 πλάκες
1634 3451 2009 3544 αῦτάιτπολλῷ

368 3592 373 3597 ~
428 3567 668 3637 βελτίους
696 3570 761 3632 ¹²,
808 3570 901 3622 καὶ
945 3570 1015 3622 τά
1064 3568 1462 3640 κατορθώματα
1496 3567 1875 3639 λαμπρότερα.
1927 3565 2006 3621 Οὐ

424 3661 534 3730 γάρ
561 3660 622 3724 ἐξ
650 3661 811 3732 ὅρους
848 3661 1117 3731 κατῄεσαν
1150 3658 1350 3729 στήλας
1383 3658 1642 3730 φέροντες
1672 3656 1880 3720 λιθίνας
1917 3656 2010 3710 ἐπὶ

426 3751 537 3806 τῶν
574 3751 772 3822 χειρῶν
810 3752 861 3804 οί
901 3749 1216 3813 ἀπόστολοι,
1251 3749 1501 3817 καθάπερ
1553 3748 1832 3818 Μωύσῆς·
1875 3746 2010 3802 ἀλλὰ

425 3841 488 3895 τὸ
519 3840 744 3912 Πνεῦμα
768 3841 826 3894 ἐν
862 3842 929 3911 τῇ
974 3840 1182 3912 διανοίᾳ
1228 3840 1639 3911 περιφέροντες,
1670 3839 1765 3892 καὶ
1798 3838 2002 3910 θησαυ-

429 3934 520 4005 ρόν
562 3949 686 3986 τινα
713 3931 806 3985 καὶ
838 3930 1018 4002 πηγὴν
1050 3930 1335 4000 δογμάτων
1377 3930 1472 3983 καὶ
1517 3929 1877 4001 χαρισμάτων
1908 3929 2003 3983 καί⁹

426 4022 646 4076 πάντων
688 4020 795 4075 τῶν
831 4019 1047 4089 ἀγαθῶν
1086 4019 1510 4086 ἀναϐλύζοντες,
1546 4020 1689 4075 οῦτω
1733 4020 2009 4090 πανταχοῦ

426 4112 747 4186 περιῄεσαν,
796 4111 977 4184 βιϐλία
1023 4112 1118 4165 καὶ
1151 4111 1305 4183 νόμοι
1351 4111 1627 4183 γινόμενοι
1660 4110 1750 4165 διὰ
1796 4110 1898 4180 τῆς
1930 4107 2009 4181 [4]

425 4207 648 4278 χάριτος
679 4203 932 4275 έμψυχοι.
959 4202 1119 4257 Οὕτω
1155 4204 1283 4267 τούς
1313 4204 1665 4275 τρισχιλίους,
1700 4203 1843 4257 οὕτω
1885 4203 2011 4265 τούς

426 4294 918 4366 πεντακισχιλίους,
944 4294 1087 4347 οὕτω
1116 4295 1246 4358 τούς
1278 4294 1378 4365 τῆς
1410 4293 1737 4365 οἰκουμένης
1768 4294 2013 4347 ἐπεσπά-

429 4404 593 4442 σαντο
626 4385 860 4457 δήμους,
892 4384 987 4438 τοῦ
1022 4383 1157 4438 Θεοῦ
1204 4384 1292 4438 διά
1340 4385 1439 4456 τῆς
1488 4385 1713 4439 ἐκείνων
1766 4383 2014 4453 γλώττης

425 4480 542 4541 τοῖς
579 4474 896 4549 προσιοῦσιν
940 4474 1113 4530 ἅπασι
1155 4475 1561 4546 διαλεγομένου.
1601 4476 1721 4544 Ἀφ’
1753 4468 1817 4530 οῦ
1858 4474 1953 4529 καὶ
1984 4476 2015 4527 6

427 4566 704 4630 Ματθαίος
744 4564 839 4620 τοῦ
870 4564 1191 4636 Πνεύματος
1221 4566 1557 4637 ἐμπλησθεὶς
1588 4563 1830 4637 ἔγραψεν
1863 4564 2010 4636 άπερ

427 4656 669 4729 ἔγραψε·
716 4656 994 4720 Ματθαίος
1029 4658 1059 4710 6
1096 4654 1366 4728 τελώνης·
1403 4657 1464 4710 οὐ
1521 4656 1655 4728 γὰρ,
1686 4655 2015 4728 αἰσχύνομαι

429 4750 608 4805 καλῶν
635 4751 796 4805 αὐτὸν
824 4751 933 4806 ἀπὸ
958 4750 1057 4821 τῆς
1090 4747 1306 4819 τέχνης,
1333 4746 1458 4802 οὐτε
1487 4747 1695 4814 τοῦτον,
1722 4746 1849 4803 οὐτε
1887 4751 2014 4814 τούς

428 4842 643 4905 ἄλλους.
685 4841 855 4897 Τοῦτο
907 4843 1017 4912 γὰρ
1074 4840 1309 4913 μάλιστα
1354 4839 1596 4895 δείκνυσι
1637 4840 1732 4894 καὶ
1773 4840 1873 4914 τὴν
1916 4840 2011 4895 τοῦ

430 4932 747 5003 Πνεύματος
772 4934 953 5004 χάριν,
985 4934 1080 4988 καὶ
1110 4933 1211 5004 τὴν
1249 4932 1472 4986 ἐκείνων
1510 4931 1736 5003 ἀρετήν.

501 5023 570 5094 β’.
596 5023 924 5092 Εὐαγγέλιον
949 5024 1006 5078 δέ
1027 5025 1189 5079 αὐτοῦ
1229 5024 1329 5093 τὴν
1366 5022 1751 5095 πραγματείαν
1791 5022 2014 5086 εἰκότως

429 5115 676 5169 ἐκάλεσε.
704 5115 815 5168 Καὶ
840 5114 952 5185 γὰρ
977 5116 1252 5178 κολάσεως
1286 5115 1593 5185 ἀναίρεσιν,
1627 5114 1726 5169 καὶ
1762 5114 2014 5185 ἁμαρτη-

434 5205 616 5276 μάτων
649 5204 824 5269 λύσιν,
865 5206 958 5259 καί⁵
1003 5205 1369 5276 δικαιοσύνην,
1418 5207 1515 5260 καὶ
1576 5204 1870 5276 ἀγιασμὸν,
1918 5205 2017 5258 καὶ

430 5292 829 5365 ἀπολύτρωσιν,
883 5289 977 5344 καὶ
1020 5289 1308 5353 υἱοθεσίαν,
1359 5293 1455 5346 καὶ
1498 5289 1862 5361 κληρονομίαν
1908 5285 2021 5345 τῶν

430 5385 699 5454 οὐρανῶν,
748 5384 846 5439 καὶ
887 5381 1208 5451 συγγένειαν
1244 5381 1381 5453 πρὸς
1428 5381 1522 5434 τὸν
1552 5381 1681 5434 Υἰὸν
1715 5379 1809 5434 τοῦ
1857 5377 2017 5443 Θεοῦ,

437 5481 602 5533 πᾶσιν
645 5474 808 5548 ἦλθεν
849 5473 1242 5543 ἀπαγγέλλων·
1277 5476 1390 5538 τοῖς
1431 5473 1665 5545 ἐχθροῖς,
1697 5476 1811 5538 τοῖς
1844 5472 2014 5540 ἀγνώ-

443 5585 568 5640 μοσι
590 5607 606 5633 ,
647 5571 760 5632 τοῖς
796 5569 855 5622 ἐν
902 5566 1079 5635 σκότῳ
1132 5565 1480 5637 καθημένοις.
1526 5566 1593 5618 Τί
1625 5565 1745 5619 ποτ’
1788 5558 1882 5619 οὖν
1915 5563 2022 5616 τᾶν

441 5656 777 5729 εὐαγγελίων
819 5656 1024 5712 τούτων
1065 5651 1182 5710 ῐσον
1210 5654 1408 5724 γένοιτ’
1436 5656 1534 5720 άν;
1574 5654 1708 5719 Θεὸς
1751 5655 1846 5708 ἐπὶ
1886 5654 2021 5724 γῆς,

443 5748 730 5817 ἄνθρωπος
767 5745 828 5800 ἐν
871 5743 1116 5818 οὐρανῷ·
1159 5743 1255 5798 καὶ
1306 5744 1486 5799 πάντα
1541 5743 1746 5815 ἀναμὶξ
1785 5743 2022 5813 ἐγένετο,

2105 544 2325 615 ἄγγελοι
2363 546 2715 618 συνεχόρευον
2747 548 3080 619 ἀνθρώποις,
3111 550 3390 626 ἄνθρωποι
3436 559 3551 621 τοῖς
3594 561 3699 627 ἀγ.

2107 637 2284 701 γέλοις
2326 637 2664 703 ἐκοινώνουν,
2693 640 2786 693 καὶ
2816 643 2934 704 ταῖς
2981 641 3170 707 ἄλλαις
3211 645 3333 710 τοῖς
3379 648 3494 702 ἄνω
3531 647 3691 705 δυνά-

2109 745 2263 800 μεσι·
2296 729 2389 783 καὶ
2414 726 2486 800 ἦν
2516 731 2647 784 ἰδεῖν
2676 731 2768 785 τὸν
2797 734 3011 804 χρόνιον
3041 735 3268 791 λυθέντι.
3306 738 3564 811 πόλεμον,
3595 743 3694 797 καὶ

2106 820 2454 890 καταλλαγάς
2496 820 2632 875 Θεοῦ
2673 825 2810 895 πρὸς
2854 823 2954 897 τὴν
2989 827 3267 900 ἡμετέραν
3313 832 3695 902 γεγενημένας

2108 911 2290 982 φύσιν,
2317 911 2562 966 διάϐολον
2594 914 3004 986 αἰσχυνόμενον,
3033 917 3297 990 δαίμονας
3329 922 3696 992 δραπετεύον-

2105 1020 2225 1067 τας,
2256 1002 2484 1057 θάνατον
2523 1003 2814 1075 λελυμένον
2840 1005 2905 1073 ¹³,
2942 1008 3268 1079 παράδεισον
3313 1010 3693 1081 ἀνοιγόμενον,

2106 1095 2354 1165 κατάραν
2392 1095 2811 1168 ἡφανισμένην,-
2838 1098 3115 1169 ἁμαρτίαν
3160 1101 3409 1156 ἐκποδὼν
3455 1118 3694 1173 γεγενη-

2112 1186 2302 1257 μένην,
2347 1185 2558 1256 πλάνην
2594 1186 3034 1260 ἀπεληλαμένην,
3081 1190 3697 1268 ἀλήθεωνᾴέπανελθοῦ-

2110 1296 2232 1345 σαν,
2274 1282 2375 1350 τῆς
2405 1279 2688 1343 εὐσεϐείας
2716 1279 2809 1333 τὸν
2856 1280 3013 1349 λόγον
3059 1284 3334 1355 πανταχοῦ
3394 1303 3700 1340 κατάσπει-

2113 1371 2338 1443 ρόμενον
2376 1372 2471 1424 καὶ
2515 1370 2793 1441 κομῶντα,
2838 1372 2934 1442 τὴν
2964 1372 3071 1426 τῶν
3104 1374 3216 1428 ἀνω
3265 1376 3544 1431 πολιτείαν
3602 1377 3703 1429 ἐπὶ

2110 1461 2207 1533 τῆς
2240 1462 2343 1531 γῆς
2389 1462 2826 1533 πεφυτευμένην,
2874 1464 3014 1535 μετὰ
3058 1465 3240 1531 ἀδείας
3290 1468 3389 1532 τὰς
3439 1468 3701 1540 δυνάμεις

2110 1551 2322 1616 ἐκείνας
2347 1551 2641 1622 ὁμιλούσας
2666 1554 2819 1624 ἡμῖν,
2849 1555 2944 1607 καὶ
2969 1558 3036 1627 τῇ
3062 1559 3131 1627 γῇ
3159 1557 3400 1630 συνεχῶς
3427 1560 3701 1629 ἀγγέλους

2112 1643 2611 1717 ἐπιχωριάζοντας,
2656 1647 2753 1699 καὶ
2810 1646 3012 1719 πολλὴν
3053 1650 3196 1721 ὑπὲρ
3236 1650 3346 1703 τῶν
3395 1651 3701 1722 μελλόντων

2109 1737 2209 1808 τὴν
2246 1735 2436 1789 ἐλπίδα
2485 1730 2671 1790 οὖσαν.
2714 1736 2815 1790 Διά
2843 1736 3001 1792 τοῦτο
3031 1740 3365 1808 Εὐαγγέλιον
3402 1741 3502 1812 τὴν
3551 1744 3741 1795 ίστο-’

2112 1830 2235 1902 ρίαν
2264 1827 2547 1892 ἐκάλεσεν,
2578 1827 2656 1891 ὡς
2692 1829 2762 1882 τά
2795 1846 2857 1897 γε
2890 1829 3025 1885 ἄλλα
3060 1831 3238 1885 πάντα
3275 1834 3496 1904 ῥήματα
3537 1835 3702 1905 μόνον

2112 1921 2229 1976 ἐστὶ
2266 1921 2609 1992 πραγμάτων
2643 1920 2846 1993 ἔρημα,
2888 1921 2999 1977 οἷον
3027 1927 3326 1997 χρημάτων
3478 1943 3703 1999 περιου-

2114 2016 2238 2079 σία,
2285 2013 2605 2077 δυναστείας
2643 2015 2891 2084 μέγεθος,
2936 2019 3032 2071 καὶ
3071 2019 3364 2090 ἀρχαὶκαὶ
3409 2019 3557 2086 δόξαι
3602 2021 3702 2074 καὶ

2112 2104 2300 2179 τιμαὶ,
2347 2108 2441 2162 καὶ
2492 2110 2560 2165 τά
2620 2108 2755 2164 ἄλλα
2794 2110 2898 2164 ὅσα
2947 2111 3099 2182 παρὰ
3148 2110 3460 2182 ἀνθρώποις
3518 2114 3703 2182 ἀγαθά

2116 2198 2254 2255 εἶναι
2298 2202 2597 2274 νομίζεται.
2638 2203 2719 2256 Τά
2769 2202 2826 2256 δὲ
2862 2202 3011 2273 παρά
3053 2201 3164 2255 τῶν
3191 2202 3389 2257 ἁλιέων
3417 2202 3702 2272 ἀπαγγελ-

2117 2295 2276 2349 θέντα
2304 2293 2539 2366 γνησίως
2564 2312 2623 2349 τε
2654 2295 2749 2349 καὶ
2778 2294 2984 2365 κυρίως
3007 2292 3302 2361 εὐαγγέλια
3327 2292 3393 2346 ἂν
3419 2293 3667 2347 καλοῖντο
3686 2312 3700 2324 ·

2116 2380 2217 2441 οὐκ
2253 2387 2442 2459 ἐπειδὴ
2476 2386 2667 2458 βέϐαια
2702 2386 2797 2439 καὶ
2844 2385 3081 2455 ἀκίνητα
3118 2385 3276 2455 μόνον
3315 2385 3465 2438 ἐστὶν
3497 2384 3702 2452 ἀγαθὰ,

2117 2479 2212 2532 καὶ
2238 2478 2377 2550 ὑπὲρ
2412 2479 2511 2545 τὴν
2540 2478 2697 2545 ἀξίαν
2735 2477 2835 2547 τὴν
2863 2476 3158 2548 ἡμετέραν,
3191 2475 3305 2529 ἀλλ’
3344 2476 3425 2530 ὅτι
3454 2477 3548 2529 καὶ
3582 2477 3704 2546 μετ’

2116 2569 2365 2633 εὐκολίας
2398 2570 2616 2640 ἀπάσης
2662 2571 2797 2642 ἡμῖν
2833 2568 3013 2639 ἐδόθη.
3050 2567 3185 2621 Οὐδὲ
3215 2567 3322 2638 γάρ
3361 2569 3700 2639 πονήσαντες

2118 2662 2213 2716 καὶ
2254 2659 2600 2732 ίδρώσαντες,
2628 2663 2690 2716 οὐ
2725 2661 2993 2732 καμόντες
3022 2660 3116 2713 καὶ
3155 2659 3699 2732 ταλαιπωρηθέντες,

2118 2755 2233 2810 ἀλλ’
2278 2753 2656 2826 ἀγαπηθέντες
2700 2752 2856 2827 παρὰ
2897 2751 2994 2806 τοῦ
3028 2750 3165 2806 Θεοῦ
3208 2751 3392 2821 μόνον,
3435 2750 3704 2821 ἐλάϐομεν

2120 2846 2264 2919 ειπερ
2291 2846 2581 2918 ἐλάϐομεν.
2625 2847 2737 2901 Καὶ
2770 2847 2823 2901 τί
2862 2846 3061 2918 δὴποτε
3089 2843 3360 2899 τοσούτων
3397 2842 3564 2897 όντων
3592 2843 3706 2896 τῶν

2129 2931 2423 3003 μαθητῶν,
2450 2929 2544 2984 δύο
2573 2931 2879 3000 γράφουσιν
2923 2929 2987 2981 ἐκ
3022 2927 3129 2982 τῶν
3173 2925 3487 2983 ἀποστόλων
3519 2925 3671 2995 μόνοι
3690 2965 3704 2989 ,

2126 3025 2220 3078 καὶ
2240 3023 2334 3078 δύο
2361 3025 2426 3077 ἐκ
2455 3022 2565 3076 τῶν
2585 3021 2793 3086 τούτοις
2822 3019 3165 3085 ἀκολούθων;
3206 3020 3267 3072 '0
3297 3017 3531 3098 μὲνγὰρ
3556 3016 3709 3072 Παύ·

2126 3115 2242 3181 λου,
2283 3118 2313 3170 6
2348 3116 2404 3169 δὲ
2439 3116 2648 3187 Πέτρου
2694 3113 2943 3186 μαθητὴς
2987 3110 3085 3178 ὣν,
3135 3111 3273 3183 μετά
3309 3110 3552 3166 Ἰωάννου
3610 3110 3708 3162 καὶ

2126 3207 2410 3263 Ματθαίου
2442 3207 2510 3260 τὰ
2557 3204 2866 3274 Εὐαγγέλια
2909 3202 3173 3275 ἔγραψαν.
3204 3201 3327 3254 ’Ὀτι
3369 3200 3521 3254 οὐδὲν
3567 3198 3708 3268 πρὸς

2128 3298 2437 3369 φιλοτιμίαν
2488 3296 2724 3358 ἐποίουν,
2772 3294 2908 3349 ἀλλά
2962 3294 3142 3348 πάντα
3197 3291 3332 3365 πρὸς
3380 3289 3587 3362 χρείαν.
3637 3289 3706 3341 Τί

2126 3386 2259 3455 οῦνς
2312 3390 2427 3442 Οὐκ
2480 3388 2641 3459 ἡρκει
2697 3382 2777 3451 εἷς
2825 3382 3211 3455 εὐαγγελιστὴς
3270 3384 3445 3438 πάντα
3497 3382 3709 3445 εἰπεῖν;

2132 3477 2331 3554 Ἤρκει
2364 3481 2490 3553 μέν·
2526 3479 2664 3535 ἀλλά
2696 3481 2800 3534 κᾶν
2834 3479 3094 3551 τέσσαρες
3132 3470 3267 3531 ὦσιν
3304 3477 3352 3528 οί
3383 3474 3708 3547 γράφοντες,

2133 3575 2272 3646 μήτε
2298 3572 2443 3626 κατά
2468 3573 2595 3634 τοὺς
2616 3570 2821 3635 αὐτοὺς
2846 3568 3092 3640 καιροὺς,
3126 3567 3264 3638 μήτε
3295 3567 3352 3618 ἐν
3381 3567 3491 3628 τοῖς
3522 3564 3710 3627 αὐτοῖς

2129 3665 2334 3728 τόποις,
2368 3664 2505 3735 μήτε
2536 3661 2878 3724 συνελθόντες
2904 3661 2997 3713 καὶ
3026 3656 3397 3728 διαλεχθέντες
3434 3654 3708 3722 ἀλλήλοις,

2129 3750 2248 3808 εἶτα
2274 3755 2464 3824 ὥσπερ
2491 3753 2586 3821 ἀφ’
2617 3751 2734 3816 ένὸς
2764 3738 3028 3821 στόματος
3057 3749 3234 3803 πάντα
3266 3745 3609 3816 φθέγγωνται
3643 3743 3713 3805 ³⁸,

2132 3846 2362 3918 μεγίστη
2398 3846 2499 3917 τῆς
2526 3844 2781 3916 ἀληθείας
2807 3841 3079 3909 ἀπόδειξις
3110 3840 3269 3894 τοῦτο
3302 3840 3526 3908 γίνεται.

2204 3940 2314 3994 Kal
2345 3939 2450 4010 μὴν
2481 3937 2790 3991 τούναντίον
2818 3934 3037 4005 συνέϐη,
3081 3932 3248 4003 φησί·
3281 3928 3547 4001 πολλαχοῦ
3599 3928 3710 4000 γὰρ

2130 4029 2521 4100 διαφωνοῦντες
2565 4027 2897 4097 ἐλέγχονται.
2944 4024 3083 4078 Αὐτὸ
3134 4023 3233 4094 μὲν
3281 4016 3375 4076 οῦν
3421 4020 3579 4075 τοῦτο
3615 4023 3712 4090 μέ-

2130 4139 2319 4193 γιστον
2348 4121 2549 4191 δεῖγμα
2596 4119 2698 4189 τῆς
2747 4117 3004 4189 ἀληθείας
3053 4114 3222 4169 ἐστίν.
3274 4115 3338 4168 El
3387 4113 3497 4184 γὰρ
3534 4113 3714 4167 πάντα

2137 4211 2523 4282 συνεφώνησαν
2557 4210 2695 4281 μετά
2722 4208 3030 4284 ἀκριϐείας,
3056 4207 3152 4261 καὶ
3183 4206 3344 4278 μέχρι
3373 4204 3588 4276 καιροῦ,
3620 4205 3715 4259 καὶ

2138 4306 2300 4377 μέχρι
2332 4304 2519 4364 τόπου,
2548 4302 2643 4355 καὶ¹
2676 4302 2838 4372 μέχρι
2882 4299 3143 4371 ῥημάτων
3182 4297 3385 4363 αὐτῶν,
3429 4297 3604 4361 οὐδεὶς
3648 4296 3716 4351 ἄν

2133 4398 2422 4452 ἐπίστευσε
2454 4394 2562 4448 τῶν
2595 4392 2829 4465 ἐχθρῶν,
2854 4392 2938 4446 ὅτι
2972 4390 3046 4463 μὴ
3082 4389 3425 4453 συνελθόντες
3452 4387 3560 4442 ἀπὸ
3594 4404 3717 4440 συν-

2135 4489 2308 4561 θήκης
2333 4486 2476 4549 τινὸς
2503 4483 2852 4554 ἀνθρωπίνης
2893 4480 3139 4552 ἔγραψαν
3168 4480 3313 4551 άπερ
3343 4476 3618 4548 ἔγραψαν·
3652 4476 3713 4529 οὐ

2133 4580 2244 4652 γὰρ
2282 4573 2422 4632 εἶναι
2454 4576 2553 4646 τῆς
2584 4572 2885 4644 ἁπλότητος
2913 4571 3011 4643 τὴν
3054 4570 3323 4641 τοσαύτην
3373 4568 3714 4639 συμφωνίαν.

2134 4671 2271 4726 Νυνί
2317 4670 2375 4724 δέ
2411 4669 2504 4723 καὶ
2546 4669 2580 4738 ἡ
2618 4664 2850 4720 δοκοῦσα
2897 4656 2955 4717 ἐν
3007 4663 3221 4733 μικροῖς
3268 4656 3408 4713 εἶναι
3452 4657 3717 4726 διαφωνία

2135 4766 2316 4834 πάσης
2368 4758 2701 4815 ἀπαλλάττει
2739 4754 2936 4819 αὐτοὺς
2980 4752 3248 4823 ὑποψίας,
3298 4751 3390 4805 καὶ
3449 4747 3716 4821 λαμπρῶς

2133 4857 2276 4930 ὑπὲρ
2312 4854 2406 4910 τοῦ
2438 4852 2641 4923 τρόπον
2662 4848 2773 4903 τῶν
2798 4846 3127 4918 γραψάντων
3165 4843 3532 4910 ἀπολογεῖται.
3564 4841 3639 4930 Εἰ
3660 4837 3717 4890 δέ

2133 4967 2185 5002 τι
2215 4929 2343 5020 περὶ
2367 4942 2575 5015 καιρῶν
2604 4941 2639 5012 ἢ
2664 4940 2845 4995 τόπων
2873 4937 3145 5010 διαφόρως
3170 4933 3531 5007 ἀπήγγειλαν,
3556 4929 3719 5020 τοῦτο

2133 5018 2299 5093 οὐδὲν*
2320 5036 2547 5107 βλάπτει
2574 5033 2684 5088 τῶν
2709 5030 3015 5104 είρημένων
3042 5027 3140 5098 τὴν
3185 5024 3462 5096 ἀλήθειαν.
3490 5019 3571 5091 [6]
3608 5018 3721 5071 Καὶ

2134 5130 2307 5185 ταῦτα
2351 5128 2406 5182 δὲ
2433 5128 2499 5192 ¹¹,
2541 5125 2617 5190 ὡς
2663 5125 2729 5179 ἂν
2769 5125 2798 5178 6
2850 5121 2982 5186 Θεὸς
3038 5121 3290 5193 παρέχῃ,
3343 5111 3723 5187 πειρασόμεθα

2138 5221 2417 5294 προϊόντες
2467 5218 2782 5285 ἀποδεῖξαι,
2834 5216 3012 5269 ἐκεῖνο
3065 5211 3205 5283 μετά
3254 5208 3362 5263 τῶν
3415 5204 3719 5278 εἰρημένων

2135 5311 2413 5378 ἀξιοῦντες
2442 5311 2587 5383 ὑμᾶς
2616 5307 2976 5380 παρατηρεῖν,
3007 5304 3090 5358 ὅτι
3116 5303 3175 5357 ἐν
3201 5301 3312 5364 τοῖς
3340 5296 3656 5368 κεφαλαίοις
3675 5296 3721 5327 ¹⁶

2139 5402 2236 5457 καὶ
2267 5401 2578 5472 συνέχουσιν
2610 5398 2766 5470 ἡμῶν
2789 5396 2889 5468 τὴν
2920 5393 3063 5465 ζωὴν
3093 5393 3188 5448 καὶ
3211 5391 3272 5445 τὸ
3302 5390 3563 5461 κήρυγμα
3589 5403 3720 5457 συγ-

2140 5489 2447 5565 κροτοῦσιν,
2475 5488 2713 5560 οὐδαμοῦ
2743 5505 2827 5553 τις
2873 5486 3055 5541 αὐτῶν
3100 5482 3222 5538 οὐδὲ
3272 5482 3469 5554 μικρὸν
3515 5480 3719 5549 διαφωσ

2137 5587 2308 5653 νὴσας
2339 5583 2671 5653 εὑρίσκεται.
2699 5579 2834 5635 Τίνα
2859 5579 2917 5632 δὲ
2955 5575 3131 5632 ταῦτά
3176 5576 3359 5639 ἐστιν;
3394 5565 3539 5639 υἷον,
3575 5569 3658 5625 ὅτι
3694 5571 3724 5622 6

2138 5675 2273 5741 Θεὸς
2313 5674 2597 5747 ἅνθρωπος
2628 5671 2869 5743 ἐγένετο,
2909 5670 2991 5725 ὅτι
3032 5666 3289 5736 θαύματα
3333 5662 3606 5734 ἐποίησεν,
3639 5661 3724 5713 ὅτι

2143 5766 2482 5841 ἐσταυρώθη,
2515 5768 2597 5821 ὅτι
2631 5764 2825 5839 ἐτάφη,
2856 5765 2939 5819 ὅτι
2972 5760 3194 5831 ἀνέστη,
3231 5758 3315 5813 ὅτι
3356 5755 3606 5828 ἀνῆλθεν,
3641 5753 3725 5807 ὃτι

505 5957 528 5990 ⁷
559 5956 1021 6029 ἐπισπάσασθαι]
1048 5958 1376 6029 ἐφέλκεσθαι
1406 5962 1470 6029 Ε.
1552 5953 2007 6029 ῑ[ιὶιζιτισπάσασθαι
2036 5975 2123 6029 pr.
2155 5960 2220 6016 ι).
2298 5962 2319 5994 ³
2343 5960 2440 6014 καὶ
2473 5959 2568 6015 τοῦ
2589 5961 2801 6016 καπνοῦ
2830 5961 2924 6016 καὶ
2953 5957 3049 6029 τοῦ
3090 5956 3258 6028 πυρός
3288 5955 3351 6012 C.
3384 5955 3451 6029 D_.
3480 6024 3496 6029 Α
3537 5953 3700 6029 ’ἦγε-

438 6030 682 6102 νομένων
713 6027 855 6114 Ed‘gl.
943 6024 1276 6154 ἐ’-ῐιινόὲῗνα
1311 6032 1377 6085 Δ.
1556 6027 1599 6058 ¹¹
1630 6025 1920 6102 βελτίους]
1966 6030 2002 6085 Α

438 6098 500 6154 Δ.
532 6100 598 6154 Ε.
684 6099 728 6131 ί·
768 6100 857 6154 bne
889 6096 1019 6154 εισι)
1068 6138 1081 6153 .
1198 6115 1250 6153 ν.
1286 6099 1507 6154 codices
1537 6095 1885 6154 φθέγγονται.
1966 6101 2002 6135 ιε

2144 6030 2371 6088 ἐκείνων
2391 6031 2454 6085 D.
2530 6030 2578 6063 ¹⁸
2605 6029 2899 6102 λελυμένον
2931 6029 2954 6102 Ῑ
2990 6028 3081 6085 Sic
3108 6024 3212 6083 Αὴ.
3240 6033 3393 6082 Arm.
3415 6024 3698 6098 δεδεμένον

2123 6116 2225 6154 om.
2249 6100 2316 6154 Δ.
2392 6102 2438 6134 ¹⁶
2470 6100 2813 6154 κεφαλαίοις]
2848 6099 3079 6154 καιοίοις
3101 6101 3164 6154 Α.
3194 6097 3360 6154 Ευιιι.

434 6096 598 6157 Αςιε.
684 6099 728 6131 ιι
768 6098 857 6155 Sic
889 6096 1019 6171 Slep

1198 6115 1250 6153 ν.
1286 6099 1507 6154 codices
1537 6095 1919 6169 φθέγγονται(
1966 6101 2002 6135 ³⁸

2123 6116 2225 6157 Dm.
2249 6100 2316 6157 A.
2392 6102 2438 6134 “
2470 6095 2814 6175 κεφαλαίοις]
2848 6095 3079 6172 καιρίοις
3101 6101 3164 6154 Α.
3194 6097 3360 6154 Ευιιι.
