4066 6422
287 487 356 547 ts
1469 483 1541 545 lN
1580 476 2002 545 MATTHAEUM
2068 484 2303 542 nomL.
2339 473 2384 537 't.
3498 474 3566 529 ts

284 598 399 657 bris
421 610 566 666 opus
589 595 925 659 habeamus;
967 610 1033 651 ne
1056 594 1165 651 hoc
1201 594 1438 652 secundo
1464 596 1675 666 quidem
1703 609 1881 652 reme-

292 690 380 747 dio
408 696 466 743 ut
493 702 596 757 par
623 694 774 743 esset
794 695 1023 742 utamur.
1051 687 1187 742 Nam
1211 688 1255 742 si
1279 699 1385 743 non
1406 688 1561 758 culpa
1585 697 1738 743 vacat
1766 688 1880 743 lite-

290 783 367 835 ris
384 794 572 850 egere,
603 793 706 834 nec
733 793 828 848 per
848 793 911 834 se
934 777 1163 849 Spiritus
1188 779 1414 850 gratiam
1453 778 1754 846 attrahere;
1787 794 1884 834 co-

290 875 399 945 gita
429 880 693 943 quantum
720 872 924 926 crimen
960 872 1031 927 sit
1069 886 1138 926 ne
1176 871 1278 928 hoc
1311 871 1524 942 quidem
1566 872 1765 927 auxilio
1808 872 1884 926 uti

295 964 453 1031 velle,
494 963 591 1019 sed
622 963 805 1019 literas
829 962 946 1018 illas
974 962 1127 1033 quasi
1150 962 1344 1019 frustra
1372 973 1427 1019 et
1452 973 1655 1020 temere
1686 964 1887 1034 positas

290 1052 593 1124 despicere,
636 1062 693 1108 et
724 1052 981 1122 majorem
1014 1052 1066 1107 in
1093 1068 1155 1109 se
1179 1055 1448 1109 attrahere
1470 1068 1703 1124 poenam.
1733 1053 1886 1120 Quod

293 1159 363 1199 ne
386 1143 617 1209 accidat,
640 1142 938 1213 Scripturis
979 1151 1224 1199 accurate
1249 1144 1598 1200 adhibeamus
1623 1145 1883 1213 animum,

293 1250 358 1290 ac
384 1235 656 1290 discamus
680 1234 947 1304 quomodo
966 1244 1120 1290 vetus
1151 1234 1238 1290 lex
1265 1235 1389 1291 data
1415 1237 1593 1302 fuerit,
1618 1237 1887 1308 quomodo

291 1334 483 1393 postea
514 1325 716 1379 Novum
741 1325 1165 1391 Testamentum.
1188 1325 1307 1393 Quo
1330 1327 1489 1397 igitur
1508 1328 1667 1384 modo
1692 1329 1777 1384 lex
1797 1328 1886 1384 illa

290 1416 419 1471 data
447 1425 558 1471 tum
587 1415 717 1470 fuit?
743 1417 956 1487 quando
981 1427 1035 1472 et
1064 1417 1317 1473 ubinam?
1360 1418 1490 1473 Post
1515 1417 1884 1491 Egyptinrum

295 1508 611 1578 perniciem,
635 1508 688 1563 in
714 1507 949 1576 deserto,
979 1517 1033 1564 et
1056 1509 1111 1563 in
1139 1518 1321 1566 monte
1343 1509 1492 1577 Sina,
1522 1511 1668 1565 futuo
1691 1518 1747 1566 et
1768 1509 1888 1581 igne

288 1600 365 1657 de
415 1610 598 1657 monte
636 1600 1137 1671 enimpente,-tuba
1177 1600 1479 1672 clangente,
1518 1600 1887 1673 frequentibus

293 1690 595 1762 fulguribus
620 1699 780 1761 atque
810 1690 1078 1757 tonitruis,
1109 1690 1398 1762 Muyseque
1424 1690 1476 1746 in
1504 1692 1675 1762 ipsam
1702 1692 1889 1763 caligi-

292 1798 423 1840 nem
456 1785 702 1838 iturante.
747 1784 800 1837 In
834 1782 985 1839 Novo
1008 1792 1185 1839 autem
1221 1798 1329 1838 non
1368 1783 1438 1838 ita
1466 1798 1565 1840 nec
1593 1784 1646 1839 in
1672 1783 1888 1839 deserto

293 1890 401 1929 nec
422 1876 476 1930 iu
506 1885 704 1940 monte,
725 1891 831 1929 non
851 1891 973 1931 cum
1004 1875 1169 1941 fumo,
1191 1875 1448 1941 tenebris,
1477 1877 1704 1947 caligine
1727 1886 1889 1948 atque

294 1966 557 2036 procella,
588 1966 684 2023 sed
711 1966 926 2022 ineunte
952 1966 1058 2035 die,
1087 1967 1252 2035 domi,
1279 1967 1538 2024 omnibus
1566 1983 1668 2023 una
1692 1969 1891 2025 seden-

296 2058 463 2124 tibus,
506 2072 693 2128 magna
732 2073 856 2112 eum
899 2058 1281 2128 tranquillitate
1322 2070 1469 2129 geSIa
1513 2067 1639 2113 sunt
1685 2060 1883 2114 omnia.

294 2145 673 2203 Ferocioribus
708 2150 903 2218 quippe
930 2148 1031 2202 illis
1055 2156 1109 2204 et
1136 2147 1587 2215 eﬂ’reuatioribus,
1629 2164 1888 2220 corporea

294 2237 480 2306 specie
522 2251 655 2308 opus
693 2247 840 2305 erat;
882 2252 1073 2308 nempe
1111 2238 1429 2307 solitudine,
1472 2247 1675 2304 monte,
1719 2239 1886 2308 fumo,

293 2331 443 2387 tubre
486 2330 738 2402 clangore
777 2341 832 2388 et
875 2331 1170 2400 similibus;
1218 2331 1620 2389 sublimioribus
1666 2348 1792 2389 vero
1835 2342 1891 2389 et

294 2421 820 2489 obscqucntioribus,
863 2421 955 2492 qui
999 2436 1286 2493 corporeus
1331 2422 1682 2496 cogitationes
1734 2424 1891 2496 longe

296 2521 709 2590 exsuperabaut,
742 2518 1042 2590 hujusmodi
1069 2520 1228 2575 rebus
1254 2520 1387 2575 nihil
1416 2535 1551 2591 opus
1572 2530 1707 2576 erat.
1736 2519 1889 2588 Quod

297 2612 345 2666 si
388 2622 445 2667 et
498 2610 637 2681 apud
688 2611 809 2667 illos
861 2626 1027 2667 sonus
1070 2613 1304 2669 emissus
1351 2619 1467 2679 est,
1511 2611 1563 2667 id
1606 2627 1712 2667 non
1756 2626 1890 2681 apo-

298 2702 560 2756 stolorum
586 2743 602 2770 ,
656 2701 751 2758 sed
794 2700 1103 2758 Iudrcorum
1147 2712 1272 2759 tunc
1333 2703 1674 2779 praesentium
1728 2717 1889 2759 causa

304 2791 506 2846 factum
572 2803 678 2858 est,
755 2793 1017 2865 simulque
1082 2794 1250 2865 ignem
1314 2796 1509 2865 linguae
1557 2796 1688 2851 visae
1740 2805 1886 2850 sunt.

293 2870 429 2926 Nam
500 2873 543 2926 si
594 2873 676 2927 his
733 2877 803 2928 ita
847 2875 1014 2944 gestis
1041 2914 1061 2942 ,
1112 2875 1262 2946 ipsos
1306 2885 1487 2935 musto
1541 2876 1729 2949 plenos
1762 2891 1884 2935 esse

290 2964 544 3020 dicebant
568 2965 704 3035 (Act.
744 2965 801 3020 2.
843 2967 966 3037 l5);
996 2968 1163 3022 multo
1187 2970 1357 3042 magis
1398 2970 1451 3027 id
1484 2970 1679 3028 dicturi
1706 2979 1886 3035 erant,

290 3056 340 3111 si
372 3056 505 3111 nihil
539 3056 731 3112 horum
760 3057 1036 3113 vidissent.
1077 3058 1148 3115 Et
1191 3061 1245 3116 in
1288 3061 1456 3118 veteri
1486 3060 1703 3134 quidem
1744 3060 1881 3132 lege,

288 3162 417 3204 cum
461 3148 669 3220 Moyses
708 3149 1056 3214 ascendisset,
1099 3149 1378 3208 descendit
1420 3151 1559 3209 Deus
1584 3168 1606 3207 ε
1634 3151 1723 3207 hic
1759 3164 1885 3206 vero

292 3251 577 3311 postquam
604 3250 791 3296 natura
822 3251 1002 3297 nostra
1030 3242 1085 3296 in
1119 3244 1332 3311 cadum,
1363 3243 1473 3299 imo
1494 3243 1551 3299 in
1578 3241 1770 3300 solium
1799 3257 1881 3299 re-

290 3335 440 3405 gium
466 3344 654 3390 evecta
680 3345 843 3399 esset,
873 3335 1104 3407 Spiritus
1127 3337 1424 3395 descendit.
1455 3338 1513 3395 Si
1542 3348 1724 3394 autem
1758 3337 1881 3407 Spi-

292 3426 431 3479 ritus
457 3425 632 3479 minor
655 3437 815 3493 esset,
844 3426 960 3482 haec
987 3444 1093 3483 non
1123 3428 1229 3484 illis
1253 3429 1443 3500 priscis
1470 3429 1672 3500 majora
1713 3428 1883 3485 mira-

291 3514 592 3585 bilioraque
621 3514 866 3572 fuissent.
908 3516 1041 3572 Nam
1085 3519 1168 3574 hae
1209 3519 1405 3575 tabulae
1442 3520 1602 3591 longe
1632 3531 1892 3591 praesum-

291 3605 463 3659 tiores
492 3612 618 3660 sunt
646 3606 777 3673 illis,
804 3617 863 3662 ut
891 3615 947 3663 et
972 3623 1060 3663 res
1079 3620 1247 3679 gestae
1270 3610 1682 3680 Splendidiores.
1707 3609 1890 3682 Neque

291 3695 438 3751 enim
464 3697 691 3766 apostoli
722 3712 787 3752 ex
824 3708 1007 3755 monte
1046 3699 1441 3756 descenderunt
1475 3701 1680 3757 tabulas
1717 3701 1890 3758 mani-

293 3785 397 3840 bus
444 3796 750 3856 gestantes,
787 3797 844 3843 ut
880 3788 1125 3861 Moyses;
1166 3790 1264 3847 sed
1312 3790 1571 3862 Spiritum
1614 3793 1669 3847 in
1710 3803 1891 3848 mente

292 3876 758 3942 circumferentes,
803 3893 867 3935 ac
914 3880 1222 3937 thesaurum
1266 3883 1553 3953 quemdam
1593 3893 1649 3940 et
1686 3883 1887 3941 fontem

291 3967 605 4035 dogmatum
646 3976 702 4024 et
728 3967 993 4024 donorum
1036 3970 1406 4044 bonorumque
1434 3973 1672 4029 omnium
1717 3974 1889 4029 ell‘un-

290 4056 519 4122 dentes,
552 4044 630 4113 sic
654 4073 1060 4128 quoquoversus
1099 4062 1419 4130 circuihant,
1451 4064 1550 4135 ipsi
1578 4080 1793 4136 quoque
1821 4065 1888 4120 li-

290 4148 378 4203 bri
408 4149 648 4206 viventes
676 4160 838 4223 atque
866 4152 1013 4223 leges
1039 4168 1137 4223 per
1160 4155 1384 4225 gratiam
1420 4155 1592 4212 effecti
1625 4175 1641 4211 :
1679 4158 1761 4214 sic
1790 4158 1889 4214 tria

294 4240 488 4306 millia,
517 4241 594 4296 sic
634 4242 868 4313 quinque
898 4243 1088 4312 millia,
1123 4245 1202 4301 sie
1229 4245 1509 4302 universos
1535 4247 1682 4302 orbis
1721 4262 1891 4318 popu-

295 4331 378 4385 los
408 4342 762 4398 attraxerant,
804 4334 912 4390 Deo
942 4350 1040 4406 per
1068 4352 1255 4393 eorum
1298 4339 1532 4409 linguam
1573 4338 1890 4396 accedentes

292 4423 600 4494 alloquente
625 4423 761 4495 (Act.
795 4425 850 4479 2.
878 4427 968 4482 ﬂ.
1008 4438 1056 4482 et
1079 4429 1133 4485 4.
1162 4428 1240 4501 4).
1269 4429 1387 4497 Quo
1410 4430 1547 4487 duce
1569 4432 1730 4487 etiam
1757 4432 1891 4488 Mat-

292 4514 470 4570 thzeus
480 4516 677 4584 Spiritu
692 4519 924 4588 repletus
943 4518 1058 4576 hinc
1069 4519 1282 4591 scripsit
1297 4539 1312 4587 ;
1326 4521 1626 4592 Matthteus,
1648 4523 1886 4595 inquam,

295 4606 389 4661 ille
430 4607 742 4677 publicanus
776 4630 789 4663 :
820 4626 928 4665 non
972 4611 1115 4666 enim
1161 4613 1324 4682 pudet
1363 4628 1486 4670 eum
1528 4615 1597 4671 ab
1634 4623 1750 4671 arte
1791 4629 1890 4670 sua

294 4714 642 4769 nuncupare:
694 4716 869 4772 neque
915 4703 1096 4771 illum,
1151 4719 1325 4776 neque
1374 4706 1530 4762 alios.
1582 4707 1696 4762 Hoc
1747 4707 1889 4761 enim

294 4795 531 4850 maxime
558 4805 612 4851 et
635 4797 865 4866 Spiritus
886 4797 1114 4867 gratiam
1141 4806 1196 4853 et
1221 4799 1431 4854 illorum
1464 4800 1716 4855 virtutem
1741 4814 1891 4855 com-

296 4887 533 4943 ntendat.
636 4926 651 4932 ι

361 5138 421 5192 2.
458 5138 606 5209 Opus
646 5149 825 5197 autem
868 5156 1026 5197 suum
1066 5143 1189 5213 jure
1216 5144 1562 5216 Evangelium
1589 5146 1881 5217 inscripsit.

291 5228 568 5296 Siquidem
612 5232 875 5286 sublatam
930 5232 1185 5291 ultionem
1263 5232 1602 5305 peccatorum
1649 5238 1882 5307 veniam,

293 5319 574 5390 justitiam,
601 5325 1104 5400 sanctiﬁcationem,
1152 5331 1599 5403 redemptionem,
1635 5333 1885 5404 adoptio-

293 5426 441 5477 nem,
482 5412 734 5470 e'elorum
768 5416 1119 5476 hereditatem
1149 5430 1204 5478 et
1231 5424 1603 5494 cognationem
1640 5440 1764 5481 cum
1794 5425 1886 5480 Fi-

292 5500 368 5558 lio
400 5503 517 5572 Dei,
545 5509 795 5566 omnibus
815 5513 1186 5569 annuntiatum
1212 5515 1381 5585 venit,
1409 5516 1661 5583 inimicis,
1691 5518 1886 5588 impro-

266 5593 398 5669 bis,
440 5597 751 5657 sedentibus
796 5602 850 5657 in
891 5604 1149 5661 tenebris.
1192 5607 1329 5674 Quid
1366 5617 1476 5663 tam
1514 5608 1656 5665 bono
1697 5609 1885 5665 nuntio

292 5689 466 5759 possit
501 5695 740 5763 requari?
783 5696 924 5752 Deus
959 5700 1014 5752 in
1049 5706 1212 5767 terra,
1245 5700 1408 5756 homo
1430 5702 1482 5757 in
1508 5701 1642 5757 cazlo
1673 5720 1687 5756 :
1715 5701 1882 5758 facta-

288 5797 400 5853 que
446 5784 683 5840 omnium
727 5790 1116 5847 commixtione
1166 5794 1341 5864 angeli
1397 5809 1522 5850 cum
1577 5795 1882 5852 hominibus

287 5872 520 5932 choreas
546 5878 797 5949 agebant,
838 5880 1085 5940 homines
1125 5899 1246 5941 cum
1275 5888 1478 5958 angelis
1523 5887 1751 5961 aliisque
1789 5904 1883 5947 su-

1988 607 2169 664 peruis
2203 576 2550 663 potestatibus
2576 584 2928 641 versabantur
2959 603 2971 637 :
2995 578 3292 649 Videreque
3320 586 3437 632 erat
3462 576 3579 629 diu-

1987 696 2203 739 turnum
2230 681 2430 739 bellum
2475 679 2730 744 solutum,
2756 683 2989 745 etpacta
3015 688 3043 725 a
3075 672 3185 726 Deo
3224 684 3347 726 cum
3388 678 3527 722 natu
3547 682 3577 719 a

1989 783 2169 829 noslnt
2212 772 2381 837 inita;
2425 769 2698 825 diabolum
2746 765 2949 837 pudore
2992 761 3261 826 affectum,
3303 758 3580 813 dtemonus

1991 864 2226 933 fugatos,
2278 869 2509 917 mortem
2542 856 2897 922 dissolutam,
2944 853 3255 926 paradisum
3299 857 3578 921 apertum,
3615 924 3619 931 Α

1990 956 2419 1013 maledictionem
2443 952 2699 1018 ablatam,
2747 957 3022 1018 peceatum
3067 946 3135 1000 de
3176 942 3357 999 medio
3401 940 3581 995 subla-

1990 1058 2122 1115 tum,
2146 1062 2384 1103 errorem
2405 1043 2707 1115 depulsum,
2731 1041 3010 1095 veritatem
3041 1051 3330 1097 reversam,
3358 1033 3582 1088 verbum

1991 1139 2201 1212 pietatis
2232 1138 2435 1208 ubique
2457 1134 2862 1191 disseminatum
2893 1142 2949 1186 et
2971 1144 3244 1194 crescens,
3291 1140 3581 1196 supernam

1992 1234 2116 1288 vita:
2143 1233 2405 1288 rationem
2431 1231 2482 1285 in
2516 1237 2658 1283 terra
2687 1226 2922 1288 insitam,
2953 1222 3180 1278 virtutes
3206 1221 3325 1275 illas
3360 1216 3586 1272 familia-

1993 1326 2123 1380 riter
2163 1323 2440 1378 nobiscum
2482 1326 2721 1388 agentes,
2750 1314 2971 1385 angelos
3010 1311 3321 1383 frequenter
3349 1310 3402 1364 in
3443 1317 3583 1364 terra

1994 1424 2287 1480 versantes,
2310 1425 2671 1483 magnamque
2714 1423 2874 1479 spem.
2897 1408 3197 1461 futurorum
3251 1404 3379 1459 idco
3416 1403 3586 1457 histo-

1994 1504 2126 1563 riam
2157 1504 2507 1576 Evangelium
2535 1501 2746 1557 vocavit
2788 1518 2802 1553 :
2840 1497 2990 1570 quasi
3026 1497 3234 1552 scilicet
3260 1495 3361 1548 alia
3402 1493 3583 1547 omnia

1988 1599 2155 1657 verba
2180 1599 2343 1654 rebus
2370 1596 2479 1652 sint
2507 1609 2695 1658 vacua,
2726 1600 2784 1646 ut
2806 1604 2938 1661 opes
2964 1589 3166 1654 multae,
3192 1587 3281 1641 vis
3302 1585 3581 1656 potentize,

1993 1690 2343 1763 principatus,
2376 1687 2564 1757 gloria,
2598 1683 2851 1749 honores,
2875 1688 3182 1750 ceteraque
3220 1676 3423 1742 omnia,
3463 1690 3585 1745 quae

1992 1781 2134 1854 apud
2183 1779 2429 1837 homines
2474 1778 2613 1833 bona
2663 1790 2784 1831 esse
2831 1780 3119 1844 putantur;
3164 1783 3285 1841 qua:
3324 1775 3509 1823 autem
3553 1782 3585 1820 a

1996 1873 2350 1947 piscatoribus
2374 1871 2637 1943 promissa
2671 1867 2844 1932 fuere,
2873 1880 3006 1921 vere
3031 1878 3095 1918 ac
3122 1862 3339 1933 proprie
3357 1873 3586 1929 evange-

1993 1969 2065 2024 lia
2095 1967 2342 2023 dicantur
2390 1978 2546 2019 :uon
2590 1961 2765 2017 solum
2815 1958 2939 2029 quia
2988 1958 3142 2011 firma
3187 1951 3588 2020 immobiliaque

1953 2087 1961 2093 -
1996 2060 2133 2115 bona
2165 2065 2312 2122 sunt,
2344 2064 2693 2123 nostramque
2721 2048 3097 2119 exsuperantia
3127 2044 3460 2116 dignitatem,
3492 2041 3589 2098 sed

1995 2151 2156 2208 etiam
2184 2149 2307 2220 quia
2342 2162 2463 2201 etim
2493 2144 2640 2205 omni
2673 2142 2926 2199 facilitate
2956 2139 3116 2196 nobis
3142 2137 3267 2193 data
3289 2146 3437 2193 sunt.
3467 2134 3586 2190 Non

1995 2242 2141 2299 enim
2163 2256 2231 2295 ex
2262 2239 2446 2295 labore
2484 2244 2541 2292 et
2568 2234 2768 2291 sudore
2814 2240 3020 2296 nostro,
3054 2245 3160 2285 non
3199 2243 3266 2284 ex
3310 2225 3585 2291 utrumuis,

1995 2335 2092 2392 sed
2134 2350 2200 2389 ex
2246 2332 2338 2387 Dei
2380 2345 2506 2400 erga
2545 2344 2650 2384 nos
2691 2341 2877 2382 amore
2926 2322 3041 2379 haec
3081 2321 3437 2392 suscepimus.
3480 2318 3589 2373 Cur

1997 2436 2163 2498 porro
2198 2438 2319 2480 cum
2365 2432 2544 2477 tantus
2587 2421 2659 2476 sit
2698 2418 3080 2488 discipulorum
3126 2429 3385 2471 numerus
3412 2454 3428 2478 ,
3476 2412 3585 2467 duo

2001 2505 2202 2579 {aruum
2250 2533 2315 2572 ex
2347 2514 2604 2586 apostolis
2628 2512 2889 2576 scribunt,
2938 2520 2993 2566 et
3034 2509 3140 2563 duo
3175 2524 3239 2564 ex
3285 2521 3474 2563 eorum
3500 2520 3587 2561 se-

1999 2610 2292 2683 quacibus?
2333 2608 2466 2665 Nam
2506 2608 2643 2663 alter
2682 2605 2855 2670 Pauli,
2904 2604 3042 2658 alter
3089 2601 3234 2657 Petri
3274 2599 3591 2669 discipulus,

1997 2720 2123 2761 cum
2146 2705 2352 2760 Joanne
2380 2713 2434 2760 et
2462 2704 2712 2760 Matthzeo
2740 2704 3026 2775 Evangelia
3054 2705 3407 2774 scripserunt.
3451 2703 3584 2773 Quia

1996 2795 2127 2850 nihil
2156 2811 2250 2865 per
2276 2798 2696 2851 ostentationem
2722 2795 3009 2862 faciebant,
3038 2794 3133 2851 sed
3171 2796 3351 2850 omnia
3381 2795 3448 2850 ad
3480 2794 3586 2850 utl-

1998 2890 2225 2944 litatem.
2257 2888 2396 2957 Quid
2423 2888 2622 2958 igitur?
2645 2903 2828 2943 annon
2868 2887 3169 2944 sufﬁciebat
3195 2902 3334 2943 unus
3357 2902 3592 2957 evange-

1999 2981 2143 3048 lista,
2189 2980 2279 3052 qui
2320 2982 2498 3036 omnia
2553 2980 2837 3036 narraret?
2870 2978 3190 3037 Sulliciebat
3235 2979 3451 3049 quidem
3486 2992 3592 3033 :ac

1997 3072 2126 3128 licet
2179 3081 2410 3141 quatuor
2449 3071 2797 3142 scripserint,
2854 3086 3037 3142 neque
3081 3070 3272 3127 eodem
3323 3079 3588 3140 tempore,

1999 3178 2175 3235 neque
2202 3162 2395 3219 eodem
2422 3163 2475 3218 in
2497 3162 2638 3230 loco,
2678 3178 2855 3233 neque
2892 3161 3205 3233 congregati
3250 3160 3410 3217 simul
3435 3169 3490 3215 et
3522 3174 3589 3214 ex

2000 3265 2187 3311 mutuo
2214 3270 2506 3327 congressu
2546 3272 2562 3310 Ξ
2606 3264 2662 3310 et
2688 3264 2869 3311 tamen
2910 3271 3034 3311 eum
3056 3256 3212 3327 quasi
3251 3271 3316 3311 ex
3348 3270 3455 3310 uno
3497 3269 3593 3309 0T0

2002 3348 2178 3403 omnia
2206 3348 2573 3423 pronuntient,
2601 3347 2728 3403 hinc
2749 3363 2945 3418 magna
2973 3348 3201 3412 emeruit
3230 3347 3475 3404 veritatis
3496 3345 3591 3402 dc-

2002 3441 2338 3495 tuonstralio.

2076 3669 2362 3744 Evangelia
2382 3689 2479 3728 cur
2498 3675 2774 3745 aliquando
2799 3677 2930 3731 inter
2947 3692 3001 3730 se
3024 3676 3286 3733 dissentire
3308 3675 3593 3733 videantur.

2000 3766 2257 3835 -—Atqui,
2291 3767 2520 3837 lnquies,
2540 3768 2762 3824 omnino
2796 3778 2983 3825 contra
3001 3769 3237 3825 accidit:
3277 3784 3423 3840 saepe
3450 3769 3595 3826 enim

2002 3855 2144 3911 inter
2162 3870 2223 3913 se
2241 3855 2529 3914 dissentire
2557 3858 3051 3929 deprehenduntur.
3077 3859 3237 3917 Certe
3265 3861 3403 3916 illud
3420 3862 3596 3932 ipsum

2001 3962 2253 4019 magnum
2275 3958 2357 4005 est
2380 3964 2478 4020 pro
2500 3952 2724 4006 veritate
2748 3963 3142 4023 argummlum.
3167 3952 3225 4008 Si
3246 3953 3392 4008 enim
3414 3955 3595 4009 omnia

2000 4050 2249 4098 accurate
2267 4051 2656 4098 consonassent
2669 4052 2722 4098 et
2742 4054 2998 4114 quantum
3019 4043 3083 4099 ad
3104 4053 3333 4114 tempus,
3356 4053 3592 4113 etquan—

2001 4143 2116 4189 tum
2141 4134 2211 4189 ad
2236 4134 2383 4200 loca,
2428 4144 2484 4189 et
2523 4144 2784 4204 quantum
2811 4135 2877 4189 ad
2908 4136 3020 4204 ipsa
3047 4134 3242 4203 verba,
3269 4152 3334 4190 ex
3365 4134 3594 4190 inimicis

1998 4239 2162 4281 nemo
2177 4224 2482 4280 crediturus
2501 4235 2618 4280 erat
2636 4268 2652 4293 ,
2678 4226 2774 4281 sed
2799 4242 2862 4282 ex
2885 4236 3072 4283 mutuo
3091 4226 3434 4298 humanoque
3458 4242 3595 4282 con-

1999 4336 2165 4383 sensu
2193 4322 2309 4378 lucc
2333 4323 2530 4392 scripta
2562 4322 2729 4378 fuisse
2757 4331 3037 4393 putassent
3054 4364 3070 4390 ,
3101 4332 3260 4393 atque
3284 4321 3595 4392 hujusmodi

1999 4415 2408 4470 consonantiam
2434 4428 2625 4470 nones
2651 4413 3011 4484 simplicitate,
3036 4415 3448 4484 sinceritateque
3471 4428 3597 4484 pro-

1998 4502 2214 4560 cedere.
2235 4503 2356 4559 Jam
2379 4518 2507 4559 vero
2529 4504 2618 4558 il-la
2639 4519 2758 4573 quae
2780 4504 2835 4559 in
2854 4504 3058 4574 exiguis
3088 4504 3247 4561 rebus
3264 4503 3595 4574 deprehendi

1998 4596 2212 4652 videtur
2239 4596 2557 4661 diversitas,
2590 4611 2808 4652 omnem
2834 4597 2902 4652 ab
2933 4597 3062 4667 ipsis
3103 4597 3463 4667 suspicionem
3493 4597 3592 4652 de-

1999 4689 2179 4759 pellit,
2229 4688 2691 4758 scribentiumque
2722 4687 2884 4743 ﬁdem
2911 4688 3056 4743 clare
3084 4687 3337 4743 vindicat.
3365 4687 3518 4755 Quod
3547 4688 3596 4742 si

1998 4783 2127 4851 quid
2157 4782 2303 4837 circa
2330 4790 2572 4852 tempora
2599 4789 2655 4837 et
2691 4780 2811 4836 loca
2837 4781 3109 4837 varietatis
3154 4780 3506 4850 protulerint,
3538 4781 3593 4835 id

2000 4874 2133 4929 nihil
2161 4873 2327 4929 oflicit
2354 4873 2563 4930 veritati
2590 4873 2945 4939 narrationis;
2975 4872 3029 4927 id
3057 4871 3197 4941 quod
3219 4912 3234 4937 ,
3269 4872 3379 4926 Deo
3404 4871 3590 4939 dante,

1996 4969 2050 5023 in
2071 4966 2416 5038 sequentibus
2430 4966 2804 5023 demonstrare
2821 4964 3159 5020 conabimur.
3185 4965 3390 5021 Prmter
3408 4974 3588 5021 autem

1996 5073 2157 5130 supra
2182 5058 2327 5115 dicta
2362 5099 2377 5125 ,
2412 5057 2543 5114 illud
2569 5057 2730 5114 etiam
2760 5069 2858 5112 vos
2885 5055 3180 5112 observare
3206 5071 3460 5127 rogamus
3477 5097 3495 5125 ,
3536 5057 3591 5110 in

1996 5154 2159 5210 rebus
2189 5152 2471 5224 pmcipuis
2488 5191 2503 5217 ,
2534 5165 2654 5221 quae
2678 5149 2746 5205 ad
2772 5150 2938 5205 vitam
2963 5158 3203 5207 nostram
3231 5158 3288 5205 et
3320 5148 3388 5204 ad
3418 5142 3592 5218 ipsam

1997 5243 2431 5315 pmdicationem
2455 5240 2708 5299 tuendam
2731 5241 3034 5311 pertinent,
3062 5240 3266 5297 nullum
3292 5254 3478 5297 eorum
3500 5253 3594 5294 us-

1997 5337 2141 5407 piam
2166 5336 2239 5392 ah
2281 5336 2404 5392 aliis
2443 5336 2528 5391 vel
2576 5333 2859 5391 minimum
2909 5332 3197 5391 dissentire
3237 5331 3593 5402 deprehendi.

1997 5426 2255 5495 Quanam
2283 5435 2463 5483 autem
2493 5426 2584 5482 illa
2612 5426 2881 5497 pracipua
2910 5424 3075 5481 sunt?
3104 5423 3273 5481 Deum
3313 5422 3591 5503 hominem

1999 5518 2197 5575 factum
2227 5535 2368 5587 esse,
2408 5518 2669 5576 miracula
2698 5517 2949 5584 edidisse,
2981 5516 3292 5574 crucifixum
3313 5529 3380 5571 ac
3408 5516 3593 5585 sepul-

2004 5625 2118 5674 tum
2144 5613 2346 5683 fuisse,
2374 5613 2770 5680 resurrexisse,
2800 5613 2855 5669 in
2898 5613 3088 5669 ctelum
3132 5611 3476 5680 ascendisse,
3501 5610 3593 5682 ju-

2000 5709 2303 5765 dicaturum
2329 5721 2484 5774 esse,
2527 5706 2778 5762 salutaria
2822 5704 3038 5760 dedisse
3084 5713 3349 5774 praecepta
3370 5746 3391 5771 ,
3419 5704 3593 5772 legem

1997 5802 2168 5857 veteri
2197 5814 2304 5854 non
2333 5797 2657 5855 contrariam
2689 5795 2997 5852 induxisse:
3029 5794 3202 5865 ipsum
3221 5794 3417 5849 Filium
3431 5807 3586 5857 esse,

2002 5892 2363 5976 Uuigenitum,
2397 5891 2706 5965 genuinum,
2738 5888 2978 5959 ejusdem
3004 5903 3126 5946 cum
3156 5889 3313 5945 Patre
3340 5886 3591 5944 substan~
