4066 6434
413 5514 441 5569 ’.ἲ

533 438 603 494 «17

529 533 611 584 tiae
642 549 656 586 :
681 540 735 588 et
769 530 852 586 bis
878 531 1091 586 similia.
1120 530 1272 587 Circa
1304 531 1491 588 isthmc
1516 534 1659 589 enim
1687 552 1934 606 magnam
1967 540 2111 594 inve-

520 621 733 676 niemus
752 621 893 676 inter
917 622 1063 691 ipsos
1082 622 1509 676 consonantiam.
1532 622 1586 679 Si
1615 640 1740 680 vero
1765 627 1816 680 in
1840 628 2110 683 miraculis

523 731 628 767 non
651 729 836 769 omnes
858 714 1036 768 omnia
1062 713 1348 781 dixerunt,
1371 717 1465 771 sed
1491 716 1626 770 alius
1653 714 1769 771 lucc
1791 758 1807 785 ,
1837 719 1973 775 alius
1998 721 2106 788 illa,

521 819 586 858 ne
631 804 749 858 ideo
795 803 1060 870 turberis;
1112 820 1235 859 nam
1261 805 1305 859 si
1338 821 1476 861 unus
1506 807 1681 861 omnia
1727 806 1985 873 dixisset,
2013 825 2106 865 su-

520 893 753 962 perfluus
776 903 922 950 esset
947 896 1273 966 reliquorum
1305 908 1588 963 numerus;
1616 897 1701 952 sin
1725 914 1912 954 onmes
1934 900 2111 956 diver-

515 1000 569 1038 sa
597 985 614 1016 ¹
642 995 697 1039 et
741 1001 876 1042 nova
908 987 1282 1057 scripsissent,
1328 988 1534 1043 nullum
1580 1000 1891 1059 suppeteret
1915 1005 2107 1046 conso-

514 1077 712 1132 nantia:
746 1091 1140 1147 argumentum.
1184 1078 1309 1134 Ideo
1338 1079 1503 1134 multa
1531 1081 1551 1111 ²
1582 1080 1763 1150 plures
1789 1079 1948 1136 simul
1979 1097 2103 1137 nar-

508 1176 719 1245 rarunt,
745 1178 799 1223 ct
823 1169 1015 1239 singuli
1036 1170 1303 1241 quidpiam
1333 1171 1431 1224 sibi
1456 1170 1728 1240 proprium
1756 1172 2099 1229 scribendum

518 1249 903 1327 susceperunt,
948 1277 1016 1315 ne
1045 1261 1170 1331 quid
1212 1261 1538 1332 superﬂuum
1571 1263 1654 1317 vel
1686 1272 1888 1319 temere
1917 1264 2101 1335 proje-

512 1358 658 1403 ctum
682 1350 881 1406 dixisse
902 1350 1201 1417 videantur,
1230 1360 1392 1423 utque
1413 1353 1651 1410 veritatis
1674 1362 1980 1410 accuratam
2004 1371 2099 1412 no-

514 1439 595 1493 bis
615 1440 979 1509 probationem
1002 1441 1278 1499 olferrcnt.

577 1654 633 1711 5.
663 1651 836 1717 Lucas
856 1653 1019 1725 igitur
1038 1654 1199 1708 etiam
1225 1665 1443 1707 causam
1471 1649 1626 1704 nobis
1652 1648 1876 1719 profert,
1901 1662 2007 1719 qua
2028 1648 2096 1704 ad

504 1745 847 1802 scribendum
875 1744 1126 1799 inductus
1152 1752 1270 1799 est:
1327 1742 1393 1798 Ut
1423 1741 1609 1796 habeas
1629 1781 1644 1806 ,
1677 1739 1883 1811 inquit,
1922 1755 2095 1795 eorum

504 1835 802 1902 uerborum,
835 1836 897 1889 de
933 1836 1114 1905 quibus
1152 1835 1405 1889 institutus
1441 1849 1525 1898 es,
1573 1833 1831 1888 veritatem
1853 1831 2015 1903 (Luc.
2040 1832 2094 1887 I.

505 1927 614 1997 4);
644 1926 696 1981 id
727 1935 810 1982 est
829 1968 843 1992 ,
874 1925 941 1982 Ut
970 1942 1113 1996 smpe
1140 1923 1497 1981 commonitus
1523 1936 1703 1981 certus
1726 1924 1801 1979 sis
1823 1964 1840 1992 ,
1872 1938 2094 1994 persua-

504 2033 704 2093 susque
722 2033 960 2075 maneas.
983 2018 1218 2074 Joannes
1233 2032 1361 2073 vero
1375 2032 1589 2072 causam
1613 2016 1879 2072 scribendi
1898 2018 2054 2072 tacuit
2074 2032 2091 2082 ;

506 2122 565 2165 nt
601 2120 782 2166 autem
808 2112 919 2181 jam
947 2112 1075 2166 olim
1099 2126 1129 2166 a
1175 2111 1467 2182 majoribus
1495 2121 1552 2166 et
1594 2110 1834 2179 patribus
1878 2111 2095 2180 accepi-

503 2217 625 2257 mus
641 2242 660 2268 ,
686 2218 790 2257 non
814 2204 931 2259 sine
955 2217 1111 2258 causa
1131 2201 1199 2257 ad
1220 2201 1563 2259 scribendum
1589 2202 1826 2257 animum
1845 2202 2051 2273 appulit
2076 2219 2091 2256 :

501 2294 597 2350 sed
626 2294 748 2365 quia
776 2295 1011 2365 priorum
1040 2295 1197 2349 trium
1230 2294 1314 2349 hic
1345 2308 1539 2365 scopus
1586 2292 1795 2359 fuerat,
1826 2303 1885 2349 ut
1911 2293 1978 2348 de
2003 2309 2092 2349 as-

501 2396 713 2455 sumpta
735 2403 896 2442 carne
914 2387 1154 2457 pluribus
1174 2395 1413 2458 agerent,
1437 2387 1844 2459 periculumque
1864 2396 2002 2455 erat,
2026 2403 2093 2443 ne

500 2476 795 2533 divinitatis
836 2478 1085 2548 dogmata
1115 2486 1419 2533 tacerentur
1441 2518 1459 2546 ,
1485 2477 1702 2534 Christo
1727 2477 1943 2533 demum
1971 2492 2091 2533 mo-

499 2577 656 2624 vente
690 2568 757 2623 ad
789 2568 1139 2639 Evangelium
1164 2568 1505 2624 scribendum
1549 2568 1798 2624 inductus
1821 2578 1925 2625 cst.
1958 2566 2091 2623 Illud

498 2673 632 2715 vero
658 2659 833 2730 palam
858 2669 942 2717 est
970 2675 1036 2715 cx
1064 2659 1179 2730 ipsa
1206 2658 1431 2715 historia
1459 2668 1515 2716 et
1540 2675 1603 2715 ex
1636 2659 1912 2731 Evangelii
1936 2674 2092 2715 exor-

493 2756 611 2810 dio.
657 2757 840 2827 Neque
884 2756 1026 2812 enim
1074 2755 1294 2825 perinde
1322 2764 1485 2826 atque
1509 2754 1598 2808 alii
1641 2754 1709 2808 ab
1752 2753 2090 2811 inferioribus

498 2849 692 2917 coepit;
716 2848 812 2904 sed
833 2863 862 2902 a
884 2848 1249 2919 superioribus
1266 2890 1281 2916 ,
1312 2847 1364 2903 id
1384 2846 1526 2917 quod
1551 2846 1653 2903 sibi
1676 2848 1729 2902 in
1755 2862 1921 2918 scopo
1949 2857 2082 2904 erat.

406 3002 423 3019 Γ
498 2940 730 3012 Ideoque
748 2950 915 2997 totum
928 2942 1122 2996 librmn
1139 2941 1322 2996 edidit.
1342 2941 1525 3012 Neque
1542 2949 1746 2996 tantum
1771 2942 1824 2996 in
1841 2941 2080 3006 exordio,

499 3034 594 3090 sed
621 3036 781 3090 etiam
804 3035 855 3089 in
882 3042 994 3090 toto
1026 3034 1300 3104 Evangelii
1321 3034 1549 3090 decursu
1571 3033 1787 3090 cmteris
1808 3033 2085 3088 sublimior

403 3110 407 3143 ⁵
497 3138 598 3183 est.
628 3127 887 3183 Narratur
915 3142 1073 3197 porro
1098 3126 1405 3182 Matthamm
1428 3166 1445 3196 ,
1475 3125 1858 3181 accedentibus
1884 3140 2083 3195 rogan-

499 3220 747 3291 tibusque
769 3220 970 3276 Iudaeis
992 3219 1082 3290 qui
1114 3218 1490 3286 crediderant,
1520 3232 1584 3274 ea
1606 3232 1727 3287 qua:
1757 3216 1933 3273 verbis
1963 3230 2088 3287 pro-

384 3298 407 3315 Ἃ
482 3313 691 3367 tulerat
716 3312 881 3368 literis
900 3312 1164 3382 descripta
1194 3310 1385 3367 iisdem
1407 3309 1689 3381 reliquisse
1708 3350 1723 3376 ,
1745 3318 1799 3365 et
1824 3307 2083 3365 Hebraice

496 3403 845 3474 Evangelium
876 3404 1157 3476 scripsisse
1183 3421 1197 3457 :
1229 3402 1463 3458 Marcum
1485 3401 1613 3457 item
1638 3401 1691 3457 in
1713 3400 1949 3472 Egypto
1988 3414 2084 3455 ro-

492 3504 619 3566 gatu
643 3495 1029 3565 discipulorum
1052 3495 1281 3565 idipsum
1310 3494 1522 3549 fecisse.
1546 3492 1752 3549 Idcirco
1776 3492 2081 3558 Mattbteus,

494 3596 678 3656 utpote
704 3587 796 3658 qui
825 3586 1069 3642 Hebrzeis
1105 3586 1395 3651 scriberet,
1429 3585 1561 3640 nihil
1605 3583 1750 3638 aliud
1796 3581 2083 3640 ostendere

494 3678 725 3745 studuit,
770 3694 933 3750 quam
960 3678 1103 3749 quod
1131 3678 1199 3734 ab
1226 3677 1534 3733 Abrahamo
1557 3685 1615 3733 et
1657 3674 1857 3732 Davide
1904 3684 2084 3732 ortum

494 3770 751 3826 duceret:
795 3771 970 3825 Lucas
996 3784 1129 3825 vero
1149 3811 1164 3836 ,
1192 3769 1392 3840 quippe
1417 3768 1509 3839 qui
1538 3768 1788 3823 omnibus
1816 3766 1976 3822 simul
2005 3765 2089 3821 Io-'

493 3872 786 3933 queretur,
816 3862 977 3917 altius
1001 3848 1305 3916 sermonem
1335 3859 1608 3924 extendit,
1639 3870 1694 3914 et
1722 3859 1787 3913 ad
1817 3858 2083 3913 Adamum

492 3970 662 4026 usque
703 3954 1059 4026 progreditur.
1112 3954 1206 4010 Ille
1248 3952 1465 4027 quidem
1493 3968 1521 4006 a
1551 3952 1895 4022 generatione
1935 3949 2083 4005 ducit

489 4047 768 4103 exordium
801 4064 817 4101 :
858 4046 991 4102 nihil
1017 4047 1216 4117 quippe
1244 4055 1349 4100 tam
1381 4044 1569 4101 Judreo
1597 4043 1807 4113 placere
1835 4050 2078 4112 poterat,

489 4155 649 4210 quam
678 4140 726 4194 si
765 4137 1042 4193 Christum
1089 4136 1322 4192 Abraha:
1346 4144 1407 4192 et
1446 4134 1659 4191 Davidis
1701 4134 1932 4189 disceret
1959 4146 2082 4188 esse

490 4239 740 4300 nepotem
764 4245 780 4294 ;
810 4229 897 4284 hic
923 4241 1053 4283 vero
1077 4241 1274 4291 secus;
1308 4241 1431 4281 nam
1459 4226 1639 4280 multis
1668 4226 1816 4293 prius
1843 4238 2082 4280 comme-

490 4320 733 4388 moratis,
755 4318 822 4374 ad
839 4316 1210 4389 genealogiam
1229 4317 1421 4372 deinde
1443 4314 1697 4385 procedit.
1721 4315 1938 4370 Iliorum
1958 4328 2082 4385 por-

489 4429 551 4466 ro
580 4411 926 4468 concordiam
950 4451 967 4478 ,
996 4410 1130 4465 orbe
1162 4416 1276 4464 toto
1302 4416 1438 4463 teste
1467 4406 1841 4477 probabimus,
1874 4407 1964 4476 qui
1991 4406 2080 4460 illa

490 4505 756 4574 suscepit;
789 4504 897 4558 imo
917 4508 1084 4558 testes
1104 4500 1333 4556 aderunt
1355 4499 1453 4568 ipsi
1483 4499 1723 4554 veritatis
1746 4498 1965 4553 inimici.
1993 4498 2080 4552 εί-

488 4599 704 4670 quidem
732 4597 917 4652 multas
956 4603 1075 4666 post
1112 4594 1232 4649 illos
1267 4592 1503 4647 hmrescs
1549 4590 1879 4662 pullularunt
1901 4632 1916 4654 ,
1944 4605 2078 4645 cou-

489 4691 649 4745 traria
672 4690 736 4744 iis
759 4704 877 4760 qua:
901 4687 1040 4743 dicta
1067 4694 1193 4741 sunt
1215 4685 1497 4754 opinantes
1522 4725 1537 4747 ,
1576 4672 1803 4752 quanim
1825 4682 1943 4736 alia:
1961 4697 2079 4736 oni-

489 4786 573 4839 nia
614 4798 733 4853 quae
771 4782 967 4852 scripta
1002 4787 1133 4835 sunt
1167 4782 1534 4846 acceperunt;
1574 4774 1696 4828 aliae
1733 4788 1862 4828 vero
1901 4783 2079 4843 partes

486 4886 693 4930 tantum
732 4874 987 4945 quasdam
1010 4871 1377 4936 admiserunt,
1406 4876 1463 4922 et
1481 4865 1623 4937 apud
1643 4880 1703 4921 se
1724 4865 1939 4920 mutilas
1959 4878 2075 4919 ser-

487 4977 631 5023 vant.
674 4966 826 5033 Quod
856 4967 901 5019 si
933 4980 1105 5036 pugna
1147 4964 1324 5032 aliqua
1351 4962 1404 5016 in
1434 4960 1592 5016 dictis
1619 4966 1799 5023 esset,
1829 4958 1936 5012 illae
1957 4971 2078 5031 qua:

486 5077 551 5115 ex
578 5058 803 5113 adverso
830 5057 1119 5125 loquuntur
1138 5056 1373 5111 htcrescs
1394 5067 1499 5109 non
1520 5052 1698 5107 omnia
1718 5052 2073 5123 recepissent,

486 5153 581 5208 sed
628 5150 771 5205 illam
810 5156 1014 5203 tantum
1046 5157 1248 5218 partem
1276 5162 1395 5219 qua:
1424 5145 1524 5201 sibi
1550 5143 1737 5200 favere
1762 5144 2071 5211 videretur;

491 5256 669 5313 neque
686 5240 791 5294 illae
815 5254 937 5309 qua:
954 5244 1162 5306 partem
1190 5241 1539 5302 acceperunt,
1558 5230 1628 5285 ab
1653 5229 1743 5285 illa
1766 5236 1919 5299 parte
1940 5240 2076 5281 eon-

489 5329 873 5391 vincerentur,
900 5331 1123 5394 propter
1167 5322 1412 5392 ipsorum
1460 5318 1888 5389 fragmenton
1927 5313 2074 5370 noti-

494 5416 808 5486 tiam,quasi
826 5412 1226 5472 clamitantium
1252 5426 1410 5467 suam
1432 5425 1558 5466 cum
1580 5417 1693 5464 toto
1708 5406 1830 5463 libri
1845 5417 2077 5475 corpore

552 5662 567 5691 ι
595 5653 853 5719 SieSavil.
875 5659 1123 5719 et_omnes_
1138 5663 1270 5719 pene
1307 5650 1419 5700 Mss.
1440 5655 1589 5714 atque
1612 5649 1678 5701 ita
1703 5652 1829 5715 legit
1853 5650 2071 5704 Auianus

488 5729 649 5783 recte.
677 5712 1155 5783 Morel._,_sin‘omnia
1175 5712 1421 5783 diversa.”
1506 5712 1522 5714 “
1619 5740 1623 5745 -
1707 5712 1779 5783 ,⁷
1848 5774 1877 5783 μ
1940 5775 1955 5783 _
2032 5772 2045 5783 .

552 5776 573 5804 ⁸
600 5779 673 5827 ita
692 5783 832 5839 recte
852 5774 1004 5839 sevit.
1029 5780 1083 5822 et
1096 5774 1423 5839 manuscripti
1441 5785 1645 5832 omnes;
1671 5780 1824 5839 atque
1845 5774 1917 5839 ita
1940 5774 2073 5839 legit

474 5843 517 5894 Α
539 5839 729 5888 nianus.
759 5836 934 5887 Morel.
960 5847 1077 5883 vero
1096 5832 1238 5895 legit,
1261 5832 1443 5893 omnia,
1470 5847 1576 5894 pro,
1601 5832 1756 5885 nutllti
1776 5849 1788 5892 ;
1812 5838 1955 5887 male.

1227 445 1283 499 S.
1322 446 1606 504 .IOANNIS
1646 450 2139 514 CIIRYSOS'I‘OMI
2179 460 2500 515 ARCIIIEP.
2541 456 3090 516 CONSTANTINOP.

2236 556 2669 612 consensionem.
2705 556 3172 623 Quemadmodum
3199 555 3246 613 si
3284 572 3348 613 ex
3382 559 3547 616 latere
3566 561 3824 634 aliquam

2236 652 2445 717 partem
2467 663 2675 715 sumas,
2703 648 2759 703 in
2779 648 2867 702 illa
2887 656 3041 718 parte
3062 662 3125 702 ea
3144 649 3331 704 omnia
3353 650 3597 709 invenies
3617 670 3680 710 ex
3703 658 3823 728 qui-

2237 741 2337 795 bus
2348 749 2562 797 constat
2579 750 2751 795 totum
2766 740 3820 812 animal,nervos,venas,ossa,arterias,

2229 831 2574 903 sanguinem,
2598 840 2652 886 et
2682 830 2870 897 totius,
2894 840 2954 886 ut
2988 832 3062 887 ita
3104 832 3304 900 dicam,
3330 850 3525 890 massae
3550 837 3819 894 indicium

2232 929 2287 975 et
2303 920 2690 977 documentum
2721 940 2733 975 :
2763 922 2843 977 sic
2875 922 3041 977 etiam
3079 924 3131 978 in
3167 922 3464 994 Μίνωι-ῖς
3486 926 3668 983 videre
3689 938 3817 997 est;

2232 1008 2585 1078 conspicuam
2616 1009 2863 1065 videlicet
2880 1011 3221 1080 singulorum
3253 1012 3525 1067 dictorum
3547 1029 3671 1070 cum
3700 1026 3817 1073 toto

2231 1098 2568 1157 aliinitatem.
2595 1098 2652 1155 Si
2669 1110 2851 1156 autem
2875 1101 3357 1168 dissonarent,non
3382 1104 3814 1175 deprehendere-

2231 1201 2378 1247 retur
2399 1192 2511 1247 haec
2529 1191 2996 1262 allinitas,totumq
3006 1208 3071 1247 ue
3078 1192 3194 1262 jam
3212 1194 3342 1250 olim
3361 1194 3557 1267 dogma
3571 1198 3815 1254 solutum

2231 1280 2445 1349 fuisset;
2472 1298 2595 1338 nam
2625 1283 2791 1339 Omne
2811 1300 3051 1354 regnum,
3078 1284 3272 1357 inquit,
3297 1287 3354 1340 in
3376 1304 3433 1342 sa
3448 1287 3680 1344 divisum
3706 1307 3814 1346 non

2227 1372 2390 1428 stabit
2404 1372 2556 1442 (Luc.
2574 1375 2779 1447 11.17).
2799 1374 2955 1432 Nunc
2969 1385 3149 1432 autem
3174 1377 3230 1431 in
3250 1376 3351 1434 bac
3368 1377 3485 1449 ipsa
3500 1394 3560 1435 re
3584 1380 3813 1451 spiritus

2226 1462 2401 1519 virtus
2429 1464 2627 1531 elucet,
2660 1466 2899 1524 suadens
2927 1466 3259 1533 hominibus,
3290 1478 3348 1524 ut
3384 1469 3532 1526 circa
3571 1471 3662 1526 illa
3693 1486 3812 1525 ma-

2224 1550 2310 1623 gis
2344 1555 2656 1611 ueeessaria
2691 1564 2746 1611 et
2779 1557 3028 1629 urgentia
3075 1567 3393 1627 versantes,
3437 1560 3576 1618 nihil
3612 1562 3682 1618 ab
3722 1562 3811 1620 his

2224 1640 2455 1699 minutis
2485 1642 2751 1700 laedantur
2784 1645 2886 1720 (a).

2288 1813 2340 1870 4.
2375 1811 2812 1883 anngelistarum
2853 1810 3116 1865 consensio
3168 1809 3473 1864 vindicatur.
3512 1808 3805 1867 Piscatores

2216 1914 2265 1960 et
2285 1903 2515 1958 illiterati
2545 1920 2645 1957 non
2672 1903 2772 1958 nisi
2798 1904 2979 1957 virtute
2996 1902 3168 1957 divina
3197 1913 3405 1973 potuere
3426 1902 3802 1972 philosophari.

2215 1991 2450 2049 Platonis
2471 1994 2689 2048 ridicula
2708 1992 3009 2063 respublica.
3038 2021 3111 2033 —
3129 1991 3357 2048 Ubinam
3381 2000 3559 2047 autem
3590 1991 3804 2047 illorum

2212 2083 2404 2155 singuli
2456 2084 2803 2155 scripserint,
2834 2098 2942 2140 non
2975 2091 3059 2140 est
3092 2083 3236 2154 quod
3263 2083 3488 2138 multum
3530 2082 3804 2155 disquira-

2214 2191 2370 2231 mus:
2402 2176 2545 2248 quod
2598 2186 2776 2233 autem
2817 2191 2924 2232 non
2967 2177 3105 2233 alins
3151 2174 3410 2234 adversus
3453 2179 3616 2233 alium
3656 2178 3803 2234 seri-

2212 2268 2398 2338 pserit,
2434 2269 2485 2324 id
2522 2285 2619 2341 per
2661 2277 2831 2325 totum
2873 2269 3051 2341 cperis
3098 2268 3381 2325 decursum
3429 2270 3805 2327 demonstrare

2210 2362 2541 2417 conabimur.
2573 2362 2653 2418 Tu
2685 2378 2812 2418 vero
2842 2362 2930 2433 qui
2974 2361 3358 2417 dissonantiam
3394 2360 3540 2416 illam
3567 2362 3757 2432 objicis
3781 2405 3798 2427 .

2212 2455 2428 2525 perinde
2451 2454 2579 2511 facis
2590 2470 2652 2510 ac
2666 2456 2712 2510 si
2733 2454 2923 2511 eadem
2947 2454 3061 2525 ipsa
3083 2454 3267 2519 verba,
3290 2452 3514 2510 eosdem
3541 2453 3799 2524 loquendi

2208 2544 2398 2600 modos
2435 2543 2676 2615 proferre
2713 2543 2951 2615 juberes.
2982 2543 3219 2600 Necdum
3245 2542 3441 2610 dicam,
3492 2557 3587 2599 eos
3608 2544 3701 2615 qui
3727 2545 3801 2600 de

2208 2636 2474 2693 rhetorica
2500 2644 2556 2693 et
2579 2637 2648 2693 de
2672 2636 3008 2708 philosophia
3023 2634 3310 2692 admodum
3331 2634 3642 2707 gloriantur,
3676 2637 3800 2707 qui-

2207 2743 2311 2800 que
2341 2729 2537 2785 multos
2566 2729 2732 2785 libros
2772 2728 2959 2784 iisdem
2985 2728 3055 2785 de
3080 2728 3244 2784 rebus
3289 2727 3651 2799 scripserunt,
3686 2745 3799 2787 non

2208 2818 2368 2874 modo
2384 2831 2569 2875 mutuo
2596 2819 2950 2890 discrepassc,
2976 2817 3073 2875 sed
3098 2819 3259 2874 etiam
3279 2819 3548 2875 contraria
3561 2818 3789 2877 dixisse.

2204 2908 2337 2964 Nam
2365 2909 2506 2965 aliud
2538 2918 2621 2966 est
2645 2909 2856 2966 diverse
2898 2908 3065 2980 loqui,
3089 2909 3235 2965 aliud
3262 2911 3548 2981 pugnantia
3581 2911 3793 2968 dicere.

2204 3001 2275 3055 At
2302 2999 2434 3055 nihil
2459 3000 2650 3057 borum
2676 3001 2800 3058 dico
2828 3018 2843 3056 :
2874 3001 3014 3057 absit
3032 3001 3176 3057 enim
3206 3016 3275 3057 ne
3295 3001 3508 3057 illorum
3530 3003 3798 3074 insipien-

2204 3092 2277 3145 tia
2307 3099 2426 3147 utar
2453 3091 2521 3147 ad
2564 3091 2856 3162 parandam
2900 3091 3271 3149 defensionem
3292 3108 3309 3159 ;
3330 3107 3505 3165 neque
3528 3095 3669 3150 enim
3699 3111 3801 3152 ve-

2203 3181 2294 3237 lim
2312 3197 2378 3239 ex
2405 3183 2684 3239 mendacio
2713 3184 2990 3241 veritatem
3022 3183 3237 3240 ﬁrmare
3265 3201 3280 3239 :
3314 3186 3410 3241 sed
3439 3185 3569 3242 illud
3597 3202 3798 3255 rogare

2203 3272 2384 3339 velim,
2418 3275 2687 3344 quomodo
2729 3275 2889 3332 tidem
2931 3277 3253 3333 meruissent
3278 3291 3341 3335 ea
3384 3294 3505 3350 qua:
3544 3280 3801 3337 dissona-

2202 3364 2359 3418 rent?
2394 3379 2501 3434 quo
2530 3375 2685 3435 pacto
2721 3369 3102 3437 superassent?
3130 3368 3401 3439 quomodo
3424 3370 3469 3426 si
3498 3374 3795 3443 pugnantia

2202 3452 2405 3522 loquuti
2432 3454 2672 3523 fuissent,
2703 3456 3129 3526 admirationem,
3157 3458 3316 3515 ﬁdem
3336 3469 3391 3515 et
3418 3461 3794 3518 celebritatem

2201 3548 2405 3597 tantam
2445 3558 2544 3614 per
2587 3555 2758 3601 totum
2801 3545 2986 3603 orbem
3026 3546 3606 3622 ohtinuissentiAtqui
3635 3552 3796 3608 multi

2200 3644 2355 3689 erant
2380 3634 2645 3692 dictorum
2679 3647 2865 3706 testes,
2893 3647 3024 3695 utet
3050 3639 3201 3695 multi
3232 3640 3431 3697 inimici
3452 3651 3507 3696 et
3533 3641 3796 3699 adversa-

2200 3725 2287 3781 rii.
2320 3726 2504 3799 Neque
2532 3730 2676 3785 enim
2718 3731 2834 3787 lucc
2871 3730 2929 3787 in
2974 3731 3169 3801 angulo
3207 3731 3404 3802 scripta
3445 3732 3791 3800 defoderunt,

2198 3816 2297 3872 sed
2325 3817 2520 3889 ubique
2541 3828 2804 3877 terrarum
2829 3830 2884 3877 et
2904 3822 3131 3878 marium
3174 3824 3426 3879 omnibus
3450 3825 3795 3883 audientibus

2199 3909 2537 3978 publicarunt
2582 3913 2860 3970 :inimicis
2894 3915 3245 3985 manentibus
3292 3916 3409 3973 haec
3453 3918 3789 3989 legebantur,

2197 4002 2643 4070 quemadmodum
2668 4014 2722 4060 et
2751 4004 2940 4071 hodie;
2968 4015 3025 4061 et
3053 4007 3320 4062 neminem
3341 4023 3591 4079 umquam
3616 4009 3791 4066 olI‘en-

2195 4090 2421 4160 derunt,
2448 4093 2609 4166 idque
2641 4095 2765 4166 jure
2789 4096 3001 4152 merito.
3037 4096 3224 4152 Divina
3250 4097 3448 4169 quippe
3475 4102 3642 4154 virtus
3668 4111 3793 4156 erat

2198 4195 2320 4251 qua:
2351 4181 2469 4239 hmo
2502 4185 2681 4240 omnia
2703 4186 3028 4256 operabatur
3053 4186 3195 4255 apud
3237 4188 3541 4243 universos.
3575 4188 3792 4245 Etenim

2196 4274 2242 4326 si
2287 4289 2394 4328 non
2437 4275 2508 4330 ita
2537 4289 2597 4332 se
2643 4291 2732 4332 res
2780 4274 3075 4342 habuisset,
3123 4276 3394 4348 quomodo
3451 4278 3790 4349 publicanus,

2200 4365 2435 4432 piscator
2460 4375 2516 4421 et
2556 4366 2840 4424 illiteratus
2883 4369 2997 4423 haec
3039 4368 3337 4439 potuissent
3378 4368 3791 4440 philosophari?

2196 4455 2327 4523 Quae
2356 4458 2499 4513 enim
2541 4473 2610 4515 ne
2638 4473 2735 4533 per
2762 4461 3027 4515 somnium
3056 4459 3271 4531 quidem
3309 4461 3478 4516 exteri
3507 4460 3790 4532 imaginari

2196 4558 2502 4618 potuerant,
2533 4551 2649 4606 bare
2675 4567 2796 4606 cum
2822 4551 3140 4607 auctoritate
3169 4566 3359 4621 magna
3388 4550 3442 4605 bi
3471 4553 3790 4607 amnmtiant

2194 4649 2253 4695 ct
2297 4640 2546 4710 suadent,
2593 4643 2754 4713 idque
2797 4659 2905 4702 non
2939 4642 3101 4699 modo
3127 4644 3181 4698 in
3218 4644 3356 4699 vivis
3400 4655 3640 4714 agentes,
3692 4643 3790 4701 sed

2197 4733 2358 4786 etiam
2406 4730 2640 4789 defuncti
2675 4749 2822 4790 :non
2851 4733 3058 4789 duobus
3096 4734 3178 4789 vel
3221 4735 3407 4804 viginti
3453 4733 3784 4803 hominibus,

2197 4837 2303 4877 non
2352 4826 2594 4880 centenis
2623 4826 2706 4881 vel
2764 4826 3024 4892 millenis,
3055 4824 3139 4880 vel
3175 4824 3357 4882 decies
3400 4826 3659 4891 millenis;
3691 4824 3785 4881 sed

2195 4913 2433 4981 urbibus,
2482 4915 2753 4986 gentibus,
2795 4916 3038 4987 populis,
3094 4924 3270 4980 terrm,
3327 4915 3484 4981 mari,
3535 4914 3782 4980 Grzecim,

2196 5004 2552 5060 barbarorum
2589 5008 2920 5078 regionibus,
2950 5007 3068 5063 orbi
3107 5017 3163 5062 et
3186 5007 3449 5071 desertis;
3482 5005 3641 5072 idque
3660 5020 3783 5061 cum

2193 5095 2263 5153 de
2287 5097 2501 5168 scriptis
2528 5109 2775 5169 ageretur
2796 5110 3039 5156 naturam
3057 5108 3296 5156 nostram
3316 5098 3602 5154 admodum
3622 5113 3782 5155 exsu-

2195 5189 2523 5259 perantibus.
2561 5190 2696 5247 Nam
2742 5192 2904 5249 missa
2955 5201 3120 5259 terra,
3160 5191 3231 5247 de
3254 5190 3562 5246 caelestibus
3605 5191 3782 5246 omnia

2191 5279 2493 5337 cdisscrunt
2521 5298 2535 5336 :
2567 5282 2729 5339 aliam
2774 5283 2931 5339 nobis
2959 5284 3273 5339 inducentes
3299 5284 3469 5352 .vitam
3493 5292 3549 5338 et
3571 5283 3783 5340 vivendi

2192 5369 2476 5438 rationem,
2506 5372 2638 5428 alias
2658 5372 2891 5439 divitias,
2918 5374 3076 5429 aliam
3107 5382 3476 5444 paupertatem
3501 5415 3518 5442 ,
3551 5374 3780 5431 liberta-

2194 5469 2322 5529 tem,
2354 5464 2692 5533 servitutem,
2721 5465 2878 5521 aliam
2906 5465 3072 5522 vitam
3100 5473 3260 5536 atque
3304 5474 3533 5523 mortem
3555 5506 3574 5531 .
3619 5465 3782 5523 alium

2201 5761 2339 5875 unum)
2744 5764 2823 5816 hic
2848 5764 3097 5818 evolutum
3131 5763 3297 5818 multis
3320 5765 3514 5820 videtur
3529 5766 3789 5824 diliculta-

3790 5976 3821 5989 αι

3724 463 3893 520 ³1δὲ
