4066 6420
272 408 331 465 n
1455 397 1525 455 1N
1560 396 1982 458 ΜΑττιιΑιυιι
2055 400 2289 457 ιιοιιη..
2331 401 2373 456 ι.
2445 474 2449 479 ι
3483 391 3549 448 ιε

276 521 457 595 μέλλει
491 518 729 590 κρίνειν,
769 518 852 574 δτι
891 516 1055 571 ἔδωκε
1091 511 1451 585 σωτηριώδεις
1497 510 1740 573 ἐντολάς.
1771 510 1851 562 ὅτι

274 613 372 668 οὐκ
414 612 664 667 ἐναντίον
693 613 760 682 τῇ
792 609 1006 680 Παλαιᾷ
1029 607 1194 679 νόμον
1234 605 1571 677 εἰσήνεγκεν,
1598 603 1680 656 ὅτι
1705 600 1852 662 Υίδς,

275 707 357 759 ὅτι
381 702 721 772 Μονογενὴς,
750 702 833 754 ὅτι
865 700 1101 769 γνήσιος,
1125 699 1207 752 ὅτι
1238 697 1338 767 τῆς
1371 694 1541 765 αὐτῆς
1564 692 1750 754 οὐσίας
1781 689 1869 760 τῷ

278 797 479 868 Πατρί,
510 795 608 850 zeal
636 794 737 847 ὅσα
762 787 1014 845 τοιαῦται
1040 788 1169 859 περὶ
1200 786 1308 857 γὰρ
1330 784 1504 838 ταῦτα
1537 782 1736 852 πολλὴν
1770 782 1859 833 εὕρ

288 891 537 963 ρήσομευ
556 881 726 940 οὖσαν
750 885 931 946 αὐτοῖς
970 878 1306 951 συμφωνίαν.
1329 877 1391 929 Εἰ
1417 875 1473 929 δέ
1502 875 1559 928 ἐν
1589 870 1701 937 τοῖς
1737 871 1863 925 θαύ-

290 998 422 1052 μασι
464 978 542 1050 μὴ
570 978 771 1040 πάντες
803 974 980 1029 πάντα
1000 969 1178 1037 εἷπον,
1205 969 1318 1025 ἀλλ’
1346 970 1375 1021 6
1405 967 1502 1038 μέν
1530 964 1725 1052 ταῦτα,
1754 966 1782 1017 6
1806 963 1863 1016 δὲ

287 1050 495 1135 ἐκεῖνα,
526 1069 684 1124 τοῦτό
727 1084 788 1120 σε
821 1065 894 1137 μὴ
924 1061 1252 1136 θορυϐείτωο
1289 1059 1398 1113 εἴτε
1428 1057 1538 1128 γὰρ
1565 1050 1645 1120 εἴς
1684 1055 1863 1108 πάντα

287 1159 429 1225 εἶπε,
465 1159 725 1232 περισσὸς
748 1153 817 1229 ἦν
845 1159 874 1208 6
907 1154 1017 1209 τῶν
1045 1151 1247 1206 λοιπῶν
1276 1148 1537 1221 ἀριθμόςο
1579 1149 1687 1202 εἴτε
1727 1147 1863 1200 πάν-

288 1270 378 1316 τες
407 1248 784 1322 ἐξηλλαγμένα
813 1246 906 1301 καὶ
931 1243 1091 1299 καινά
1136 1241 1273 1313 πρὸς
1304 1238 1567 1310 ἀλλήλους
1591 1234 1860 1309 ἔγραψαν,

288 1343 390 1395 οὐκ
420 1342 489 1394 ἂν
519 1340 692 1409 ἐφάνη
724 1338 825 1407 τῆς
859 1333 1174 1405 συμφωνίας
1202 1333 1236 1402 ἡ
1269 1328 1559 1393 ἀπόδειξις.
1587 1327 1686 1380 Διά
1709 1324 1866 1379 τοῦτο

290 1433 387 1486 zeal
434 1432 589 1500 κοινῇ
644 1426 815 1481 πολλά
863 1423 1234 1493 διελέχθησαν,
1277 1420 1370 1473 καὶ
1407 1418 1637 1478 ἕκαστος
1686 1413 1866 1468 αὐτῶν

291 1522 425 1576 [διόν
465 1538 522 1573 τι
575 1517 754 1573 λαϐὼν
814 1511 984 1579 εἶπεν,
1025 1514 1111 1565 ἵνα
1162 1512 1299 1582 μήτε
1344 1510 1383 1541 "
1430 1506 1684 1580 περισσὸς
1729 1500 1866 1558 εἶναι

293 1614 420 1683 δόξῃ
468 1614 562 1666 καὶ
602 1606 998 1680 ποοσερῤῖφθαι
1044 1604 1266 1667 ἁπλῶς,
1320 1602 1413 1655 καὶ
1461 1601 1559 1670 τῆς
1612 1597 1867 1667 ἀληθείας

293 1706 404 1759 τῶν
449 1690 756 1777 λεγομένων
810 1698 1011 1769 ἀκριϐῆ
1077 1697 1425 1770 παράσχηται
1479 1693 1580 1764 τὴν
1638 1689 1868 1762 βάσανον

296 1798 453 1867 ἡμῖν.

366 1894 439 1955 γ’.
456 1886 515 1941 '0
541 1886 638 1957 μὲν
663 1878 756 1939 οὗν
774 1883 988 1947 Λουκᾶς
1013 1882 1110 1936 καὶ
1129 1880 1227 1951 τὴν
1243 1877 1421 1932 αἰτίαν
1443 1874 1595 1947 φησὶ,
1613 1873 1679 1927 δι’
1695 1872 1762 1944 ἢν
1778 1872 1870 1925 ἐπί

296 1979 358 2033 τὸ
386 1978 621 2048 γράφειν
652 1974 870 2049 ἔρχεται
891 1987 906 2003 ·
937 1972 1075 2027 Ἵνα
1102 1972 1250 2041 ἔχῃς
1280 1969 1410 2040 γὰρ,
1440 1965 1594 2038 φησὶ,
1622 1964 1750 2033 περὶ
1785 1957 1873 2016 ὧν

298 2056 644 2141 κατηχήθης
663 2068 860 2136 λόγων
890 2065 1007 2134 τὴν
1032 2062 1374 2133 ἀσφάλειαν
1393 2076 1405 2089 ·
1440 2056 1733 2120 τουτέστιν,
1754 2054 1873 2108 Ἵνα

298 2163 542 2234 συνεχῶς
573 2158 1121 2230 ὑπομιμνησκόμενος
1155 2154 1254 2225 τὴν
1280 2150 1577 2220 ἀσφάλειαν
1601 2148 1752 2220 ἔχῃς,
1781 2145 1875 2200 καί

301 2261 359 2310 ἐν
379 2254 650 2325 ἀσφαλείᾳ
675 2253 860 2325 μένῃς.
890 2250 948 2304 '0
967 2248 1025 2302 δέ
1051 2246 1303 2314 Ἰωάννης
1344 2242 1505 2306 αὐτὸς
1532 2242 1628 2311 μὲν
1653 2239 1875 2311 ἐσίγησε

302 2349 401 2419 τὴν
452 2345 658 2402 αἰτίαν·
693 2346 768 2409 ὡς
814 2343 922 2415 γὰρ
958 2341 1115 2410 λόγος
1163 2337 1325 2408 φησὶν
1352 2336 1395 2368 ¹⁸
1422 2333 1625 2390 ἀνωθεν
1669 2333 1761 2386 καὶ
1812 2332 1878 2385 ἐκ

302 2442 561 2515 πατέρων
597 2443 675 2504 είς
722 2440 868 2511 ημᾶς
901 2433 1166 2499 καταϐάς,
1210 2430 1331 2484 οὐδὲ
1364 2429 1525 2492 αὐτὸς
1555 2425 1744 2488 ἁπλῶς
1787 2426 1878 2479 ἐπὶ

303 2536 366 2588 τὸ
397 2536 627 2606 γράφειν
652 2530 844 2605 ἦλθεν·
877 2530 991 2583 ἀλλ’
1018 2525 1207 2597 ἐπειδὴ
1243 2526 1357 2588 τοῖς
1392 2523 1572 2595 τρισὶν
1606 2523 1640 2592 ἡ
1676 2517 1880 2589 σπουδὴ

305 2626 498 2693 γέγονε
524 2623 602 2695 τῷ
639 2623 737 2695 τῆς
763 2620 1074 2692 οἰκονομίας
1112 2613 1446 2687 ἐνδιατρῖψαι
1473 2613 1639 2683 λόγῳ,
1675 2610 1770 2664 καὶ
1800 2608 1877 2682 [7]

305 2715 374 2768 τά
406 2714 507 2784 τῆς
532 2714 780 2784 θεότητος
812 2710 1146 2765 ἐκινδύνευεν
1175 2704 1591 2761 ἀποσιωπᾶσθαι
1616 2703 1878 2772 δόγματα,

307 2806 402 2859 τοῦ
448 2805 680 2877 Χριστοῦ
714 2806 1037 2875 κινήσαντος
1082 2800 1240 2855 αὐτὸν
1282 2796 1489 2861 λοιπὸν,
1517 2794 1691 2858 οὕτως
1719 2791 1883 2865 ἦλθεν

307 2899 408 2951 ἐπὶ
452 2898 552 2967 τὴν
582 2894 939 2967 εὖαγγελικὴν
981 2892 1327 2964 συγγραφήν.
1366 2889 1478 2943 Kal
1522 2885 1679 2941 τοῦτο
1725 2885 1883 2955 δῆλον

311 2989 411 3040 zeal
446 2986 506 3052 ἐξ
537 2989 704 3058 αὐτῆς
733 2989 832 3058 τῆς
861 2985 1121 3057 ἱστορίας,
1160 2982 1252 3035 zeal
1281 2979 1390 3033 τῶν
1421 2976 1512 3031 τοῦ
1554 2973 1880 3044 Εὐαγγελίου

312 3077 632 3147 προοιμίων.
679 3077 815 3131 Ούδέ
845 3076 954 3148 γάρ
994 3073 1195 3145 ὁμοίως
1247 3072 1362 3133 τοῖς
1400 3067 1608 3128 λοιποῖς
1640 3062 1884 3118 κάτωθεν

294 3167 567 3237 ἀρχεται,
594 3167 707 3221 ἀλλ’
736 3166 961 3228 ἀνωθεν,
1000 3165 1136 3237 πρὸς
1167 3164 1303 3235 ὅπερ
1346 3156 1635 3230 ἠπείγετο,
1662 3154 1760 3209 zeal
1798 3154 1889 3209 διὰ

306 3254 471 3306 τοῦτο
498 3257 560 3306 τὸ
584 3253 693 3305 πᾶν
740 3249 943 3320 βιϐλίον
973 3247 1290 3320 συνέθηκεν.
1320 3247 1436 3300 οὐκ
1473 3247 1531 3300 ἐν
1558 3249 1671 3311 τοῖς
1703 3264 1882 3318 προοι-

311 3344 461 3414 μίοις
492 3341 549 3395 δέ
586 3343 763 3414 μόνον,
812 3340 949 3396 ἀλλά
984 3341 1078 3394 zeal
1113 3340 1202 3395 διὰ
1254 3340 1455 3403 παντὸς
1497 3338 1594 3392 τοῦ
1640 3339 1886 3408 Εὐαγγε-

309 3434 431 3487 λίου
459 3432 567 3487 τῶν
613 3432 788 3487 ἀλλων
832 3433 981 3486 ἐστὶν
1026 3431 1373 3503 ὑψηλότερος.
1415 3430 1646 3499 Λέγεται
1689 3431 1747 3484 δὲ
1793 3430 1887 3485 zeal

308 3523 613 3587 Ματθαῖος,
641 3524 751 3577 τῶν
799 3521 860 3588 ἐξ
890 3521 1159 3577 Ἰουδαίων
1206 3521 1610 3575 πιστευσάντων
1658 3520 1888 3590 προσελ-

310 3617 518 3671 θόντων
550 3615 698 3687 αὐτῷ
746 3616 842 3669 zeal
890 3613 1411 3686 παρακαλεσάντων,
1453 3611 1599 3684 άπερ
1640 3609 1761 3665 εἷπε
1800 3611 1889 3665 διὰ

314 3709 600 3781 ῥημάτων,
647 3707 822 3762 ταῦτα
885 3709 1102 3778 ἀφεῖναι
1149 3707 1238 3760 διὰ
1295 3705 1640 3778 γραμμάτων
1685 3705 1887 3772 αὐτοῖς,

312 3803 417 3855 zeal
447 3804 516 3873 τῇ
567 3800 678 3854 τῶν
713 3800 982 3872 Ἐϐραίων
1030 3801 1182 3871 φωνῇ
1218 3798 1489 3854 συνθεῖναι
1532 3798 1595 3851 τὸ
1642 3798 1891 3867 Εὐαγγέ-

312 3892 463 3947 λιον·
519 3892 615 3946 καὶ
652 3892 878 3963 Μάρκος
922 3892 981 3946 δὲ
1032 3892 1091 3946 ἐν
1138 3890 1417 3961 Αἰγύπτῳ,
1469 3890 1577 3943 τῶν
1632 3889 1889 3962 μαθητῶν

313 3982 833 4055 παρακαλεσάντων,
892 3982 1024 4036 αὐτὸ
1068 3983 1112 4015 ¹⁹
1160 3982 1319 4035 τοῦτο
1373 3982 1616 4051 ποιῆσαι,
1680 3981 1779 4036 Διά
1826 3981 1891 4053 δὴ

312 4075 479 4130 τοῦτο
520 4078 550 4130 ὁ
602 4075 704 4146 μὲν
733 4073 1033 4138 Ματθαῖος,
1064 4073 1160 4129 ἆτε
1194 4073 1473 4146 Ἑϐραίοις,
1508 4074 1756 4145 γράφων,
1803 4074 1894 4128 οὑ-

313 4167 407 4220 δέν
433 4166 594 4220 πλέον
644 4165 876 4237 ἐζήτησε
919 4165 1089 4233 δεῖξαι
1109 4206 1124 4228 ,
1166 4164 1198 4235 ἢ
1240 4166 1321 4218 ὅτι
1364 4164 1472 4218 ἀπὸ
1505 4163 1756 4236 Ἀϐραὰμ
1797 4164 1893 4218 zeal

313 4256 483 4311 Δαυῖδ
526 4252 613 4329 ἦν.
652 4257 712 4311 '0
738 4256 796 4311 δέ
826 4257 1058 4321 Λουκᾶς,
1090 4256 1186 4310 ἆτε
1215 4258 1366 4327 κοινῇ
1403 4256 1537 4309 πᾶσι
1574 4255 1887 4325 διαλεγόμε-

315 4366 429 4413 νος,
461 4349 555 4402 zeal
584 4349 840 4421 ἀνωτέρω
861 4348 952 4403 τὸν
978 4348 1135 4417 λόγον
1158 4348 1369 4418 ἀνάγει,
1405 4347 1566 4420 μέχρι
1591 4346 1687 4402 τοῦ
1723 4349 1895 4421 ’Λδάμ

318 4440 545 4510 προϊών.
571 4439 682 4493 Kal
702 4441 731 4493 6
764 4440 862 4511 μὲν
888 4439 998 4494 ἀπὺ
1025 4441 1125 4510 τῆς
1151 4438 1417 4508 γενέσεως
1449 4440 1672 4511 ἄρχεται
1690 4456 1702 4470 ·
1737 4439 1891 4494 οὐδὲν

317 4532 428 4602 γάρ
454 4529 626 4596 οὕτως
663 4531 900 4586 ἀνέπαυε
940 4531 1031 4586 τὸν
1070 4530 1341 4597 Ἰουδαῖον,
1379 4530 1455 4595 ὡς
1479 4531 1541 4584 τὺ
1579 4531 1770 4603 μαθεῖν
1797 4531 1896 4586 αὐ-

315 4621 434 4686 τὸν,
476 4623 560 4677 ὅτι
603 4621 699 4675 τοῦ
748 4620 1000 4694 Ἀϐραάμ
1032 4620 1129 4674 zeal
1169 4619 1265 4674 τοῦ
1305 4619 1468 4674 Δαυῒδ
1500 4619 1722 4690 ἔγγονος
1756 4617 1824 4692 ἦν
1864 4620 1894 4674 6

315 4713 556 4784 Χριστός
574 4729 587 4741 ·
614 4714 644 4766 6
674 4712 730 4766 δέ
756 4713 856 4783 οὐχ
893 4710 1086 4778 οὕτως,
1127 4710 1245 4765 ἀλλ’
1268 4711 1471 4783 ἐτέρων
1505 4710 1768 4786 πλειόνων
1805 4712 1896 4783 μέ-

320 4819 522 4873 μνηται
566 4802 926 4874 πραγμάτων,
969 4801 1066 4853 zeal
1112 4800 1235 4854 τότε
1275 4801 1369 4855 ἐπὶ
1413 4800 1513 4874 τὴν
1544 4802 1896 4871 γενεαλογίαν

318 4895 560 4965 πρόεισι.
592 4892 703 4964 Τὴν
731 4893 791 4946 δέ
824 4893 1144 4963 συμφωνίαν
1189 4891 1368 4947 αὐτῶν
1419 4892 1515 4946 zeal
1546 4893 1654 4947 ἀπὸ
1684 4893 1785 4964 τῆς
1820 4895 1897 4949 οἰ-

320 4989 592 5060 κουμένης
620 4988 1045 5059 παραστήσομεν
1065 4988 1162 5059 τῆς
1184 4986 1483 5059 δεξαμένης
1510 4986 1579 5041 τά
1607 4987 1893 5059 εἰρημένα,

319 5080 418 5134 καὶ
444 5080 539 5133 ἀπ’
576 5078 754 5133 αὐτῶν
789 5078 899 5131 τῶν
940 5076 1039 5148 τῆς
1070 5077 1329 5149 ἀληθείας
1359 5076 1590 5148 ἐχθρῶν.
1636 5078 1747 5132 Kal
1790 5080 1898 5149 γὰρ

320 5171 519 5226 πολλαί
577 5170 694 5242 μετ’
743 5169 983 5233 ἐκείνους
1019 5169 1264 5240 αἱρέσεις
1314 5168 1632 5241 ἐτέχθησαν,
1682 5171 1899 5225 ἐναντία

319 5261 640 5329 δοξάζουσαι
674 5264 786 5325 τοῖς
820 5258 1159 5334 εἰρημένοις*
1196 5260 1294 5314 zeal
1331 5260 1388 5314 αἰ
1428 5261 1526 5330 μὲν
1555 5260 1731 5314 πάντα
1768 5278 1900 5316 κατ-

322 5354 575 5421 εδέξαντο
617 5352 686 5407 τὰ
728 5352 1014 5423 λεχθέντα,
1061 5351 1120 5406 al
1164 5350 1222 5404 δὲ
1257 5350 1398 5423 μέρη
1446 5351 1556 5405 τῶν
1597 5350 1900 5424 εἰρημένων

322 5443 669 5513 ἁποκόψασαι
698 5443 807 5497 τῶν
836 5442 1057 5506 λοιπῶν,
1082 5440 1225 5494 οὕτω
1252 5444 1380 5513 παρ’
1408 5442 1630 5505 ἑαυταῖς
1656 5441 1896 5515 ἔχουσιν.

324 5541 392 5593 Εἰ
411 5534 470 5587 δὲ
505 5535 649 5605 μάχη
666 5551 750 5597 τις
763 5528 832 5604 ἦν
849 5534 908 5587 ἐν
926 5534 1038 5596 τοῖς
1056 5532 1178 5602 εἰρη
1187 5530 1385 5602 μένοις.
1411 5531 1525 5585 οὔτ’
1551 5532 1618 5586 ἂν
1632 5533 1689 5586 al
1714 5532 1903 5586 τάναν-

321 5626 417 5680 τία
444 5624 698 5692 λέγουσαι
722 5624 939 5679 ἅπαντα
972 5623 1040 5677 ἂν
1075 5622 1344 5688 ἐδέξαντο,
1369 5622 1508 5677 ἀλλά
1543 5623 1707 5694 μέρος
1738 5623 1799 5677 τὸ
1825 5625 1904 5677 6o-

324 5713 460 5771 κοῦν
507 5715 699 5780 αὐταῖς
745 5713 825 5786 [8]
858 5714 1133 5784 συνᾳδειψ
1165 5712 1276 5767 οὔτ’
1306 5713 1373 5768 ἃν
1401 5714 1458 5767 αἱ
1504 5713 1668 5785 μέρος
1699 5715 1901 5771 ἀπολα-

1968 513 2163 569 ϐοῦσαι
2195 506 2592 582 διηλέγχθησαν
2614 506 2665 537 ²⁶’
2689 501 2795 558 ἀπὸ
2831 499 2924 555 τοῦ
2967 501 3186 573 μέρους,
3211 501 3438 572 ὼςμηδέ
3473 501 3569 558 τά.

1981 605 2242 677 κόμματα
2285 599 2425 654 αὒτά
2468 596 2768 660 λανθάνειν,
2816 593 2951 648 ἀλλά
3001 593 3129 666 βοᾷν
3167 592 3265 665 τὴν
3309 593 3445 664 πρὸς
3481 593 3569 650 τὸ.

1970 698 2091 753 ὅλον
2136 696 2295 767 σῶμα
2325 691 2665 762 συγγένειαν.
2716 689 2827 743 Kal
2860 686 3113 757 καθάπερ
3146 683 3211 738 ἂν
3248 680 3356 736 ἀπὸ
3384 679 3555 733 πλευ-ο

1973 793 2075 864 ρᾶς
2115 788 2287 864 λάϐῃς
2313 803 2367 839 τι
2408 784 2592 856 μέρος,
2622 781 2718 835 καὶ
2747 782 2805 834 ἐν
2839 777 2919 850 τῷ
2951 778 3107 849 μέρει
3139 774 3210 829 τά
3243 772 3421 829 πάντα
3469 770 3557 824 εύ-

1974 860 2181 953 ρήσεις,
2212 876 2304 948 ἀφ’
2342 867 2416 930 ὧν
2447 875 2508 928 τὸ
2544 873 2664 927 ὅλον
2699 870 2839 936 ζῶον
2888 868 3211 938 συνέστηκε,
3242 865 3336 919 zeal
3362 860 3554 934 νεῦρα,

1973 951 2069 1026 zeal
2095 970 2323 1041 φλέϐας,
2363 966 2457 1021 zeal
2494 966 2650 1030 ὀστᾶ,
2677 963 2774 1019 zeal
2820 959 3109 1034 ἀρτηρίας,
3140 958 3237 1012 zeal
3268 951 3426 1027 αἷμα,
3463 955 3559 1008 zeal

1973 1062 2296 1135 ὁλοκλήρου,
2324 1060 2401 1125 ὡς
2431 1057 2499 1112 ἂν
2528 1057 2673 1111 εἴποι
2709 1071 2816 1121 τις,
2846 1051 2940 1106 τοῦ
2974 1050 3293 1123 φυράματος
3329 1048 3555 1117 δεῖγμα·

1974 1154 2117 1209 οὕτω
2154 1153 2249 1209 zeal
2276 1151 2373 1206 ἐπὶ
2403 1150 2512 1205 τῶν
2552 1146 2788 1220 Γραφῶν
2828 1145 2978 1200 ἐστιν
3029 1145 3157 1197 ἰδεῖν
3198 1140 3414 1210 ἑκάστῳ
3453 1136 3575 1190 τῶν

1975 1246 2282 1318 εἰρημένων
2317 1244 2474 1316 μέρει
2502 1241 2604 1313 τὴν
2635 1239 2729 1294 τοῦ
2762 1239 2965 1302 παντὸς
2998 1234 3318 1304 συγγένειαν
3345 1231 3564 1299 διαφαι-

1976 1340 2232 1412 νομένην.
2257 1337 2322 1391 Εἰ
2352 1336 2409 1389 δέ
2436 1332 2753 1402 διεφώνουν,
2783 1329 2897 1385 οὔτ’
2938 1329 3004 1383 ἂν
3048 1325 3206 1382 τοῦτο
3257 1322 3472 1394 ἐδείχθη
3494 1320 3577 1383 ²¹,ν

1978 1434 2073 1487 zeal
2131 1429 2264 1485 αὐτὸ
2322 1427 2492 1482 πάλαι
2553 1426 2620 1480 ἂν
2681 1422 2900 1492 διελύθη
2966 1420 3027 1474 τὸ
3093 1418 3273 1488 δόγμα
3300 1432 3314 1446 ο
3390 1412 3567 1467 Πᾶσα

1980 1524 2090 1594 γὰρ
2122 1521 2435 1587 βασιλεία,
2471 1516 2655 1587 φησὶν,
2694 1515 2786 1584 ἐφ’
2823 1511 3044 1581 ἑαυτῆς
3083 1505 3438 1580 μερισθεῖσα
3476 1505 3550 1555 οὐ

1912 1678 1917 1679 ί
1981 1612 2369 1680 σταθήσεται.
2405 1608 2520 1663 Νῦν
2568 1607 2626 1660 δέ
2665 1605 2770 1660 κᾶν
2803 1604 2980 1674 τούτῳ
3027 1599 3120 1654 τοῦ
3166 1595 3484 1668 Πνεύματος
3530 1594 3564 1661 ἡ

1986 1705 2140 1775 ἰσχὺς
2179 1702 2424 1774 λάμπει,
2477 1697 2715 1752 πείσασα
2763 1695 2890 1757 τοὺς
2936 1689 3294 1762 ἀνθρώπους,
3346 1682 3570 1775 περὶ-τά

1982 1771 2384 1863 ἀναγκαιότερα
2427 1788 2522 1843 zeal
2563 1784 2959 1854 κατεπείγοντα
2997 1779 3356 1851 γενομένους,
3404 1771 3569 1845 μηδὲν

1983 1886 2092 1940 ἀπὸ
2117 1885 2227 1939 τῶν
2257 1882 2465 1955 μικρῶν
2490 1879 2695 1934 τούτων
2726 1872 3234 1949 παραϐλάπτεσθαι.

2053 1976 2116 2033 δ’.
2155 1975 2324 2028 Ἔνθα
2368 1974 2464 2045 μὲν
2496 1968 2589 2027 οὖν
2621 1972 2851 2035 ἕκαστος
2886 1966 3179 2040 διατρίϐων
3212 1963 3472 2035 ἔγραψεν,
3506 1963 3566 2017 οὐ

1985 2067 2193 2141 σφόδρα
2220 2067 2353 2138 ἡμῖν
2379 2066 2458 2119 δεῖ
2481 2061 2861 2136 ἰσχυρίσασθαι
2880 2061 2948 2093 ¹²⁶
2970 2060 3053 2114 ὅτι
3082 2058 3140 2112 δὲ
3167 2057 3228 2111 οὐ
3258 2057 3377 2111 κατ’
3404 2056 3571 2126 ἀλλή-

1982 2162 2090 2216 λων
2119 2160 2374 2230 έστησαν,
2406 2157 2565 2212 τοῦτο
2588 2155 2678 2210 διὰ
2703 2153 2884 2225 πάσης
2915 2151 3012 2223 τῆς
3038 2148 3424 2223 πραγματείας
3456 2164 3574 2201 πει-

1989 2250 2266 2326 ρασόμεθα
2291 2247 2589 2316 ἀποδεῖξαι.
2621 2247 2694 2299 Σὺ
2734 2244 2792 2298 δὲ
2820 2243 3017 2297 ταύτὸν
3048 2243 3241 2305 ποιεῖς,
3273 2239 3573 2308 διαφωνίαν

1985 2343 2330 2415 αἰτιώμενος,
2352 2341 2540 2412 ὥσπερ
2558 2338 2624 2393 ἂν
2641 2339 2690 2391 εἰ
2708 2337 2803 2391 zeal
2820 2337 3043 2409 ῥήματα
3070 2332 3138 2387 τά
3167 2332 3306 2386 αὺτά
3324 2330 3573 2394 ἐκέλευες

1986 2437 2181 2499 εἰπεῖν,
2213 2433 2306 2487 καὶ
2336 2431 2573 2503 τρόπους
2596 2427 2816 2494 λέξεων.
2862 2425 2974 2481 Kal
3002 2425 3155 2477 οὒπω
3195 2423 3341 2488 λέγω
3370 2422 3453 2474 ὅτι
3478 2421 3573 2475 zeal

1984 2526 2037 2580 οἱ
2088 2527 2230 2597 μέγα
2262 2522 2354 2576 ἐτιί¹
2394 2521 2657 2593 ῥητορικῇ
2701 2519 2795 2572 zeal
2825 2514 3114 2588 φιλοσοφίᾳ
3160 2510 3569 2587 κομπάζοντες,

1987 2614 2174 2668 πολλοὶ
2205 2610 2374 2665 πολλὰ
2405 2609 2584 2681 βιϐλία
2605 2607 2914 2678 γράψαντες
2934 2602 3062 2676 περί
3088 2601 3198 2655 τῶν
3228 2599 3407 2655 αὐτῶν
3433 2616 3573 2669 πρατ

1987 2702 2237 2776 γμάτων,
2260 2702 2321 2755 οὐ
2355 2699 2514 2771 μόνον
2542 2696 2729 2761 ἀπλῶς
2755 2694 3114 2766 διεφώνησαν,
3143 2691 3279 2746 ἀλλά
3303 2691 3398 2743 καὶ
3419 2691 3573 2743 ἐναν-

1987 2793 2121 2857 τίως
2167 2790 2417 2863 ἀλλήλοις
2453 2785 2628 2843 εἷπον.
2661 2788 2773 2841 Kal
2797 2786 2906 2859 γὰρ
2941 2785 3131 2858 ἐτερόν
3159 2785 3274 2838 ἐστι
3302 2781 3575 2853 διαφόρως

1991 2886 2187 2951 εἰπεῖν,
2219 2884 2314 2938 zeal
2340 2881 2685 2954 μαχομένους
2709 2881 2903 2933 εἰπεῖν.
2927 2879 3091 2932 Οὐδὲν
3107 2878 3154 2910 ’³
3179 2876 3382 2931 τούτων
3407 2875 3575 2944 λέγωτ

1995 2978 2069 3050 μή
2099 2994 2186 3048 μοι
2209 2975 2419 3046 γένοιτο
2454 2974 2520 3027 ἐκ
2560 2972 2662 3043 τῆς
2711 2971 2935 3026 ἐκείνων
2961 2968 3259 3042 παρανοίας
3300 2967 3575 3022 συνθεῖναι

1990 3067 2089 3140 τὴν
2134 3065 2429 3134 ἀπολογίαν
2465 3082 2479 3098 ο
2537 3063 2657 3117 οὐδέ
2710 3063 2820 3136 γὰρ
2872 3061 2983 3117 ἀπὸ
3047 3060 3139 3114 τοῦ
3197 3058 3424 3130 ψεύδους
3474 3058 3590 3129 τὴν.

1992 3160 2250 3233 ἀλήθειαν
2283 3157 2653 3228 συστήσασθαι
2693 3156 2996 3233 βούλομαιπ
3028 3153 3168 3233 ’λλκ
3191 3155 3366 3233 ἐκεῖνο
3405 3152 3575 3233 ἡδέως

1996 3238 2064 3293 ἂν
2083 3229 2346 3309 ἐροίμην,
2379 3235 2503 3298 Πῶς
2535 3232 2830 3302 ἐπιστεύθη
2869 3231 2939 3284 τά
2960 3231 3005 3261 ’⁸
3033 3229 3435 3298 διαφωνοῦντα;
3467 3230 3587 3286 πὼς

1996 3328 2273 3398 ἐκράτησε
2298 3342 2313 3392 ;
2340 3324 2461 3388 πῶς
2501 3322 2722 3377 ἐναντία
2767 3321 3017 3388 λέγοντες
3055 3316 3444 3387 ἐθαυμάζοντο,
3500 3314 3579 3386 [9]

1998 3416 2362 3480 ἐπιπεύοντο,
2424 3410 2853 3483 ἀνεκηρύττοντο
2907 3403 3187 3476 πανταχοῦ
3243 3405 3344 3474 τῆς
3397 3404 3574 3457 οἰκουο

2002 3508 2171 3580 μένης
2198 3524 2213 3574 ;
2237 3507 2427 3560 Καίτοι
2464 3502 2651 3558 πολλοί
2674 3503 2722 3555 οἰ
2760 3500 3035 3573 μάρτυρες
3063 3498 3109 3530 ⁸⁸
3138 3496 3246 3551 τῶν
3274 3495 3578 3566 λεγομένων

1995 3594 2157 3671 ἦσαν,
2189 3598 2376 3651 πολλοί
2403 3595 2459 3650 δέ
2491 3595 2588 3649 zeal
2624 3595 2677 3648 οί
2706 3592 2890 3665 ἐχθροί¹
2927 3591 3023 3645 zeal
3060 3589 3329 3660 πολέμιοι.
3359 3587 3435 3641 Οὐ
3475 3587 3580 3657 γὰρ

1974 3693 2058 3747 ’ἐν
2104 3690 2280 3763 γωνίᾳ
2309 3691 2431 3762 ,μιᾷ
2481 3688 2797 3760 γράψαντες
2850 3683 2990 3738 αὐτὰ
3039 3680 3390 3753 κατώρυξαν,
3448 3679 3580 3733 άλλᾶ

2000 3782 2277 3854 πανταχοῦ
2303 3782 2407 3853 γῆς
2432 3782 2528 3835 zeal
2547 3780 2819 3850 θαλάττης
2836 3777 3098 3848 ἦπλωσαν
3113 3774 3218 3829 ὑπὸ
3232 3775 3351 3837 ταῖς
3367 3772 3583 3826 πάντων

2000 3874 2195 3939 ἀκοαῖς
2214 3889 2227 3903 ⁸
2261 3874 2357 3927 zeal
2382 3872 2594 3944 ἐχθρῶν
2632 3871 2916 3943 παρόντων
2953 3866 3128 3921 ταῦτα
3164 3864 3582 3934 ἀνεγινώσκετο,

2001 3965 2254 4036 καθάπερ
2294 3965 2389 4019 καὶ
2432 3963 2548 4030 νῦν,
2584 3964 2681 4016 zeal
2727 3961 2918 4015 οὐδένα
2943 3959 3095 4013 οὐδὲν
3129 3958 3239 4012 τῶν
3279 3956 3585 4027 εἰρημένων

2004 4056 2375 4112 ἐσκανδάλισε.
2394 4056 2505 4110 Kal
2528 4055 2674 4125 μάλα
2694 4053 2942 4114 είκότως’
2982 4048 3103 4103 θεία
3128 4048 3239 4118 γὰρ
3256 4045 3487 4115 δύναμις
3517 4041 3585 4115 ἦν

2003 4152 2038 4222 ή
2060 4149 2235 4204 πάντα
2253 4145 2481 4201 ἐπιοῦσα
2495 4146 2591 4200 zeal
2609 4141 2949 4216 κατορθοῦσα
2961 4141 3112 4213 παρά
3139 4141 3322 4193 πᾶσιν.
3364 4136 3515 4190 Ἐπεὶ
3539 4136 3584 4187 εί

2007 4239 2085 4312 μὴ
2119 4239 2280 4293 τοῦτο
2308 4233 2412 4308 ἦν,
2450 4236 2568 4301 πῶς
2598 4237 2627 4288 6
2655 4232 2913 4305 τελώνης,
2947 4233 3043 4287 zeal
3089 4232 3131 4284 ὁ·
3156 4229 3340 4291 ἁλιεὺς
3363 4265 3378 4290 ,
3427 4228 3523 4280 zeal
3558 4225 3587 4275 6

2004 4330 2371 4402 ἀγράμματος
2402 4328 2626 4383 τοιαῦτα
2658 4325 3008 4396 ἐφιλοσόφει;
3049 4324 3118 4375 "A
3160 4320 3268 4392 γάρ
3306 4317 3427 4373 οὐδὲ
3455 4317 3587 4388 δναρ

2005 4423 2057 4476 οἰ
2076 4422 2277 4487 ἔξωθεν
2309 4417 3041 4491 φαντασθῆναιὴδυνήθησάν
3075 4430 3229 4481 ποτε,
3250 4412 3427 4468 ταῦτα
3445 4404 3588 4465 οὗτοι

2013 4512 2152 4586 μετά
2181 4511 2383 4583 πολλῆς
2403 4510 2504 4582 τῆς
2542 4508 2915 4582 πληροφορίας
2948 4508 3044 4561 καὶ
3066 4503 3466 4574 ἀπαγγέλλουσι
3497 4500 3587 4553 καὶ

2010 4604 2287 4658 πείθουσι⁴
2319 4602 2416 4657 zeal
2433 4601 2554 4673 οὐχί
2584 4600 2787 4666 ζῶντες
2814 4599 2992 4671 μόνον,
3035 4596 3184 4652 ἀλλὰ·
3212 4596 3308 4649 καὶ
3338 4591 3583 4660 τελευτή-

2010 4712 2202 4760 σαντες
2221 4711 2236 4727 ·
2264 4693 2385 4748 οὐδέ
2397 4691 2492 4747 δύο
2519 4693 2612 4747 zeal
2640 4693 2844 4747 εἴκοσιν
2871 4687 3212 4760 ἀνθρώπους,
3242 4684 3363 4738 οὐδὲ
3394 4678 3588 4734 ἐκατὸν

2011 4787 2106 4842 zeal
2138 4786 2345 4858 χιλίους
2374 4784 2470 4839 zeal
2505 4783 2735 4856 μυρίους
2759 4822 2775 4847 ,
2809 4780 2947 4836 ἀλλά
2985 4779 3172 4840 πόλεις
3206 4776 3301 4829 zeal
3333 4772 3460 4844 ἔθνη
3496 4771 3590 4824 κιιί

2008 4879 2215 4952 δήμους
2243 4916 2259 4943 ,
2320 4876 2415 4931 zeal
2454 4875 2559 4947 γῆν
2603 4874 2699 4929 zeal
2729 4872 3039 4935 θάλασσαν,
3086 4866 3180 4921 zeal
3227 4862 3453 4918 Ἐλλάδα
3494 4862 3590 4916 zeal

2012 4972 2286 5044 βάρϐαρον
2304 5008 2320 5036 ,
2341 4968 2437 5023 zeal
2471 4968 2571 5041 τὴν
2589 4964 2913 5038 οἰκουμένην
2933 4962 3029 5017 zeal
3061 4960 3159 5032 τὴν
3174 4958 3430 5030 ἀοίκητον
3452 4975 3465 4988 ·
3494 4956 3591 5009 καὶ

2011 5066 2142 5140 περί
2190 5065 2533 5138 πραγμάτων
2553 5064 2602 5097 ³⁸
2633 5061 2838 5133 σφόδρα
2864 5060 2963 5129 τὴν
2999 5057 3275 5130 ἡμετέραν
3326 5051 3593 5124 ὑπερϐαι-

2009 5158 2221 5215 νόντων¹
2258 5157 2440 5228 φύσιν.
2486 5154 2597 5228 Τὴν
2636 5155 2746 5224 γάρ
2782 5153 2886 5224 γῆν
2925 5151 3154 5220 ἀφέντες
3173 5189 3188 5213 ,
3238 5146 3418 5201 πάντα
3462 5143 3592 5214 περί

2008 5250 2118 5305 τῶν
2165 5250 2225 5304 ἐν
2275 5250 2522 5322 οὐρανοῖς
2577 5244 2954 5313 διαλέγονται,
3014 5241 3206 5313 ἐτέραν
3259 5240 3392 5310 ἡμῖν
3443 5235 3588 5303 ζωὴν

2010 5343 2323 5411 εἰσάγοντες
2351 5341 2447 5396 zeal
2490 5339 2604 5410 βίον
2645 5337 2824 5402 ἀλλον,
2874 5335 2971 5390 καὶ
3003 5333 3232 5388 πλοῦτον
3257 5331 3352 5384 zeal
3373 5326 3583 5401 πενίαν,

2011 5435 2107 5489 zeal
2132 5432 2444 5505 ἐλευθερίαν
2466 5432 2562 5485 καὶ
2587 5429 2853 5496 δουλείαν,
2894 5427 2992 5482 καὶ
3030 5425 3175 5496 ζωὴν
3207 5421 3303 5477 zeal
3333 5419 3587 5476 θάνατον,

2011 5527 2104 5580 καί
2132 5524 2338 5596 κόσμον
2383 5523 2478 5579 zeal
2523 5522 2820 5585 πολιτείαν,
2852 5520 3028 5574 πάντα
3069 5512 3463 5587 ἐξηλλαγμένα.
3513 5507 3589 5561 Οὐ

2011 5616 2264 5689 καθάπερ
2292 5615 2537 5679 Πλάτων,
2572 5617 2601 5668 6
2627 5614 2725 5686 τὴν
2760 5611 3160 5680 καταγέλαστον
3198 5606 3414 5677 ἐκείνην
3441 5601 3592 5658 πολι-

2010 5710 2160 5765 τείαν
2196 5709 2426 5774 συνθεὶς,
2453 5708 2546 5761 καὶ
2571 5708 2777 5780 Ζήνων,
2813 5706 2908 5761 καὶ
2926 5702 2981 5758 εί
3000 5719 3082 5767 τις
3097 5701 3284 5773 ἕτερος
3318 5696 3597 5754 πολιτείαν

408 5937 464 6058 ἔ.
475 5937 550 6007 μή
578 5954 629 5992 τι
659 5937 802 5995 Εάιί.
865 5937 909 5970 ³⁸
930 5936 1220 6024 γὰρῇλόγος
1251 5934 1441 6009 φησίν]
1468 5936 1525 5991 δέ
1546 5937 1704 6003 λόγος
1729 5936 1843 6007 ἔχει
1865 5934 1929 5990 Ε.
2009 5937 2054 5969 ¹⁹
2071 5930 2226 6058 αὐτόὲ
2254 5934 2436 5995 αὐτόν.
2469 5930 2601 5989 αὐτὸ
2637 5935 3035 6008 διηλέγχθησαν
3054 5935 3120 5993 E.
3195 5936 3241 5967 ²⁰
3266 5935 3388 5990 Vid.
3408 5934 3596 5991 adnot.

408 6044 425 6058 ι
450 6023 501 6058 Ic
529 6024 670 6058 arm-
703 6019 760 6058 et
802 6008 966 6058 mdd-
1013 6008 1201 6058 ὲοένθτι
1233 6009 1337 6058 An.
1375 6006 1516 6058 Edd.
1604 6008 1648 6042 ²¹
1672 6007 1754 6058 δεῖ
1805 6004 1949 6058 [cr/.1
1982 6006 2196 6058 διισνυο
2225 6004 2417 6058 σασθαι
2462 6004 2525 6058 C.
2556 6005 2780 6058 δυνατὸν
2816 6008 2978 6058 διισν.
3028 6007 3092 6058 Ι).
3198 6006 3243 6038 ³³
3278 6006 3456 6058 οὐδέν]
3482 6000 3596 6058 ἀλλ’

330 6002 671 6094 Ἶὲἰὸένῐρ.
703 6002 966 6094 σειροςὶιιξ
1010 6002 1207 6094 ἐδέχθη
1375 6002 1516 6094 ξῇόι.
1582 6002 1951 6094 βξδεῖῖἰσχῆ
1982 6002 2417 6094 διισχυρίσασθαι
2462 6004 2557 6094 C.h
2556 6002 2780 6062 δυνατὸν
2801 6002 2978 6078 ’διισχ.
3028 6007 3092 6063 Ι).

224 6145 250 6155 ι
328 6078 486 6134 οὐδέν
510 6076 570 6135 C.
606 6080 669 6135 D.
751 6080 796 6112 ”
836 6081 903 6133 τά
924 6096 1034 6135 om.
1070 6074 1132 6134 Λζ
1168 6078 1227 6134 C.
1263 6079 1326 6134 D.
1406 6078 1451 6112 ³⁸
1486 6077 1677 6167 Incipit
1707 6074 1881 6135 codex

2076 6074 2123 6109 ’⁷⁸
2147 6074 2488 6148 γραμμάτων
2518 6075 2578 6131 Β.

3198 6006 3243 6038 η
3278 6006 3461 6077 οὐδέν]
3482 6000 3597 6062 ἀλλ’
