4066 6456
358 404 426 462 l9

351 510 639 577 mundum,
666 508 815 565 aliud
863 506 1165 567 institutum
1196 546 1210 573 ,
1244 502 1423 558 omnia
1463 500 1698 570 denique
1725 506 1948 552 mutata.

352 603 469 659 Non
495 604 640 659 sicut
686 602 862 668 Plato,
912 599 1007 672 qui
1054 597 1335 653 ridiculam
1389 593 1534 654 illam
1562 589 1951 662 rempublicam

362 694 620 762 instituit,
659 708 765 751 non
799 692 939 749 sicut
963 689 1113 746 Zono
1134 684 1247 762 (ιι),
1273 694 1329 742 et
1364 685 1410 742 si
1444 683 1535 755 qui
1565 680 1657 737 alii
1695 679 1764 736 de
1793 693 1953 748 repu-

355 786 496 842 blica
527 786 816 855 scripsere,
846 785 1100 854 legesque
1125 778 1365 836 edidere.
1393 773 1669 846 Siquidem
1695 771 1779 827 vel
1806 785 1872 826 ex
1898 783 1956 824 re

355 871 470 939 ipsa
495 869 846 940 conspicuum
866 866 983 931 fuit,
1009 865 1299 935 malignum
1329 863 1595 934 spiritum,
1621 862 1950 918 daemonem-

354 975 463 1033 que
490 960 802 1033 quempiam
828 957 1024 1023 fermn,
1053 964 1257 1010 natura
1280 963 1477 1009 nostra:
1502 952 1713 1008 hostem
1733 992 1751 1010 .
1785 951 1952 1007 casti-

353 1042 485 1107 tatis
513 1051 810 1117 inimicum,
840 1045 1138 1103 honestatis
1165 1042 1535 1099 adversarium
1556 1082 1572 1107 ,
1616 1042 1796 1098 omnia
1827 1054 1952 1094 sus-

356 1142 536 1212 deque
581 1146 880 1200 vertentem
908 1178 926 1204 ,
976 1137 1092 1192 hazc
1140 1134 1353 1190 illorum
1396 1132 1592 1187 animis
1634 1131 1947 1188 inseruisse.

354 1234 497 1290 Cum
523 1232 670 1289 enim
687 1244 884 1286 uxores
912 1227 1163 1283 omnibus
1186 1236 1500 1281 communes
1529 1221 1747 1288 faciant,
1780 1220 1953 1277 nudas

358 1325 599 1396 virgines
625 1321 694 1377 ad
737 1318 1105 1392 spectaculum
1148 1317 1385 1372 virorum
1430 1314 1483 1368 in
1520 1313 1827 1385 palaestram
1849 1310 1953 1367 duo

356 1425 511 1484 cant,
563 1411 926 1471 clandestinas
967 1409 1181 1481 nuptias
1234 1412 1520 1477 apparent,
1565 1405 1744 1459 omnia
1795 1400 1953 1459 simul

356 1508 777 1565 commiscentes
803 1511 861 1560 et
887 1502 1309 1564 conturbantes,
1343 1505 1652 1568 naturaeque
1694 1495 1956 1553 terminos

356 1607 685 1663 evertentes,
718 1595 847 1667 quid
874 1593 1018 1649 aliud
1042 1592 1113 1648 de
1141 1591 1251 1646 illis
1275 1589 1381 1646 dici
1400 1588 1611 1659 possit?
1631 1586 1785 1653 Quod
1808 1583 1952 1640 enim

360 1693 482 1745 tunc
509 1688 689 1745 omnia
731 1687 842 1743 sint
879 1686 1184 1741 daemonum
1212 1683 1428 1738 inventa
1473 1693 1531 1737 et
1557 1687 1763 1735 natura;
1790 1693 1954 1748 repu-

356 1782 601 1853 gnantia,
631 1781 744 1850 ipsa
771 1788 919 1834 certe
948 1787 1136 1833 natura
1169 1776 1488 1832 testiﬁcatur
1508 1815 1525 1841 ,
1553 1789 1676 1845 quae
1701 1782 1759 1829 et
1783 1786 1951 1842 supra

356 1874 522 1929 dictis
545 1872 803 1928 abhorret
841 1878 944 1926 :et
986 1870 1076 1924 illa
1106 1883 1213 1923 non
1261 1882 1384 1923 cum
1424 1864 1952 1937 persequutionibus,

359 1982 472 2021 non
488 1979 610 2021 cum
638 1962 893 2035 periculis
909 1963 997 2017 vel
1025 1961 1246 2031 przeliis,
1274 1959 1369 2015 sed
1388 1973 1511 2013 cum
1541 1956 1791 2013 libertate
1807 1956 1955 2012 omni

356 2066 419 2112 et
447 2056 735 2113 securitate
758 2053 1130 2117 scribentium,
1177 2060 1232 2106 ct
1256 2058 1446 2106 ornatu
1489 2047 1756 2104 sermonis
1781 2047 1956 2103 multo

292 2194 307 2203 .
359 2163 514 2218 smpe
564 2145 823 2201 utentium
857 2184 873 2211 ,
918 2142 1141 2217 [emissa
1192 2139 1365 2213 sunt.]
1417 2140 1620 2196 Contra
1650 2152 1779 2195 vero
1824 2137 1944 2194 base

358 2254 483 2308 qua:
510 2238 797 2310 praedicata
821 2243 947 2291 sunt
971 2250 1000 2289 a
1023 2233 1400 2305 piscatoribus,
1424 2232 1613 2303 pulsis,
1637 2230 1956 2287 verberibus

357 2330 539 2395 caesis,
568 2329 704 2383 inter
730 2327 963 2398 pericula
996 2324 1339 2381 versantibus
1359 2364 1374 2389 ,
1406 2323 1660 2380 ineruditi
1692 2363 1707 2385 ,
1739 2325 1954 2393 sapien-

361 2431 469 2487 tes,
495 2420 657 2486 servi,
686 2419 857 2487 liberi,
878 2431 1055 2489 reges,
1078 2417 1295 2485 milites,
1329 2417 1565 2486 barbari,
1590 2419 1787 2487 Crzeci,
1824 2435 1949 2477 cum

358 2512 514 2568 omni
532 2510 901 2568 benevolentia
922 2523 1204 2577 excepere.

428 2731 482 2786 5.
511 2730 696 2800 Neque
723 2744 850 2785 vero
868 2728 1048 2786 dicere
1078 2731 1254 2800 possis
1276 2771 1290 2796 ,
1315 2729 1433 2787 haec
1450 2774 1466 2799 ,
1493 2735 1635 2804 quod
1666 2750 1830 2806 parva
1859 2753 1946 2794 es-

351 2831 477 2876 sent
508 2831 563 2877 et
596 2821 815 2876 humilia
840 2861 854 2886 ,
884 2820 1039 2877 facile
1064 2836 1093 2876 a
1120 2824 1328 2879 cunctis
1370 2835 1618 2896 suscepta
1652 2826 1835 2883 fuisse.
1859 2829 1944 2885 Si-

353 2913 573 2985 quidem
605 2914 720 2970 hrec
748 2913 918 2969 multo
965 2913 1276 2970 sublimiora
1304 2926 1428 2972 sunt
1457 2918 1583 2973 illis.
1612 2918 1943 2989 Virginitatis

351 3006 502 3067 enim
533 3005 606 3060 illi
633 3021 701 3061 ne
731 3020 926 3061 nomen
953 3006 1169 3077 quidem
1206 3008 1290 3064 vel
1337 3025 1434 3081 per
1457 3011 1725 3066 somnium
1750 3012 1935 3083 imagi-

354 3097 471 3151 nati
509 3106 651 3163 sunt,
692 3112 801 3151 non
845 3107 1213 3168 paupertatem
1239 3142 1255 3167 ,
1303 3116 1412 3158 non
1450 3101 1734 3173 jejunium,
1769 3121 1942 3175 neque

353 3189 662 3259 quampiam
718 3189 878 3244 aliam
929 3205 1108 3246 rerum
1158 3192 1491 3249 sublimium.
1538 3194 1774 3266 Magistri
1816 3202 1983 3253 vero'

356 3281 530 3335 nostri
579 3295 686 3336 non
731 3282 891 3337 modo
937 3283 1426 3355 concupiscentiam
1484 3287 1786 3353 eliminant,
1835 3306 1942 3345 non

355 3371 522 3426 modo
573 3373 769 3427 malum
818 3387 955 3443 opus
993 3373 1279 3446 castigant,
1326 3376 1421 3433 sed
1465 3378 1627 3433 etiam
1670 3387 1943 3447 aspectum

359 3464 709 3536 impudicum,
739 3467 898 3522 verba
920 3468 1331 3534 contumeliosa,
1355 3469 1521 3526 risum
1544 3471 1943 3543 immodestum,

355 3558 625 3625 habitum,
657 3560 945 3625 incessum,
979 3559 1294 3627 clamorem,
1327 3572 1382 3618 ct
1410 3578 1578 3633 usque
1617 3564 1684 3619 ad
1727 3566 1946 3621 minima

355 3660 664 3705 accuratam
694 3650 1034 3720 disciplinam
1079 3652 1377 3708 extendunt
1403 3694 1417 3719 ,
1447 3664 1608 3727 atque
1637 3656 1946 3712 universum

356 3742 545 3797 orbem
577 3742 891 3813 virginitatis
936 3744 1180 3814 germine
1208 3745 1571 3814 repleverunt.
1605 3746 1680 3802 De
1711 3747 1819 3803 Deo
1858 3763 1951 3804 au-

358 3844 470 3889 tem
497 3835 668 3904 deque
713 3835 1016 3890 ctelestibus
1046 3850 1107 3891 ea
1149 3836 1517 3908 philosophari
1555 3838 1802 3907 suadent,
1831 3855 1951 3911 qua:

358 3926 496 3982 nulli
526 3942 716 3982 eorum
753 3942 1002 3997 umquam
1029 3928 1085 3981 in‘
1129 3937 1365 3984 mentem
1415 3931 1603 3986 venire
1640 3939 1948 4001 potuerunt.

360 4010 643 4079 Quomodo
665 4011 810 4065 enim
837 4011 951 4065 haec
977 4013 1302 4082 cegitaSsent
1327 4014 1416 4083 qui
1438 4013 1696 4082 ferarum,
1725 4030 1952 4085 serpen-

358 4105 497 4159 tium
526 4103 860 4173 aliorumque
884 4103 1129 4159 viliorum
1153 4105 1411 4175 imagines
1441 4106 1492 4160 in
1514 4106 1737 4161 deorum
1761 4123 1952 4163 nume-

360 4210 482 4250 rum
504 4193 780 4248 retulere?
807 4194 1056 4249 Attamen
1088 4193 1206 4250 hare
1231 4195 1476 4249 sublimia
1499 4195 1747 4267 dogmata
1770 4211 1952 4254 susce-

361 4303 454 4365 pta
482 4302 538 4350 et
571 4292 772 4348 credita
792 4301 915 4348 sunt
941 4293 992 4347 in
1013 4292 1239 4364 diesque
1279 4292 1473 4347 ﬁerent
1487 4301 1645 4362 atque
1660 4302 1908 4349 crescunt
1933 4310 1949 4359 ;

360 4387 579 4443 illorum
604 4399 735 4440 vero
771 4385 944 4439 cultus
979 4382 1089 4438 abit
1126 4392 1181 4439 et
1228 4385 1401 4454 perit,
1429 4393 1590 4454 atque
1634 4399 1950 4441 aranearum

364 4477 492 4533 telis
527 4475 737 4531 facilius
782 4475 1073 4529 evanescit.
1118 4474 1357 4546 llludque
1396 4475 1633 4531 merito:
1681 4474 1955 4533 damones

365 4570 512 4624 enim
567 4568 681 4624 haec
724 4567 1086 4638 pradicarunt
1130 4587 1144 4622 :
1192 4577 1518 4639 quapropter
1563 4583 1684 4624 cum
1730 4568 1950 4626 lascivia

366 4660 588 4714 multam
609 4657 807 4715 habent
830 4658 1108 4728 caliginem
1131 4657 1496 4729 majoremque
1521 4659 1784 4716 laborem.
1813 4660 1954 4729 Quid

363 4751 510 4807 enim
555 4750 723 4820 magis
772 4750 1057 4805 ridiculum
1094 4750 1295 4816 fuerit,
1326 4766 1485 4823 quam
1529 4750 1810 4822 disciplina
1842 4753 1953 4822 illa,

362 4844 478 4909 ubi,
509 4852 704 4914 pneter
750 4859 813 4897 ea
858 4857 982 4913 quae
1026 4842 1168 4898 dicta
1216 4853 1363 4909 sunt,
1390 4843 1687 4902 innumeris
1734 4846 1957 4918 prolatis

365 4933 615 4988 versibus
646 4933 1031 5000 philosophus,
1071 4943 1130 4988 ut
1154 4934 1280 5003 quid
1313 4935 1383 4989 sit
1410 4935 1616 5004 justum
1665 4937 1955 5005 ostendat,

356 5033 507 5081 tanta
533 5025 857 5097 loquacitate
884 5036 940 5083 et
964 5027 1288 5084 obscuritate
1310 5029 1452 5086 dicta
1475 5045 1571 5087 sua
1597 5032 1790 5103 replet,
1826 5044 1885 5090 ut
1911 5034 1957 5091 si

359 5115 490 5186 quid
517 5116 679 5172 etiam
707 5119 833 5173 boni
884 5118 1146 5174 haberent
1171 5163 1185 5187 ,
1217 5119 1504 5177 admodum
1538 5133 1718 5179 tamen
1750 5126 1957 5182 inutilia

358 5218 541 5263 essent
584 5210 861 5265 hominum
883 5211 1047 5266 vita)?
1070 5212 1125 5268 Si
1151 5214 1296 5269 enim
1332 5216 1588 5286 agricola,
1623 5217 1706 5272 vel
1733 5220 1957 5276 :erarins

358 5299 512 5354 faber
551 5300 633 5356 vel
677 5303 1023 5368 architectus,
1073 5315 1167 5361 aut
1206 5308 1557 5377 gubernator,
1607 5318 1700 5365 aut
1742 5312 1785 5365 si
1833 5314 1953 5382 quis

353 5391 495 5446 alius
522 5406 733 5460 eorum,
762 5394 853 5463 qui
900 5394 1095 5451 diurno
1124 5413 1380 5455 manuum
1417 5416 1582 5470 opere
1610 5404 1809 5458 victum
1853 5419 1950 5474 pa-

355 5492 500 5552 rant,
522 5485 682 5542 vellet
707 5488 777 5543 ab
804 5498 920 5543 arte
946 5502 1040 5543 sua
1062 5489 1319 5562 justeque
1348 5492 1536 5550 labore
1577 5494 1874 5563 abstinere,
1896 5498 1949 5554 in

425 5718 505 5783 (α)
536 5721 685 5784 Plator
703 5721 747 5770 is
766 5720 1108 5784 depopublica
1130 5732 1253 5782 opus
1273 5721 1467 5784 ignorat
1484 5734 1648 5774 nemo.
1662 5720 1740 5775 De
1762 5728 1957 5777 Zenone

365 5780 494 5832 vero
514 5780 681 5833 Eleate
706 5781 819 5834 vide
838 5780 1113 5843 Diogenem
1134 5780 1393 5834 liaertiiun.

1537 389 1603 445 IN
1644 384 2062 443 nummum
2122 382 2358 438 noun.
2400 387 2442 448 ι,

3558 380 3631 436 ΞΟ

2046 515 2217 570 caque
2262 514 2322 553 re
2364 497 2563 553 multos
2580 510 2753 553 annos
2779 495 3086 563 absumere,
3119 495 3323 566 utquid
3352 497 3421 551 sit
3434 496 3640 566 justum

2043 590 2313 645 edisceret
2343 608 2356 644 :
2390 602 2536 659 saepe
2589 588 2898 658 priusquam
2932 586 3067 642 illud
3116 585 3466 655 edidicisset,
3499 587 3643 646 fame

2044 692 2416 750 consumptus,
2462 679 2638 734 abiret
2690 678 2819 748 justi
2875 677 3116 733 discendi
3153 693 3334 744 causa,
3386 686 3445 735 et
3492 678 3640 735 nulla

2043 784 2350 845 comparata
2380 771 2496 826 utili
2523 770 2831 841 disciplina,
2865 770 3157 825 violentam
3175 778 3406 827 mortem
3436 771 3635 827 obiret.

2047 866 2238 922 Nostra
2268 880 2399 921 vero
2425 880 2532 920 non
2559 861 2869 932 hujusmodi
2890 872 3048 927 sunt;
3076 861 3170 917 sed
3195 862 3400 931 justum
3420 904 3436 929 ,
3465 863 3639 918 boue-

2042 970 2207 1026 stum,
2241 960 2392 1022 utile,
2419 959 2751 1026 virtutesque
2789 970 2998 1023 omnes,
3029 955 3212 1024 paucis
3240 955 3410 1025 iisque
3428 954 3640 1024 perspic

2044 1053 2161 1108 cuis
2187 1052 2367 1108 verbis
2385 1050 2632 1107 Christus
2653 1063 2751 1104 nos
2766 1047 2981 1104 edocuit
3003 1047 3165 1103 modo
3179 1047 3363 1102 dicens
3385 1064 3398 1100 :
3424 1045 3489 1100 In
3506 1047 3640 1101 duo-

2045 1146 2134 1199 bus
2160 1143 2416 1198 ntandatis
2443 1143 2527 1197 lca:
2549 1150 2594 1196 et
2625 1140 2888 1212 prophetae
2909 1139 3128 1211 pendent
3153 1139 3369 1210 (Matth.
3390 1138 3484 1194 2‘2.
3502 1139 3595 1210 40)
3618 1155 3634 1206 ;

2046 1236 2216 1300 idest,
2254 1235 2420 1290 inDei
2450 1241 2507 1289 et
2529 1232 2754 1304 proximi
2794 1231 3060 1292 caritate;
3092 1229 3384 1302 aliquando
3420 1241 3637 1287 autem:

2048 1326 2389 1396 Quaecumque
2417 1325 2567 1380 vultis
2607 1334 2662 1378 ut
2708 1324 2897 1395 faciant
2926 1322 3066 1378 vobis
3093 1323 3346 1390 homines,
3375 1332 3422 1378 et
3447 1339 3534 1380 vos
3557 1328 3649 1395 [eo

2045 1419 2141 1472 cite
2160 1418 2283 1473 illis.
2310 1416 2439 1472 lfwc
2463 1425 2536 1471 est
2559 1415 2694 1470 enim
2717 1415 2802 1469 lea:
2836 1424 2886 1469 et
2922 1413 3184 1484 propheta:
3209 1412 3420 1484 (Matth.
3448 1416 3501 1468 7.
3527 1414 3636 1486 l2).

2043 1510 2175 1580 Quo:
2198 1519 2253 1567 et
2292 1509 2559 1581 agricola},
2602 1517 2657 1565 et
2682 1523 2861 1573 servo,
2890 1517 2945 1562 et
2967 1506 3142 1562 viduae
3159 1548 3175 1572 ,
3201 1515 3259 1562 et
3287 1523 3477 1578 puero,
3529 1509 3645 1564 imo

2044 1600 2206 1655 etiam
2227 1601 2283 1657 ei
2304 1600 2393 1669 qui
2422 1597 2712 1654 admodum
2748 1596 2946 1653 bardus
2969 1609 3092 1652 esse
3121 1596 3385 1661 videatur,
3418 1597 3637 1653 intelle-

2046 1701 2136 1746 ctu
2164 1689 2342 1746 facilia
2373 1690 2595 1745 omnino
2632 1696 2777 1744 sunt.
2809 1688 2936 1744 lltec
2960 1696 3044 1744 est
3063 1687 3209 1743 enim
3236 1688 3479 1743 veritatis
3506 1701 3639 1743 eon-

2044 1781 2199 1837 ditio.
2249 1779 2379 1837 Illud
2435 1788 2613 1836 autem
2665 1779 2979 1836 testiﬁcatur
3027 1781 3145 1850 ipse
3206 1794 3388 1835 rerum
3438 1780 3635 1837 exitus.

2044 1871 2320 1943 Siquidem
2350 1886 2541 1928 omnes
2564 1887 2687 1943 qua:
2717 1870 2925 1943 agenda
2964 1879 3122 1927 erant
3161 1869 3488 1936 didicerunt,
3522 1886 3627 1928 nec

2044 1970 2348 2027 didicerunt
2362 1967 2546 2033 modo,
2570 1965 2665 2022 sed
2689 1965 2851 2022 etiam
2882 1963 3102 2035 exsequi
3130 1962 3489 2020 studuerunt:
3517 1974 3629 2015 non

2037 2065 2089 2117 in
2118 2060 2341 2118 urbibus
2364 2067 2593 2126 tantttm,
2614 2073 2716 2113 nec
2736 2057 2790 2112 in
2814 2055 2994 2112 medio
3023 2054 3142 2110 foro
3165 2071 3181 2120 ;
3206 2053 3303 2110 sed
3328 2064 3386 2110 et
3406 2053 3458 2108 in
3477 2067 3635 2109 mon-

2041 2156 2176 2211 tium
2202 2152 2496 2210 verticibus
2530 2150 2631 2223 (η).
2677 2150 2750 2206 Ibi
2802 2150 2947 2205 enim
2989 2147 3213 2203 multam
3244 2145 3426 2202 videas
3455 2144 3629 2216 philo-

2041 2244 2309 2315 sophiam,
2338 2242 2535 2300 choros
2562 2241 2877 2312 angelorum
2902 2239 2958 2295 in
2986 2238 3222 2294 humano
3248 2251 3480 2306 corpore
3525 2236 3635 2291 ful-

2036 2353 2196 2410 gere,
2232 2346 2288 2392 ct
2313 2335 2617 2391 institutum
2645 2333 2863 2388 caeleste
2901 2332 3123 2388 micare.
3166 2328 3302 2385 Nam
3332 2329 3632 2385 institutum

2038 2428 2164 2483 vitae
2210 2425 2368 2481 nobis
2401 2426 2704 2494 piscatores
2747 2422 3014 2492 scripsere
3043 2439 3061 2477 :
3093 2435 3203 2476 non
3230 2435 3259 2474 a
3289 2434 3456 2489 puero
3485 2418 3642 2474 insti—

2040 2521 2114 2575 tui
2165 2519 2419 2589 jubentes
2467 2525 2524 2571 ut
2553 2515 2625 2571 illi
2655 2513 2999 2586 philosophi,
3032 2527 3139 2571 non
3166 2522 3370 2568 certam
3420 2520 3635 2567 aetatem

2042 2611 2252 2666 virtutis
2279 2609 2526 2666 studioso
2554 2608 2994 2679 prmscribentes,
3020 2606 3118 2663 sed
3142 2604 3387 2677 quamvis
3415 2612 3629 2661 aetatem

2040 2702 2403 2758 instituentes.
2456 2699 2550 2755 llla
2594 2700 2739 2757 enim
2785 2712 3079 2769 puerorum
3119 2696 3280 2753 ludus
3310 2705 3471 2762 sunt;
3521 2695 3639 2751 hare

2040 2801 2241 2858 autem,
2260 2805 2441 2847 rerum
2484 2789 2703 2846 veritas.
2732 2789 2865 2844 Huic
2900 2788 3151 2843 instituto
3180 2786 3357 2845 locum
3403 2787 3644 2857 assigna-

2040 2900 2169 2940 vcre
2198 2884 2388 2940 caelum
2408 2924 2426 2951 ,
2460 2883 2739 2953 Deumque
2769 2881 3095 2938 induxerunt
3139 2881 3258 2952 ejus
3284 2881 3535 2951 Opiﬁcem
3578 2896 3645 2936 ac

2044 2975 2220 3046 legum
2247 2976 2477 3031 latorem
2500 3015 2517 3042 ,
2550 2984 2609 3029 ut
2653 2989 2750 3044 par
2778 2974 3000 3029 omnino
3032 2983 3166 3030 erat.
3220 2971 3457 3029 lnstituti
3510 2988 3644 3028 vero

2045 3068 2301 3138 praemia,
2332 3081 2443 3122 non
2472 3066 2609 3121 lauri
2659 3064 2805 3131 folia,
2837 3080 2942 3121 non
2986 3065 3204 3122 oleastri
3254 3080 3476 3130 corona,
3527 3080 3634 3119 non

2042 3160 2347 3215 convivium
2383 3160 2437 3214 in
2487 3159 2757 3230 Prytaneo
2781 3157 2854 3230 (ιι)
2879 3198 2894 3221 ,
2936 3173 3043 3213 non
3084 3172 3243 3213 aerem
3272 3165 3483 3222 statum,
3536 3173 3646 3210 non

2046 3250 2235 3322 frigida
2263 3251 2454 3307 isthmc
2479 3261 2535 3307 et
2556 3251 2736 3305 inania
2767 3267 2781 3305 :
2808 3249 2904 3305 sed
2931 3250 3038 3304 vita
3059 3249 3219 3304 linem
3248 3264 3354 3304 non
3375 3248 3645 3318 habitura,

2045 3346 2236 3403 collata
2282 3345 2515 3400 ﬁliorum
2549 3344 2642 3401 Dei
2691 3343 2947 3409 conditio,
2997 3342 3213 3398 choreae
3258 3356 3382 3398 cum
3438 3342 3649 3412 angelis

2047 3446 2203 3503 actae,
2232 3447 2359 3493 ante
2399 3435 2591 3492 solium
2623 3435 2825 3507 regium
2855 3432 3159 3506 praesentia,
3180 3442 3498 3503 perpetuum
3521 3446 3644 3488 cum

2047 3529 2261 3586 Christo
2288 3529 2643 3586 consortium.

2119 3731 2177 3785 fi.
2209 3728 2380 3799 Hujus
2408 3740 2572 3798 porro
2610 3721 2838 3780 instituti
2874 3720 3128 3777 doctores
3168 3724 3297 3776 sunt
3338 3716 3646 3788 publicani,

2051 3831 2348 3902 piscatores
2386 3832 2444 3878 et
2468 3820 2821 3877 tentoriorum
2858 3816 3112 3887 opiﬁces,
3154 3830 3260 3871 non
3299 3816 3388 3886 qui
3436 3816 3646 3871 modico

2052 3930 2294 3988 tempore
2320 3913 2570 3979 vixerint,
2592 3909 2688 3965 sed
2709 3909 2797 3980 qui
2822 3917 3077 3963 aeternam
3100 3913 3263 3976 agant
3286 3908 3470 3961 vitam.
3496 3905 3648 3960 Ideo-

2050 4023 2156 4080 que
2172 4008 2333 4065 etiam
2352 4012 2473 4075 post
2493 4009 2721 4058 mortem
2740 3998 2968 4055 instituti
2995 4006 3288 4053 Sectatores
3303 3998 3492 4065 juvare
3519 4012 3647 4066 pos-

2051 4099 2177 4152 sint.
2226 4096 2365 4151 lluic
2402 4093 2651 4149 instituto
2697 4089 2896 4146 bellum
2939 4096 3040 4152 est,
3093 4101 3199 4142 non
3242 4087 3503 4142 adversirs
3545 4087 3645 4142 bo-

2052 4191 2260 4254 mines,
2306 4186 2401 4243 sed
2450 4184 2706 4239 adversus
2741 4180 3016 4236 daemones
3055 4187 3110 4233 et
3154 4178 3500 4249 incorporeas
3530 4178 3649 4232 illas

2057 4287 2371 4351 potestates.
2406 4275 2639 4345 Ideoque
2663 4273 2771 4328 dux
2805 4271 2909 4325 illis
2930 4280 3036 4335 est,
3068 4284 3174 4325 non
3203 4269 3388 4335 homo,
3422 4285 3527 4323 non
3550 4284 3646 4322 an-

2061 4377 2332 4451 gelus,setl
2353 4377 2466 4445 ipse
2481 4375 2641 4429 Deus.
2655 4375 2820 4427 Arma
2833 4386 2963 4425 vero
2975 4368 3194 4426 illorum
3215 4366 3447 4423 militum
3461 4365 3527 4420 ad
3546 4367 3616 4420 hu

2057 4472 2150 4545 jus
2201 4471 2325 4526 belli
2364 4469 2631 4524 rationem
2671 4464 2948 4536 quadrant
2984 4480 2999 4517 :
3039 4477 3216 4532 neque
3255 4461 3401 4515 enim
3437 4475 3500 4513 ex
3539 4460 3647 4528 pel-

2053 4578 2189 4633 libus
2206 4583 2462 4648 parantur
2482 4580 2576 4628 aut
2603 4571 2767 4637 ferro,
2792 4568 2885 4624 sed
2911 4585 2976 4625 ex
3003 4563 3499 4633 veritate,‘justitia,
3523 4560 3649 4628 ﬁde,

2055 4667 2498 4739 philosophiaque
2535 4664 2703 4720 omni.
2733 4661 2995 4729 Quoniam
3047 4660 3208 4729 igitur
3231 4657 3302 4712 de
3347 4654 3650 4725 huiusmodi

2056 4762 2339 4834 disciplina
2355 4760 2441 4815 hic
2462 4759 2593 4814 liber
2610 4766 2691 4813 est
2709 4755 3069 4824 conscriptus,
3093 4751 3160 4806 de
3176 4765 3278 4821 qua
3296 4747 3451 4803 nobis
3470 4746 3654 4802 dicere

2054 4854 2390 4925 propositum
2422 4858 2540 4915 est,
2572 4847 2879 4904 Matthreum
2907 4855 3112 4900 attente
3142 4840 3425 4897 audiamus
3463 4839 3531 4895 de
3557 4839 3651 4894 illa

2054 4946 2336 5018 perspicue
2360 4945 2713 5000 disserentem
2742 4957 2756 4994 :
2779 4954 2885 4993 non
2907 4937 3049 4991 enim
3076 4934 3192 5006 ejus
3213 4940 3339 4988 sunt
3364 4932 3527 5000 dicta,
3554 4931 3649 4987 sed

2054 5037 2274 5104 Christi,
2304 5037 2392 5107 qui
2420 5036 2560 5091 hanc
2583 5031 2919 5103 disciplinam
2955 5028 3206 5084 instituit.
3243 5026 3494 5081 Animum
3519 5039 3652 5094 ergo

2056 5133 2427 5195 adhibeamus,
2461 5138 2518 5185 ut
2545 5129 2597 5182 in
2628 5126 2720 5182 illa
2742 5138 3045 5179 mereamur
3072 5119 3328 5187 adscribi,
3358 5134 3421 5173 ac
3450 5117 3655 5188 fulgere

2056 5243 2177 5283 cum
2214 5226 2279 5280 iis
2309 5224 2397 5296 qui
2428 5225 2529 5277 hoc
2557 5220 2858 5275 institutum
2903 5215 3107 5272 emensi
3161 5213 3493 5270 immorzales
3535 5210 3655 5264 illas

2057 5332 2315 5388 accepere
2359 5328 2607 5372 coronas.
2658 5310 2836 5365 Multis
2867 5318 3013 5364 certe
3042 5307 3160 5362 hare
3203 5303 3376 5361 facilia
3408 5301 3657 5356 videntur

2058 5425 2207 5475 esse,
2241 5406 2621 5478 prophetarum
2655 5417 2790 5458 vero
2830 5401 2971 5456 dicta
3010 5398 3240 5452 multum
3280 5394 3479 5448 habere
3516 5390 3655 5445 difli—

2058 5499 2292 5557 cultatis.
2326 5497 2524 5577 Verum
2557 5494 2629 5549 ita
2669 5492 2979 5549 existimant
3022 5489 3096 5556 ii,
3133 5487 3224 5557 qui
3267 5482 3656 5539 sententiarum

2111 5655 2185 5779 ξω)
2218 5654 2297 5704 De
2312 5652 2561 5704 monachis
2583 5655 2631 5703 in
2654 5660 2821 5703 monte
2843 5651 3144 5715 degentibus
3166 5650 3401 5713 loquitur.

2135 5718 2185 5779 ὸ)
2220 5715 2653 5779 Prytaneumlocus
2669 5723 2778 5764 erat
2799 5714 2883 5762 ubi
2906 5725 3193 5764 communes
3217 5712 3380 5777 epulae

2135 5712 2185 5780 ὁ)
2220 5715 2653 5780 Prytaneumlocus
2669 5723 2778 5764 erat
2799 5714 2883 5762 ubi
2906 5712 3193 5764 communes
3217 5712 3380 5777 epulae
3403 5713 3643 5764 dabantur

2049 5778 2110 5828 iis
2127 5776 2214 5844 qui
2238 5776 2304 5829 de
2325 5776 2522 5842 publico
2544 5778 2675 5828 bene
2699 5780 3001 5827 meruerant.

3691 5629 3717 5775 ἰ
