2033 3217
242 176 275 202 ει
594 178 623 204 5.
642 178 783 206 JOA'NNIS
801 178 1045 210 CHRYSOSTOMI
1064 183 1225 211 ARCHIEP.
1243 184 1516 214 CONSTANTINOP.
1840 190 1877 217 ΞΞ

235 235 269 261 ibi
283 234 482 262 reconditarum
495 234 703 269 profunditatem
716 235 849 269 ignorant.
864 235 1032 271 Quapropter

234 287 310 314 rogo,
318 287 367 308 nos
375 287 436 308 cum
443 287 539 315 magno
546 280 635 307 studio
642 280 801 314 sequamini.
811 280 954 308 utChristo
960 282 1028 310 duce

233 326 261 353 in
273 326 325 354 hoc
337 327 497 361 scriptorum
509 326 618 361 pelagus
628 327 729 362 ingredi
742 328 890 355 valeamus.
903 329 938 356 Ut
948 336 1028 363 porro

232 370 337 399 facilius
353 372 409 399 haec
422 371 561 399 addiscere
576 373 684 407 possitis
695 393 703 402 .
718 380 844 408 rogamus
858 379 886 400 et
899 374 1027 402 obsecra-

232 425 302 450 mus,
311 417 336 444 id
345 417 416 452 quod
423 417 503 445 etiam
512 417 539 445 in
547 418 608 445 aliis
615 418 815 453 Scripturarum
824 418 899 446 libris
905 418 1029 453 fecimus,

232 467 262 490 ut
269 463 343 490 illam
353 463 498 498 Scriptum
506 463 653 491 clausulam
661 483 669 497 ,
680 471 759 499 quam
768 464 968 499 interpretaturi
983 473 1014 493 su
1022 482 1029 486 -

231 513 303 539 mus,
316 507 474 541 praelibetis,
487 513 516 535 ut
530 509 610 536 lectio
622 510 801 544 cognitionem
812 511 944 545 pra-cedat
960 513 968 528 ¹
978 521 986 544 ;
997 512 1025 541 id

230 552 302 586 quod
318 553 344 580 in
359 554 484 582 eunucho
497 555 624 590 contigit,
641 557 766 591 quodque
782 557 893 585 multam
908 559 1027 593 praebeat

232 598 397 628 facilitatem.
413 601 581 635 Quaestiones
601 602 672 630 enim
694 603 816 638 plurimae
832 609 860 631 et
875 604 1026 640 frequentes

230 650 389 673 occurrunt.
398 647 587 675 Animadverte
598 655 662 683 ergo
675 650 764 675 statim
779 649 805 676 in
818 650 876 684 ipso
888 651 1024 686 Evangelii

231 690 354 724 exordio,
370 697 435 726 quot
448 697 475 720 et
488 697 585 728 quanta
601 694 742 729 qumrenda
757 701 908 722 occurrant.
923 696 1023 731 Primo,

230 742 278 762 cur
288 735 397 771 Josepbi
408 738 564 773 genealogia
578 738 702 773 ducatur,
717 740 763 775 qui
773 740 871 768 Christi
886 746 961 776 pater
972 750 1025 770 non

230 785 299 808 erat.
312 781 447 816 Secundo,
459 784 595 818 quomodo
604 785 712 819 planum
726 786 778 813 erit
788 786 873 821 ipsum
884 795 917 815 ex
927 788 1026 816 Davide

229 826 363 861 originem
377 827 485 862 ducem,
501 836 561 855 eum
581 829 718 864 ignoretur
732 830 841 866 quinam
863 832 952 860 Maria:
966 841 1023 861 ma-

229 872 281 900 tris
293 872 353 907 eius
371 874 488 909 majores
502 875 601 902 fuerint
618 884 624 902 :
646 884 732 911 neque
755 877 827 905 enim
850 878 963 913 Virginis
976 887 1024 914 ge-

229 919 350 954 nealogia
365 920 498 955 descripta
512 921 570 948 fuit.
586 922 687 956 Tertio,
701 931 750 950 cur
761 923 882 959 Joseplii,
897 926 941 960 qui
959 926 1023 953 nihil

228 965 262 991 ad
275 966 476 1000 generationem
491 967 614 1000 contulit,
629 969 783 1004 genealogia
797 972 911 998 ducatur
920 992 928 1004 ,
943 972 1024 1007 Virgo

229 1015 318 1038 autem
332 1019 393 1047 qua:
406 1017 492 1040 mater
506 1017 557 1045 est,
574 1021 627 1048 quo
641 1019 728 1048 patre,
744 1023 795 1042 avo
809 1021 836 1043 et
858 1016 943 1044 abavo
966 1022 1023 1045 orta

229 1057 264 1083 sit
285 1064 338 1084 non
354 1063 488 1085 narretur.
504 1059 544 1086 Ad
560 1060 617 1087 luce
632 1060 697 1087 illud
716 1061 796 1088 etiam
822 1063 957 1097 inquirere
978 1072 1025 1098 par

228 1107 281 1134 est.
305 1111 354 1131 cur
369 1104 486 1131 virorum
505 1106 687 1141 genealogiam
709 1114 881 1142 persequens,
898 1109 1024 1138 mulieres

229 1152 317 1176 tamen
340 1151 583 1179 commemoravit:
601 1157 629 1179 et
641 1153 748 1186 quando
761 1153 787 1180 id
808 1154 843 1180 ita
867 1155 918 1190 ipsi
937 1155 1023 1183 visum

228 1199 281 1226 est,
297 1202 345 1221 cur
360 1202 413 1223 non
426 1202 522 1223 omnes
543 1197 669 1225 mulieres
684 1199 848 1233 nominavit,
864 1200 911 1228 sed
935 1201 1023 1229 missis

228 1240 262 1267 iis
277 1248 336 1275 quae
350 1241 386 1268 ob
399 1241 559 1276 probitatem
571 1243 691 1272 celebres
701 1249 795 1280 erant,
808 1250 837 1273 ιιι
849 1246 914 1274 Sara
927 1251 956 1275 et
969 1247 1021 1276 ﬂe-

228 1286 321 1320 beeca,
338 1292 366 1315 et
379 1288 522 1323 similibus,
538 1289 598 1317 illas
611 1293 714 1318 tantum
729 1292 755 1318 in
770 1292 887 1320 medium
901 1295 1021 1329 protulit,

227 1341 289 1367 quae
300 1334 391 1369 aliquo
404 1335 469 1362 vitio
483 1335 604 1363 celebres
619 1341 697 1364 erant
710 1345 718 1364 :
731 1338 753 1365 si
765 1346 818 1373 qua
833 1339 956 1368 videlicet
968 1341 1019 1368 fur.

228 1379 329 1407 nicaria
343 1384 390 1408 aut
403 1380 521 1408 adultera
534 1386 616 1416 esset,
629 1383 688 1410 etsi
702 1391 753 1419 qua
766 1390 892 1413 extranea
906 1392 950 1414 aut
963 1387 1023 1414 bar-

228 1423 378 1452 bara.Nam
395 1433 505 1454 uxorein
520 1426 590 1455 Uria;
605 1433 632 1455 et
643 1428 794 1457 Thamar-ct
805 1432 933 1459 ltaltabet
944 1432 1017 1460 Ruth

226 1471 451 1499 commemoravit
461 1480 469 1505 ;
479 1479 595 1507 quarum
605 1473 657 1501 alia
664 1475 816 1510 alienigena
825 1477 950 1510 erat,alia
961 1485 1015 1505 me-

226 1514 321 1547 retrix,
330 1515 404 1543 aliaa
413 1523 508 1544 socero
516 1518 609 1546 vitiata
618 1518 679 1553 fuit,
692 1527 745 1547 non
755 1520 812 1556 lege
821 1522 962 1553 connubii,
971 1522 1018 1551 sed

226 1559 316 1587 iurata
330 1562 504 1590 concubitum
523 1567 551 1591 et
579 1565 732 1593 meretricis
750 1572 890 1602 assumpta
909 1568 1017 1603 specie:

225 1605 297 1640 quod
310 1612 415 1641 spectat
424 1612 512 1635 autem
523 1608 593 1638 Uriae
605 1612 838 1647 uxorem,ignorat
847 1619 927 1639 nemo
934 1613 969 1640 ob
980 1613 1020 1640 l'a-

223 1651 571 1687 cinorisconspicuitatem.
578 1655 706 1683 Attamen
714 1657 806 1684 missis
813 1657 873 1685 aliis
881 1657 1018 1691 omnibus,

226 1702 305 1725 hasce
322 1704 424 1727 tantum
439 1701 465 1727 in
479 1702 634 1738 genealogia
648 1705 746 1740 posuit.
762 1708 841 1742 Atqui
856 1708 878 1734 si
894 1709 1022 1736 mulieres

224 1751 442 1774 commemorare
456 1749 592 1782 oportuit,
607 1758 700 1779 omnes
715 1759 858 1781 recensere
877 1761 926 1788 par
944 1759 1020 1788 erat;

221 1789 243 1815 si
259 1797 313 1816 non
327 1797 434 1824 omnes,
449 1797 523 1821 certe
535 1794 631 1829 aliqum
643 1804 733 1823 earum
750 1798 919 1833 proferenda!
933 1806 1020 1834 erant,

221 1842 282 1869 quae
296 1835 396 1864 virtute
418 1837 583 1872 ﬂoruerant,
599 1848 652 1867 non
668 1850 760 1869 earum
782 1851 896 1878 quarum
914 1851 1020 1880 peccata

221 1885 285 1908 sunt
300 1882 453 1910 manifesta.
468 1884 563 1913 Videte
577 1892 674 1921 quanta
691 1888 769 1917 nobis
782 1891 929 1919 attentione
938 1893 979 1920 vel
994 1893 1020 1920 in

221 1927 334 1954 exordio
344 1928 379 1955 sit
386 1936 464 1964 opus,
476 1931 580 1959 etiamsi
590 1932 642 1960 hoc
650 1935 790 1962 exordium
796 1937 902 1964 ueteris
910 1938 1019 1973 clarius,

220 1971 274 1998 imo
289 1972 402 2001 fortasse
413 1975 534 2010 plurimis
548 1978 714 2012 superﬂuunt
725 1988 787 2009 esse
808 1982 939 2017 videatttr,
957 1985 1019 2019 quia

219 2019 327 2046 nomina
336 2024 437 2049 tantum
450 2023 564 2058 plurima
575 2026 773 2060 complectitur.
786 2028 850 2056 Post
862 2029 919 2057 lucc
928 2036 1017 2058 autem

221 2063 283 2091 illud
299 2065 436 2100 inquirere
450 2076 498 2102 par
511 2074 562 2103 est,
577 2078 626 2098 cur
641 2077 696 2100 tres
711 2081 789 2108 reges
803 2074 935 2103 omiserit.
951 2076 1017 2104 Nam

217 2109 238 2135 si
262 2117 356 2137 eorum
382 2117 475 2147 utpote
498 2114 640 2143 admodum
669 2118 810 2152 impiorum
838 2121 946 2148 nomina
976 2127 1016 2149 ta-

217 2155 287 2188 cuit,
302 2164 389 2191 neque
407 2158 476 2186 alios
490 2159 555 2194 ipsis
579 2161 680 2190 similes
703 2171 915 2193 commemorare
937 2174 1017 2201 opor-

219 2200 278 2228 tuit.
295 2200 352 2227 Alia
369 2201 432 2230 item
453 2205 567 2238 qumstio
580 2207 711 2242 exsurgit.
725 2207 792 2236 Cum
812 2200 1014 2245 quatuordecim

216 2253 277 2274 esse
289 2249 479 2282 generationes
491 2250 613 2286 dixisset,
630 2252 657 2280 in
681 2255 757 2282 tertia
771 2255 858 2284 classe
879 2256 951 2284 hunc
966 2266 1015 2285 nu-

215 2300 317 2321 merum
332 2302 384 2321 non
400 2297 527 2324 servavit.
543 2297 663 2334 itemque
677 2307 726 2327 cur
738 2299 825 2330 Lucas
839 2303 891 2330 alia
905 2305 1012 2332 nomina

214 2341 361 2375 recensuit,
377 2346 404 2369 et
417 2351 465 2374 cur
480 2351 533 2373 non
549 2345 635 2373 solum
651 2354 704 2374 non
720 2348 829 2376 eosdem
845 2357 950 2383 omnes,
965 2352 1012 2379 sed

212 2386 294 2414 etiam
310 2388 394 2416 multo
410 2390 501 2424 plures
519 2393 763 2421 commemoravit:
786 2394 927 2423 Mattbaeus
947 2404 1011 2425 vero

215 2436 242 2462 et
257 2432 323 2459 alios
338 2438 365 2461 et
376 2434 514 2469 diversos,
529 2436 632 2467 etiamsi
656 2438 714 2473 ipse
731 2439 757 2465 in
777 2439 924 2475 Josepltum
946 2442 1010 2469 des-

210 2476 286 2509 ierit.
303 2478 330 2504 in
358 2487 411 2514 quo
435 2486 462 2508 et
484 2482 570 2515 Lucas
596 2483 676 2511 ﬁnem
701 2483 773 2512 fecit.
789 2485 885 2514 Videte
904 2488 1011 2522 quantis

210 2521 288 2552 nobis
308 2524 344 2550 sit
357 2531 425 2559 opus
440 2526 538 2561 vigiliis
551 2535 605 2558 non
620 2528 653 2561 ad
669 2529 830 2562 solvendum
847 2521 945 2564 modo.
962 2532 1010 2560 sed

208 2567 290 2595 etiam
310 2568 343 2596 ad
364 2570 522 2599 discendum
543 2580 664 2609 qumnam
685 2575 739 2605 sint
757 2576 895 2607 solvenda.
916 2578 1009 2614 Neque

208 2620 304 2649 parum
325 2620 369 2643 est
382 2624 412 2644 ea
429 2617 550 2647 invenire
570 2627 630 2656 qua:
646 2626 757 2655 possunt
783 2622 810 2650 in
834 2623 943 2651 dubium
962 2632 1009 2652 vo-

206 2660 281 2693 cari;
299 2668 360 2689 nam
376 2662 441 2690 illud
464 2671 570 2698 quoque
584 2664 611 2702 in
634 2665 723 2693 dubiis
745 2673 919 2702 nttmeratur,
941 2678 1008 2705 quo-

206 2704 287 2739 modo
298 2705 418 2735 Elisabet
431 2716 463 2736 ex
477 2708 594 2741 Levitica
606 2711 687 2746 tribu,
701 2719 813 2748 cognata
825 2714 859 2749 sit
869 2704 969 2748 Marize.

190 2856 193 2865 ’
239 2870 250 2889 ί
266 2869 360 2905 ttorel.I
373 2875 398 2896 ut
411 2871 479 2896 lectio
491 2871 615 2898 lectionem
626 2877 758 2905 prmccdal.

1125 237 1151 263 7.
1166 237 1301 265 Conclusio
1315 239 1418 267 moralia
1429 248 1439 267 :
1452 239 1582 267 auditore:
1600 248 1616 267 α
1630 242 1781 276 spectaculis
1799 249 1887 275 arcet;

1088 284 1202 311 studium
1223 285 1292 312 verbi
1315 286 1395 313 diuini
1415 287 1442 314 in
1460 287 1497 314 eis
1517 288 1628 315 excitare
1649 293 1765 315 conatur.
1780 304 1817 309 —
1832 289 1886 316 Sed

1087 337 1120 357 ne
1129 331 1211 358 multa
1223 331 1302 358 simul
1314 338 1489 367 congerentes
1498 334 1654 361 memoriam
1663 339 1781 362 vestram
1793 335 1887 362 obrua-

1086 383 1146 402 mus
1169 376 1213 404 hic
1222 377 1346 412 loquendi
1359 378 1439 406 linem
1455 378 1591 406 iaciemus.
1606 379 1710 407 Sufﬁcit
1722 380 1794 407 enim
1807 380 1885 407 vobis

1087 425 1116 447 nt
1131 422 1284 449 exettemini
1295 443 1303 455 ,
1320 423 1342 449 si
1357 424 1519 457 qnmstiones
1543 425 1601 451 illas
1614 425 1750 453 ediscatis.
1767 425 1794 454 Si
1814 434 1880 455 vero

1084 466 1244 495 solutionem
1257 467 1426 501 desideratis.
1437 474 1465 497 et
1480 469 1545 497 illud
1559 478 1666 506 quoque
1678 472 1720 499 vel
1735 477 1880 507 antequam

1084 510 1235 546 loquamur,
1252 513 1278 540 in
1292 518 1380 541 vestra
1396 515 1447 542 erit
1462 519 1595 549 potestate
1611 516 1704 543 situm.
1720 517 1748 544 Si
1763 525 1880 553 namque

1083 563 1131 584 vos
1142 558 1272 586 excitatos
1284 564 1312 586 et
1321 559 1442 588 discendi
1454 561 1566 595 cupidos
1579 561 1703 595 viderim,
1715 563 1878 591 solutionem

1083 602 1159 628 vobis
1174 602 1271 631 aﬂ'erre
1283 605 1409 637 tentabo;
1424 605 1465 632 sin
1485 606 1633 634 oscitantes
1647 611 1676 634 et
1690 615 1744 634 non
1760 612 1880 636 attentos

1083 654 1266 683 conspexero,
1280 654 1307 677 et
1320 651 1482 685 quaestiones
1495 655 1522 678 et
1535 652 1695 679 solutiOnem
1710 653 1816 680 illarum
1830 661 1879 680 oc-

1082 694 1205 727 cultabo,
1220 694 1318 722 divina:
1329 695 1481 730 obsequens
1496 697 1545 731 legi
1560 705 1568 724 :
1584 697 1682 729 Nolite,
1699 698 1802 733 inquit,
1818 707 1880 725 san-

1083 743 1150 765 clum
1163 739 1225 766 dare
1239 740 1355 773 canibus,
1369 748 1449 776 neque
1461 742 1601 777 proﬁciatis
1616 743 1768 778 margaritas
1782 749 1879 771 vestras

1081 788 1139 810 ante
1149 792 1249 818 porcos,
1258 794 1289 812 ne
1303 787 1369 820 forte
1378 786 1525 813 conculcenl
1535 795 1577 814 ea:
1585 788 1690 822 pedibus
1703 789 1755 816 suis
1767 789 1807 823 (Μ
1810 790 1876 816 aula.

1081 829 1106 855 7.
1124 828 1161 865 6).
1183 830 1250 863 Quis
1263 835 1304 858 est
1316 836 1405 859 autem
1426 832 1470 867 qui
1491 833 1650 860 conculcat‘!
1669 834 1722 866 Qui
1741 835 1798 862 ba‘c
1823 844 1877 863 non

1082 876 1198 910 pretiosa
1212 882 1238 904 et
1251 876 1354 904 honore
1366 877 1446 913 digna
1457 885 1517 905 esse
1527 883 1630 906 censet.
1643 879 1749 914 Ecquis,
1761 881 1877 916 inquies,

1081 920 1116 948 ila
1132 922 1213 949 miser
1227 927 1279 954 est,
1294 928 1323 950 ut
1337 923 1395 950 lucc
1409 931 1462 950 non
1478 924 1580 952 honore
1592 925 1682 960 digna,
1698 934 1747 954 nec
1757 927 1877 954 omnium

1081 967 1271 1000 pretiosissima
1286 976 1347 996 esse
1359 968 1460 996 ducat?
1475 969 1498 996 ls
1510 970 1554 1004 qui
1570 978 1621 997 non
1636 971 1689 997 illis
1703 976 1804 999 tantum
1817 978 1877 1000 stu-

1079 1012 1152 1039 dium
1166 1013 1287 1047 adhibet,
1312 1019 1442 1049 quantum
1468 1016 1655 1044 meretricibus
1678 1018 1834 1046 mulieribus
1847 1020 1875 1046 in

1079 1058 1210 1086 satanieis‘
1221 1059 1344 1087 theatris.
1368 1060 1404 1088 lbi
1419 1061 1491 1088 enim
1507 1061 1614 1096 plurimi
1631 1066 1701 1090 totos
1714 1063 1771 1091 dies
1785 1068 1877 1092 trans-

1079 1104 1168 1139 igunt,
1195 1106 1332 1140 multaque
1356 1107 1382 1134 in
1397 1114 1427 1134 re
1441 1107 1590 1135 domestica
1613 1109 1759 1144 negligunt,
1781 1110 1816 1137 ob
1832 1111 1877 1138 in-

1078 1152 1263 1186 tempestivam
1279 1153 1350 1180 illam
1372 1154 1574 1189 occupationem
1585 1176 1592 1187 ,
1610 1155 1806 1191 diligenterque
1828 1157 1875 1184 illa

1077 1199 1207 1232 retinent,
1223 1207 1284 1234 quae
1297 1200 1394 1227 ibidem
1408 1200 1539 1234 audiunt,
1555 1201 1653 1235 illaque
1667 1202 1693 1229 in
1709 1203 1804 1230 animae
1819 1210 1877 1230 sua:

1077 1245 1223 1279 perniciem
1234 1251 1408 1273 conservant.
1424 1245 1472 1274 llic
1485 1251 1575 1274 autem
1591 1247 1650 1281 ipso
1665 1247 1722 1276 Deo
1737 1247 1874 1283 loquente.

1077 1298 1111 1318 ne
1126 1290 1266 1318 minimum
1280 1291 1390 1326 quidem
1403 1292 1533 1326 temporis
1550 1300 1662 1320 manere
1677 1293 1780 1321 volunt.
1796 1294 1876 1322 Ideo-

1076 1343 1128 1371 que
1153 1336 1220 1363 nihil
1233 1344 1377 1365 commune
1398 1337 1527 1365 habemus
1542 1345 1603 1365 cum
1624 1339 1690 1366 cmlo
1706 1348 1714 1366 :
1728 1339 1776 1367 sed
1791 1340 1875 1369 verbo

1079 1386 1158 1408 tenus
1176 1382 1238 1409 vita:
1253 1382 1404 1410 institutum
1428 1387 1549 1410 nostrum
1567 1384 1714 1419 peragitur.
1736 1384 1814 1412 Certe
1827 1393 1874 1421 ge-

1077 1426 1194 1453 hennam
1209 1427 1311 1455 ideirco
1325 1428 1395 1456 Deus
1408 1429 1587 1456 comminatus
1597 1434 1649 1462 est,
1662 1438 1716 1457 non
1728 1435 1757 1458 ut
1772 1431 1797 1458 in
1811 1439 1872 1459 eam

1079 1479 1130 1499 nos
1139 1472 1287 1507 conjiciat;
1307 1475 1353 1501 sed
1365 1479 1394 1501 ut
1410 1475 1489 1504 nobis
1507 1478 1668 1510 persuadeat
1688 1481 1869 1514 perniciosam

1079 1517 1151 1544 illam
1179 1519 1349 1553 tyrannidem
1368 1522 1379 1536 ¹
1400 1520 1504 1557 fugere.
1527 1522 1582 1551 Nos
1604 1533 1667 1552 vero
1688 1534 1703 1553 e
1729 1528 1869 1557 contrario

1076 1564 1197 1598 agimus;
1222 1565 1359 1598 audimus,
1382 1572 1410 1594 et
1429 1569 1551 1603 quotidie
1573 1570 1606 1597 ad
1628 1571 1699 1599 viam
1721 1580 1782 1607 qute
1802 1574 1868 1602 illuc

1075 1608 1150 1637 ducit
1165 1611 1336 1639 accurrimus
1351 1621 1357 1638 :
1374 1612 1482 1648 Deoque
1499 1614 1614 1649 jubente
1632 1624 1688 1644 non
1708 1618 1796 1646 solum
1816 1627 1867 1646 au-

1075 1652 1144 1685 dire,
1155 1654 1201 1681 sed
1213 1654 1295 1681 etiam
1307 1655 1379 1683 dicta
1392 1659 1515 1693 exsequi,
1529 1667 1579 1687 nos
1600 1668 1634 1688 ne
1645 1662 1753 1696 quidem
1771 1665 1867 1693 audire

1074 1699 1251 1726 sustinemus.
1272 1700 1450 1733 Quandonam
1473 1703 1556 1738 igitur
1576 1713 1617 1738 ea,
1633 1715 1695 1741 qure
1712 1709 1841 1742 jubemur
1854 1731 1863 1744 ,
1911 1707 1918 1712 ’

1073 1757 1202 1784 agemus,
1216 1757 1242 1779 et
1263 1753 1389 1788 operibus
1412 1762 1521 1784 manum
1538 1757 1749 1794 admovebimus,
1764 1764 1872 1797 quando

1072 1803 1144 1830 mgre
1158 1802 1184 1824 et
1200 1797 1309 1833 indigne
1324 1799 1436 1829 ferimus
1451 1810 1550 1835 moras,
1569 1804 1613 1832 bic
1625 1799 1661 1833 ad
1680 1806 1868 1837 brevissimum

1074 1843 1203 1877 temporis
1215 1845 1331 1879 spatium
1347 1848 1488 1882 prolatas?
1500 1849 1580 1885 Atqui
1596 1859 1646 1880 nos
1667 1861 1728 1881 cum
1742 1855 1776 1882 de
1788 1856 1868 1885 rebus

1071 1887 1172 1916 frivolis
1185 1890 1266 1918 verba
1280 1891 1420 1927 facientes,
1435 1902 1482 1922 eos
1495 1897 1539 1931 qui
1557 1898 1694 1928 nobiscum
1709 1901 1801 1929 sedent
1814 1911 1864 1930 nor

1069 1935 1208 1963 attendere
1241 1937 1422 1973 advertimus,
1449 1941 1475 1969 id
1497 1945 1669 1973 contumeliae
1697 1946 1757 1975 loco
1783 1948 1866 1976 habe-

1069 1987 1154 2014 mus;
1181 1981 1264 2009 Deum
1292 1992 1357 2011 vero
1383 1993 1437 2013 non
1472 1992 1597 2022 putamus
1633 1998 1682 2018 nos
1708 1992 1864 2028 oil‘enderc,

1068 2027 1176 2062 quando
1198 2029 1274 2057 illum
1299 2031 1332 2058 de
1359 2033 1441 2060 tantis
1466 2035 1546 2063 rebus
1571 2036 1725 2072 loquentem
1752 2027 1865 2075 despici?

1068 2080 1128 2100 mus
1150 2074 1246 2102 etalio
1267 2076 1362 2104 oculos
1379 2080 1582 2108 convertimus?
1601 2081 1682 2110 Certe
1704 2092 1787 2112 senex
1803 2074 1864 2120 lqui-

1065 2119 1106 2146 vis
1128 2127 1251 2155 magnam
1274 2129 1400 2151 emensus
1419 2128 1498 2153 terrae
1522 2131 1635 2161 partem,
1650 2129 1796 2158 stadiorum
1811 2119 1863 2159 nu-

1065 2172 1180 2197 merum.
1203 2167 1309 2195 urbium
1334 2169 1494 2204 positionem
1514 2176 1542 2199 et
1566 2172 1691 2206 fortnam,
1717 2181 1812 2210 portus
1830 2185 1862 2209 ac

1063 2209 1150 2237 forum
1164 2211 1369 2247 diligentissime
1383 2216 1460 2244 nobis
1470 2216 1598 2246 describit
1611 2228 1617 2246 :
1631 2225 1658 2247 at
1672 2209 1723 2248 nos
1733 2230 1767 2249 ne
1777 2231 1862 2257 quan-

1063 2259 1118 2282 tum
1133 2257 1242 2291 quidem
1259 2261 1350 2293 procul
1366 2261 1451 2289 simus
1473 2262 1509 2289 ab
1523 2263 1567 2291 illa
1582 2266 1682 2293 caelesti
1705 2267 1770 2295 urbe
1785 2270 1861 2296 novi-

1062 2308 1136 2334 mus;
1151 2302 1267 2338 alioquin
1282 2310 1371 2333 autem
1384 2307 1434 2334 vite
1444 2307 1636 2344 longitudinem
1650 2312 1771 2340 minuere
1783 2321 1860 2342 cura-

1060 2346 1203 2382 visscmus,
1217 2349 1238 2376 si
1254 2358 1350 2385 nempe
1365 2352 1438 2380 illam
1453 2353 1607 2383 distantiam
1619 2361 1782 2386 teneremus.
1799 2360 1858 2389 Non

1059 2392 1131 2420 enim
1157 2390 1258 2422 tantum
1283 2396 1423 2425 dumtaxat
1444 2407 1458 2426 a
1473 2400 1552 2428 nobis
1573 2401 1655 2429 distat
1675 2404 1772 2432 civitas
1794 2405 1856 2439 illa,

1058 2444 1187 2474 quantum
1201 2445 1243 2468 est
1257 2442 1329 2470 inter
1338 2444 1434 2471 caelum
1446 2450 1473 2472 et
1485 2450 1582 2474 terram
1600 2448 1771 2477 interstitium
1783 2460 1791 2484 ;
1804 2451 1857 2478 imo

1057 2485 1143 2512 multo
1164 2487 1259 2522 magis,
1275 2488 1298 2515 si
1314 2489 1497 2525 negligamus;
1512 2496 1543 2519 ut
1556 2500 1571 2519 e
1593 2495 1729 2522 contrario
1739 2516 1747 2529 ,
1761 2497 1782 2523 si
1798 2502 1856 2525 stu-

1056 2531 1124 2558 tliosi
1135 2531 1231 2567 simus,
1247 2533 1273 2560 iu
1285 2540 1421 2563 momento
1435 2539 1564 2572 temporis
1576 2539 1608 2566 ad
1620 2540 1677 2575 ejus
1685 2540 1782 2575 januas
1794 2551 1854 2576 per-

1055 2578 1147 2605 venire
1159 2578 1316 2613 poterimus.
1327 2580 1385 2609 Non
1397 2583 1469 2610 enim
1484 2584 1604 2612 locorum
1617 2586 1793 2623 longitudine,
1807 2589 1855 2618 sed

1054 2623 1289 2654 institutoruornm
1305 2628 1363 2656 luce
1376 2631 1460 2664 spatia
1476 2632 1610 2659 metienda
1626 2638 1698 2660 sunt.

1088 2670 1115 2698 8.
1130 2670 1169 2699 Tu
1185 2680 1249 2700 vero
1263 2675 1403 2708 prmsentis
1418 2676 1480 2704 vitae
1496 2685 1539 2705 res
1554 2678 1697 2714 diligenter
1721 2681 1808 2715 nosti,
1825 2687 1853 2710 et

1051 2724 1120 2744 nova
1145 2723 1173 2746 ct
1185 2720 1293 2755 antiqua
1317 2726 1343 2748 ct
1362 2727 1472 2757 vetera,
1497 2724 1684 2760 principesque
1708 2735 1852 2756 numerare

1092 2885 1100 2899 ⁷
1117 2883 1229 2916 Quidam,
1241 2884 1444 2912 consuetudinem.
