4066 6456
400 385 469 443 Sl
1563 380 1632 438 IN
1669 382 1969 439 ΜΑΤΤΠᾹ

2157 382 2384 438 1103111...
2430 384 2470 438 Ι.
3597 393 3672 446 23

394 477 536 550 μετά
582 471 786 546 πολλῆς
831 471 964 544 ἡμῖν
1008 472 1239 529 ἕπεσθαι
1282 472 1382 545 τῆς
1413 473 1671 545 σπουδῆς,
1719 474 1859 529 ὥστε
1893 475 1973 539 είς

390 565 531 622 αὐτὸ
571 564 635 620 τὸ
670 565 910 635 πέλαγος
936 564 1047 618 τῶν
1090 563 1490 636 γεγραμμένων
1539 564 1831 626 εἰσελθεῖν,
1876 562 1972 618 τοῦ

390 660 636 733 Χριστου
691 656 1102 731 προηγουμένου
1157 655 1364 728 ταύτης
1414 658 1546 728 ήμῖν
1588 659 1689 729 τῆς
1738 656 1970 712 εἰσόδου.

395 753 561 815 ’Ὥστε
596 751 654 806 δὲ
686 751 1088 822 εὐμαθέστερον
1119 749 1372 819 γενέσθαι
1412 749 1506 805 τὸν
1532 749 1712 819 λόγον,
1741 749 1974 821 δεόμεθα

391 844 490 898 καὶ
519 841 945 915 παρακαλοῦμεν
994 841 1153 913 (ὅπερ
1181 842 1277 896 καὶ
1301 841 1394 895 ἐπὶ
1420 840 1529 895 τῶν
1548 840 1723 897 ἄλλων
1740 839 1974 912 Γραφῶν

392 934 847 1007 πεποιήκαμεν),
894 933 1304 1005 προλαμϐάνειν
1357 934 1456 1006 τὴν
1514 932 1822 1005 περικοπὴν
1873 932 1974 1003 τῆς

394 1033 642 1106 Γραφῖκ,
676 1037 744 1105 ἢν
770 1034 838 1090 ἀν
870 1036 1152 1108 μέλλωμεν
1183 1035 1516 1107 ἐξηγεῖσθαι,
1555 1037 1645 1091 ἵνα
1672 1041 1739 1110 τῇ
1768 1035 1972 1107 γνῶσει

393 1126 429 1195 ή
480 1125 782 1195 ἀνάγνωσις
828 1126 1256 1198 προοδοποιοῦσα
1288 1123 1415 1200 ﬁ",
1464 1127 1494 1181 6
1521 1128 1616 1183 καὶ¹
1651 1128 1745 1182 ἐπὶ
1770 1128 1864 1183 τοῦ
1892 1130 1969 1184 εὐα

391 1212 589 1284 νούχου
618 1214 827 1284 γέγονε,
862 1216 960 1271 καὶ
992 1216 1192 1288 πολλὴν
1232 1218 1492 1288 παράσχῃ
1514 1216 1561 1250 ⁸⁸
1594 1217 1695 1289 τὴν
1723 1219 1974 1273 εὐκολίαν

390 1302 547 1371 ἡμῖν.
582 1303 693 1357 Kal
724 1303 834 1375 γάρ
876 1305 945 1359 τά
989 1304 1301 1377 ζητούμενα
1351 1306 1521 1362 πολλὰ
1548 1307 1644 1360 καὶ
1672 1307 1968 1379 ἐπάλληλα.

392 1390 543 1463 Ὅρα
577 1391 707 1461 γοῦν
734 1393 937 1459 εὐθέως
974 1396 1035 1449 ἐν
1058 1394 1365 1467 προοιμίοις
1396 1393 1489 1450 τοῦ
1520 1397 1854 1466 Εὐαγγελίου
1878 1397 1974 1451 αὐ-

388 1482 510 1545 τοῦ,
570 1483 710 1538 πόσα
759 1484 825 1539 ἄν
854 1502 939 1550 τις
971 1487 1364 1559 ἐπαπορήσειε.
1398 1489 1621 1559 Πρῶτον
1653 1488 1777 1559 μὲν,
1828 1487 1969 1551 τίνος

390 1574 580 1629 ἕνεκεν
614 1577 643 1628 6
684 1577 881 1649 Ἰωσὴφ
908 1580 1330 1649 γενεαλογεῖται,
1374 1581 1475 1635 οὐκ
1500 1580 1577 1634 ῶν
1614 1580 1708 1635 τοῦ
1734 1579 1971 1654 Χριστοῦ

390 1667 600 1739 πατήρ.
623 1667 886 1741 Δεύτερον
905 1670 984 1731 δὲ,
1018 1671 1182 1725 πόθεν
1213 1671 1367 1726 ἔσται
1404 1672 1560 1743 δῆλος
1586 1672 1720 1743 ἡμῖν
1744 1670 1854 1725 ἀπὸ
1876 1671 1971 1725 τοῦ

389 1759 560 1814 Δαυῖδ
595 1761 850 1830 κατάγων
873 1762 934 1817 τὸ
954 1762 1129 1833 γένος,
1149 1764 1250 1835 τῆς
1274 1764 1511 1835 Μαρίας,
1542 1765 1635 1834 ἀφ’
1664 1758 1733 1837 ἧς
1753 1763 1970 1835 ἐτέχθη.

389 1852 505 1906 τῶν
535 1855 814 1925 προγόνων
835 1854 1216 1925 ἀγνοουμένων
1238 1873 1252 1888 ο
1283 1854 1406 1908 οὐδὲ
1438 1854 1548 1927 γὰρ
1568 1854 1970 1926 ἐγενεαλογήθη

389 1946 428 2015 ή
469 1945 763 2017 Παρθένος.
803 1945 1020 2017 Τρίτον,
1073 1946 1216 2012 τίνος
1248 1946 1436 2001 ἕνεκεν
1467 1949 1498 2001 6
1543 1948 1642 2018 μὲν
1680 1946 1900 2019 Ἰωσὴφ,
1943 1948 1975 2002 6

393 2036 567 2106 μηδὲν
589 2037 856 2093 συντελῶν
882 2038 1021 2110 πρὸς
1044 2037 1142 2110 τὴν
1160 2039 1432 2111 γέννησιν.
1462 2040 1889 2109 γενεαλογεῖταιο
1934 2040 1968 2109 ἡ

388 2125 453 2179 δὲ
483 2127 776 2199 Παρθένος,
806 2130 841 2201 ή
879 2131 973 2184 καὶ
1002 2131 1186 2202 μήτηρ
1222 2131 1489 2202 γενομένη
1523 2172 1539 2197 ,
1584 2132 1646 2185 οὐ
1694 2131 1972 2186 δείκνυται

388 2214 555 2270 τίνων
600 2218 852 2289 πατέρων
894 2221 992 2274 καὶ
1031 2220 1274 2275 πάππων
1305 2222 1402 2277 καὶ
1444 2222 1728 2294 προγόνων
1753 2222 1798 2255 ⁸¹
1831 2222 1968 2276 ἐστι.

390 2305 555 2360 Μετά
576 2306 780 2361 τούτων
800 2308 950 2376 ἀξιον
983 2310 1207 2366 κάκεῖνο
1246 2311 1362 2384 [14]
1393 2313 1647 2384 ζητῆσαι,
1681 2313 1735 2367 τί
1771 2312 1973 2381 δήποτε

384 2395 480 2448 διά
503 2396 613 2450 τῶν
641 2398 851 2469 ἀνδρῶν
877 2402 1135 2472 προάγων
1166 2403 1266 2473 τὴν
1294 2404 1671 2473 γενεαλογίαν,
1720 2403 1969 2475 ἐμνήσθη

385 2487 488 2540 καὶ
521 2488 813 2556 γυναικῶν.
841 2492 954 2545 Kal
990 2493 1176 2564 ἐπειδὴ
1205 2492 1366 2548 τοῦτο
1393 2495 1439 2528 ⁸³
1468 2494 1618 2566 αὐτῷ
1638 2494 1835 2562 ἔδοξεν,
1851 2494 1973 2548 οὐδὲ

386 2578 578 2642 πάσας
603 2579 814 2634 τέθεικε
838 2581 937 2646 τάς
980 2588 1265 2651 γυναῖκας,
1312 2585 1452 2640 ἀλλά
1497 2586 1597 2651 τάς
1652 2587 1971 2658 εὐδοκίμους

386 2668 787 2740 παραδραμὼν,
823 2665 935 2725 οἷον
966 2672 1067 2743 τὴν
1093 2674 1333 2746 Σάρραν,
1378 2676 1479 2747 τὴν
1512 2675 1834 2742 Ῥεϐέκκαν,
1876 2674 1972 2730 καὶ

384 2756 515 2811 ὅσαι
537 2757 806 2823 τοιαῦται,
854 2760 955 2825 τὰς
992 2761 1086 2817 ἐπὶ
1141 2763 1312 2836 κακίᾳ
1366 2764 1726 2836 βεϐοημένας,
1763 2765 1970 2832 ταύτας

385 2848 474 2911 εἰς
508 2846 672 2918 μέσον
709 2850 885 2922 ἧγαγε
911 2851 1073 2923 μόνον
1093 2869 1106 2883 ⁸
1138 2849 1254 2909 οἷον
1283 2855 1336 2909 ετ
1365 2873 1450 2920 τις
1477 2857 1653 2930 πόρνη
1700 2858 1795 2911 καὶ
1847 2875 1971 2928 μοι-

383 2937 567 3009 χαλὶς,
601 2936 656 2992 εῐ
670 2956 755 3004 τις
781 2942 847 2996 ἐκ
879 2944 1210 3015 παρανόμων
1232 2946 1448 3016 γάμων,
1480 2946 1534 2999 εί
1558 2964 1641 3011 τις
1674 2948 1972 3017 ἀλλόφυλος

386 3026 487 3081 καὶ
524 3027 798 3100 βάρϐαρος
822 3025 912 3102 ἦν.
945 3032 1057 3084 Kal
1088 3032 1199 3105 γὰρ
1221 3034 1322 3105 τῆς
1348 3034 1443 3087 τοῦ
1482 3036 1703 3108 Οὐρίου,
1750 3038 1843 3091 καὶ
1869 3037 1968 3108 τῆς

384 3119 608 3192 Θάμαρ,
639 3123 729 3175 καὶ
757 3124 855 3195 τῆς
887 3123 1056 3177 Ῥαάϐ
1077 3125 1146 3190 ⁸³,
1190 3127 1282 3181 καὶ
1310 3126 1411 3196 τῆς
1453 3126 1609 3183 Ῥοὺθ
1638 3129 1971 3201 ἐμνημόνευι

386 3227 512 3264 σεν·
563 3205 637 3267 ὧν
673 3215 707 3285 ή
742 3214 840 3285 μὲν
869 3213 1163 3287 ἀλλογενὴς
1193 3211 1283 3289 ἧν,
1319 3217 1353 3287 ὴ
1396 3219 1455 3273 δὲ
1507 3218 1703 3291 πόρνη,
1737 3223 1772 3291 ἡ
1802 3220 1858 3274 δὲ
1891 3219 1973 3291 τῷ

385 3299 625 3373 κηδεστῇ
684 3305 1045 3378 προσεφθάρη
1080 3323 1094 3336 ·
1169 3307 1264 3360 καὶ
1316 3308 1437 3362 οὐδέ
1489 3308 1666 3381 τούτῳ
1713 3309 1762 3343 ’δι
1819 3310 1971 3383 νόμῳ

384 3390 593 3459 γάμου,
634 3392 770 3447 ἀλλά
809 3395 1057 3466 κλέψασα
1093 3398 1194 3468 τὴν
1246 3399 1416 3469 μίξιν,
1465 3401 1561 3455 καὶ
1613 3401 1821 3475 πόρνης
1873 3421 1971 3458 πε-

392 3481 650 3556 ριθεμένη
700 3490 1043 3557 προσωπεῖον
1094 3490 1293 3562 ἐαυτῇ’
1331 3490 1429 3545 καὶ
1475 3491 1575 3561 τὴν
1619 3491 1715 3546 τοῦ
1769 3492 1971 3565 Οὐρίου

383 3587 449 3642 δὲ
476 3588 654 3652 οὐδεὶς
706 3589 895 3657 ἀγνοεῖ
940 3588 1031 3642 διὰ
1085 3590 1185 3661 τὴν
1238 3588 1599 3660 περιφάνειαν
1636 3589 1729 3642 τοῦ
1758 3591 1952 3661 τολμή-

388 3696 581 3749 ματος.
648 3679 786 3751 Ἀλλ’
841 3681 991 3751 ὅμως
1051 3680 1228 3743 πάσας
1309 3679 1408 3744 τὰς
1481 3680 1647 3743 ἄλλας
1716 3681 1876 3749 ἀφεὶς
1935 3681 1966 3735 6

386 3766 802 3837 εύαγγελιστὴς,
833 3767 1035 3832 ταύτας
1062 3767 1287 3839 ἐνέθηκε
1310 3771 1378 3839 τῇ
1412 3769 1730 3841 γενεαλογίᾳ
1775 3771 1962 3841 μόνας.

385 3859 582 3913 Καίτοι
606 3862 656 3913 εἰ
693 3859 998 3931 μνησθῆναι
1038 3860 1317 3929 γυναικῶν
1349 3860 1478 3923 ἔδει,
1532 3860 1722 3915 πασῶν
1756 3862 1923 3933 ἐχρῆν
1946 3879 1962 3894 ⁸

387 3950 442 4002 εί
471 3949 640 4021 δὲμὴ
662 3949 874 4012 πασῶν,
899 3949 1014 4003 ἀλλ’
1035 3950 1214 4016 ἐνίων,
1232 3951 1341 4004 τῶν
1366 3952 1424 4006 έν
1445 3952 1640 4023 ἀρετῇ,
1669 3951 1730 4004 οὐ
1764 3951 1872 4004 τῶν
1906 3953 1965 4005 ἐν

388 4043 748 4114 ἁμαρτήμασι
806 4041 1173 4113 βεϐοημένων.
1228 4042 1413 4095 Εἴδετε
1481 4043 1655 4113 πόσης
1706 4043 1838 4113 ἡμῖν
1886 4042 1968 4095 δεῖ

387 4132 662 4203 προσοχῆς
708 4133 767 4185 ἐν
792 4134 906 4196 τοῖς
937 4131 1243 4202 προοιμίοις
1283 4130 1504 4195 εὐθέως.
1532 4132 1791 4200 Καίτοιγε
1820 4132 1968 4186 δοκεῖ

390 4222 725 4294 σαφέστερον
751 4220 889 4276 εἶναι
921 4221 1028 4276 τῶν
1079 4222 1256 4276 ἀλλων
1292 4220 1355 4274 τὸ
1393 4221 1698 4292 προοίμιον,
1742 4222 1885 4292 τάχα
1908 4221 1966 4275 δὲ

388 4315 605 4379 πολλοῖς
638 4314 735 4369 καὶ
763 4315 1040 4385 περισσὸν,
1072 4312 1160 4366 διὰ
1185 4312 1247 4368 τὸ
1270 4313 1547 4383 ὀνομάτων
1571 4312 1803 4385 ἀριθμὸν
1825 4308 1966 4367 εἶναι

390 4404 574 4475 μόνον.
626 4404 784 4457 Μετά
814 4403 974 4457 τοῦτο
1022 4404 1243 4457 κάκεῖνο
1298 4402 1447 4468 ἀξιον
1503 4402 1771 4474 ζητῆσαι,
1823 4402 1969 4465 τίνος

383 4496 573 4550 ἐνεκεν
595 4496 745 4565 τρεῖς
776 4493 1093 4566 παρέδραμε
1132 4493 1388 4565 βασιλεῖς.
1415 4494 1481 4549 El
1503 4494 1612 4565 γὰρ
1636 4495 1711 4557 ὡς
1762 4493 1968 4564 σφόδρα

384 4585 604 4641 ἀσεϐῶν
662 4584 1020 4657 ἀπεσιώπησε
1069 4587 1169 4656 τὴν
1217 4585 1632 4658 προσηγορίαν,
1692 4584 1813 4639 οὐδὲ
1858 4583 1969 4637 τῶν

384 4676 564 4731 ἄλλων
606 4674 715 4728 τῶν
754 4675 1014 4729 τοιούτων
1062 4673 1368 4745 μνησθῆναι
1419 4672 1546 4727 ἔδει.
1595 4673 1709 4728 Kal
1733 4673 1841 4744 γὰρ
1872 4671 1968 4725 καὶ

381 4767 547 4821 τοῦτο
579 4765 764 4838 ἕτερόν
793 4766 910 4818 ἐστι
944 4763 1182 4835 ζήτημα.
1211 4763 1629 4835 Δεκατέσσαρας
1660 4764 1769 4835 γὰρ
1796 4760 1967 4816 εἰπὼν

386 4859 604 4929 γενεὰς,
628 4861 687 4912 ἐν
727 4859 795 4928 τῇ
834 4856 989 4930 τρίτῃ
1027 4857 1203 4928 μερίδι
1230 4856 1323 4909 τὸν
1353 4855 1586 4926 ἀριθμὸν
1630 4854 1691 4908 οὐ
1716 4854 1965 4908 διέσωσε.

383 4951 502 5005 Καὶ
530 4951 669 5014 τίνος
697 4950 885 5003 ἕνεκεν
915 4950 944 5002 6
974 4948 1073 5020 μὲν
1095 4949 1308 5010 Λουκᾶς
1333 4947 1535 5019 ἐτέρων
1565 4947 1970 5018 ἐμνημόνευσεν

383 5040 686 5109 ὀνομάτων,
743 5039 840 5092 καὶ
873 5039 935 5091 οὐ
987 5038 1147 5108 μόνον
1197 5038 1258 5091 οὐ
1311 5037 1420 5091 τῶν
1464 5037 1647 5091 αὐτῶν
1686 5038 1966 5103 ἀπάντων,

386 5131 525 5185 ἀλλά
551 5131 647 5185 καὶ
678 5128 859 5200 πολλῷ
890 5129 1179 5183 πλειόνωνσ
1210 5129 1239 5181 6
1265 5129 1322 5182 δὲ
1348 5127 1625 5192 Ματθαῖος
1645 5170 1660 5191 ,
1696 5129 1791 5182 καὶ
1814 5128 1971 5183 ἐλατ-

382 5224 555 5279 τόνων
583 5261 599 5287 ,
646 5222 740 5276 καὶ
778 5220 1002 5292 ἐτέρων,
1049 5220 1294 5289 καίτοιγε
1350 5222 1432 5284 είς
1487 5220 1580 5273 τὸν
1638 5218 1836 5290 Ἰωσὴφ
1876 5220 1972 5274 καὶ

385 5315 549 5378 αὐτὸς
587 5313 941 5383 τελευτήσας,
974 5312 1055 5374 είς
1095 5310 1156 5364 δν
1204 5311 1299 5364 καὶ
1330 5311 1360 5362 6
1399 5310 1612 5374 Λουκᾶς
1652 5310 1967 5382 κατέληξεν.

386 5404 506 5476 [IS]
557 5405 751 5475 Ὁρᾶτε
780 5403 913 5473 ὅσης
938 5401 1245 5472 ἀγρυπνίας
1276 5403 1409 5474 ἡμῖν
1443 5402 1632 5473 χρεία,
1664 5402 1766 5456 οὐκ
1794 5403 1877 5465 είς
1911 5402 1974 5456 τὸ

384 5497 550 5551 λῦσαι
581 5497 762 5565 μόνον,
784 5494 922 5550 ἀλλὰ
948 5494 1043 5549 καὶ
1063 5495 1142 5558 είς
1173 5494 1236 5548 τὸ
1260 5494 1471 5565 μαθεῖν,
1498 5493 1621 5547 τίνα
1652 5492 1759 5566 χρὴ
1786 5492 1969 5548 λῦσαι.

485 5615 533 5648 ³⁸
560 5617 596 5690 ἢ
632 5625 842 5693 cura?!
868 5614 965 5693 κσεὲ
995 5622 1125 5693 ause
1147 5614 1352 5693 ιταλλῄγ
1379 5610 1787 5693 οω-..Αηκξνθνε
1824 5609 1919 5693 κεῖ
1956 5625 1969 5693 1

2090 5608 2245 5693 ρΞ-Ῑὲ·
2269 5606 2331 5664 (³·
2369 5684 2380 5693 ,
2422 5606 2487 5689 .⁵⁰
2514 5606 2795 5693 παρέιεκρι
2866 5606 3034 5693 .Pi‘f‘;

920 5685 968 5757 _"_
997 5670 1251 5757 τοῦτο]έέ
1277 5670 1451 5755 δήπου
1628 5682 1676 5757 ‘_’
1703 5682 1798 5757 καὶ
1829 5680 1928 5757 τ-ἦς
1966 5682 1969 5695 ⁴

2090 5670 2159 5757 l6:
2184 5678 2388 5757 Qesun}
2422 5675 2477 5757 ἰρ
2503 5670 2816 5757 omﬁibiis.‘
2864 5672 2910 5706 “
2932 5673 3099 5757 τοῦτο
3127 5670 3190 5727 C.

411 5685 654 5741 πάππων
681 5685 821 5741 Edd.

2096 492 2232 549 Οὐδέ
2254 493 2365 566 γὰρ
2390 492 2548 548 τοῦτο
2584 495 2797 566 μικρὸν,
2846 497 2909 551 :6
2951 497 3018 551 τὰ
3063 499 3468 573 διαπορούμενα
3509 502 3675 576 δυνη-

2096 585 2255 657 θῆναι
2298 586 2508 656 εὑρεῖν⁸
2556 588 2650 640 καὶ
2695 587 2804 659 γὰρ
2851 591 2947 643 καὶ
2996 592 3175 645 έκεῖνο
3221 593 3445 663 ἄπορον,
3488 595 3607 658 πῶς
3639 598 3676 667 ἡ

2106 673 2389 728 Ἐλισάϐετ
2428 675 2538 729 ἀπὸ
2577 675 2679 746 τῆς
2717 677 3007 750 Λευῖτικῆς
3025 681 3199 753 φυλῆς
3219 678 3374 747 οὖσα,
3408 685 3677 756 συγγενὴς

2092 760 2162 837 ἦν
2194 765 2293 836 τῆς
2322 765 2559 837 Μαρίας.

2166 855 2232 920 ζ»,
2255 856 2303 888 ιι
2340 856 2479 910 Ἀλλ’
2498 857 2588 912 ἵνα
2609 858 2686 930 μὴ
2709 859 3114 933 καταχώσωμεν
3135 863 3291 934 ὑμῶν
3315 863 3416 937 τὴν
3446 868 3677 940 μνήμην

2094 947 2262 1001 πολλὰ
2282 948 2641 1017 συνείροντες,
2659 950 2891 1005 ἐνταῦθα
2905 951 3044 1016 τέως
3058 953 3150 1007 τὸν
3173 954 3330 1024 λόγον
3357 958 3668 1028 στήσωμεν.

2106 1038 2291 1112 Ἀρκεῖ
2338 1040 2446 1111 γάρ
2480 1041 2609 1110 ύμῖν
2641 1043 2722 1105 είς
2766 1043 2829 1095 τὸ
2876 1042 3221 1116 διεγερθῆναι
3281 1048 3377 1100 καὶ
3423 1049 3484 1101 τὸ
3506 1049 3553 1080 ⁸⁸
3598 1051 3668 1105 τὰ

2092 1129 2398 1200 ζητούμενα
2448 1129 2608 1200 μόνον
2632 1130 2675 1162 ’⁵⁷
2709 1130 2924 1201 μαθεῖν.
2977 1135 3043 1187 El
3079 1134 3138 1188 δέ
3167 1135 3264 1191 καὶ
3309 1135 3411 1207 τῆς
3458 1137 3666 1204 λύσεως

2097 1211 2260 1282 ἐρᾶτε
2283 1248 2299 1274 ,
2356 1215 2452 1263 καὶ
2509 1211 2702 1264 τούτου
2737 1214 2844 1285 πρὸ
2876 1216 2988 1269 τῶν
3020 1217 3194 1285 λόγων
3235 1218 3345 1274 τῶν
3393 1218 3678 1290 ἡμετέρων

2096 1300 2255 1369 ὑμεῖς
2285 1299 2486 1370 κύριοι.
2510 1302 2606 1355 Ἂν
2640 1303 2740 1372 μὲν
2764 1304 2875 1374 γὰρ
2908 1306 3006 1359 ῖδω
3033 1307 3411 1378 διεγερθέντας
3435 1310 3531 1364 καὶ¹
3551 1313 3676 1365 ἐπιι

2095 1387 2399 1458 θυμοῦντας
2423 1390 2638 1461 μαθεῖν,
2673 1393 3006 1464 πειράσομαι
3044 1397 3139 1449 καλ⁸
3164 1397 3264 1469 τὴν
3291 1397 3444 1452 λύσιν
3473 1400 3678 1469 ἀπαγα-

2094 1480 2242 1546 γεῖν⁶
2276 1479 2342 1534 ἀν
2367 1480 2425 1533 δὲ
2444 1482 2838 1552 χασμωμένους
2871 1486 2967 1539 καὶ
3003 1486 3078 1557 μὴ
3111 1488 3502 1559 προσέχοντας,
3529 1491 3672 1544 ἀπο-

2093 1568 2373 1641 κρύψομαι
2401 1572 2498 1624 καὶ
2528 1571 2597 1625 τά
2628 1570 2915 1645 ζητήματα
2945 1575 3040 1629 καὶ
3056 1577 3152 1648 τὴν
3183 1576 3358 1642 λύσιν,
3383 1578 3511 1650 θείῳ
3525 1580 3671 1651 νόμῳ

2093 1661 2413 1732 πειθόμενος
2437 1680 2449 1692 °
2500 1665 2601 1733 Μὴ
2642 1664 2791 1719 δῶτε
2819 1666 2866 1699 ⁸⁸
2893 1666 3024 1738 γὰρ,
3064 1670 3222 1740 φησὶ,
3269 1667 3345 1723 τὰ
3368 1670 3507 1738 ἅγια
3549 1671 3671 1738 τοῖς

2094 1752 2261 1817 κυσὶ,
2291 1753 2448 1824 μηδὲ
2464 1756 2688 1824 ῥιψητε
2717 1756 2863 1824 τοὺς
2884 1761 3255 1829 μαργαρίτας
3273 1760 3440 1831 ὑμῶν
3459 1763 3677 1833 ἐμπρο-

2094 1848 2243 1901 σθεν
2271 1844 2392 1900 τῶν
2433 1848 2654 1917 χοίρων
2671 1888 2688 1915 ,
2736 1850 2840 1904 ἵνα
2889 1851 2976 1920 μὴ
3030 1853 3502 1921 καταπατήσωσι
3549 1856 3677 1920 τοῖς

2092 1936 2282 1991 ποσίν
2298 1936 2518 1994 αὐτῶν.
2532 1939 2627 2004 Τίς
2652 1939 2709 1993 δέ
2728 1942 2918 2005 ὲστινό
2945 1945 3306 2011 καταπατῶν;
3338 1945 3396 2001 Ὅ
3421 1947 3495 2018 μὴ
3519 1947 3676 2019 τίμια

2092 2026 2265 2081 ταῦτα
2289 2027 2591 2100 ἡγούμενος
2634 2031 2729 2085 καὶ
2765 2034 2958 2102 σεμνά.
2991 2037 3106 2090 Kal
3132 2036 3217 2102 τίς
3248 2036 3425 2102 οὕτως
3463 2038 3668 2104 ἄθλιος,
3698 2041 3702 2045 ⁴

2094 2118 2279 2189 φησὶν,
2327 2120 2403 2185 ὡς
2440 2120 2517 2192 μὴ
2567 2122 2744 2193 σεμνά
2784 2123 2961 2179 ταῦτα
3005 2126 3101 2180 καὶ
3154 2128 3373 2183 πάντων
3420 2130 3675 2201 ἡγεῖσθαι

2090 2209 2428 2283 τιμιώτερα;
2494 2213 2556 2266 '0
2613 2214 2749 2285 μηδὲ
2825 2216 3093 2288 τοσαύτην
3170 2220 3428 2291 παρέχων
3482 2222 3675 2287 αὐτοῖς

2096 2302 2313 2374 σχολὴν,
2347 2304 2480 2375 ὅσην
2524 2308 2645 2369 ταῖς
2675 2307 2903 2380 πόρναις
2943 2309 3189 2377 γυναιξὶν
3230 2313 3291 2365 ἐν
3319 2314 3434 2376 τοῖς
3462 2330 3676 2369 σατανι-

2092 2393 2211 2454 κοῖς
2231 2391 2501 2463 θεάτροις.
2537 2394 2688 2448 Ἐκεῖ
2741 2397 2842 2468 μέν
2888 2399 2996 2471 γὰρ
3039 2400 3135 2453 καὶ
3183 2401 3600 2473 διημερεύουσιν
3620 2406 3675 2458 οἱ

2092 2481 2299 2545 πολλοὶ,
2335 2483 2430 2536 καὶ
2453 2483 2625 2539 πολλά
2651 2485 2762 2539 τῶν
2787 2487 2881 2541 ἐπὶ
2920 2488 3019 2559 τῆς
3049 2490 3227 2555 οἰκίας
3246 2492 3554 2563 προδιδόασι
3584 2485 3674 2549 διά

2088 2570 2186 2642 τὴν
2233 2571 2459 2643 ἄκαιρον
2512 2574 2771 2645 ἀσχολίαν
2798 2576 3024 2650 ταύτην,
3081 2581 3177 2634 καὶ
3211 2582 3349 2652 μετά
3384 2584 3673 2654 ἀκριϐείας

2090 2663 2228 2734 ὅπερ
2248 2663 2313 2718 ἂν
2342 2664 2619 2721 ἀκούσωσι
2641 2668 2951 2739 κατέχουσι,
2978 2671 3262 2726 καὶταῦτα
3278 2673 3371 2727 ἐπὶ
3402 2675 3548 2748 λύμῃ
3572 2679 3672 2747 τῆς

2090 2753 2297 2807 ἑαυτῶν
2337 2755 2516 2827 ψυχῆς
2556 2757 2931 2825 φυλάττοντες.
2991 2761 3255 2817 Ἐνταῦθα
3299 2764 3356 2818 δέ
3387 2767 3482 2821 τοῦ
3533 2768 3669 2822 Θεοῦ

2091 2842 2484 2913 φθεγγομένου,
2508 2846 2631 2899 οὐδὲ
2662 2849 2856 2921 μικρὸν
2879 2849 3161 2921 ἀνέχονται
3183 2858 3517 2926 παραμεῖναι
3543 2858 3671 2929 χρό-

2089 2949 2198 2987 νον.
2229 2934 2328 2988 Διά
2350 2951 2431 2988 τοι
2447 2935 2605 2990 τοῦτο
2618 2938 2769 2992 οὐδὲν
2796 2941 2972 2996 κοινὸν
3005 2941 3200 3014 ἔχομεν
3228 2944 3366 3015 πρὸς
3382 2946 3473 3000 τὸν
3501 2949 3667 3021 οὐρα⁶

2090 3027 2201 3092 νὺν,
2234 3027 2369 3081 ἀλλά
2404 3028 2566 3102 μέχρι
2600 3031 2860 3103 ῥημάτων
2894 3035 3027 3104 ἡμῖν
3050 3036 3385 3106 ήεπολιτείαν
3407 3040 3669 3110 Καίτοιγε

2089 3118 2183 3171 καὶ
2198 3119 2423 3186 γέενναν
2451 3119 2541 3174 διά
2557 3120 2714 3175 τοῦτο
2758 3123 3051 3194 ἠπείλησεν
3094 3128 3123 3179 6
3155 3126 3306 3191 Θεὸς,
3335 3129 3435 3200 οὐχ
3469 3130 3554 3184 ἵνα
3571 3132 3673 3201 ἐμ-

2089 3206 2253 3272 ϐάλῃ,
2282 3207 2400 3281 [Ιϐ]
2425 3209 2541 3264 ἀλλ’
2590 3211 2676 3265 ἵνα
2702 3213 2862 3285 πείσῃ
2884 3217 3071 3283 φυγεῖν
3087 3214 3184 3287 τὴν
3209 3217 3450 3289 χαλεπὴν
3471 3235 3669 3290 τυραν-

2087 3301 2203 3357 νίδα
2216 3304 2261 3336 ’⁸⁸
2293 3304 2497 3376 ταύτην
2520 3307 2587 3361 ⁵⁰.
2622 3307 2814 3378 Ἡμεῖς
2840 3308 2893 3362 δὲ
2934 3310 3236 3366 τούναντίον
3264 3314 3544 3386 ποιοῦμεν,
3573 3318 3668 3371 καὶ

2088 3396 2210 3448 καθ’
2239 3396 2475 3469 ἑκάστην
2522 3397 2735 3469 ἡμέραν
2774 3399 2909 3471 πρὸς
2953 3400 3051 3472 τὴν
3085 3402 3202 3455 ἐκεῖ
3246 3403 3517 3474 φέρουσαν
3548 3406 3666 3459 ὁδὸν

2086 3485 2375 3557 τρέχομεν’
2403 3488 2498 3541 καὶ
2524 3488 2618 3541 τοῦ
2639 3489 2772 3542 Θεοῦ
2800 3489 3116 3554 κελεύοντος
3151 3492 3224 3565 μὴ
3249 3494 3407 3564 μόνον
3423 3496 3665 3561 ἀκούειν,

2089 3576 2225 3630 ἀλλὰ
2257 3579 2352 3630 καὶ
2381 3581 2554 3632 ποιεῖν
2601 3578 2671 3632 τά
2714 3581 3003 3653 λεγόμενα,
3053 3584 3175 3638 οὐδὲ
3217 3585 3449 3640 ἀκοῦσαι
3482 3587 3669 3659 ἀνεχό-

2091 3665 2252 3737 μεθα.
2290 3668 2429 3722 Πότε
2457 3665 2550 3723 οὖν
2581 3670 2882 3743 πράξομεν,
2923 3674 3046 3727 εῖπέ
3085 3692 3195 3745 μοι,
3224 3676 3292 3731 τά
3316 3677 3665 3749 κελευόμενα,

2084 3758 2299 3811 καὶτῶν
2328 3759 2505 3831 ἔργων
2530 3762 2801 3834 ἀψόμεθα,
2827 3764 2955 3818 ὅταν
2985 3765 3119 3836 μηδέ
3144 3768 3270 3831 τοὺς
3302 3768 3445 3840 ὑπὲρ
3463 3772 3668 3823 τούτων

2079 3848 2274 3918 λόγους
2320 3852 2539 3907 ἀκούειν
2591 3854 2935 3926 ἀνεχώμεθα,
2987 3856 3122 3910 ἀλλά
3177 3859 3531 3928 ἀσχάλλωμεν
3558 3844 3668 3915 ’καὶ

2089 3940 2345 4012 ἀλύωμεν
2386 3942 2525 4014 πρὸς
2566 3941 2678 4013 τὴν
2722 3945 2956 3999 ἐνταῦθα
3000 3946 3304 4021 διατριϐὴν,
3326 3950 3505 4004 καίτοι
3537 3951 3674 4024 βρα-

2088 4032 2240 4100 χεῖαν
2277 4027 2443 4086 οὖσαν
2493 4033 2735 4105 σφόδρα;
2770 4033 2904 4088 Εἶτα
2956 4037 3117 4107 ήμεῖς
3148 4038 3248 4108 μὲν
3279 4040 3408 4110 περὶ
3448 4040 3675 4112 ψυχρῶν

2090 4121 2459 4193 διαλεγόμενοι
2480 4127 2840 4196 πραγμάτων,
2878 4127 2943 4182 ἂν
2974 4129 3099 4193 τοὺς
3122 4130 3567 4201 συγκαθημένους
3596 4133 3674 4204 μὴ

2092 4213 2456 4284 προσέχοντας
2488 4214 2708 4285 ἴδωμεν,
2739 4215 2897 4288 ὕϐριν
2938 4218 2999 4272 τὺ
3030 4221 3266 4292 πρᾶγμά
3309 4238 3508 4292 φαμεν.
3567 4223 3674 4277 Τὸν

2090 4303 2226 4358 Θεὸν
2255 4305 2313 4358 δὲ
2346 4306 2444 4378 οὐχ
2480 4306 2763 4379 ἡγούμεθα
2791 4308 3135 4382 παροξύνειν,
3162 4312 3290 4365 ὅταν
3321 4312 3485 4366 αὐτοῦ
3546 4314 3677 4385 περὶ

2087 4393 2345 4449 τοιούτων
2390 4395 2799 4468 διαλεγομένου,
2843 4400 3355 4471 καταφρονήσαντες
3382 4399 3491 4455 τῶν
3515 4400 3674 4469 λεγο-

2092 4485 2290 4557 μένων,
2328 4486 2565 4558 ἑτέρωσε
2600 4487 2924 4560 βλέπωμεν;
2978 4489 3120 4544 Ἀλλ’
3157 4492 3185 4544 6
3216 4492 3315 4562 μὲν
3348 4492 3677 4564 γεγηρακὼς

2088 4579 2184 4630 καὶ
2232 4577 2433 4650 πολλὴν
2456 4579 2702 4676 ἐπελθὼν
2734 4581 2861 4652 γῆν,
2893 4582 2988 4635 καὶ
3033 4582 3262 4635 σταδίων
3283 4583 3536 4654 ἀριθμὸν,
3581 4583 3675 4637 καὶ

2089 4670 2300 4724 πόλεων
2323 4670 2520 4736 θέσεις,
2540 4670 2643 4725 καὶ
2676 4674 2932 4743 σχήματα
2960 4675 3054 4727 καὶ
3098 4674 3324 4745 λιμένας
3353 4676 3446 4727 καὶ
3468 4675 3675 4746 ἀγορὰς

2091 4763 2231 4835 μετὰ
2251 4764 2538 4836 ἀκριϐείας
2561 4766 2693 4837 ήμῖν
2723 4766 3059 4834 ἀπαγγέλλει
3096 4766 3295 4837 πάσης
3327 4766 3480 4819 αὐτοὶ
3505 4767 3560 4820 δὲ
3585 4767 3676 4820 06-

2086 4854 2145 4908 δέ
2169 4854 2293 4908 ὅσον
2315 4854 2594 4927 ἀπέχομεν
2624 4856 2724 4927 τῆς
2745 4857 2805 4910 ἐν
2833 4860 2947 4920 τοῖς
2971 4857 3221 4925 οὐρανοῖς
3255 4857 3460 4921 πόλεως
3494 4857 3673 4929 ἴσμεν·

2086 4938 2124 5015 ἦ
2158 4943 2269 5015 γάρ
2292 4943 2359 4998 ἂν
2382 4945 2477 4998 καὶ
2502 4945 2918 5017 ἐσπουδάσαμεν
2960 4946 3242 5016 ἐπιτεμεῖν
3281 4945 3340 5000 τὸ
3378 4947 3575 5016 μῆκος,
3625 4950 3676 5002 εί

2087 5039 2150 5090 τὸ
2187 5038 2464 5109 διάστημα
2508 5038 2779 5110 ἔγνωμεν.
2827 5040 2902 5092 06
2942 5038 3051 5110 γάρ
3082 5038 3335 5093 τοσοῦτον
3366 5039 3525 5110 ήμῶν
3566 5040 3676 5110 ἀφ-

2090 5128 2320 5199 έστηκεν
2346 5130 2380 5201 ή
2409 5129 2562 5194 πόλις
2591 5129 2794 5201 ἐκείνη,
2827 5129 2951 5183 ὅσον
3000 5127 3232 5201 οὐρανοῦ
3268 5131 3407 5203 πρὸς
3434 5132 3532 5203 τὴν
3571 5131 3678 5202 γῆν

2086 5220 2147 5275 τὸ
2177 5222 2363 5293 μέσον,
2417 5221 2555 5276 ἀλλά
2598 5220 2697 5276 κα)⁵
2749 5220 2930 5294 πολλῷ
2978 5221 3163 5290 πλέον,
3213 5222 3309 5277 ἐὰν
3360 5223 3672 5294 ἀμελῶμεν·

2086 5310 2280 5385 ῶσπερ
2304 5307 2399 5367 οῦν
2439 5312 2533 5366 έάν
2568 5312 2982 5385 σπουδάζωμεν,
3018 5315 3114 5369 καὶ
3161 5315 3223 5368 ἐν
3267 5315 3470 5386 ἀκαρεῖ
3499 5314 3675 5385 χρόνῳ

2088 5406 2181 5460 ἐπὶ
2212 5406 2313 5470 τὰς
2341 5404 2515 5470 πύλας
2554 5405 2726 5477 αὐτῆς
2764 5405 2990 5477 ἥξομεν.
3021 5406 3095 5460 06
3119 5405 3232 5478 γάρ
3276 5406 3441 5477 μήκει
3470 5404 3675 5471 τόπων,

2084 5495 2225 5551 ἀλλά
2252 5492 2447 5566 γνώμῃ
2481 5491 2700 5566 τρόπων
2723 5491 2794 5545 τά
2821 5491 3171 5563 διαστήματα
3202 5486 3376 5541 ταῦτα
3408 5487 3662 5559 ὥρισται.

2441 5606 2487 5640 ⁸⁸
2517 5604 2795 5676 παράσχοι
2894 5603 3036 5659 Edd.
3117 5602 3161 5635 δ’
3198 5600 3665 5725 πμγόνωνῖίέπι-

2444 5693 2477 5725 n
2503 5675 2786 5725 omnibus.
2864 5672 2910 5706 ⁵⁸
2941 5673 3099 5725 τοῦτο
3127 5670 3190 5725 C.
3296 5671 3342 5703 "
3371 5671 3485 5725 ΗΘΙ
3543 5672 3660 5725 ΟΝ.

413 5739 843 5826 Περὶντοῦῖιετά
873 5753 1088 5826 νήιξεῳς
1121 5739 1577 5826 κᾶῖπροσεχείας
1600 5750 1700 5826 τῂν
1728 5739 1991 5826 ἀκρόάσιν
2016 5748 2289 5826 ποιεῖσθαι
2318 5748 2418 5816 τῆς
2446 5745 2757 5826 διηγήσεως
2787 5743 2859 5826 Α.Δ
2926 5742 2976 5826 ξς
2997 5742 3058 5826 τό
3086 5756 3198 5795 om.
3232 5740 3352 5826 ﬁ.“
3477 5739 3663 5825 μόνον]

418 5820 556 5897 μόνα
594 5825 657 5897 Ε.
691 5820 1098 5897 ἐνταῦθα’
1153 5892 1164 5897 _
1201 5824 1245 5857 “
1272 5820 1391 5878 δότε
1422 5820 1497 5876 Β.
1536 5820 1598 5876 C.

414 5887 580 5966 i'ulgo
614 5895 812 5965 legitur
838 5892 889 5947 6;
938 5887 1013 5948 ὧν
1033 5892 1329 5966 ἀκούομεν,
1401 5908 1522 5963 qua:
1550 5891 1716 5947 verba
1751 5887 1959 5947 desum
1982 5890 2036 5944 in
2065 5889 2124 5943 Β.

416 5962 552 6037 ομεῖθ
572 5962 767 6021 ciuiles
800 5973 997 6035 praeter
1030 5962 1095 6020 A.
1124 5962 1230 6017 An.

1806 5810 1852 5852 δ’
1879 5817 2191 5889 τυραννίδα]
2221 5816 2316 5889 εἰς)
2343 5810 2484 5889 aljm-
2509 5810 2800 5889 ᾅῦἧήθειαν
2830 5812 2894 5867 Ᾱο
2925 5812 2989 5866 E'
3025 5810 3133 5889 Αηε

3115 5848 3140 5891 ι
3234 5811 3281 5843 ⁸⁸
3312 5809 3670 5894 ξρειτσξύτηθ

2216 5930 2227 5942 .
2279 5887 2341 5941 D.
2371 5885 2476 5941 An.
2505 5878 2658 5941 Arni.
2691 5897 2816 5939 mox
2840 5889 2967 5952 post
2989 5881 3251 5952 ποιοῦμεν
3277 5879 3488 5936 addunt
3506 5878 3667 5934 ἀκού-
