4066 6484
400 396 470 450 25
1179 401 1234 460 S.
1275 401 1552 458 JOANNIS
1587 401 2062 459 CllRYSOSTOMl
2103 399 2422 459 ARCIIIEP.
2463 401 3000 460 CONSTANTINOP.
3619 404 3690 464 ει

468 517 537 582 η’.
570 510 644 565 Σὺ
665 509 718 564 δὲ
747 508 816 563 τὰ
841 508 938 581 μὲν
961 507 1054 562 τοῦ
1081 507 1194 578 βίου
1216 506 1517 577 πράγματα
1545 505 1681 577 μετά
1701 505 1986 577 ἀκριϐείας

397 598 566 666 οἶδας,
600 603 694 656 καὶ
725 602 792 657 τὰ
837 601 934 654 νέα
967 600 1144 654 καὶτὰ
1189 601 1396 670 ἀρχαῖα
1441 599 1536 653 καὶ
1577 597 1645 652 τά
1678 598 1723 630 ⁸¹
1753 596 1982 662 παλαιά,

401 695 496 748 καὶ
526 695 792 765 ἄρχοντας
824 692 1076 764 ἀριθμεῖν
1115 689 1360 755 δύνασαι,
1403 685 1484 753 οἷς
1513 690 1864 761 ἐστρατεύσω
1892 689 1985 743 τὸν

401 785 709 855 ἔμπροσθεν
732 784 941 854 χρόνον,
969 783 1063 835 καὶ
1085 781 1449 851 ἀγωνοθέτην,
1463 780 1558 832 καὶ
1573 780 1979 851 ἀθλοφόρους⁸¹,

402 875 495 928 καὶ
515 875 878 947 στρατηγοὺς,
899 873 971 926 τά
996 872 1163 943 μηδέν
1186 871 1300 943 [17]
1329 889 1411 924 σοι
1441 870 1788 941 διαφέροντα’
1819 869 1906 934 τίς
1927 869 1984 923 δὲ

398 965 583 1038 ἄρχων
616 967 676 1018 ἐν
705 967 773 1035 τῇ
811 963 966 1018 πόλει
991 963 1162 1034 ταύτῃ
1191 962 1435 1032 γέγονεν,
1463 961 1496 1030 ἢ
1529 960 1768 1032 πρῶτος,
1799 960 1833 1030 ἢ
1864 959 1988 1013 δεύ-

397 1071 575 1125 τερος,
603 1058 637 1126 ἢ
671 1054 874 1124 τρίτος,
902 1053 934 1123 ἢ
973 1053 1136 1106 πόσον
1153 1054 1379 1114 ἕκαστος
1402 1052 1609 1123 χρόνον,
1650 1051 1749 1120 ῆτί
1780 1066 1978 1121 κατορ-

399 1145 582 1208 θώσας
605 1145 702 1200 καὶ
734 1142 1268 1223 ἐργασάμενος,ούδέ
1298 1141 1432 1212 δναρ
1454 1141 1796 1212 ἐφαντάσθης
1825 1138 1978 1196 ποτέ.

396 1235 600 1304 Νόμων
624 1235 682 1288 δέ
711 1233 822 1286 τῶν
850 1235 910 1286 ἐν
931 1235 999 1303 τῇ
1025 1232 1176 1284 πόλει
1199 1229 1368 1301 ταύτῃ
1385 1229 1672 1299 κειμένων,
1707 1230 1827 1283 οὐδὲ
1861 1229 1981 1284 ἐτέ-

402 1344 512 1397 ρων
526 1326 794 1393 λεγόντων
823 1324 1052 1378 ἀκοῦσαι
1087 1324 1182 1376 καὶ
1211 1322 1496 1394 προσέχειν
1526 1319 1837 1390 ὑπομένεις.
1855 1320 1982 1383 Πῶς

398 1416 514 1483 οὖν,
551 1418 673 1471 είπέ
703 1434 813 1486 μοι,
856 1417 1160 1488 προσδοκᾷς
1189 1413 1480 1481 τεύξασθαι
1507 1413 1556 1446 ⁸³
1575 1412 1684 1468 τῶν
1715 1411 1984 1484 ἐπηγγελ-

402 1507 579 1577 μένων
601 1506 840 1574 ἀγαθῶν,
867 1507 1002 1577 μηδὲ
1017 1509 1127 1569 τοῖς
1155 1505 1467 1575 λεγομένοις
1485 1503 1797 1575 προσέχων;
1843 1503 1982 1556 Ἀλλ’

399 1599 449 1650 εἰ
486 1599 580 1651 καὶ
611 1598 686 1668 μὴ
726 1599 1012 1670 πρότερον,
1045 1597 1141 1651 νῦν
1183 1597 1314 1667 γοῦν
1359 1596 1519 1651 τοῦτο
1562 1598 1828 1668 ποιῶμεν.
1868 1599 1981 1650 Καὶ

398 1688 506 1760 γὰρ
527 1691 608 1754 είς
633 1690 788 1742 πόλιν
811 1689 1077 1759 μέλλομεν
1103 1689 1350 1752 εἰσιέναι,
1371 1687 1464 1742 ἐὰν
1489 1687 1664 1751 όΘεδς
1689 1690 1981 1762 ἐπιτρέπῃ,

399 1783 628 1852 χρυσῆν,
662 1781 757 1834 καὶ¹
787 1779 988 1851 χρυσοῦ
1021 1780 1222 1843 παντὸς
1247 1779 1602 1851 τιμιωτέραν.
1633 1780 1982 1850 Καταμάθω-

403 1887 504 1939 μεν
555 1865 651 1922 οὖν
708 1869 880 1938 αὐτῆς
929 1869 998 1922 τά
1049 1867 1295 1938 θεμέλια,
1341 1868 1440 1932 τάς
1499 1868 1677 1932 πύλας
1729 1868 1830 1933 τὰς
1876 1871 1984 1923 ἀπὸ

403 1960 708 2032 σαπφείρου
755 1961 849 2013 καὶ⁵
898 1959 1252 2030 μαργαριτῶν
1296 1959 1679 2029 συγκειμένας
1737 1960 1832 2013 κα)⁵
1874 1959 1983 2033 γὰρ

403 2053 600 2123 ἔχομεν
633 2052 854 2122 ἄριστον
885 2051 1226 2123 χειραγωγὸν
1259 2051 1350 2104 τὸν
1389 2051 1688 2106 Ματθαῖον.
1725 2052 1824 2106 Διά
1873 2054 1982 2124 γὰρ

402 2145 500 2214 τῆς
551 2143 715 2197 αὐτοῦ
750 2142 924 2213 πύλης
979 2143 1190 2211 εἴσιμεν
1231 2141 1346 2209 νῦν,
1382 2143 1476 2196 καὶ
1509 2142 1590 2194 δεῖ
1623 2141 1824 2214 πολλῆς
1853 2145 1983 2214 ἡμῖν

401 2236 503 2305 τῆς
527 2234 784 2303 σπουδῆς.
819 2235 916 2286 Ἂν
949 2233 1059 2303 7&9
1095 2233 1178 2304 ἴδῃ
1212 2233 1336 2286 τινά
1390 2233 1465 2305 μὴ
1505 2235 1862 2304 προσέχοντα,
1893 2235 1985 2287 ἐκ·

408 2325 594 2378 ϐάλλει
625 2325 724 2393 τῆς
770 2324 998 2388 πόλεως.
1052 2325 1162 2377 Καὶ
1195 2325 1302 2394 γάρ
1333 2327 1450 2378 ἐστι
1492 2324 1893 2397 βασιλικωτάτη
1948 2327 1984 2396 ἡ

406 2418 561 2481 πόλις
590 2415 684 2470 καὶ
731 2417 1053 2487 περιφανής*
1085 2415 1182 2485 οὐχ
1219 2415 1407 2485 ῶσπερ
1437 2417 1493 2468 αί
1544 2417 1673 2488 παρ’
1711 2418 1862 2486 ἡμῖν,
1905 2419 1986 2479 εἰς

405 2507 613 2576 ἀγορὰν
646 2507 741 2559 καὶ
784 2505 1027 2575 βασίλεια
1057 2505 1382 2578 διῃρημένη·
1432 2505 1568 2562 ἀλλά
1614 2508 1794 2561 πάντα
1827 2507 1982 2578 βασί-

407 2599 524 2652 λεια
550 2598 618 2651 τὰ
649 2598 785 2650 ἐκεῖ.
826 2596 1283 2668 Ἀναπετάσωμεν
1323 2597 1505 2650 τοίνυν
1539 2598 1640 2662 τὰς
1688 2598 1861 2663 πύλας
1887 2599 1986 2668 τῆς

405 2689 664 2753 διανοίας,
695 2689 1126 2759 ἀναπετάσωμεν
1155 2689 1254 2759 τὴν
1289 2689 1478 2760 ἀκοὴν,
1505 2691 1600 2744 καὶ
1620 2691 1758 2759 μετά
1784 2691 1986 2762 φρίκης

407 2781 608 2850 πολλῆς
643 2779 928 2850 μέλλοντες
949 2777 1250 2832 ἐπιϐαίνειν
1280 2778 1388 2833 τῶν
1409 2778 1718 2849 προθύρων,
1749 2796 1988 2849 προσκυ·

407 2873 660 2942 νήσωμεν
711 2871 804 2924 τὸν
847 2873 904 2924 ἐν
955 2871 1093 2942 αὐτῇ
1137 2869 1382 2939 βασιλέα·
1436 2872 1527 2924 καὶ
1573 2870 1682 2940 γάρ
1728 2870 1985 2942 εύθέωςὴ

409 2962 604 3034 πρώτη
639 2960 915 3035 προσϐολὴ
969 2960 1318 3031 καταπλῆξαι
1371 2961 1592 3016 δύναται
1621 2963 1710 3015 τὸν
1766 2962 1986 3027 θεατήν.

2110 508 2514 580 Κεκλεισμέναι
2551 509 2648 579 μὲν
2672 509 2767 562 νῦν
2798 509 2846 542 ⁸³
2872 509 3007 563 εἰσιν
3031 508 3162 580 ἡμῖν
3188 509 3243 563 αί
3269 507 3452 562 πύλαι·
3487 510 3614 563 ὅταν
3631 513 3689 564 δὲ

2111 601 2310 671 ῑδωμεν
2331 601 2503 664 αὑτὰς
2524 600 2993 666 ἀναπετασθείσας
3025 599 3204 667 (τοῦτο
3224 601 3331 672 γάρ
3359 603 3508 653 ἐστιν
3533 601 3565 672 ἡ
3585 602 3692 654 τῶν

2107 690 2438 762 ζητημάτων
2471 692 2670 764 λύσις),
2709 692 2828 746 τότε
2859 692 3105 763 ὀψόμεθα
3153 688 3353 766 πολλὴν
3384 689 3534 748 ἔνδον
3591 690 3692 764 τὴ)

2107 785 2410 856 ἀστραπήν.
2445 785 2555 839 Καὶ
2582 786 2689 854 γὰρ
2717 787 2828 848 τοῖς
2858 784 2952 836 τοῦ
2985 783 3294 854 πνεύματος
3331 785 3696 854 όδηγούμενος

2107 875 2424 946 ὀφθαλμοῖς,
2446 875 2626 928 πάντα
2641 891 2723 928 σοι
2751 873 3144 942 ἐπαγγέλλεται
3174 863 3444 927 δεικνῦναι
3469 877 3498 927 ό
3521 869 3691 927 τελώ-

2106 983 2206 1036 νης
2237 957 2412 1029 οὔτας’
2445 964 2548 1020 ποῦ
2593 966 2692 1036 μὲν
2734 967 2764 1019 ό
2795 964 3048 1034 βασιλεὺς
3069 965 3323 1035 κάθηται’
3350 966 3445 1020 καὶ
3464 966 3609 1029 τίνες
3640 966 3690 998 ⁸⁸

2107 1057 2257 1126 αὐτῷ
2285 1057 2393 1111 τῶν
2433 1057 2856 1128 στρατευμάτων
2877 1057 3277 1127 παρεστήκασιο
3305 1058 3400 1110 καὶ
3430 1058 3531 1111 ποῦ
3589 1058 3690 1128 μὲν

2107 1144 2346 1213 ἄγγελοι,
2380 1144 2484 1198 ποῦ
2511 1146 2568 1199 δέ
2595 1145 2922 1216 ἀρχάγγελοι
2940 1162 2954 1175 ·
2987 1146 3081 1198 καὶ
3125 1147 3210 1208 τίς
3228 1150 3340 1210 τοῖς
3365 1147 3506 1212 νέοις
3543 1149 3698 1201 πολί-

2105 1251 2228 1297 ταις
2260 1236 2319 1286 ἐν
2345 1237 2408 1305 τῇ
2440 1233 2592 1286 πόλει
2630 1233 2802 1304 ταύτῃ
2846 1232 2964 1304 [18]
2996 1233 3160 1296 τόπος
3219 1233 3558 1305 ἀφώρισται,
3595 1237 3693 1288 καὶ

2109 1324 2238 1378 ποία
2268 1325 2302 1395 ἡ
2334 1325 2452 1377 ἐκεῖ
2471 1325 2714 1395 φέρουσα
2765 1323 2904 1387 ὁδόςο
2962 1324 3057 1377 καὶ
3085 1323 3209 1379 τίνα
3238 1325 3427 1378 ἔλαϐον
3453 1324 3603 1394 λῆξιν
3639 1329 3691 1379 οί

2110 1415 2324 1485 πρῶτον
2345 1413 2794 1485 πολιτευσάμενοι
2816 1416 2952 1478 ἐκεῖ,
2984 1416 3078 1469 καὶ
3093 1418 3142 1469 οἱ
3167 1415 3284 1487 μετ’
3304 1416 3564 1481 ἐκείνους,
3596 1417 3691 1470 καὶ

2107 1509 2156 1559 οί
2194 1506 2333 1576 μετά
2374 1505 2616 1569 τούτους·
2657 1506 2754 1560 καὶ¹
2803 1506 2904 1560 ὅσα
2950 1505 3060 1560 τῶν
3117 1506 3306 1577 δήμων
3355 1508 3580 1560 ἐκείνων
3626 1508 3696 1560 τά

2108 1598 2383 1667 τάγματα,
2418 1597 2512 1650 καὶ¹
2531 1597 2630 1650 ὅσα
2658 1596 2758 1666 τῆς
2799 1597 3016 1667 βουλῆς,
3040 1597 3137 1650 καὶ
3164 1597 3327 1650 πόσαι
3366 1596 3694 1667 ἀξιωμάτων

2111 1688 2381 1758 διαφοραί.
2417 1689 2509 1759 Μὴ
2541 1689 2720 1742 τοίνυν
2761 1689 2898 1759 μετά
2923 1687 3153 1760 θορύϐου
3187 1687 3280 1741 καὶ
3306 1689 3551 1759 ταραχῆς
3590 1689 3696 1741 είσ-

2113 1777 2301 1849 ίωμεν,
2340 1779 2477 1832 ἀλλά
2520 1779 2659 1850 μετά
2695 1780 2851 1848 σιγῆς
2882 1780 3168 1851 μυστικῆς.
3202 1779 3265 1832 EE
3296 1776 3407 1848 7&9
3436 1779 3528 1830 ἐπὶ
3565 1777 3694 1831 θεά·

2111 1888 2239 1942 τρου
2272 1873 2428 1943 σιγῆς
2459 1871 2660 1944 πολλῆς
2689 1872 3004 1942 γενομένης,
3037 1871 3156 1923 τότε
3187 1871 3255 1924 τά
3295 1870 3388 1923 τοῦ
3432 1869 3696 1941 βασιλέως

2109 1957 2544 2026 ἀναγινώσκεται
2565 1959 2890 2029 γράμματα,
2912 1958 3090 2027 πολλῷ
3128 1959 3326 2029 μᾶλλον
3354 1959 3446 2010 ἐπὶ
3475 1957 3573 2025 τῆς
3597 1957 3685 2010 πό.

2114 2048 2248 2110 λεως
2279 2048 2483 2118 ταύτης
2514 2047 2760 2112 ἅπαντας
2786 2049 2866 2103 δεῖ
2891 2049 3388 2112 κατεστάλθαι,καὶ
3419 2048 3607 2120 ὀρθαῖς
3637 2048 3687 2080 ⁸⁸

2112 2141 2230 2202 ταῖς
2247 2139 2446 2209 ψυχαῖς
2476 2141 2572 2192 καὶ
2585 2141 2703 2203 ταῖς
2722 2139 2913 2202 ἀκοαῖς
2938 2140 3177 2192 ἑστάναι.
3209 2139 3284 2192 Ού
3306 2138 3413 2210 γὰρ
3442 2138 3687 2206 ἐπιγείου

2111 2230 2274 2296 τινὸς,
2316 2229 2452 2284 ἀλλά
2466 2229 2560 2284 τοῦ
2580 2229 2688 2283 τῶν
2710 2229 2958 2299 ἀγγέλων
2987 2230 3258 2282 Δεσπότου
3286 2229 3357 2284 τὰ
3386 2228 3686 2300 γράμματα

2107 2319 2579 2389 ἀναγινώσκεσθαι
2617 2318 2818 2390 μέλλει.
2863 2320 2960 2372 Ἂν
3013 2318 3185 2382 οὕτως
3220 2320 3446 2382 ἑαυτοὺς
3488 2317 3687 2389 ῥυθμί-

2109 2429 2313 2481 σωμεν,
2347 2412 2442 2465 καὶ
2479 2410 2618 2481 αὐτὴ
2670 2409 2763 2464 τοῦ
2804 2410 3122 2481 Πνεύματος
3165 2412 3198 2481 ἡ
3232 2411 3389 2482 χάρις
3433 2410 3687 2480 ὁδηγήσει

2109 2503 2247 2576 μετά
2279 2503 2477 2574 πολλῆς
2504 2503 2789 2574 ἀκριϐείας
2809 2503 2979 2575 ἡμᾶς,
3003 2502 3097 2556 ml
3129 2501 3264 2573 πρὸς
3288 2501 3450 2554 αὐτὸν
3485 2498 3687 2570 ἥξομεν

2103 2598 2196 2652 τὸν
2231 2598 2422 2668 θρόνον
2446 2598 2540 2651 τὸν
2591 2596 2889 2668 βασιλικὸν,
2924 2595 3017 2649 καὶ
3051 2597 3269 2648 πάντων
3296 2591 3686 2664 ἐπιτευξόμεθα

2109 2695 2218 2749 τῶν
2275 2693 2515 2762 ἀγαθῶν,
2549 2692 2734 2763 χάριτι
2787 2689 2882 2744 καὶ¹
2921 2685 3300 2758 φιλανθρωπίᾳ
3343 2684 3434 2739 τοῦ
3477 2683 3686 2754 Κυρίου

2109 2785 2268 2856 ἡμῶν
2313 2784 2489 2854 Ἰησοῦ
2522 2781 2779 2855 Χριστοῦ,
2807 2775 2852 2850 ᾧ
2883 2783 2918 2854 ἡ
2949 2780 3075 2845 δόξα
3108 2779 3203 2834 καὶ
3229 2780 3291 2834 τὸ
3317 2777 3537 2848 κράτος,
3567 2777 3686 2846 ἅμα

2106 2876 2185 2946 τῷ
2206 2877 2381 2946 Πατρὶ
2397 2875 2492 2929 καὶ
2509 2873 2585 2944 τῷ
2624 2873 2762 2944 ἁγίῳ
2787 2871 3082 2942 Πνεύματι,
3108 2869 3204 2924 νῦν
3233 2869 3327 2923 καὶ
3355 2867 3442 2922 ἀεὶ
3479 2866 3574 2919 καὶ
3597 2865 3678 2927 είς

2109 2969 2233 3031 τοὺς
2257 2968 2460 3031 αἰῶνας
2485 2967 2595 3021 τῶν
2621 2965 2852 3019 αἰώνων.
2887 2963 3078 3033 Ἀμήν.

485 3092 529 3124 ιι
560 3093 628 3167 id
660 3108 770 3167 qm.
921 3091 987 3167 _“
1013 3091 1371 3167 ἀθλοφόρους]
1409 3094 1774 3167 θαλλοφόρους
1799 3097 1861 3152 Β.
1889 3097 1953 3152 C.
1982 3098 1992 3152 1

2121 3099 2170 3133 ⁸³
2197 3097 2487 3163 τεύξεσθαι
2523 3097 2588 3154 Ε.
2617 3104 2670 3151 et
2693 3109 2840 3167 corr.
2860 3089 3074 3167 ‘C._D.“
3117 3085 3302 3167 ’δνμέν
3329 3101 3440 3167 (ΗΠ.
3474 3085 3540 3141 Α.
3569 3083 3669 3138 νῦν

414 3175 526 3216 om.
561 3161 619 3216 Β.
663 3163 724 3218 C.
800 3163 848 3194 ⁸⁸
881 3161 1000 3216 τίνα
1035 3155 1173 3218 Εύιὶζ
1202 3155 1398 3233 ρτωιὲι*
1427 3163 1565 3221 Mor.
1585 3155 1723 3248 ’μ’οχ
1755 3155 1990 3238 στρατευ

2113 3187 2202 3223 ρων
2226 3155 2372 3222 ροιῖτ.
2403 3169 2464 3224 C.
2541 3167 2589 3201 ⁸⁸
2624 3165 2819 3237 ὀρθούς
2845 3163 2910 3215 Α.
2945 3161 3006 3216 Β.
3041 3159 3104 3213 Ι).
3139 3155 3307 3228 ριἰπ.
3341 3155 3404 3210 C.

439 3316 764 3334 _._L——-.._._

779 3323 1206 3336 _—-——~—-

1209 3325 1324 3334 *-

1876 3427 2117 3480 OMIAIA
2157 3427 2227 3481 ιιι.

417 3568 635 3632 Βίϐλος
685 3559 977 3632 γενέσεως
1032 3554 1258 3632 -Ἶῃοςοιξ
1293 3549 1572 3632 Χριστοῦ,
1624 3546 1757 3602 υἱοῦ
1803 3529 2006 3612 Δαυῒδξ

982 3627 1119 3680 υίοῦ
1165 3625 1436 3692 Ἀϐραάμ.

489 3743 560 3799 α’.
591 3739 740 3812 Ἀρα
778 3737 1056 3810 μέμνησθε
1088 3739 1187 3807 τῆς
1223 3731 1615 3806 παραγγελίας,
1657 3731 1721 3800 ἢν
1742 3729 1786 3760 ⁸⁷
1816 3725 2006 3797 πρώην

423 3832 803 3906 ἐποιησάμεθα
828 3830 965 3904 πρὸς
993 3830 1158 3900 ὑμᾶς,
1193 3825 1638 3897 παρακαλοῦντες
1679 3820 1817 3892 μετά
1847 3819 2006 3889 σιγῆς

421 3927 644 3995 ἁπάσης
677 3924 772 3976 καὶ
820 3919 1089 3990 μυστικῆς
1119 3917 1349 3990 ἡσυχίας
1389 3913 1607 3970 ἀκούειν
1631 3913 1740 3966 τῶν
1775 3909 2006 3980 λεγομέ-

422 4034 530 4072 νων
567 4016 842 4079 ἀπάντων;
861 4011 972 4066 Καὶ
1001 4011 1108 4083 γὰρ
1144 4010 1189 4042 ⁵⁸
1211 4008 1473 4081 μέλλομεν
1504 4005 1614 4058 τῶν
1641 4003 1801 4075 ἱερῶν
1837 4003 2007 4072 σὴμε-

425 4126 519 4181 ρον
555 4106 856 4161 ἐπιϐαίνειν
888 4102 1176 4176 προθύρων
1198 4116 1213 4128 ·
1249 4099 1328 4152 διὸ
1357 4099 1453 4152 καὶ
1493 4097 1592 4168 τῆς
1629 4092 2005 4166 παραγγελίας

424 4197 723 4270 ἀνέμνησα.
753 4197 819 4250 Et
842 4194 951 4266 7&9
1001 4193 1245 4247 Ἰουδαῖοι
1269 4189 1592 4261 κεκαυμένῳ
1611 4187 1748 4257 ὅρει,
1777 4186 1872 4240 καὶ
1899 4201 2002 4238 πυ-

427 4289 503 4369 ρὶ,
534 4289 628 4344 καὶ
657 4287 864 4356 γνόφῳ,
886 4286 980 4338 καὶ
1019 4284 1212 4353 σκότῳ,
1245 4283 1340 4335 καὶ
1359 4281 1552 4351 θυέλλῃ
1583 4277 1863 4350 προσιέναι

429 4367 734 4452 μέλλοντες,
771 4377 970 4447 μᾶλλον
995 4377 1050 4428 δέ
1073 4374 1194 4427 οὐδὲ
1224 4373 1525 4444 προσιέναι,
1556 4369 1692 4424 ἀλλὰ
1721 4367 2004 4440 πόρρωθεν

425 4470 598 4533 ταῦτα
627 4469 722 4522 καὶ
755 4468 889 4537 ὀρᾷν
938 4466 1031 4518 καὶ¹
1056 4463 1295 4522 ἀκούειν,
1319 4461 1426 4531 πρὸ
1447 4459 1612 4532 τριῶν
1628 4457 1847 4529 ἡμερῶν
1884 4457 2005 4508 ὲκε-

427 4559 646 4614 λεύοντο
657 4558 910 4628 γυναικὸς
929 4553 1248 4627 ἀπέχεσθαι,
1268 4551 1437 4605 καὶτὰ
1455 4549 1645 4620 ἱμάτια
1673 4545 2000 4608 ἀποπλῦναι,

429 4652 522 4706 καὶ
559 4652 616 4703 ἐν
637 4650 826 4721 τρόμῳ
870 4643 1011 4719 ἦσαν
1037 4646 1130 4700 καὶ
1177 4644 1346 4714 φόϐῳ,
1399 4641 1496 4696 καὶ
1528 4638 1703 4704 αὐτοὶ,
1742 4638 1836 4691 καὶ
1886 4636 2003 4707 μετ’

426 4744 650 4798 ἐκείνων
677 4740 939 4811 Μωῦο-ἧςο
976 4737 1158 4808 πολλῷ
1200 4736 1400 4807 μᾶλλον
1421 4735 1568 4805 ἡμᾶς
1589 4731 1845 4785 τοιούτων
1873 4727 2002 4799 μέλ-

426 4833 615 4898 λοντας
665 4831 994 4886 ἀκούσεσθαι
1022 4831 1067 4862 ⁸⁸
1130 4829 1326 4895 λόγων,
1362 4827 1457 4880 καὶ
1501 4825 1564 4878 οὐ
1607 4823 1795 4892 πόῤῥω
1842 4820 2002 4887 ὅρους

422 4916 643 4968 ἑστάναι
677 4913 1095 4985 καπνιζομένου,
1155 4909 1270 4964 ἀλλ’
1320 4910 1399 4973 είς
1446 4909 1608 4963 αὑτὸν
1637 4909 1860 4964 εἰσιέναι
1905 4910 1997 4963 τὸν

421 5006 672 5076 οὐρανὸν,
719 5005 938 5058 πλείονα
957 5003 1065 5075 χρὴ
1100 4999 1500 5055 ἐπιδείκνυσθαι
1531 4999 1865 5070 φιλοσοφίαν,
1897 5001 1997 5072 οὐχ

425 5097 617 5166 ἱμάτια
648 5094 1074 5158 ἀποπλύνοντας,
1110 5093 1246 5146 ἀλλά
1291 5091 1390 5160 τὴν
1438 5090 1629 5162 στολὴν
1672 5091 1775 5161 τῆς
1819 5091 1997 5164 ψυχῆς

420 5188 860 5260 ἀποσμήχοντας,
897 5186 992 5238 καὶ
1046 5185 1224 5255 πάσης
1274 5183 1532 5255 βιωτικῆς
1583 5183 1997 5256 ἀπαλλαττομέο

420 5299 544 5351 νους
575 5279 796 5351 μίξεως.
849 5277 925 5329 Οὐ
964 5276 1073 5346 γὰρ
1101 5275 1298 5343 γνόφον
1328 5275 1544 5344 ὃψεσθε,
1583 5275 1704 5329 ούδέ
1767 5276 1995 5341 καπνὸν,

417 5373 540 5426 ούδέ
573 5369 823 5424 θύελλανο
858 5367 972 5421 ἀλλ’
1003 5366 1164 5420 αὑτὸν
1192 5366 1283 5420 τὸν
1305 5366 1538 5430 Βασιλέα
1569 5367 1878 5438 καθήμενον
1904 5367 1997 5422 ἐπὶ

416 5463 512 5517 τοῦ
544 5463 735 5533 θρόνου
762 5460 862 5531 τῆς
905 5459 1214 5530 ἀπορρήτου
1253 5455 1408 5524 δόξης
1443 5457 1675 5529 ἐκείνης,
1711 5459 1803 5512 καὶ
1832 5459 1999 5528 ἀγγέ-

416 5552 542 5616 λους
598 5551 690 5606 καὶ
736 5547 1110 5621 ἀρχαγγέλους
1143 5546 1492 5619 παρεστῶτας
1520 5548 1689 5615 αὐτῷ,
1733 5549 1825 5601 καὶ
1870 5550 1997 5612 τοὺς

350 5711 356 5718 _
415 5643 622 5713 δήμους
645 5639 753 5692 τῶν
777 5641 945 5708 ἁγίων
970 5638 1108 5711 μετά
1141 5638 1249 5692 τῶν
1285 5637 1526 5710 ἀπείρων
1555 5639 1828 5712 μυριάδων
1851 5639 1992 5692 ἐκεί-

415 5752 543 5790 νων.
575 5732 810 5805 Τοιαύτη
832 5733 941 5803 γάρ
964 5733 998 5802 ἡ
1034 5729 1128 5784 τοῦ
1152 5729 1285 5783 Θεοῦ
1321 5730 1497 5795 πόλις,
1527 5736 1625 5803 τὴν
1673 5729 1993 5802 Ἐκκλησίαν

416 5827 616 5896 ἔχουσα
645 5825 754 5879 τῶν
793 5825 1174 5895 πρωτοτόκων,
1199 5824 1268 5877 τὰ
1309 5822 1586 5891 πνεύματα
1615 5822 1722 5876 τῶν
1748 5823 1991 5891 δικαίων,

507 5958 555 6032 '_7
591 5951 656 6032 ἧς
692 5960 764 6032 Α.Δ
807 5956 1008 6032 Δδδμκαὶ
1037 5959 1167 6032 γὰρ]
1199 5963 1291 6015 καὶ
1316 5961 1422 6032 γὰρ
1445 5962 1539 6014 καὶ
1565 5961 1623 6015 Β.
1664 5964 1756 6015 καὶ
1785 5963 1880 6016 νῦν
1903 5962 2037 6017 Edd.

2121 3543 2218 3633 τὴν
2238 3544 2562 3633 ῌπανὴγυριν
2589 3549 2696 3604 τῶν
2721 3550 2990 3618 ἀγγέλων,
3021 3554 3082 3606 τὸ
3101 3549 3238 3626 αἷμα
3263 3555 3355 3611 τοῦ
3373 3558 3692 3633 ῥαντισμοῦ,

2115 3632 2181 3686 δι’
2209 3626 2270 3686 οῦ
2300 3635 2367 3687 τά
2392 3636 2568 3689 πάντα
2600 3641 2866 3712 συνὴφθη,
2891 3645 2985 3697 καὶ
3010 3647 3038 3698 ό
3065 3647 3110 3678 ⁶⁰
3145 3626 3380 3719 οὐρανὸς.
3398 3626 3610 3718 ἐδέξατο
3628 3626 3698 3710 τά

2115 3724 2223 3776 ἀπὸ
2247 3725 2352 3794 γῆς
2385 3725 2452 3789 ⁸⁸,
2482 3728 2575 3780 καὶ
2598 3728 2670 3798 γῆ
2698 3731 2766 3784 τά
2789 3732 2897 3786 ἀπὸ
2934 3734 3027 3788 τοῦ
3051 3737 3304 3808 οὐρανοῦ,
3336 3742 3432 3796 καὶ
3458 3747 3490 3812 ἡ
3525 3745 3692 3800 πάλαι

2119 3813 2428 3907 ποθουμένη
2452 3817 2545 3907 καὶ
2576 3818 2827 3886 ἀγγέλοις
2849 3825 2940 3876 καὶ
2966 3825 3139 3893 ἁγίοις
3165 3832 3534 3901 παραγέγονεν
3551 3836 3694 3907 είρήο

2123 3919 2213 3996 νη,
2245 3901 2334 3955 Ἐν
2364 3904 2534 3977 ταύτῃ
2557 3908 2616 3960 τὸ
2643 3910 2900 3980 τρόπαιον
2931 3915 3061 3987 ἔστη
3093 3917 3185 3971 τοῦ
3219 3923 3452 3988 σταυροῦ
3481 3921 3542 3976 τὸ
3559 3901 3702 3996 λάμ.

2125 3994 2261 4061 πρὸν
2313 3997 2408 4049 καὶ
2462 4003 2777 4069 περιφανὲς,
2830 4006 2901 4060 τὰ
2951 4008 3167 4080 λάφυρα
3204 4011 3298 4065 τοῦ
3335 4015 3599 4085 Χριστοῦ,
3634 3994 3703 4070 τὰ

2121 4085 2404 4156 ἀκροθίνια
2458 4089 2558 4160 τῆς
2589 4092 2804 4161 φύσεως
2845 4101 2943 4170 τῆς
2971 4101 3263 4174 ἡμετέρας,
3307 4103 3379 4158 τὰ
3409 4107 3582 4161 σκῦλα
3607 4108 3701 4162 τοῦ

2120 4177 2392 4270 Βασιλέως
2425 4183 2456 4252 ἡ
2467 4183 2606 4252 μῶνο
2640 4186 2813 4240 ταῦτα
2839 4188 2947 4260 γὰρ
2991 4191 3207 4248 ἅπαντα
3235 4197 3344 4249 ἀπὸ
3377 4199 3487 4252 τῶν
3527 4200 3703 4270 Εὐαγ-

2119 4265 2313 4360 γελίων
2341 4270 2598 4341 εἰσόμεθα
2621 4275 2760 4343 μετὰ
2779 4278 3081 4349 ἀκριϐείας.
3101 4283 3218 4337 Κᾶν
3245 4285 3544 4358 ἀκολουθῇς
3567 4265 3702 4360 μετά

2121 4357 2348 4428 ἡσυχίας
2375 4361 2474 4431 τῆς
2499 4366 2902 4438 προσηκούσης,
2941 4371 3284 4445 δυνησόμεθά
3330 4394 3390 4428 σε
3432 4357 3702 4449 περιαγα-

2119 4449 2236 4514 γεῖν
2277 4452 2576 4521 πανταχοῦ,
2631 4457 2725 4510 καὶ
2770 4458 2962 4526 δεῖξαι,
3015 4461 3118 4516 ποῦ
3157 4465 3256 4534 μὲν
3287 4467 3315 4518 ὁ
3345 4465 3573 4532 θάνατος
3611 4472 3704 4524 ἀν-

2124 4537 2582 4632 εσκολοπισμένος
2607 4550 2805 4602 κεῖται*
2830 4550 2934 4604 ποῦ
2962 4553 3019 4606 δέ
3041 4555 3072 4624 ἡ
3095 4556 3335 4627 ἁμαρτία
3354 4560 3699 4632 κρεμαμένη’

2123 4623 2225 4677 ποῦ
2255 4627 2312 4718 δὲ
2337 4628 2405 4718 τὰ
2425 4631 2595 4686 πολλά
2618 4637 2713 4690 καὶ
2753 4640 3030 4710 παράδοξα
3199 4623 3291 4699 τοῦ
3324 4623 3559 4718 πολέμου
3582 4623 3705 4703 τού-

2120 4730 2237 4810 του,
2261 4717 2370 4810 ἀπὺ
2399 4719 2445 4752 ⁶¹
2492 4723 2593 4794 τῆς
2641 4727 2823 4799 μάχης
2846 4732 3051 4804 ταύτης
3079 4735 3405 4808 ἀναθήματα
3446 4741 3512 4792 ⁸³.
3544 4741 3704 4810 "QQ/st.

2121 4808 2218 4904 καί
2253 4807 2347 4863 τὸν
2376 4811 2638 4883 τύραννον
2670 4820 2900 4876 ἐνταῦθα
2931 4807 3248 4897 δεδεμένον,
3266 4807 3369 4883 καὶ
3399 4831 3507 4884 τῶν
3536 4807 3703 4904 αίχ-μ-

2117 4897 2340 4995 αλὼτων
2370 4904 2431 4957 τὸ
2465 4905 2665 4976 πλῆθος
2695 4913 2980 4983 ἑπόμενον,
3007 4920 3100 4971 καὶ
3133 4919 3232 4991 τὴν
3258 4923 3577 4994 ἀκρόπολιν,
3597 4897 3704 4995 ’ἀφ’

2115 4983 2182 5090 ᾖς
2209 4994 2236 5044 ὁ
2270 4997 2465 5090 μιαρὸς
2496 4999 2705 5072 δαίμων
2732 5009 2938 5074 ἐκεῖνος
2990 4983 3207 5068 ἅπαντα
3261 4983 3575 5090 κατέδραμε,
3612 4983 3704 5074 τόν

2114 5080 2425 5176 ἔμπροσθεν
2456 5091 2667 5159 χρόνον⁸
2699 5095 2820 5164 ὄψει
2875 5099 2964 5152 τοῦ
2999 5101 3198 5176 λῃστοῦ
3241 5104 3336 5170 τὰς
3378 5080 3704 5172 καταδύσεις

2114 5174 2210 5228 καὶ
2263 5176 2331 5231 τὰ
2364 5181 2623 5253 σπήλαια,
2675 5187 3011 5259 διερρωγότα
3037 5174 3241 5251 λοιπὸν
3291 5195 3408 5270 [‘20]
3437 5201 3527 5252 καὶ
3565 5202 3698 5254 ἀνα-

2114 5270 2459 5358 πεπταμένα·
2481 5275 2574 5328 καὶ
2598 5276 2707 5350 γὰρ
2727 5281 2820 5334 καὶ
2851 5282 2970 5336 ἐκεῖ
3006 5288 3337 5358 παρεγένετο
3365 5291 3393 5343 ὁ
3411 5291 3695 5356 Βασιλεύς.

2125 5356 2284 5412 Ἀλλὰ
2315 5361 2388 5451 μὴ
2417 5362 2734 5440 ἀποκάμῃς,
2785 5371 3058 5444 ἀγαπητέο
3087 5356 3226 5431 οὐδὲ
3253 5379 3362 5450 γὰρ
3389 5382 3437 5432 εἰ
3461 5381 3699 5451 πόλεμόν

2113 5465 2195 5546 τις
2217 5450 2472 5546 αἰσθητὸν
2500 5455 2760 5526 διηγεῖτο,
2799 5465 2893 5518 καὶ
2921 5467 3180 5537 τρόπαια,
3210 5471 3305 5524 καὶ
3327 5472 3502 5536 νίκας,
3535 5476 3698 5546 >όρον

2113 5537 2302 5605 ἔλαϐες
2330 5543 2395 5596 ἄν
2414 5545 2460 5576 ⁸⁵
2481 5563 2494 5575 ·
2537 5547 2654 5600 ἀλλ’
2675 5552 2796 5605 ούδέ
2828 5555 2995 5608 σιτίον
3020 5557 3138 5611 οὐδὲ
3170 5561 3331 5614 ποτὸν
3367 5563 3472 5626 πρὸ
3495 5537 3697 5635 ταύτης

2113 5630 2178 5684 ἂν
2203 5633 2327 5730 έθου
2477 5641 2737 5714 ἱστορίας.
2779 5648 2844 5701 El
2877 5649 2933 5701 δὲ
2967 5652 3148 5723 ἐκείνη
3192 5655 3398 5726 ποθητίι
3444 5630 3695 5730 ὴδιήγη-

2115 5726 2424 5818 σιςὶπολλῷ
2453 5732 2654 5801 μᾶλλον
2675 5735 2834 5809 αῦτη.
2887 5743 3171 5815 Ἐννόησον
3198 5748 3307 5817 γὰρ
3331 5726 3517 5818 ἡλίκον
3550 5726 3694 5804 ἐστίν

2111 5815 2362 5888 ἀκοῦσαι,
2392 5823 2509 5888 πῶς
2543 5826 2642 5896 μὲν
2695 5830 2759 5884 ἐκ
2793 5831 2901 5887 τῶν
2939 5835 3184 5909 οὐρανῶν
3229 5840 3319 5892 καὶ
3358 5839 3465 5893 τῶν
3489 5840 3695 5909 θρόνων

2135 5966 2425 6047 δι”-ἀκούειν
2457 5965 2592 6020 Edd.
2671 5969 2722 6047 “-
2747 5970 2774 6020 ὸ
2804 5971 3007 6047 on_1.__C.
3034 5970 3129 6047 D.‘
3200 5972 3374 6047 :‘fzﬁg
3412 5976 3514 6047 γῆς
3545 5975 3682 6033 Edd.

435 6026 479 6060 °'
509 6026 643 6100 ἀπό]
671 6028 764 6081 καί
791 6028 855 6082 Α.
896 6029 955 6083 Ε.
1035 6031 1076 6062 ⁸³
1109 6026 1290 6106 ἀναθ]
1317 6026 1575 6088 τά’ἁ“)αθ.
1613 6033 1676 6087 Α.
1725 6033 1786 6088 C.
1821 6032 1883 6088 E.
1962 6034 1992 6066 ⁶¹

2113 6035 2336 6107 ίμϐανες
2360 6047 2412 6093 cl
2451 6052 2576 6091 mox
2615 6039 2798 6096 σιτίων
2833 6040 2950 6094 οὐδὲ
2990 6042 3169 6097 ποτῶν
3198 6042 3332 6099 Edd.
