4066 6468
415 383 485 439 23
1580 383 1646 439 IN
1686 382 2111 441 nummum
2143 382 2382 450 nonut.
2446 384 2512 440 tt.
3279 349 3286 355 ’
3658 405 3732 462 ει

424 506 598 566 potes,
615 495 720 554 sub
738 497 936 569 quibus
957 499 1226 570 praeterito
1257 507 1496 570 tempore
1522 501 1762 556 militasti
1793 521 1806 557 :
1833 503 2026 557 etiam—

423 604 528 660 que
547 591 956 662 agouothetam,
988 606 1308 646 coronarum
1338 591 1737 657 distributores,
1761 603 1815 647 et
1834 594 2021 658 duces,

423 697 543 751 qua:
572 697 664 738 rcs
696 681 832 737 nihil.
864 682 955 738 tibi
991 682 1247 752 prodesse
1274 683 1470 737 valent.
1503 683 1633 751 Quis
1661 700 1790 740 vero
1816 685 1923 738 dux
1955 685 2026 738 sit

421 773 474 827 in
504 772 603 828 bac
629 772 698 828 tle
722 787 824 843 qua
850 773 1118 843 loquimur
1137 773 1372 840 civitate,
1398 774 1519 844 quis
1541 775 1765 844 primus,
1790 776 1910 846 quis
1935 790 2024 831 se-

416 857 645 925 cundus,
674 862 796 930 quis
821 863 1030 928 tertius,
1061 863 1146 917 vel
1167 872 1365 932 quanto
1386 865 1610 935 quisque
1631 876 1873 938 tempore
1898 884 2012 925 me-

418 953 608 1020 ruerit,
651 953 846 1023 quidve
893 955 1150 1024 prmclare
1193 958 1442 1027 gesserit,
1487 975 1556 1014 ne
1601 975 1696 1030 per
1742 963 2008 1017 somnium

416 1045 638 1114 quidem
669 1046 936 1115 cogitasti.
970 1047 1042 1102 De
1077 1047 1288 1118 legibus
1331 1064 1461 1103 vero
1500 1049 1658 1120 hujus
1683 1052 1914 1108 civitatis
1944 1070 2012 1110 ne

416 1141 554 1195 alios
600 1141 814 1211 quidem
863 1141 1142 1212 loquentes
1189 1143 1425 1199 sustines
1471 1145 1681 1200 audire.
1730 1146 2012 1214 Quomodo

416 1233 603 1304 igitur,
651 1234 736 1288 die
781 1234 934 1300 mihi,
982 1235 1246 1305 promissa
1289 1235 1432 1291 bona
1463 1245 1517 1290 te
1553 1249 2011 1307 consequuturum

415 1340 625 1396 speras,
657 1326 745 1396 qui
779 1341 878 1380 nec
902 1326 1062 1381 dictis
1106 1326 1172 1381 ad
1201 1327 1289 1381 illa
1316 1329 1682 1397 spectantibus
1726 1331 2014 1387 attendas?

417 1416 620 1471 Verum
647 1417 691 1470 si
738 1417 790 1470 id
821 1431 928 1471 non
956 1426 1082 1472 ante
1129 1418 1479 1487 pnustitimus
1501 1461 1515 1484 ,
1546 1419 1629 1474 vel
1661 1435 1804 1476 nunc
1837 1421 2012 1480 facere

415 1525 688 1565 curemus.
718 1510 933 1564 Etenim
962 1511 1005 1565 si
1033 1511 1174 1565 Deus
1205 1510 1256 1565 id
1284 1512 1644 1580 concesserit,
1677 1512 1864 1568 urbem
1891 1515 2011 1570 adi-

421 1602 526 1655 turi
577 1615 763 1655 sumus
810 1615 1059 1667 auream,
1091 1611 1145 1655 et
1189 1602 1381 1670 quovis
1429 1615 1564 1656 auro
1613 1603 2008 1672 pretiosiorem.

417 1695 548 1764 Ejus
577 1709 703 1764 ergo
729 1694 1073 1750 fundamenta
1103 1695 1376 1750 discamus
1397 1737 1411 1760 ,
1445 1696 1561 1766 ejus
1585 1707 1769 1768 portas
1796 1714 1862 1753 ex
1888 1714 2012 1771 sap-

416 1786 575 1856 phiro
603 1794 658 1841 et
684 1787 990 1857 margaritis
1018 1795 1252 1840 structas
1284 1786 1600 1843 :ductorem
1641 1790 1839 1860 quippe
1869 1791 2012 1860 opti-

416 1894 566 1932 mum
596 1878 858 1934 habemus
878 1877 1207 1933 Matthaeum.
1239 1878 1342 1933 Per
1365 1880 1529 1948 ipsius
1551 1895 1780 1950 namque
1802 1893 2010 1950 portam

417 1987 564 2027 nunc
595 1974 874 2035 intramus,
904 1971 1183 2042 multoque
1210 1971 1366 2027 nobis
1395 1971 1573 2026 studio
1595 1981 1680 2027 est
1699 1988 1854 2043 opus.
1877 1973 2011 2029 Nam

417 2067 464 2121 si
491 2066 794 2136 quempiam
836 2063 1030 2120 viderit
1072 2079 1178 2118 non
1233 2073 1532 2129 attentum,
1562 2065 1740 2134 ejiciet
1783 2082 1849 2121 ex
1878 2067 2014 2122 civi-

419 2167 554 2211 tate.
586 2157 678 2210 Est
718 2156 916 2227 quippe
947 2155 1076 2210 urbs
1101 2155 1189 2210 illa
1233 2156 1465 2212 maxime
1493 2157 1638 2226 regia
1667 2166 1722 2212 et
1751 2157 1971 2213 illustris
1993 2199 2008 2224 ,

418 2264 597 2318 neque
625 2259 684 2302 ut
729 2249 890 2303 urbes
921 2258 1121 2304 nostra:
1141 2290 1155 2314 ,
1187 2249 1239 2302 in
1269 2248 1442 2303 lorum
1486 2258 1542 2304 et
1569 2251 1769 2320 regiam
1815 2251 2010 2306 distin-

416 2343 600 2412 guitur
627 2363 642 2396 :
674 2343 768 2396 sed
803 2342 872 2396 ibi
903 2343 1081 2396 omnia
1115 2345 1261 2413 regia
1301 2340 1454 2398 sunt.
1487 2345 1806 2414 Aperiamus
1836 2347 2014 2417 itaque

415 2433 615 2486 mentis
653 2433 882 2502 januas,
926 2433 1231 2502 aperiamus
1277 2448 1471 2499 aures,
1515 2443 1570 2488 et
1607 2452 1728 2490 etim
1779 2445 2014 2494 tremore

417 2525 848 2596 plurimolimina
863 2525 1273 2596 transgressuri,
1298 2525 1498 2597 Regem
1521 2526 1672 2580 illum
1694 2526 2013 2585 adoremus:

409 2628 545 2672 nam
590 2618 676 2673 vel
718 2618 922 2688 primus
963 2632 1292 2688 congressus
1335 2619 1586 2673 scctatori
1626 2627 1885 2674 terrorem
1935 2620 2016 2673 in-

415 2721 604 2768 cutcre
635 2712 797 2767 valet.
828 2711 982 2768 Modo
1011 2710 1226 2783 quidem
1257 2721 1423 2782 porta:
1455 2712 1570 2767 ista:
1601 2712 1756 2774 nobis
1784 2711 2016 2768 occlusa:

619 3011 1924 3034 Μ

2139 505 2296 550 sunt:
2318 499 2532 565 quando
2558 507 2736 555 autem
2765 501 2894 558 istas
2915 511 3127 575 apertas
3154 506 3457 567 videbimus
3486 511 3626 580 (lucc
3649 527 3733 570 est

2135 587 2281 640 enim
2327 589 2680 658 quaestionum
2729 593 2987 666 solutio),
3027 605 3150 652 tunc
3179 601 3403 656 multum
3454 604 3598 660 intus
3624 605 3731 660 ful-

2132 692 2317 746 gorem
2349 680 2764 749 conSpiciemus.
2794 683 3028 754 Spiritus
3051 691 3192 744 enim
3221 693 3393 747 oculis
3413 694 3606 751 ductus
3629 713 3726 767 pu-

2136 769 2381 824 blicanus
2409 770 2517 839 hic,
2547 774 2728 828 omnia
2757 790 2816 831 se
2847 777 2938 831 tibi
2981 789 3323 837 ostensurum
3353 800 3475 842 esse
3504 788 3727 856 pollice-

2133 869 2220 914 tur
2250 879 2263 914 :
2293 861 2509 916 ubinam
2538 863 2652 919 Rex
2676 865 2894 933 sedi-at,
2921 872 3140 939 quinam
3173 874 3239 928 de
3265 878 3622 934 excercitibus
3653 881 3727 935 illi

2138 955 2348 1023 adsint;
2379 955 2594 1012 ubinam
2625 958 2734 1013 sint
2764 961 2961 1030 angeli,
2989 962 3082 1016 ubi
3109 965 3414 1034 archangeli
3441 983 3456 1020 :
3483 967 3602 1035 quis
3633 981 3730 1022 no~

2137 1050 2216 1103 vis
2261 1051 2412 1105 istius
2447 1051 2594 1106 urbis
2624 1053 2831 1108 civibus
2868 1057 2939 1110 sit
2979 1056 3268 1126 deputatus
3307 1059 3485 1124 locus;
3513 1075 3632 1129 qua:
3658 1061 3726 1115 sit

2138 1142 2222 1195 via
2241 1142 2379 1196 istuc
2404 1142 2641 1210 ducens;
2670 1160 2828 1215 quam
2851 1157 3050 1202 sortem
3075 1150 3381 1218 acceperint
3411 1150 3466 1215 ii,
3490 1151 3577 1219 qui
3603 1159 3727 1204 sunt

2135 1231 2366 1301 primum
2397 1233 2519 1288 istic
2550 1234 2696 1289 cives
2720 1235 2938 1291 admissi
2963 1279 2977 1302 ,
3011 1247 3066 1292 et
3107 1248 3230 1307 post
3272 1239 3370 1295 hos
3394 1242 3634 1307 secundi,
3663 1256 3726 1296 ac

2132 1321 2326 1376 deinde
2357 1323 2495 1376 tertii
2523 1339 2536 1375 :
2569 1333 2701 1394 quot
2724 1324 2833 1378 siut
2861 1325 3074 1380 illorum
3107 1329 3300 1382 civium
3333 1331 3571 1397 ordines,
3596 1339 3727 1400 quot

2131 1421 2376 1466 senatum
2405 1414 2757 1479 constituant,
2783 1417 3249 1487 quotdignitatum
3279 1419 3613 1475 discrimina.
3645 1421 3724 1477 Ne

2132 1502 2312 1568 itaque
2337 1518 2457 1557 cum
2487 1506 2714 1560 tutnultu
2737 1515 2790 1561 et
2813 1510 3042 1578 strepitu
3072 1509 3456 1580 ingrediamur,
3485 1513 3578 1566 sed
3601 1528 3723 1568 cum

2130 1592 2346 1648 silentio
2373 1598 2622 1666 mystico.
2654 1598 2708 1652 Si
2745 1599 2889 1653 enim
2922 1601 2974 1654 in
3003 1601 3215 1656 theatro
3255 1617 3376 1656 cum
3423 1618 3617 1674 magno
3646 1607 3722 1660 si-

2131 1685 2299 1740 lentio
2327 1686 2671 1756 Imperatoris
2712 1690 2882 1745 litera:
2927 1692 3181 1761 leguntur
3210 1709 3227 1748 :
3259 1696 3427 1749 multo
3472 1699 3640 1768 magis
3671 1702 3720 1755 in

2131 1775 2230 1830 hac
2261 1778 2390 1832 urbe
2414 1780 2593 1834 omnia
2628 1781 2804 1836 sedari
2830 1793 3059 1851 oportet,
3087 1793 3252 1854 atque
3277 1788 3500 1842 arrectis
3527 1791 3722 1847 animis

2124 1872 2177 1915 et
2198 1865 2415 1920 auribus
2440 1870 2690 1925 standum
2717 1882 2802 1928 est
2821 1875 2859 1928 ί.
2883 1875 2998 1931 Νοη
3020 1878 3162 1933 enim
3185 1881 3386 1938 terreni
3411 1883 3708 1953 cujuSpiam

2119 1953 2284 2023 regis,
2313 1958 2407 2011 sed
2435 1962 2745 2030 angelorum
2773 1965 2981 2022 Domini
3005 1971 3201 2042 scripta
3229 1973 3455 2043 legenda
3482 1986 3625 2030 sunt.
3653 1976 3710 2032 Si

2122 2043 2192 2097 ita
2239 2061 2337 2103 nos
2361 2065 2687 2120 componere
2733 2057 3092 2127 voluerimus,
3126 2063 3240 2132 ipsa
3271 2064 3503 2134 Spiritus
3541 2069 3709 2137 gratia

2118 2150 2238 2190 cum
2268 2155 2455 2210 magna
2484 2141 2758 2215 diligentia
2787 2163 2884 2205 nos
2914 2151 3186 2221 deducet,
3217 2155 3280 2210 ad
3313 2157 3595 2227 ipsumque
3625 2174 3710 2212 re-

2116 2229 2260 2298 gium
2292 2233 2484 2288 solium
2526 2239 2865 2307 accedemus,
2895 2242 3141 2314 bonaque
3179 2248 3358 2301 omnia
3407 2264 3709 2319 conseque-

2118 2334 2257 2384 mur,
2282 2323 2450 2390 gratia
2473 2334 2527 2380 et
2547 2325 2877 2398 benignitate
2905 2334 3113 2389 Domini
3141 2339 3308 2391 nostri
3333 2338 3459 2393 Jesu
3484 2339 3706 2405 Christi,

2116 2412 2199 2463 cui
2227 2413 2396 2481 gloria
2440 2427 2494 2471 et
2531 2419 2811 2489 imperium
2841 2439 2964 2478 cum
2995 2426 3151 2482 Patre
3179 2438 3233 2483 et
3261 2442 3448 2486 sancto
3479 2431 3703 2502 Spiritu,

2116 2517 2257 2557 nunc
2282 2513 2336 2559 et
2361 2521 2594 2578 semper,
2626 2521 2682 2566 et
2705 2513 2756 2566 in
2783 2518 2978 2570 saecula
3010 2520 3350 2575 saeculorum.
3382 2525 3574 2580 Amen.

2180 2701 2194 2732 ι
2231 2702 2419 2766 Morel.,
2443 2709 2648 2761 arrectis
2670 2711 2872 2766 auribus
2892 2720 3117 2770 standum
3139 2729 3227 2774 est.

1933 3019 3098 3044 WW—

1821 3207 2178 3270 HOMILIA
2220 3211 2303 3272 ll.

407 3439 536 3495 Car.
573 3442 610 3493 Ι.
637 3456 688 3493 v.
712 3445 759 3496 Ι.
786 3442 935 3509 Liber
958 3452 1293 3512 generationis
1321 3444 1446 3499 Iesu
1470 3445 1658 3500 Christi
1687 3448 1781 3516 [iiii
1809 3446 1995 3514 David,

1003 3533 1102 3601 ﬁlii
1122 3533 1396 3586 Abraham.

485 3664 535 3716 l.
582 3662 865 3718 Atlentione
933 3665 1245 3718 audientium
1307 3667 1560 3735 excitata,
1609 3667 1998 3738 descriptionem

406 3755 552 3824 regni
562 3754 771 3808 calcatis
790 3755 1040 3809 adoritur.
1059 3786 1130 3796 ——
1144 3757 1222 3810 Au
1239 3758 1553 3812 meministis
1577 3759 1955 3816 admonitionis
1977 3803 1995 3829 ,

407 3860 512 3914 qua
540 3859 708 3913 super
731 3860 828 3900 vos
854 3846 1047 3900 hortati
1079 3862 1284 3913 sumus,
1312 3858 1365 3901 ut
1395 3863 1515 3902 cum
1540 3852 1683 3903 omni
1710 3851 1922 3907 silentio
1945 3862 2001 3910 et

406 3937 630 4008 mystica
648 3937 827 4006 quiete
849 3938 988 3992 dicta
1015 3940 1190 3994 omnia
1220 3941 1508 3996 audiretis?
1535 3942 1685 3996 Nunc
1713 3956 1894 3999 autem
1915 3959 2002 3998 sa-

407 4043 498 4083 cra
530 4030 710 4085 limina
739 4031 896 4086 hodie
915 4032 1105 4086 adituri
1136 4047 1354 4097 sumus;
1381 4033 1609 4103 ideoque
1633 4037 1784 4091 vobis
1803 4037 1999 4092 adhor-

408 4120 665 4175 tationem
695 4121 840 4176 illam
872 4122 925 4176 in
948 4132 1183 4177 mentem
1210 4125 1476 4180 revocavi.
1506 4125 1637 4179 Nam
1666 4127 1710 4180 si
1733 4126 1900 4182 Judaei
1932 4129 1995 4182 ad

409 4220 646 4268 montem
671 4213 974 4281 ardentem,
996 4215 1062 4268 ad
1093 4215 1290 4285 ignem,
1332 4215 1398 4270 ad
1420 4215 1720 4286 caliginem,
1743 4217 1810 4272 ad
1843 4227 1993 4272 tene-

409 4303 534 4357 bras
562 4313 616 4358 et
636 4305 918 4373 procellam
949 4306 1214 4360 accessuri
1240 4323 1256 4373 ;
1289 4306 1395 4361 imo
1419 4322 1523 4361 non
1552 4310 1822 4364 accessuri
1847 4350 1862 4374 ,
1898 4310 1991 4363 sed

407 4409 473 4450 ea
501 4395 732 4450 audituri
764 4396 973 4451 eminus
1008 4405 1062 4451 et
1107 4399 1269 4452 visuri
1299 4438 1316 4464 ,
1349 4398 1518 4453 tribus
1553 4408 1677 4453 ante
1707 4399 1896 4455 diebus
1930 4400 2002 4455 ab

409 4484 664 4539 uxoribus
703 4485 969 4540 abstinere
1003 4485 1363 4554 jubebantur,
1409 4498 1692 4557 veSIesque
1735 4490 1997 4557 abluere;

408 4584 570 4647 atque
595 4593 647 4631 tn
681 4577 872 4633 timore
898 4593 959 4632 ac
989 4586 1220 4634 tremore
1244 4578 1527 4649 degebant,
1546 4580 1863 4654 Moysesque
1880 4599 1999 4638 cum

408 4665 541 4735 ipsis
565 4684 579 4720 :
613 4669 780 4723 multo
806 4671 973 4739 magis
999 4684 1097 4724 nos
1123 4670 1249 4725 talia
1275 4671 1504 4726 audituri
1531 4673 1716 4738 verba,
1740 4688 1846 4729 non
1877 4689 2000 4744 pro-

408 4755 498 4809 cul
537 4772 566 4810 a
605 4769 786 4813 monte
824 4759 1058 4815 fumante
1087 4770 1324 4824 stantes,
1367 4763 1462 4817 sed
1504 4763 1674 4831 ipsum
1704 4765 1998 4835 ingressuri

407 4848 597 4901 caelum
623 4889 640 4914 ,
691 4849 948 4919 majorem
990 4852 1244 4909 debemus
1279 4856 1534 4914 exhibere
1563 4861 1952 4930 philosophiam
1974 4904 1992 4932 ,
2026 4839 2041 4847 -

406 4952 514 4991 non
546 4941 860 4996 vestimenta
890 4944 1188 5012 abluentes,
1216 4947 1310 5003 sed
1341 4951 1535 5021 anima:
1567 4955 1755 5008 stolam
1783 4956 1992 5011 abster-

403 5041 592 5099 gentes
612 5072 627 5097 ,
674 5044 730 5088 ot
769 5035 836 5090 ab
862 5038 1005 5091 omni
1037 5041 1371 5095 szrcularium
1414 5058 1594 5099 rerum
1621 5048 1998 5105 commixtione

411 5122 582 5177 liberi.
627 5123 746 5180 Non
775 5126 917 5181 enim
947 5129 1226 5200 caliginem
1271 5133 1560 5203 videbitis,
1605 5153 1711 5191 non
1755 5138 1992 5207 fumum,

410 5231 516 5271 non
557 5219 884 5287 procellam;
915 5222 1008 5276 sed
1037 5223 1208 5292 ipsum
1241 5225 1436 5296 Regem
1467 5228 1742 5286 sedentem
1774 5236 1828 5286 in
1864 5235 2001 5289 solio

407 5309 694 5368 ineﬂ'abilis
716 5313 859 5367 illius
883 5314 1084 5383 gloriae,
1104 5318 1429 5388 angelusque
1449 5329 1498 5374 et
1521 5323 1868 5392 archangelos
1900 5326 1999 5395 ipsi

412 5402 705 5472 adstantes,
738 5417 1149 5477 sanctorumque
1195 5411 1419 5479 populos
1462 5427 1581 5466 cum
1624 5416 1996 5472 innumerabili

412 5493 624 5547 illorum
653 5506 816 5550 coetu.
843 5497 988 5552 Talis
1018 5501 1210 5570 quippe
1238 5512 1321 5556 est
1350 5503 1535 5558 civitas
1561 5505 1672 5570 Dei,
1708 5507 1997 5561 Ecclc-siam

411 5585 812 5653 primitivorum
846 5589 1047 5645 habens
1068 5633 1083 5656 ,
1113 5593 1329 5662 spiritus
1351 5594 1613 5663 justorum
1637 5638 1652 5664 ,
1691 5598 1998 5666 angelorum

415 5677 800 5748 frequentiam,
828 5681 1140 5750 sanguinem
1171 5687 1495 5752 aspcrsiouis
1519 5726 1535 5753 ,
1562 5703 1671 5757 quo
1699 5689 1876 5742 omnia
1905 5703 1998 5744 co~

421 5771 688 5842 pulantur,
721 5773 911 5830 caelum
943 5782 1150 5830 terrena
1182 5777 1436 5848 suscepit,
1465 5785 1521 5832 et
1550 5785 1688 5834 terra
1717 5779 1946 5836 cwlcstia
1983 5799 1996 5835 :

2105 3482 2158 3525 et
2185 3471 2292 3539 jam
2326 3470 2453 3525 olim
2484 3469 2782 3525 desiderata
2812 3486 2909 3541 pax
2933 3471 3136 3540 angelis
3179 3481 3339 3541 atque
3365 3471 3565 3525 sani-tis
3590 3470 3691 3523 do-

2108 3573 2231 3618 nata
2261 3573 2362 3618 est.
2395 3565 2451 3619 In
2481 3565 2580 3619 hac
2607 3563 2739 3618 urbe
2765 3565 2939 3620 crucis
2967 3573 3224 3634 trepznum
3251 3565 3460 3620 illustre
3489 3565 3614 3619 illud
3642 3572 3698 3629 et

2107 3658 2450 3727 conspicuum
2482 3667 2718 3712 erectum
2752 3669 2836 3712 est
2871 3676 2884 3713 :
2912 3659 3080 3729 spolia
3105 3660 3320 3713 Christo
3349 3668 3492 3728 parta
3518 3699 3530 3720 ,
3563 3673 3695 3713 exu-

2109 3753 2205 3805 vize
2237 3761 2440 3802 naturae
2465 3757 2680 3813 nostrzr,
2716 3751 2978 3803 manubiae
3007 3750 3167 3819 Regis
3194 3749 3360 3802 nostri
3397 3766 3409 3801 :
3437 3763 3557 3817 qua:
3583 3763 3697 3801 om-

2115 3846 2202 3898 nia
2229 3860 2295 3899 ex
2331 3843 2619 3914 evangeliis
2663 3852 2911 3898 accurate
2954 3842 3242 3898 discemus.
3291 3842 3346 3898 Si
3395 3859 3516 3898 cum
3569 3859 3700 3898 eon-

2113 3937 2320 4004 gruenti
2351 3939 2529 4006 quiete
2555 3937 2815 4007 sequaris,
2851 3937 3148 4005 poterimus
3176 3947 3227 3991 te
3260 3953 3352 4006 per
3377 3947 3568 3992 Cuncta
3592 3939 3702 3992 cir—

2115 4027 2473 4092 cumducere,
2525 4028 2918 4097 ostendereque
2960 4027 3054 4084 tibi
3095 4028 3311 4082 ubinam
3362 4043 3506 4081 mors
3549 4028 3708 4085 aﬂixa

2109 4117 2316 4186 jaceat,
2349 4121 2434 4174 ubi
2479 4129 2754 4189 peccatum
2781 4134 3100 4188 StISpensum
3132 4120 3221 4184 sit,
3256 4121 3342 4174 ubi
3377 4121 3623 4190 plurima;
3644 4137 3708 4175 ac

2114 4209 2387 4264 mirabiles
2414 4226 2480 4263 ex
2512 4209 2612 4263 hoc
2657 4209 2830 4276 bello,
2861 4225 2924 4264 ex
2967 4210 3067 4264 hac
3097 4226 3268 4280 pugna
3298 4211 3581 4265 manubite.
3613 4211 3707 4266 Vi—

2111 4299 2266 4356 dehis
2292 4311 2345 4358 et
2372 4312 2656 4374 tyrannum
2687 4303 2923 4357 vinctum
2950 4317 3070 4356 cum
3105 4303 3442 4360 multitudine
3468 4305 3708 4374 captivo-

2114 4408 2231 4447 rum
2260 4404 2542 4464 sequente,
2560 4403 2616 4448 et
2642 4409 2845 4460 arcem,
2874 4409 2940 4448 ex
2969 4408 3070 4462 qua
3101 4394 3339 4464 impurus
3362 4395 3449 4450 ille
3472 4395 3706 4464 dmmon,

2115 4487 2382 4554 praeterito
2407 4497 2670 4556 tempore,
2703 4488 2948 4542 incursus
2974 4488 3025 4541 in
3057 4490 3236 4544 omnia
3269 4489 3494 4544 faciebat
3523 4508 3536 4543 :
3568 4491 3711 4544 vidc-

2113 4577 2196 4632 bis
2217 4578 2377 4632 etiam
2407 4578 2538 4633 luris
2568 4579 2788 4633 latibula
2818 4586 2872 4634 et
2900 4579 3205 4649 speluncas,
3230 4580 3470 4650 diruptas
3493 4581 3710 4650 quidem

2112 4677 2166 4722 et
2193 4669 2480 4737 patefactas
2509 4687 2522 4723 :
2553 4685 2675 4723 nam
2708 4670 2778 4723 ibi
2809 4685 3021 4740 quoque
3049 4671 3160 4725 Rex
3187 4671 3374 4724 adfuit.
3413 4670 3608 4725 Verum
3641 4688 3708 4725 ne

2113 4757 2346 4826 fatiscas,
2369 4760 2564 4814 dilecte
2594 4779 2607 4814 :
2645 4776 2820 4830 neque
2846 4761 2989 4814 enim
3018 4762 3062 4815 si
3085 4762 3204 4831 quis
3235 4763 3431 4816 bellum
3461 4763 3562 4816 sub
3583 4779 3707 4817 sen-

2109 4866 2230 4908 sum
2257 4855 2454 4909 cadens
2480 4863 2790 4921 enarraret,
2840 4855 2882 4908 si
2919 4864 3116 4924 tropa=a
3147 4897 3158 4918 ,
3201 4855 3243 4907 si
3277 4854 3523 4908 victorias
3545 4896 3560 4922 ,
3595 4855 3712 4909 hare

2112 4960 2231 4999 cum
2260 4944 2472 5000 fastidio
2497 4947 2809 5016 exciperes;
2842 4947 2949 4999 ituo
2978 4961 3076 5000 nec
3117 4946 3292 5000 cibum
3321 4986 3334 5010 ,
3387 4962 3486 5001 nec
3526 4958 3708 5015 potum

2114 5037 2239 5092 huic
2265 5039 2555 5094 narrationi
2586 5049 2964 5108 anteponeres.
2998 5037 3149 5103 Quod
3180 5039 3222 5091 si
3257 5038 3344 5092 illa
3372 5039 3608 5106 jucunda
3630 5049 3712 5094 est

2113 5129 2374 5196 narratio,
2402 5129 2571 5183 multo
2593 5128 2762 5198 magis
2791 5127 2904 5181 haac
2930 5127 3054 5184 erit.
3076 5127 3353 5196 Perpende
3374 5133 3517 5182 enim
3539 5144 3712 5197 quan-

2117 5228 2226 5273 tum
2255 5220 2384 5274 illud
2416 5221 2484 5274 sit
2508 5217 2694 5273 audire
2714 5261 2729 5283 ,
2768 5218 3040 5288 quomodo
3078 5219 3218 5272 Deus
3249 5219 3316 5273 de
3337 5219 3469 5272 cado
3489 5258 3504 5282 ,
3537 5218 3711 5288 deque

2113 5312 2260 5382 regio
2287 5311 2423 5366 solio
2451 5325 2692 5382 surgens,
2727 5311 2776 5364 in
2802 5319 3024 5377 terram,
3051 5311 3209 5380 inque
3233 5312 3405 5380 ipsum
3436 5310 3705 5371 infernum

2112 5401 2370 5469 eruperit,
2412 5410 2467 5455 et
2495 5400 2550 5455 i'n
2570 5401 2685 5455 acie
2709 5401 2952 5456 steterit:
2976 5399 3244 5469 quomodo
3267 5399 3510 5456 diabolus
3539 5401 3710 5455 aciem

2113 5504 2168 5548 et
2197 5495 2310 5564 ipse
2338 5509 2488 5548 suam
2519 5504 2702 5547 contra
2734 5494 2898 5554 Deum
2933 5492 3268 5555 instruxerit;
3295 5490 3406 5547 imo
3447 5508 3553 5546 non
3581 5507 3710 5548 con-

2115 5595 2197 5641 tra
2241 5588 2404 5642 Deum
2437 5587 2636 5641 nudum
2658 5628 2672 5653 ,
2703 5587 2798 5641 scd
2831 5587 2994 5640 Deum
3028 5586 3079 5639 in
3121 5591 3307 5637 natura
3334 5583 3707 5642 absconditum

2114 5679 2363 5733 humana.
2395 5679 2654 5749 Quodque
2685 5678 2929 5732 mirabile
2951 5686 3051 5741 est,
3083 5683 3310 5730 mortem
3355 5687 3530 5731 morte
3556 5677 3707 5731 solu~

2113 5780 2220 5830 tam
2244 5773 2483 5839 videbis,
2525 5783 2579 5829 et.
2609 5771 2958 5835 maledictum
2997 5767 3282 5825 maledicto
3306 5770 3608 5831 sublatum;
3657 5783 3709 5830 (ιι
