4066 6426
387 386 459 440 25
1088 381 1145 438 Β.
1183 381 1467 440 IOANNIS
1504 379 1994 438 CHRYSOSTOMI
2034 379 2348 446 ARCIIIEP.
2386 383 2932 446 CONSTANTINOP.
3574 375 3644 432 26

369 507 464 562 per
487 507 606 564 qtre
632 491 877 546 diabolus
901 499 1024 545 ante
1045 489 1284 555 valebat,
1319 503 1414 558 per
1439 488 1624 544 eadem
1651 490 1766 560 ejus
1804 496 1952 548 solu-

375 601 482 644 tam
511 589 868 661 tyrannidem.
895 588 1254 657 Exsurgamus
1281 585 1472 656 igitur,
1504 595 1558 641 et
1587 599 1834 640 somnum
1878 586 1970 642 de-

372 683 646 752 pellamus
669 700 685 737 :
711 697 834 738 ecce
859 690 1038 751 portas
1064 681 1220 735 video
1247 680 1402 734 nobis
1439 687 1690 748 apertas;
1719 677 1814 734 sed
1846 694 1967 733 cum

371 777 518 830 omni
568 775 829 830 modestia
867 788 930 829 ac
971 783 1208 828 tremore
1241 771 1607 843 iugrediamur
1631 813 1647 838 ,
1689 771 1870 828 statim
1904 771 1968 825 li-

373 865 516 918 miua
548 874 811 935 petentes.
841 865 972 932 ρυω
1012 874 1137 918 sunt
1166 865 1351 918 istlnec
1395 863 1612 917 limina?
1641 862 1791 917 Liber
1819 878 1972 933 gene-

371 959 584 1013 rationis
606 957 732 1012 Jesu
757 957 944 1012 Christi
988 957 1084 1017 ﬁlii
1117 955 1283 1010 David
1315 999 1330 1023 ,
1375 956 1473 1024 ﬁlii
1515 954 1793 1010 Abraham.
1836 953 1974 1022 Quid

373 1051 552 1106 dicis?
578 1049 648 1106 de
678 1051 950 1121 unigenito
977 1051 1071 1105 Dei
1101 1050 1240 1105 Filio
1267 1057 1318 1105 te
1345 1049 1685 1119 quuuturum
1713 1064 1832 1103 esse
1865 1047 1978 1118 pol-

374 1141 647 1209 Iicebaris,
679 1150 735 1196 et
763 1141 1020 1196 Davidem
1049 1156 1316 1196 memoras
1340 1181 1356 1204 ,
1386 1139 1655 1194 hominem
1684 1148 1807 1209 post
1828 1137 1973 1194 mille

375 1234 762 1304 generationes
785 1241 987 1297 natum,
1018 1233 1296 1302 ipsumque
1320 1229 1454 1285 dicis
1476 1245 1594 1284 esse
1615 1238 1668 1284 et
1687 1239 1891 1299 patrem
1921 1237 1975 1283 et

377 1324 678 1394 proavum?
704 1323 984 1392 Exspecta,
1001 1337 1069 1376 ne
1093 1321 1252 1377 simul
1278 1322 1456 1375 omnia
1475 1321 1712 1375 ediscere
1732 1333 1978 1390 qumras;

378 1415 479 1471 sed
527 1415 725 1470 sensim
772 1423 931 1484 atque
959 1414 1233 1483 paulatim.
1277 1413 1336 1467 In
1383 1411 1566 1466 limine
1623 1410 1798 1465 solum
1828 1419 1978 1476 stas,

378 1507 554 1562 adhuc
584 1507 635 1560 in
664 1507 780 1574 ipso
805 1506 978 1568 ostio;
1011 1505 1135 1574 quid
1166 1504 1387 1559 festinas
1415 1503 1480 1558 ad
1502 1501 1800 1558 interiora?
1830 1500 1979 1556 Non—

380 1597 506 1651 dum
534 1597 799 1650 exteriora
827 1596 1007 1649 omnia
1050 1595 1218 1664 probe
1243 1594 1534 1664 explorasti
1570 1610 1583 1646 :
1619 1607 1792 1662 neque
1833 1593 1978 1646 enim

381 1687 528 1741 illam
559 1685 653 1740 tibi
679 1686 1079 1756 generationem
1131 1683 1305 1738 adhuc
1342 1697 1633 1747 recenseo;
1667 1682 1774 1737 imo
1813 1697 1986 1750 neque

382 1779 529 1832 illam
557 1793 677 1848 qua:
717 1785 837 1845 post
863 1777 1145 1845 sequitur,
1192 1791 1309 1844 qua:
1359 1773 1644 1829 iueﬂ‘abilis
1683 1784 1736 1828 et
1783 1788 1977 1828 arcana

383 1875 488 1922 est.
525 1867 743 1936 Ilocque
770 1866 865 1921 tibi
894 1875 1019 1920 ante
1050 1880 1138 1920 me
1167 1865 1329 1919 Isaias
1367 1863 1629 1934 propheta
1659 1863 1937 1918 denuntiat
1967 1877 1983 1916 :

392 1957 658 2027 siquidem
702 1957 817 2026 ejus
847 1957 1149 2026 paSsiunem
1179 1955 1476 2026 praedicans
1496 1998 1509 2020 ,
1543 1956 1815 2025 ipsiusque
1843 1955 1984 2008 circa

387 2050 572 2104 orbem
607 2059 871 2104 terrarum
903 2049 1292 2119 providentiam
1320 2049 1336 2080 ¹
1377 2067 1389 2102 :
1421 2048 1690 2103 admirans
1719 2048 1838 2116 quis
1863 2062 1984 2104 cum

388 2149 532 2194 esset
560 2140 687 2209 quid
733 2139 902 2196 l'actus
921 2140 1028 2204 sit,
1083 2155 1256 2210 quove
1296 2139 1666 2204 descenderit,
1714 2153 1901 2208 magna
1933 2145 1992 2194 et

387 2231 530 2284 clara
562 2246 694 2287 voce
721 2231 1070 2286 exclamaudo
1097 2231 1230 2286 dixit
1263 2249 1276 2284 :
1313 2229 1698 2284 Generationem
1741 2231 1850 2300 ejus
1875 2229 1991 2298 quis

389 2323 640 2376 enarrabit
667 2321 825 2392 (Isai.
849 2322 937 2374 5'3.
966 2320 1022 2380 8i
1047 2321 1072 2375 ἲ

458 2511 514 2565 2.
549 2509 843 2565 lncarnatio
867 2521 1112 2580 quantum
1138 2511 1423 2582 stupenda;
1453 2511 1703 2576 quomodo
1726 2527 1818 2564 nos
1844 2509 1987 2565 exal-

391 2613 480 2658 tet.
502 2601 730 2658 Christus
755 2601 908 2656 Vetus
935 2600 1310 2657 Testamentum
1336 2601 1484 2655 Νουο
1505 2603 1760 2672 adjunxit.
1791 2600 1858 2653 In
1896 2600 1992 2655 Ve-

391 2705 488 2754 teri
516 2697 831 2752 Testamento
858 2697 1047 2767 ﬁgura,
1065 2697 1118 2750 in
1139 2693 1286 2750 Novo
1313 2695 1596 2749 veritas.—
1623 2691 1743 2748 Non
1771 2707 1901 2764 ergo
1920 2691 1989 2748 de

392 2791 484 2845 illa
510 2788 856 2859 generatione
882 2787 1040 2842 nobis
1057 2801 1241 2842 sermo
1265 2794 1368 2849 est,
1395 2784 1489 2838 sed
1514 2783 1582 2839 de
1609 2784 1711 2838 hac
1734 2782 1989 2838 inferiore

391 2890 449 2934 et
478 2888 686 2934 terrena
708 2918 725 2946 ,
764 2893 884 2946 quae
914 2877 1226 2932 innumeros
1250 2875 1335 2930 sui
1369 2883 1535 2930 testes
1563 2873 1745 2929 habet.
1790 2873 1866 2928 De
1891 2871 1992 2927 hac

393 2986 558 3043 porro
583 2987 679 3041 pro
716 2971 855 3026 virili
887 2979 1072 3026 nostra
1101 2969 1400 3025 secundum
1444 2978 1718 3038 acceptam
1762 2967 1992 3038 Spiritus

398 3063 630 3134 gratiam
654 3104 669 3128 ,
713 3064 791 3118 sic
836 3077 1144 3118 sermonem
1189 3061 1552 3117 instituemus.
1593 3059 1776 3130 Neque
1813 3069 1990 3114 tamen

397 3155 536 3210 hanc
564 3170 686 3208 cum
731 3155 875 3209 omni
918 3155 1298 3224 perspicuitate
1340 3153 1608 3223 explicare
1655 3166 1988 3223 possumus:

396 3261 522 3301 nam
565 3254 620 3301 et
653 3245 767 3316 ipsa
797 3260 1012 3316 quoque
1040 3245 1329 3300 admodum
1359 3244 1620 3314 stupenda
1649 3251 1754 3298 est.
1781 3243 1860 3298 Ne
1888 3243 1991 3297 ita-

396 3353 504 3408 que
529 3338 717 3408 exigua
748 3344 802 3392 te
826 3335 1014 3391 audire
1044 3345 1197 3407 putes
1219 3377 1236 3404 ,
1268 3335 1393 3391 dum
1421 3334 1560 3390 hanc
1586 3334 1739 3390 audis
1762 3348 1993 3404 genera-

397 3431 632 3497 tionem;
665 3429 760 3485 sed
799 3439 1035 3486 mentem
1081 3429 1275 3496 excita,
1323 3436 1382 3484 et
1409 3429 1589 3484 statim
1617 3427 1948 3484 exhorresce
1972 3467 1988 3493 ,

398 3521 570 3577 Deum
597 3523 650 3576 in
681 3530 878 3577 terram
908 3523 1118 3576 venisse
1143 3519 1388 3576 audiens.
1421 3519 1552 3574 Illud
1597 3519 1744 3574 enim
1789 3520 1867 3574 sic
1894 3516 1994 3572 ad-

397 3611 702 3665 mirandum
723 3651 738 3675 ,
770 3609 851 3664 sic
881 3610 1304 3678 inexspectatum
1329 3617 1479 3676 erat,
1510 3617 1570 3662 ut
1586 3607 1758 3678 angeli
1786 3607 1839 3661 in
1862 3606 1996 3662 cho-

401 3715 522 3756 rum
552 3701 760 3755 collecti
787 3715 950 3769 super
976 3701 1077 3754 hac
1104 3716 1165 3756 re
1190 3715 1286 3770 pro
1315 3709 1430 3755 toto
1471 3700 1602 3755 orbe
1642 3700 1852 3755 Iaudem
1881 3700 1996 3769 glo-

399 3792 644 3860 riamque
669 3791 1048 3857 concinerent,
1095 3799 1150 3845 et
1187 3791 1467 3860 propheue
1491 3791 1602 3861 jam
1632 3791 1765 3846 olim
1791 3791 1860 3846 de
1897 3791 2000 3846 hac

401 3897 462 3938 re
488 3883 929 3954 obstupescerent
950 3925 965 3949 ,
993 3883 1134 3952 quod
1165 3882 1215 3936 in
1249 3891 1391 3938 terra
1411 3883 1556 3938 visus
1586 3892 1642 3938 et
1667 3897 1788 3938 cum
1818 3882 1998 3937 homi-

403 3975 559 4030 nibus
575 3984 920 4030 conversatus
935 3976 1002 4029 sit
1014 3975 1262 4046 (Baruch.
1279 3975 1333 4030 5.
1358 3974 1474 4044 58).
1487 3973 1698 4030 Etenim
1711 3973 1998 4030 admodum

402 4065 724 4136 stupendum
753 4075 833 4120 est
862 4065 1080 4133 audire,
1117 4067 1283 4122 Deum
1330 4065 1650 4123 ineffabilem
1676 4109 1692 4134 ,
1725 4065 2002 4122 inenarra-

403 4157 584 4221 bilem,
615 4157 1232 4226 incomprehensibilem,
1266 4157 1408 4212 Patri
1435 4159 1692 4229 aequalem
1717 4199 1734 4222 ,
1762 4173 1858 4227 per
1886 4159 1998 4214 vir-

403 4261 617 4317 gineam
646 4247 860 4302 venisse
884 4247 1120 4314 vulvam,
1142 4257 1198 4301 et
1219 4263 1289 4302 ex
1321 4247 1544 4303 muliere
1563 4249 1708 4303 nasci
1725 4247 1999 4317 dignatum

405 4353 548 4404 esse,
575 4352 813 4407 avosque
826 4338 1026 4392 habere
1046 4337 1299 4392 Davidem
1311 4347 1366 4393 et
1385 4337 1768 4394 Abraliamum.
1791 4339 1857 4393 Et
1873 4340 2000 4410 quid

406 4428 528 4484 dico
559 4427 817 4484 Davidem
839 4437 894 4482 et
915 4427 1312 4484 Abrahamum?
1340 4428 1472 4484 Nam
1498 4429 1642 4499 quod
1674 4429 1998 4498 horribilius,

407 4519 568 4574 ctiam
608 4519 862 4574 mulieres
891 4519 1008 4574 illas
1051 4519 1366 4575 meretrices
1396 4521 1449 4586 ²,
1498 4533 1631 4590 quas
1676 4521 1834 4590 paulo
1879 4530 2003 4576 ante

409 4612 724 4668 memoravi.
751 4611 878 4667 Ilaec
907 4612 1157 4679 audiens,
1189 4612 1425 4666 animum
1448 4614 1594 4683 erige
1612 4653 1628 4678 ,
1659 4621 1714 4666 et
1739 4613 1869 4667 nihil
1898 4614 2004 4669 vile

410 4704 698 4774 suspiceris
727 4721 740 4757 :
774 4703 1012 4775 illudque
1041 4703 1275 4760 maxime
1297 4705 1514 4772 mirare,
1540 4705 1681 4775 quod
1712 4706 1878 4761 Filius
1902 4747 1918 4771 ,
1949 4715 2005 4760 et

411 4795 675 4864 genuinus
697 4795 864 4851 Filius
886 4795 978 4851 Dei
996 4795 1116 4850 sine
1135 4795 1398 4865 principio
1417 4796 1725 4852 exsistcntis
1757 4812 1815 4851 se
1839 4798 2005 4852 ﬁlium

413 4886 629 4942 Davidis
653 4887 841 4944 audire
881 4904 1071 4959 passus
1114 4889 1223 4956 sit,
1267 4897 1326 4943 ut
1354 4897 1405 4945 te
1435 4889 1637 4946 faceret
1667 4891 1757 4946 Dei
1787 4891 1954 4946 lilium
1988 4909 2002 4946 :

411 4993 604 5048 passus
627 4987 711 5033 est
739 4995 796 5034 se
822 4992 1024 5050 patrem
1048 4981 1246 5038 habere
1269 4997 1506 5046 servum,
1531 4991 1590 5036 ut
1617 4983 1710 5036 tibi
1737 4997 1894 5038 servo
1915 4997 2010 5052 pa—

416 5079 551 5126 trem
599 5069 800 5124 faceret
843 5071 1146 5126 Dominum.
1200 5072 1386 5128 Viden‘
1431 5073 1613 5129 statim
1660 5089 1689 5127 a
1739 5075 2008 5146 principio

413 5175 658 5230 quamam
689 5160 798 5215 sint
819 5162 1136 5230 evangelia?
1165 5163 1316 5230 Quod
1346 5164 1391 5218 si
1421 5163 1490 5218 de
1519 5164 1624 5218 tuis
1651 5163 1867 5220 dubitas
1890 5207 1905 5230 ,
1939 5165 2009 5220 ab

415 5253 480 5308 iis
508 5267 628 5323 qua:
669 5250 738 5306 ad
780 5251 952 5321 ipsum
980 5262 1227 5323 spectant
1261 5254 1379 5308 lnec
1415 5264 1474 5310 ut
1500 5257 1688 5311 credas
1716 5257 2006 5312 inducaris.

416 5345 598 5416 Longe
621 5346 764 5400 enim
793 5345 1070 5400 dillicilius
1097 5357 1201 5412 est,
1229 5355 1488 5416 quantum
1512 5349 1578 5403 ad
1605 5349 1896 5404 humanum
1926 5350 2008 5404 in-

417 5441 687 5495 teilcclum
715 5441 964 5509 pertinet,
994 5439 1163 5496 Deum
1197 5440 1468 5496 hominem
1494 5442 1630 5510 ﬁeri,
1657 5461 1814 5515 quam
1834 5443 2009 5499 homi-

482 5630 507 5694 ξ
530 5627 651 5694 alii,
674 5624 1085 5694 misericordiam.
1256 5689 1296 5694 __
1486 5684 1495 5693 .
1559 5684 1569 5693 .

485 5688 512 5723 ι
540 5684 660 5748 \‘ox,
685 5686 981 5751 meretrices,
1008 5692 1154 5742 deest
1181 5705 1228 5740 in
1255 5684 1599 5748 Manuscriptis
1625 5684 1866 5750 plurimis.

2058 519 2182 558 nem
2222 503 2313 558 Del
2351 503 2520 557 lilium
2547 516 2687 556 esse.
2717 499 2856 554 Cum
2894 497 3060 568 igitur
3103 495 3261 552 audis
3307 491 3512 548 Filium
3546 493 3641 546 Dei
3683 538 3688 570 ί

2058 596 2228 651 lilium
2260 612 2383 652 esse
2412 593 2632 648 Davidis
2659 602 2712 647 et
2739 591 2992 654 Abrahae,
3020 589 3272 644 dubitare
3288 587 3402 656 jam
3426 586 3643 646 desine,
3683 579 3691 648 ἶ

2058 698 2110 743 te
2138 690 2311 742 lilium
2345 688 2473 744 Adae
2500 687 2671 740 lilium
2709 685 2800 740 Dei
2832 684 3076 738 futurum
3106 696 3248 736 esse.
3281 678 3467 748 Neque
3488 677 3641 732 enim
3685 663 3691 682 ³

2057 780 2264 836 l'ru5tra
2284 791 2339 835 et
2365 781 2640 835 incassum
2667 777 2908 847 seipsum
2932 776 3004 829 ita
3024 772 3386 834 ltumiliasset,
3409 768 3520 824 nisi
3545 783 3647 820 nos

2057 867 2396 928 exaltaturus
2417 879 2581 925 esset.
2609 869 2784 924 Natus
2803 879 2887 922 est
2905 868 3050 921 enim
3075 864 3376 920 secundum
3399 876 3650 922 carnem,
3693 851 3701 861 ’

2074 959 2132 1009 ut
2159 964 2211 1009 tu
2239 955 2535 1009 nascereris
2561 953 2852 1009 secundum
2865 955 3110 1025 spiritum
3139 973 3152 1008 :
3184 965 3336 1009 natus
3351 963 3436 1011 cst
3451 970 3515 1010 ex
3541 971 3665 1010 mu-

2073 1045 2228 1112 liere,
2281 1056 2338 1100 ut
2385 1055 2440 1099 tu
2477 1045 2755 1105 desineres
2801 1046 2940 1100 ﬁlius
2969 1062 3089 1102 esse
3134 1048 3398 1104 mulieris.
3440 1047 3672 1118 Ideoque

2075 1137 2271 1208 duplex
2295 1137 2567 1206 generatio
2590 1137 2706 1201 fuit,
2738 1145 2791 1190 et
2819 1153 2937 1207 qure
2967 1137 3156 1192 similis
3186 1149 3384 1194 nostrze
3413 1147 3578 1202 esset,
3616 1149 3674 1192 et

2077 1243 2197 1299 quze
2228 1238 2466 1282 nostram
2497 1227 2517 1258 ³
2543 1237 2908 1298 exsuperaret.
2933 1228 3142 1284 Etenim
3177 1246 3239 1284 ex
3274 1231 3498 1285 muliere
3526 1231 3672 1283 nasci

2081 1319 2238 1374 nobis
2267 1320 2542 1389 competit;
2573 1321 2714 1374 nasci
2737 1331 2915 1376 autem
2940 1337 3048 1376 non
3073 1338 3136 1376 ex
3168 1301 3451 1392 sanguine,
3477 1337 3585 1377 non
3609 1339 3676 1377 ex

2080 1414 2352 1467 voluntate
2379 1413 2476 1466 viri
2508 1421 2561 1468 et
2584 1414 2784 1480 carnis,
2813 1413 2906 1469 sed
2929 1429 2994 1468 ex
3025 1414 3226 1485 Spiritu
3257 1425 3444 1470 sancto
3463 1459 3477 1481 ,
3506 1432 3673 1485 gene-

2084 1507 2347 1562 rationem
2376 1523 2474 1562 nos
2513 1517 2923 1576 exsuperantem
2955 1517 3009 1562 et
3057 1507 3286 1562 futuram
3320 1509 3637 1578 prmuuntiat
3662 1549 3678 1573 ,

2082 1615 2203 1670 quze
2226 1615 2291 1654 ex
2320 1597 2522 1668 Spiritu
2567 1599 2720 1654 nobis
2745 1599 3087 1654 concedenda
3119 1612 3255 1654 erat.
3285 1599 3422 1665 Quin
3465 1608 3520 1652 et
3565 1616 3674 1653 cm.

2084 1701 2200 1748 tera
2237 1707 2454 1763 quoque
2507 1692 2686 1746 omnia
2736 1690 3043 1761 huiusmodi
3091 1699 3265 1745 erant.
3311 1691 3522 1745 Etenim
3571 1691 3678 1744 tale

2085 1794 2200 1842 erat
2228 1793 2282 1840 et
2310 1785 2581 1839 lavacrum
2602 1803 2614 1838 :
2635 1783 2905 1854 quidpiam
2936 1785 3080 1838 enim
3107 1799 3172 1840 ex
3197 1784 3386 1846 veteri,
3407 1783 3678 1854 quidpiam

2086 1877 2246 1932 etiam
2278 1891 2348 1930 ex
2391 1891 2528 1929 novo
2558 1874 2810 1930 habebat.
2842 1874 2972 1929 Nam
3017 1890 3050 1928 a
3094 1875 3352 1946 prepheta
3380 1875 3636 1944 baptizari
3664 1913 3684 1942 ,

2086 1983 2184 2039 per
2213 1966 2341 2023 illttd
2369 1976 2522 2021 vetus
2551 1967 2952 2036 exprimebatur
2977 1984 2991 2021 :
3020 1966 3280 2036 Spiritum
3327 1975 3505 2020 autem
3554 1981 3684 2019 san-

2088 2073 2234 2116 ctum
2251 2059 2600 2125 descendere,
2620 2074 2813 2112 novum
2831 2057 3218 2112 subindicabat.
3238 2057 3316 2113 Ac
3331 2056 3683 2128 quemadmo-

2091 2153 2218 2207 dum
2245 2153 2288 2205 si
2316 2151 2436 2220 quis
2465 2151 2518 2204 in
2566 2149 2744 2205 medio
2783 2159 2966 2216 stans,
3007 2149 3142 2204 duos
3191 2150 3325 2204 alios
3371 2148 3678 2218 sejunctas.

2092 2243 2343 2314 expansis
2370 2241 2481 2296 suis
2509 2241 2849 2310 arreptisque
2877 2240 3088 2294 illorum
3135 2242 3383 2310 tttrinque
3404 2238 3649 2294 manibus
3671 2279 3688 2300 ,

2093 2335 2436 2404 conjunxerit
2473 2333 2587 2386 :ita
2637 2341 2692 2388 et
2737 2333 2830 2387 ille
2875 2332 3032 2396 fecit,
3081 2332 3245 2387 Vetus
3286 2331 3690 2386 Testamentum

2096 2427 2242 2482 Novo
2285 2424 2618 2494 adiungens,
2668 2432 2911 2479 naturam
2965 2423 3196 2478 divinam
3249 2421 3539 2486 humanae,
3589 2437 3686 2474 sua

2095 2519 2315 2574 nostris.
2347 2515 2531 2571 Videu'
2555 2515 2700 2570 urbis
2747 2514 2969 2584 hujusce
2999 2513 3256 2584 fulgorem
3279 2555 3294 2581 ,
3322 2521 3690 2583 quantumque

2100 2621 2151 2666 te
2195 2626 2224 2664 a
2265 2608 2527 2679 principio
2576 2606 3005 2661 collustraverit?
3055 2604 3323 2674 quomodo
3373 2605 3463 2659 ti‘oi
3511 2619 3692 2671 regem

2100 2705 2279 2760 statim
2308 2701 2542 2757 ostendit
2569 2702 2620 2755 in
2657 2710 2745 2754 tua
2775 2699 2955 2768 Specie
2978 2738 2996 2765 ,
3026 2699 3176 2768 quasi
3205 2698 3256 2751 in
3287 2697 3464 2751 medio
3493 2697 3700 2751 exerci-

2103 2798 2195 2852 tu?
2222 2797 2404 2864 Neque
2433 2794 2574 2848 enim
2617 2793 2691 2847 ibi
2719 2807 2812 2846 rex
2842 2807 3057 2860 semper
3085 2791 3394 2860 dignitatem
3419 2804 3568 2843 suam
3602 2804 3696 2842 us-

2105 2889 2293 2954 tendit,
2321 2886 2416 2942 sed
2455 2886 2616 2940 missa
2657 2901 2890 2954 purpura
2919 2894 2972 2938 et
3013 2883 3314 2937 diademate
3346 2921 3361 2944 ,
3409 2881 3697 2935 militarem

2105 2995 2249 3049 saepe
2273 2987 2479 3033 vestem
2511 2976 2704 3030 induit.
2743 2973 2849 3030 Sed
2879 2973 2949 3027 ibi
2977 2972 3192 3042 quidem
3215 3013 3231 3038 ,
3263 2986 3331 3026 ne
3375 2979 3533 3024 notus
3571 2985 3702 3024 cunt

2106 3073 2197 3138 sit,
2228 3069 2412 3126 hostes
2438 3067 2504 3122 ad
2533 3082 2594 3122 se
2619 3064 2886 3129 attrahat;
2925 3063 3012 3118 hic
3037 3071 3224 3118 contra
3247 3103 3262 3124 ,
3295 3077 3362 3115 ne
3388 3070 3544 3114 notus
3573 3075 3699 3113 cum

2113 3171 2203 3236 sit,
2224 3167 2434 3224 hostem
2456 3184 2521 3223 ex
2550 3167 2830 3223 conflictus
2849 3163 3041 3218 timore
3067 3160 3120 3215 in
3150 3157 3325 3228 fugam
3345 3163 3538 3221 vertat,
3565 3167 3701 3208 neve

2113 3275 2241 3317 suos
2263 3262 2549 3317 conturbet
2576 3259 2837 3314 :salutem
2884 3257 3029 3309 enim
3071 3253 3239 3321 ipsis,
3282 3265 3386 3304 non
3436 3257 3699 3302 terrorem

2113 3351 2306 3408 aﬂ‘erre
2335 3353 2533 3407 studet.
2568 3350 2692 3406 Ideo
2715 3347 2892 3404 statim
2915 3347 3089 3417 ipsum
3107 3344 3200 3398 illo
3221 3341 3438 3396 nomine
3466 3337 3698 3402 vocavit,

2113 3459 2309 3514 nempe
2332 3443 2534 3498 Jesum.
2565 3442 2672 3496 Iloc
2691 3441 2890 3511 quippe
2910 3451 3104 3492 nomen
3133 3433 3289 3489 Iesus
3315 3447 3420 3486 non
3447 3429 3529 3485 est
3551 3428 3704 3484 Grar-

2112 3548 2258 3600 cum;
2283 3533 2377 3589 sed
2401 3533 2657 3588 llebraica
2681 3531 2854 3601 lingua
2873 3529 2951 3584 sic
2965 3526 3264 3598 appellatur
3285 3523 3461 3585 Iesus;
3490 3520 3540 3575 id
3557 3519 3701 3589 quod

2115 3624 2302 3680 Graece
2321 3624 2606 3694 signiﬁcat,
2633 3633 2816 3694 Σωτὴρ,
2843 3621 3091 3677 Salvator
3117 3636 3130 3672 :
3161 3617 3404 3672 Salvator
3427 3629 3588 3686 porro
3621 3613 3707 3667 di-

2112 3717 2274 3788 citur,
2295 3717 2437 3788 quod
2464 3718 2676 3777 salvum
2705 3715 2865 3771 faciat
2888 3711 3142 3785 populum
3163 3724 3342 3765 suum.

2196 3899 2247 3954 3.
2264 3897 2427 3954 Vides
2451 3897 2718 3968 quomodo
2737 3898 3035 3954 auditorem
3059 3898 3249 3962 erexit,
3271 3907 3530 3954 consueto
3557 3911 3712 3954 more

2121 3987 2284 4044 verba
2312 3987 2532 4057 faciens,
2559 4005 2623 4045 ac
2647 4006 2742 4060 per
2766 4005 2829 4046 ea
2859 4006 2978 4061 quae
3007 3990 3154 4057 dicit,
3183 3989 3272 4045 illa
3299 4005 3418 4060 qua:
3443 4003 3592 4059 spem
3619 4004 3711 4044 su-

2121 4091 2311 4150 perant
2335 4083 2490 4138 nobis
2519 4083 2765 4138 omnibus
2796 4083 3037 4139 indicat?
3064 4083 3196 4137 Nam
3227 4083 3502 4152 utriusque
3531 4081 3710 4136 nomi-

2119 4173 2203 4225 nis
2236 4188 2426 4244 magna
2450 4184 2568 4229 erat
2595 4174 2734 4243 apud
2759 4174 2973 4230 Iudices
3011 4174 3262 4244 cognitio.
3297 4173 3428 4241 Quia
3456 4172 3600 4229 enim
3631 4173 3713 4227 in-

2115 4273 2422 4332 exSpectata
2477 4265 2720 4335 quaedam
2775 4265 2978 4336 agenda
3023 4275 3220 4330 erant,
3270 4265 3380 4335 jam
3433 4265 3710 4320 nominum

2119 4354 2302 4424 ligurze
2327 4366 2749 4425 prmeesserant;
2780 4357 2852 4412 ita
2881 4366 2938 4412 ut
2961 4357 3070 4426 jam
3097 4358 3224 4412 olim
3256 4358 3432 4412 omnis
3459 4358 3711 4412 novitatis

2105 4458 2372 4514 tumultus
2386 4465 2684 4527 prazreptus
2699 4464 2861 4512 esset.
2875 4455 3034 4511 Iesus
3049 4470 3193 4510 enim
3210 4465 3432 4511 vocatur
3443 4454 3687 4525 qui,post

2106 4549 2368 4619 Moysem,
2389 4548 2648 4618 populum
2667 4547 2720 4602 in
2742 4555 2944 4602 terram
2966 4546 3345 4617 promissionis
3363 4546 3684 4602 introduxit.

2111 4640 2310 4695 Vidisti
2353 4638 2605 4708 ﬁguram,
2643 4637 2766 4692 vide
2807 4644 2862 4692 et
2906 4637 3207 4691 veritatem.
3254 4636 3348 4690 Ille
3387 4636 3441 4689 in
3486 4645 3688 4690 terram

2107 4730 2531 4802 promissionis,
2582 4729 2671 4783 hic
2713 4730 2767 4783 in
2806 4729 2997 4783 calum
3040 4737 3096 4782 et
3137 4728 3190 4782 in
3230 4727 3468 4782 caelestia
3508 4726 3722 4781 bonaz‘

2109 4823 2198 4876 ille
2244 4830 2366 4892 post
2425 4830 2652 4876 mortem
2695 4820 2896 4890 Moysis
2923 4860 2938 4885 ,
2983 4820 3072 4875 hic
3117 4827 3406 4890 postquam
3451 4819 3535 4873 lex
3579 4831 3689 4872 ces-

2112 4917 2256 4972 savit
2297 4934 2313 4972 :
2357 4915 2447 4970 ille
2479 4925 2542 4969 ut
2581 4915 2766 4985 populi
2811 4915 2944 4979 dux,
2995 4915 3082 4969 hic
3119 4923 3178 4969 ut
3202 4929 3318 4969 rex.
3369 4912 3472 4968 Sed
3518 4928 3586 4966 ne
3607 4910 3688 4965 Je-

2113 5021 2234 5062 sum
2273 5005 2498 5062 audiens
2536 5021 2600 5060 ex
2639 5007 2925 5061 nominum
2965 5005 3323 5059 similitudine
3359 5003 3654 5074 decipiaris
3678 5043 3694 5067 ,

2114 5095 2262 5152 aliud
2281 5096 2525 5152 subdidit
2551 5112 2565 5149 :
2593 5094 2723 5150 Iesu
2742 5096 2944 5150 Christi
2967 5096 3070 5163 ﬁlii
3096 5094 3297 5148 David.
3320 5094 3414 5148 Ille
3437 5108 3568 5147 vero
3590 5106 3696 5146 non

2115 5204 2180 5244 ex
2211 5187 2431 5254 Davide,
2460 5189 2554 5243 sed
2577 5203 2643 5243 ex
2665 5189 2770 5242 alia
2795 5189 2940 5243 tribu
2967 5195 3107 5243 erat.
3135 5187 3241 5242 Sed
3263 5201 3364 5241 cur
3385 5185 3586 5239 librum
3614 5197 3702 5236 vo-

2119 5286 2210 5334 cat
2233 5280 2606 5350 generationis
2626 5277 2755 5335 Jesu
2781 5280 3008 5345 Christi,
3036 5293 3161 5335 cum
3189 5289 3371 5333 tamen
3399 5291 3508 5331 non
3525 5275 3698 5331 solam

2180 5505 2202 5537 ³
2225 5511 2375 5562 Savil.
2401 5518 2456 5562 et
2483 5513 2914 5574 Morel.,naturam
2940 5521 3173 5565 nostram.
3200 5515 3302 5565 Sed
3325 5515 3699 5574 vox,naluram,

2121 5575 2268 5639 deest
2305 5576 2615 5639 inpmnibus
2637 5571 2768 5639 pene
2806 5575 3172 5639 Manuscriptis,
3204 5589 3297 5625 nec
3317 5571 3622 5636 exprimitur
3641 5571 3701 5639 ab

2124 5636 2334 5746 fumano.
2365 5636 2485 5686 Nam
2513 5631 2884 5702 vox,'nostram,
2910 5631 3128 5689 reici-tur
3145 5631 3206 5689 ad
3231 5631 3702 5700 vocem,generatio,

2186 5711 2287 5746 ora.

2185 5711 2287 5760 pra.
