4066 6464
438 470 505 523 35
960 501 971 512 -
1599 475 1663 531 IN
1701 479 2104 539 MATTH/EUM
2147 484 2372 541 IIOMIL.
2417 489 2477 545 ﬂ.
3672 495 3744 552 26

451 578 689 643 ἀναστὰς
737 581 853 635 τῶν
908 583 1224 654 βασιλικῶν,
1284 587 1378 641 καὶ
1421 587 1500 650 εἰς
1541 584 1639 657 τὴν
1671 585 1799 655 γῆν,
1836 584 1930 638 καὶ
1959 586 2040 649 εἰς

2157 592 2226 650 Εἰ
2267 590 2325 649 δὲ
2376 592 2492 667 [22]
2543 593 2900 664 ἀμφιϐάλλεις
2956 595 3083 662 περὶ
3131 591 3238 644 τῶν
3295 591 3425 652 σῶν.
3469 587 3576 642 ἀπὸ
3622 601 3734 641 των

449 669 614 724 αὑτὸν
646 671 738 725 τὸν
765 673 902 746 ᾅδην
917 676 1084 743 ἥλατο
1103 679 1132 732 ὁ
1160 678 1311 741 Θεὸς.
1339 679 1432 732 καὶ
1454 679 1546 731 ἐπὶ
1559 678 1658 748 τῆς
1681 677 2040 750 παρατάξεως
2156 690 2365 743 ἐκείνου
2389 689 2483 741 καὶ
2517 688 2691 740 ταῦτα
2739 687 2977 739 πίστευε.
3008 685 3147 738 Πολὺ
3175 684 3284 754 γὰρ
3310 680 3730 750 δυσκολώτερον,

451 759 606 832 ἔστη·
639 763 755 828 πῶς
785 767 843 820 δὲ
891 766 939 800 ⁸³
969 769 1439 840 ἀντιπαρετάξατο
1466 772 1495 824 6
1520 770 1782 837 διάϐολος,
1833 771 2034 842 μᾶλλον

451 852 508 905 δὲ
527 855 591 906 οὐ
612 855 731 928 Θεῷ
762 861 973 931 γυμνῷ,
1009 862 1144 916 ἀλλά
1177 863 1296 934 Θεῷ
1336 863 1649 934 ἀνθρωπίνῃ
1679 864 2040 935 κρυπτομένῳ

455 941 638 1010 φύσει.
690 950 799 1004 Καὶ
835 951 898 1004 τὸ
943 953 1008 1023 δὴ
1054 953 1382 1024 θαυμαστὸν,
1421 955 1502 1008 ὅτι
1549 955 1764 1027 θανάτῳ
1811 955 2040 1010 θάνατον

453 1035 574 1103 ὕψει
611 1036 887 1106 λυόμενον,
919 1040 1008 1091 καὶ
1051 1043 1295 1111 κατάραν
1345 1041 1745 1112 ἀφανιζομένην
1797 1045 2032 1115 κατάρᾳ,

453 1125 548 1178 καὶ
569 1125 640 1178 δι’
662 1121 736 1181 ὧν
774 1130 993 1198 ἴσχυσεν
1029 1133 1058 1183 6
1094 1131 1360 1195 διάϐολος,
1392 1132 1479 1185 διὰ
1507 1132 1712 1186 τούτων
1740 1131 1905 1186 αὐτοῦ
1936 1150 2036 1186 κα-

449 1214 787 1287 ταλυομένην
813 1222 913 1290 τὴν
940 1222 1250 1290 τυραννίδα.
1298 1221 1683 1292 Διαναστῶμεν
1712 1224 1910 1288 τοίνυν,
1940 1226 2034 1277 καὶ

454 1307 531 1376 μὴ
561 1307 927 1380 καθεύδωμεν·
967 1312 1075 1366 ἰδοὺ
1121 1313 1229 1383 γὰρ
1256 1313 1366 1383 ὁρῶ
1401 1314 1500 1374 τὰς
1533 1313 1706 1378 πύλας
1726 1317 1859 1384 ἡμῖν
1888 1316 2034 1368 ἀνοι-

451 1398 708 1467 γομένας·
736 1399 851 1454 ἀλλ’
891 1401 1147 1471 εἰσίωμεν
1194 1403 1332 1473 μετά
1370 1401 1624 1467 εὐταξίας
1663 1404 1882 1474 ἀπάσης
1937 1403 2031 1457 καὶ

448 1489 673 1560 τρόμου,
720 1491 828 1544 τῶν
867 1493 1151 1564 προθύρων
1179 1494 1359 1549 αὐτῶν
1398 1495 1602 1558 εὐθέως
1642 1495 2029 1560 ἐπιϐαίνοντες.

450 1580 588 1635 Τίνα
611 1581 668 1634 δέ
701 1583 818 1636 ἐστι
845 1584 1018 1638 ταῦτα
1046 1585 1116 1638 τὰ
1156 1585 1435 1657 πρόθυρα;
1489 1588 1705 1653 Βίϐλος
1742 1588 2032 1658 γενέσεως

467 1672 669 1740 Ἰησού
710 1675 991 1742 Χριστοῦ,
1039 1678 1175 1732 υιοῦ
1231 1678 1429 1744 Δαυῒδ,
1466 1679 1603 1734 υἱοῦ
1662 1679 1932 1750 Ἀϐραάμ.
1965 1680 2032 1734 Τί

449 1761 666 1830 λέγεις;
702 1765 831 1834 περὶ
869 1765 963 1818 τοῦ
990 1768 1312 1836 μονογενοῦς
1339 1768 1472 1822 Υίοῦ
1509 1769 1604 1823 τοῦ
1635 1769 1770 1824 Θεοῦ
1798 1769 2032 1834 διαλέξε-

451 1852 576 1906 σθαι
607 1856 653 1885 ⁸⁸
681 1855 1010 1926 ἐπηγγείλω,
1056 1859 1152 1912 καὶ
1172 1858 1267 1912 τοῦ
1313 1860 1477 1915 Δαυῒδ
1520 1862 1898 1932 μνημονεύεις,
1934 1865 2032 1916 ἀν-

449 1942 670 2011 θρώπου
704 1945 838 2014 μετά
895 1948 1094 2018 μυρίας
1143 1950 1337 2019 γενεὰς
1373 1954 1692 2023 γενομένου,
1719 1955 1815 2007 καὶ
1868 1954 2032 2008 αὐτὸν

449 2029 591 2086 εἶναι
627 2035 731 2106 φὴς
761 2037 854 2090 καὶ
895 2037 1106 2109 πατέρα
1135 2039 1230 2092 καὶ
1268 2042 1566 2111 πρόγονον;
1629 2043 1907 2114 Ἑπίσχες,
1937 2045 2033 2098 καὶ

451 2125 528 2194 μὴ
584 2127 760 2180 πάντα
807 2128 1018 2198 ἀθρόως
1069 2128 1223 2200 ζήτει
1278 2131 1488 2202 μαθεῖν,
1529 2133 1643 2187 ἀλλ’
1707 2136 1890 2206 ἠρέμα
1937 2137 2032 2190 καὶ

446 2214 592 2266 κατὰ
637 2217 848 2286 μικρόν.
891 2219 978 2271 Ἐν
1026 2220 1137 2291 γάρ
1168 2222 1282 2285 τοῖς
1333 2223 1624 2294 προθύροις
1670 2225 1906 2296 ἕστηκας
1949 2226 2030 2279 ἔτι

449 2305 582 2374 παρ’
632 2307 770 2360 αὐτά
817 2309 886 2361 τὰ
922 2310 1254 2380 προπύλαια·
1287 2314 1340 2366 τί
1389 2315 1566 2368 τοίνυν
1614 2315 1861 2381 σπεύδεις
1894 2319 2031 2389 πρὸς

446 2397 517 2448 τά
544 2397 708 2451 ἄδυτα
732 2416 746 2464 ;
776 2399 942 2454 Οὔπω
969 2401 1037 2455 τὰ
1060 2401 1164 2467 ἔξω
1181 2405 1360 2469 καλῶς
1375 2409 1767 2473 κατώπτευσας
1792 2411 2026 2465 ἅπαντα.

447 2487 585 2541 Οὐδὲ
619 2489 725 2559 γὰρ
755 2491 970 2562 ἐκείνην
998 2510 1081 2546 σοι
1123 2494 1264 2559 τέως
1301 2497 1594 2570 διηγοῦμαι
1629 2500 1728 2570 τὴν
1754 2501 2025 2572 γέννησιν·

449 2578 654 2648 μᾶλλον
680 2579 737 2632 δέ
759 2581 880 2634 οὐδὲ
904 2582 1001 2654 τὴν
1029 2585 1166 2654 μετὰ
1193 2587 1382 2645 ταῦτα·
1412 2590 1782 2661 ἀνέκφραστος
1803 2593 1912 2664 γὰρ
1935 2595 2028 2647 καὶ

448 2671 780 2742 ἀπόρρητος.
816 2674 928 2728 Καὶ
971 2675 1077 2746 πρὸ
1110 2677 1246 2747 ἐμοῦ
1286 2696 1368 2733 σοι
1394 2680 1552 2734 τοῦτο
1580 2684 1608 2735 6
1631 2684 1918 2756 προφήτης
1953 2682 2030 2737 εἶ-

448 2781 552 2817 πεν
588 2765 836 2830 Ἡσαΐας·
872 2768 1266 2842 ἀνακηρύττων
1297 2774 1406 2846 γάρ
1445 2775 1609 2828 αὐτοῦ
1638 2776 1699 2830 16
1731 2777 1902 2840 πάθος
1933 2777 2028 2831 καὶ

445 2854 548 2925 τὴν
589 2857 785 2930 πολλὴν
815 2860 956 2933 ὑπὲρ
1002 2867 1101 2934 τῆς
1151 2867 1478 2938 οἰκουμένης
1534 2869 1881 2939 κηδεμονίαν,
1934 2873 2027 2924 καὶ

441 2946 878 3020 ἐκπληττόμενος
904 2955 989 3018 τίς
1038 2955 1112 3009 ὢν
1161 2957 1214 3010 τί
1265 2958 1477 3027 γέγονε,
1512 2962 1606 3014 καὶ
1643 2962 1747 3015 ποῦ
1796 2963 2023 3035 κατέϐη,

443 3037 560 3111 [21]
593 3041 852 3112 ἀνεϐόησε
898 3048 1040 3117 μέγα
1073 3050 1168 3103 καὶ
1209 3050 1462 3124 λαμπρὸν
1491 3053 1634 3107 οὕτω
1674 3055 1869 3125 λέγων·
1906 3057 2026 3127 Τὴν

438 3131 656 3198 γενεὰν
675 3136 861 3189 αὐτοῦ
877 3138 968 3203 τίς
1004 3139 1351 3210 διηγήσεται
1371 3161 1390 3207 ;

515 3222 581 3291 β’.
600 3225 674 3276 Οὐ
693 3225 868 3282 τοίνυν
889 3231 1017 3301 περὶ
1032 3232 1244 3302 ἐκείνης
1257 3237 1390 3305 ἡμῖν
1404 3238 1432 3289 6
1446 3236 1599 3305 λόγος
1615 3237 1733 3302 νῦν,
1749 3238 1885 3292 ἀλλά
1899 3239 2025 3311 περί¹

439 3314 646 3385 ταύτης
674 3317 774 3388 τῆς
805 3320 974 3386 κάτω,
1001 3323 1101 3393 τῆς
1132 3325 1188 3378 ἐν
1219 3328 1286 3395 τῇ
1307 3330 1377 3398 γῇ
1416 3329 1732 3400 γενομένης,
1753 3331 1852 3401 τῆς
1887 3331 2025 3401 μετά

445 3407 656 3476 μυρίων
689 3411 998 3484 μαρτύρων.
1030 3416 1139 3468 Καὶ
1173 3417 1301 3489 περὶ
1324 3417 1529 3488 ταύτης
1546 3419 1624 3484 δέ,
1660 3419 1737 3484 ὠς
1767 3423 1901 3492 ἡμῖν
1928 3421 2022 3475 δυ-

445 3510 607 3565 νατὸν
639 3513 811 3563 εἰπεῖν
847 3510 1161 3582 δεξαμένοις
1207 3512 1305 3582 τῆν
1359 3511 1453 3566 τοῦ
1497 3513 1813 3583 Πνεύματος
1842 3514 2021 3583 χάριν,

445 3600 589 3654 οὕτω
613 3601 1001 3673 διηγησόμεθα.
1024 3602 1158 3654 Ούδέ
1190 3602 1298 3672 γὰρ
1323 3602 1529 3673 ταύτην
1566 3602 1705 3673 μετὰ
1728 3602 2024 3672 σαφηνείας

446 3691 633 3760 πάσης
659 3691 1005 3762 παραστῆσαι
1037 3691 1135 3746 ενι·
1161 3693 1281 3746 ἐπεὶ
1301 3694 1398 3746 καὶ
1422 3693 1560 3765 αῦτη
1588 3693 2020 3764 φρικωδεστάτη.

445 3782 539 3853 Μὴ
570 3781 764 3834 τοίνυν·
798 3782 970 3854 μικρά
1017 3782 1248 3856 νομίσῃς
1300 3781 1539 3847 ἀκούειν,
1582 3783 1786 3852 ταύτην
1809 3781 2023 3835 ἀκούων

445 3874 544 3944 τὴν
570 3873 841 3944 γέννησιν·
892 3874 1006 3928 ἀλλ’
1039 3874 1341 3945 ἀνάστησόν
1382 3892 1477 3928 σου
1499 3876 1598 3946 τὴν
1624 3875 1880 3937 διάνοιαν,
1929 3874 2023 3927 καὶ

445 3962 646 4025 εὐθέως
671 3962 879 4034 φρίξον,
909 3963 1148 4028 ἀκούσας
1177 3966 1257 4018 ὅτι
1279 3965 1411 4028 Θεὸς
1431 3966 1523 4018 ἐπὶ
1545 3966 1648 4034 γῆς
1687 3961 1870 4036 ἦλθεν.
1913 3963 2021 4018 06-

443 4070 523 4106 τω
552 4053 660 4125 γὰρ
686 4055 843 4108 τοῦτο
889 4055 1199 4126 θαυμαστὸν
1244 4056 1336 4111 καὶ
1365 4057 1663 4127 παράδοξον
1709 4052 1798 4125 ἦν,
1819 4057 1895 4120 ὡς
1928 4056 2022 4108 καὶ

443 4145 568 4208 τοὺς
625 4146 889 4215 ἀγγέλους
932 4146 1091 4218 χορὸν
1138 4146 1278 4218 ὑπὲρ
1323 4146 1527 4200 τούτων
1579 4147 1887 4216 στήσαντας
1922 4144 2021 4212 τὴν

445 4233 586 4307 ὑπὲρ
633 4235 733 4304 τῆς
784 4237 1109 4308 οἰκουμένης
1141 4238 1231 4290 ἐπὶ
1277 4236 1486 4300 τούτοις
1522 4234 1814 4304 ἀναφέρειν
1851 4233 2022 4303 εὐφη-

446 4325 596 4396 μίαν,
637 4327 729 4379 καὶ
765 4328 891 4390 τοὺς
929 4329 1222 4399 προφήτας¹
1257 4326 1464 4381 ἀνωθεν
1515 4325 1674 4379 τοῦτο
1721 4324 2020 4394 ἐκπλήττε·

446 4417 591 4480 σθαι,
624 4418 707 4470 ὃτι
753 4417 877 4470 Ἐπί
905 4417 1014 4485 τῆς
1037 4417 1152 4487 γῆς
1189 4417 1378 4487 ὤφθη,
1411 4416 1510 4471 καὶ
1539 4415 1663 4482 τοῖς
1689 4414 2021 4483 ἀνθρώποις

439 4508 933 4578 συνανεστράφη.
966 4511 1076 4564 Καὶ
1096 4510 1203 4582 γὰρ
1236 4511 1280 4544 ⁸⁷
1302 4511 1508 4582 σφόδρα
1539 4508 1836 4582 παράδοξον
1856 4506 2022 4562 ἀκοῦ-

445 4616 556 4664 σαι,
591 4601 675 4655 ὅτι
695 4603 723 4654 6
753 4601 797 4632 ⁸⁸
829 4600 962 4665 Θεὸς
999 4603 1028 4655 6
1060 4603 1372 4672 ἀπόρρητος
1404 4602 1470 4666 ⁸⁸,
1505 4602 1598 4655 καὶ
1627 4601 2016 4672 ἀνέκφραστος,

445 4689 540 4741 καὶ
557 4689 933 4761 ἁπερινόητος,
968 4692 1062 4745 καὶ
1093 4691 1172 4761 τῷ
1201 4693 1375 4764 Πατρὶ
1397 4691 1525 4756 ἶσος,
1551 4691 1640 4745 διὰ
1657 4693 1869 4764 μήτρας
1888 4687 2019 4762 ἦλθε

443 4779 799 4850 παρθενικῆς,
835 4783 930 4836 καὶ
957 4782 1212 4852 γενέσθαι
1259 4785 1323 4836 ἐκ
1363 4783 1622 4852 γυναικὸς
1671 4780 2017 4848 κατεδέξατο,

445 4873 536 4926 καὶ
567 4875 712 4942 σχεῖν
740 4875 1038 4944 προγόνους
1065 4874 1154 4928 16v
1177 4875 1340 4929 Δαυῒδ
1362 4875 1456 4929 καὶ
1489 4875 1579 4929 τὸν
1620 4871 1888 4945 Ἀϐραάμ.
1909 4874 2020 4928 Καὶ

443 4963 496 5014 τί
534 4963 676 5030 λέγω
723 4964 815 5019 τὸν
864 4964 1026 5018 Δαυῒδ
1066 4967 1158 5019 καὶ
1209 4966 1301 5020 16v
1358 4965 1640 5037 Ἀϐραάμ,
1690 4965 1764 5019 Τὸ
1811 4966 1922 5040 γὰρ
1955 4965 2020 5039 δὴ

444 5057 893 5128 φρικωδέστερον,
921 5057 1020 5120 τὰς
1050 5061 1314 5126 γυναῖκας
1358 5058 1570 5119 ἐκείνας
1610 5059 1677 5122 ⁷ο,
1709 5051 1784 5111 ὧν
1817 5058 2020 5129 ἀρτίως

441 5148 813 5219 ἐμνήσθημεν.
864 5149 1048 5202 Ταῦτα
1095 5151 1328 5215 ἁκούων,
1372 5149 1656 5220 ἀνάστηθι,
1703 5150 1798 5203 καὶ
1856 5149 2020 5221 μηδὲν

439 5241 692 5293 ταπεινὸν
723 5240 1093 5312 ὑποπτεύσῃς,
1125 5240 1261 5294 ἀλλά
1307 5241 1401 5294 καὶ
1435 5239 1523 5293 διὰ
1553 5241 1709 5293 τοῦτο
1748 5239 1880 5292 αὐτὸ
1911 5239 2020 5310 μά-

440 5330 596 5384 λιστα
627 5329 926 5400 θαύμασον,
954 5331 1034 5384 ὅτι
1066 5331 1196 5395 Υἱὸς
1227 5329 1301 5384 ὢν
1331 5329 1425 5384 τοῦ
1465 5331 1704 5402 ἀνάρχου
1733 5331 1890 5394 Θεοῦ,
1927 5332 2019 5384 καὶ

444 5422 661 5492 γνήσιος
693 5422 841 5486 Υἱὸς,
869 5421 1128 5492 ἠνέσχετο
1178 5422 1408 5477 ἀκοῦσαι
1441 5422 1537 5476 καὶ
1570 5421 1732 5476 Δαυῒδ
1769 5422 1904 5486 υίὸς,
1932 5422 2021 5475 ἵνα

445 5512 505 5564 σέ
532 5515 729 5584 ποιήσῃ
761 5513 874 5566 υἱὸν
895 5513 1052 5566 θεοῦ·
1078 5513 1334 5584 ἠνέσχετο
1357 5514 1572 5586 πατέρα
1598 5513 1746 5584 αὐτῷ
1767 5512 2018 5582 γενέσθαι

439 5603 645 5667 δοῦλον,
671 5605 761 5658 ἵνα
785 5603 876 5658 ’σοὶ
905 5603 981 5676 τῷ
1021 5605 1192 5677 δούλῳ
1227 5605 1446 5676 Πατέρα
1464 5607 1667 5676 ποιήσῃ
1696 5605 1787 5660 τὸν
1813 5604 2019 5657 Δεσπό-

439 5711 560 5764 την.
589 5693 738 5761 Εἶδες
793 5699 858 5750 ἐκ
905 5698 1206 5769 προοιμίων
1238 5698 1438 5762 εὐθέως
1467 5694 1555 5751 οἷα
1596 5699 1664 5752 τὰ
1693 5698 2017 5767 εὐαγγελια;

523 5910 569 5942 ⁸⁸
601 5909 744 5981 δὲῙ-ί·
769 5908 888 5976 Θεῷ
923 5908 979 5962 Ε.
1059 5910 1104 5942 ⁸⁸
1125 5911 1475 5977 διαλέςασθαι
1509 5926 1591 5982 pr.
1633 5911 1691 5965 Ι).
1723 5911 2067 5978 διαλέγεσθαι
2097 5911 2160 5967 Ε.
2263 5911 2308 5943 ⁸⁷
2346 5909 2456 5964 Καὶ

523 5980 594 6031 Id.
672 5982 717 6013 "
758 5980 1094 6031 ἀπόόὁτιτοςῖ
1121 5982 1416 6031 ἀπρόσιτος
1443 5981 1505 6031 Ε.
1585 5981 1629 6013 ⁷ο
1658 5979 1896 6031 ὲκείναςῖ
1917 5983 1956 6031 +
1987 5981 2084 6031 τὰς
2108 5982 2316 6031 πόρνας
2350 5979 2464 6031 Edd

1658 5981 1896 6052 ὲκείνας]
1917 5983 1956 6031 +
1987 5981 2084 6044 τὰς
2108 5982 2316 6052 πόρνας
2350 5981 2486 6032 Edd.

1681 6051 1726 6084 7"
1756 6049 2085 6122 τοιοῦτοῆ-’ἱ-
2105 6047 2176 6122 ῆν
2198 6051 2256 6104 Β.
2280 6120 2285 6122 _
2336 6050 2391 6122 ’ἐξ

457 5976 594 6034 Edd.
625 6050 636 6053 _
665 5976 723 6053 3f
745 5980 1094 6053 ἀπόρρητος]
1121 5976 1422 6053 ἀπρόσιτος
1443 5981 1505 6035 Ε.

457 6050 638 6105 caeleri
674 6050 830 6105 ἀλλά.
908 6050 954 6081 ⁷³
984 6050 1366 6117 πρόαναῲωνεῖ
1395 6051 1454 6104 Β.
1478 6053 1582 6106 An.

2157 783 2278 837 ὅσον
2304 785 2382 846 εἰς
2411 780 2746 853 ἀνθρώπινον
2775 779 3053 850 λογισμὸν,
3085 778 3217 830 Θεὸν
3260 777 3542 846 ἄνθρωπον
3573 772 3731 841 γενέ-

2160 875 2303 936 σθαι,
2348 875 2381 946 ἢ
2428 871 2712 944 ἄνθρωπον
2737 870 2848 924 υἰδν
2877 869 3012 922 Θεοῦ
3058 865 3407 939 χρηματίσαι.
3439 865 3606 918 Ὀταν
3637 859 3732 916 οὖν

2158 965 2414 1037 ἀκούσῃς,
2446 965 2532 1016 ὅτι
2563 965 2591 1015 ὁ
2619 963 2745 1025 Υίὸς
2765 960 2858 1016 τοῦ
2883 960 3018 1013 Θεοῦ
3049 961 3160 1022 υἱὸς
3188 957 3280 1011 τοῦ
3309 956 3470 1010 Δαυῖδ
3500 957 3613 1008 ἐστι
3640 955 3734 1006 καὶ

2156 1054 2250 1108 τοῦ
2281 1053 2550 1124 Ἀϐραὰμ,
2579 1053 2651 1123 μὴ
2675 1050 2977 1121 ἀμφίϐαλλε
3002 1049 3204 1111 λοιπὸν,
3235 1048 3316 1100 ὅτι
3337 1045 3426 1098 καὶ
3458 1047 3542 1107 σὺ,
3571 1047 3598 1097 6
3619 1043 3734 1105 υἱὸς

2147 1145 2242 1197 τοῦ
2289 1146 2482 1216 Ἀδὰμ,
2516 1147 2632 1209 υἱὸς
2669 1145 2768 1217 ἔσῃ
2795 1143 2889 1196 τοῦ
2938 1141 3092 1195 Θεοῦ.
3136 1138 3273 1194 Οὐδὲ
3306 1138 3414 1208 γὰρ
3452 1136 3573 1206 εἰκῆ
3631 1134 3726 1189 καὶ

2147 1231 2324 1302 μάτην
2357 1233 2606 1286 τοσοῦτον
2644 1231 2835 1284 ἐαυτὸν
2881 1227 3264 1290 ἐταπείνωσεν,
3302 1226 3350 1277 εἰ
3395 1223 3469 1294 μὴ
3502 1221 3726 1292 ἔμελλεν

2145 1321 2291 1390 ἡμᾶς
2315 1318 2570 1388 άνυψοῦν.
2613 1316 2906 1386 Ἐγεννήθη
2932 1316 3039 1384 γὰρ
3071 1315 3113 1343 ’³³
3147 1311 3289 1365 κατά
3321 1311 3517 1380 σάρκα,
3549 1307 3635 1361 ἵνα
3659 1307 3722 1360 σὺ

2142 1409 2410 1479 γεννηθῇς
2455 1409 2598 1462 κατὰ
2644 1407 2882 1476 πνεῦμα·
2935 1404 3197 1475 ἐγεννήθη
3233 1404 3298 1454 ἐκ
3329 1398 3610 1469 γυναικὸς,
3639 1397 3726 1449 ἵνα

2144 1501 2208 1552 σὺ
2234 1500 2418 1572 παύσῃ
2449 1498 2704 1568 γυναικὸς
2733 1496 2808 1549 ὣν
2835 1497 2964 1559 υἱός.
3010 1495 3107 1548 Διά
3129 1492 3286 1545 τοῦτο
3310 1491 3474 1560 διπλῆ
3499 1489 3723 1558 γέγονεν

2141 1592 2174 1658 ἠ
2203 1590 2475 1660 γέννησις,
2509 1589 2604 1643 καὶ
2632 1590 2844 1641 ἐοικυῖα
2863 1589 3016 1656 ἡμῖν,
3048 1586 3141 1637 καὶ
3173 1581 3575 1654 ὑπερϐαίνουσα
3621 1578 3722 1649 τὴν

2141 1680 2435 1752 ἡμετέραν.
2469 1681 2541 1732 Τὸ
2573 1679 2670 1750 μὲν
2704 1677 2813 1747 γάρ
2839 1678 2903 1729 ἐκ
2939 1674 3196 1744 γυναικὸς
3236 1670 3562 1742 γεννηθῆναι
3589 1670 3722 1738 ἡμῖν

2143 1772 2440 1825 συνέϐαινε·
2477 1771 2539 1824 16
2567 1771 2625 1824 δὲ
2683 1769 2757 1840 μὴ
2780 1767 2839 1832 ἐξ
2871 1767 3122 1838 αἵματος,
3172 1765 3303 1836 μηδέ
3331 1765 3394 1816 ἐκ
3420 1759 3720 1833 θελήματος

2141 1865 2343 1933 σαρκὸς
2369 1865 2403 1935 ἢ
2436 1864 2646 1935 ἀνδρὸς,
2684 1863 2799 1916 ἀλλ’
2846 1864 2911 1916 ἐκ
2958 1861 3005 1892 ⁷³
3052 1857 3366 1928 Πνεύματος
3406 1855 3581 1924 ἁγίου,
3619 1851 3718 1922 τὴν

2139 1954 2575 2025 ὑπερϐαίνουσαν
2613 1955 2758 2024 ἡμᾶς
2805 1952 2900 2007 καὶ
2924 1951 3021 2022 τὴν
3063 1948 3360 2021 μέλλουσαν
3400 1943 3719 2017 προανεφώ-

2137 2061 2219 2100 νει
2247 2046 2293 2077 ⁷³
2318 2045 2587 2117 γέννησιν,
2611 2045 2679 2114 ἢν
2701 2047 2832 2116 ἡμῖν
2866 2041 3088 2113 ἔμελλεν
3114 2043 3180 2094 ἐκ
3207 2037 3524 2108 Πνεύματος
3555 2033 3717 2107 χαρί-

2137 2135 2343 2201 ζεσθαι.
2363 2138 2473 2191 Καὶ
2519 2137 2694 2190 πάντα
2721 2136 2777 2188 δέ
2811 2135 2880 2188 τὰ
2911 2134 3046 2188 ἄλλα
3078 2131 3304 2187 τοιαῦτα
3344 2126 3436 2200 ἦν.
3473 2127 3583 2182 Καὶ
3605 2127 3714 2196 γὰρ

2134 2226 2194 2280 16
2215 2226 2438 2298 λουτρὸν
2467 2225 2711 2279 τοιοῦτον
2731 2225 2798 2256 ⁷⁸·
2823 2219 2934 2293 εἶχε
2978 2223 3087 2293 γάρ
3111 2237 3164 2275 τι
3188 2220 3280 2275 τοῦ
3315 2216 3566 2278 παλαιοῦ,
3601 2209 3714 2282 εἶχέ

2135 2334 2186 2372 τι
2216 2318 2311 2372 καὶ
2343 2317 2435 2371 τοῦ
2482 2316 2692 2370 καινοῦ.
2747 2314 2821 2368 Τὸ
2880 2316 2979 2387 μὲν
3011 2313 3119 2386 γὰρ
3147 2311 3252 2364 ὑπὸ
3299 2308 3393 2363 τοῦ
3435 2307 3712 2378 προφήτου

2134 2409 2517 2481 βαπτισθῆναι,
2539 2408 2602 2461 16
2630 2408 2676 2441 "
2707 2408 2932 2462 παλαιὸν
2981 2405 3208 2459 ἐδείκνυ·
3235 2402 3296 2455 16
3318 2401 3374 2455 δέ
3414 2397 3640 2467 Πνεῦμα
3663 2395 3713 2426 ’⁸

2132 2501 2433 2563 κατελθεῖν,
2465 2500 2527 2553 16
2551 2499 2670 2553 νέον
2704 2497 2990 2570 ὑπέγραψε
3015 2498 3081 2550 ⁷⁷.
3121 2495 3232 2549 Καὶ
3252 2491 3504 2561 καθάπερ
3525 2506 3609 2553 τις
3652 2489 3712 2539 ὲν

2135 2592 2441 2665 μεταιχμίῳ
2465 2591 2615 2657 στὰς,
2632 2590 2725 2644 δύο
2741 2590 2900 2643 τινῶν
2927 2587 3170 2658 ἀλλήλων
3202 2581 3580 2654 διεστηκότων,
3605 2582 3712 2648 ἀμ·

2132 2685 2366 2758 φοτέρας
2399 2683 2658 2747 άπλὼσας
2680 2683 2777 2746 τὰς
2820 2685 3006 2754 χεῖρας
3027 2676 3363 2750 ἑκατέρωθεν
3378 2673 3557 2728 λαϐὼν
3586 2688 3710 2725 συν-

2130 2777 2337 2846 άψειεν·
2371 2775 2511 2828 οὕτω
2537 2775 2632 2828 καὶ
2658 2774 2820 2837 αὐτὸς
2841 2773 3083 2843 ἐποίησε,
3110 2771 3209 2842 τὴν
3231 2767 3464 2822 παλαιὰν
3487 2767 3555 2836 τῇ
3583 2780 3708 2817 και-

2130 2871 2193 2940 νῇ
2223 2867 2528 2934 συνάπτων,
2546 2868 2644 2940 τὴν
2676 2867 2824 2921 θείαν
2852 2866 3010 2936 φύσιν
3043 2867 3107 2935 τῇ
3140 2861 3476 2933 ἀνθρωπίνῃ,
3512 2859 3581 2912 τὰ
3609 2857 3708 2911 αὑ-

2129 2959 2224 3013 τοῦ
2251 2962 2362 3023 τοῖς
2387 2960 2695 3031 ἡμετέροις.
2736 2957 2889 3023 Εἶδες
2913 2959 3012 3028 τὴν
3041 2955 3328 3028 ἀστραπὴν
3357 2955 3454 3022 τῆς
3477 2950 3705 3014 πόλεως,

2129 3055 2229 3129 ὅσῃ
2265 3073 2325 3109 σε
2361 3057 2426 3109 ἐκ
2462 3056 2762 3128 προοιμίων
2791 3057 3100 3127 κατηύγασε
3127 3056 3192 3124 τῇ
3221 3050 3558 3123 λαμπηδόνι;
3589 3045 3709 3109 πῶς

2130 3164 2212 3200 σοι
2239 3147 2330 3200 16v
2372 3147 2607 3200 Βασιλέα
2663 3147 2864 3210 εὐθέως
2891 3145 3092 3210 ἔδειξεν
3121 3146 3178 3197 ἐν
3207 3141 3285 3212 τῷ
3335 3141 3414 3212 σῷ
3440 3140 3703 3210 σχήματι,

2127 3239 2327 3293 ὡσανεί
2383 3239 2441 3292 ἐν
2471 3239 2848 3310 στρατοπέδῳ;
2899 3237 3033 3292 Οὐδὲ
3085 3237 3194 3307 γὰρ
3239 3235 3356 3288 ἐκεῖ
3377 3232 3474 3302 τὴν
3501 3230 3708 3285 οἰκείαν

2127 3329 2283 3395 ἀξίαν
2316 3332 2567 3401 φαίνεται
2595 3330 2732 3402 ἔχων
2767 3329 3030 3399 διηνεκῶς
3062 3330 3090 3382 6
3134 3324 3406 3397 βασιλεὺς,
3436 3322 3573 3377 ἀλλά
3603 3321 3704 3390 τὴν

2127 3421 2420 3490 ἁλουργίδα
2445 3421 2606 3491 ἀφεὶς
2627 3421 2721 3474 καὶ
2752 3419 2814 3472 16
2840 3419 3099 3488 διάδημα,
3143 3412 3471 3489 στρατιώτου
3517 3410 3704 3481 σχῆμα

2127 3513 2293 3568 ὑπέδυ
2337 3513 2617 3577 πολλάκις.
2649 3510 2786 3566 Ἀλλ’
2821 3511 2937 3564 ἐκεῖ
2972 3509 3091 3580 μὲν,
3128 3509 3214 3562 ἴνα
3248 3506 3322 3578 μὴ
3501 3498 3703 3574 γνώρι-

2131 3621 2230 3675 μος
2247 3603 2533 3674 γενόμενος
2562 3603 2648 3671 ἐφ’
2682 3601 2873 3655 ἐαυτὸν
2903 3599 3107 3671 ἐλκύσῃ
3127 3598 3252 3660 τοὺς
3285 3595 3594 3666 πολεμίους·
3619 3593 3708 3646 ἐν-

2125 3696 2302 3752 ταῦθα
2352 3696 2408 3750 δέ
2463 3695 2790 3758 τούναντίον,
2830 3693 2916 3747 ἵνα
2963 3692 3037 3764 μὴ
3091 3691 3365 3762 γνώριμος
3397 3687 3704 3756 γενόμενος.

2128 3789 2316 3855 φυγεῖν
2339 3784 2732 3858 παρασκευάσῃ
2770 3783 2870 3853 τῆς
2904 3783 3039 3853 πρὸς
3077 3780 3235 3834 αὐτὸν
3267 3774 3586 3849 συμπλοκῆς
3614 3773 3705 3827 τὸν

2126 3877 2341 3950 ἐχθρὸν,
2380 3867 2473 3930 καί
2509 3878 2634 3940 τοὺς
2669 3875 2899 3938 οἰκείους
2929 3871 3226 3944 διαταράξῃ
3269 3870 3498 3932 πάντας·
3535 3865 3705 3920 σῶσαι

2133 3969 2265 4038 γὰρ,
2304 3969 2404 4020 οὐκ
2429 3967 2715 4036 ἐκπλῆξαι,
2738 3965 3058 4019 ἐσπούδασε.
3078 3965 3177 4018 Διά
3200 3965 3357 4018 τοῦτο
3387 3966 3482 4017 καὶ
3512 3962 3716 4025 εὐθέως

2134 4058 2296 4110 αὑτὸν
2346 4056 2454 4110 ἀπὸ
2476 4056 2679 4124 ταύτης
2711 4055 2934 4108 ἐκάλεσε
2967 4055 3067 4124 τῆς
3097 4054 3487 4126 προσηγορίας,
3506 4052 3714 4124 Ἰησοῦν

2135 4146 2464 4218 προσειπών.
2497 4146 2569 4198 T6
2613 4145 2718 4215 γὰρ
2759 4144 2964 4212 Ἰησοῦς
2991 4143 3149 4196 τοῦτο
3195 4143 3365 4214 ὄνομα
3417 4144 3517 4196 οὐκ
3566 4142 3714 4196 ἔστιν

2148 4237 2479 4309 Ἑλληνικὸν,
2537 4238 2672 4292 ἀλλὰ
2721 4240 2787 4308 τῇ
2825 4236 3092 4308 Ἐϐραίων
3146 4238 3296 4307 φωνῇ
3326 4233 3468 4286 οὕτω
3495 4233 3714 4302 λέγεται

2149 4329 2373 4401 Ἰησοῦς·
2411 4331 2439 4382 ὅ
2489 4331 2636 4383 ἐστιν
2692 4331 2770 4392 είς
2828 4329 2927 4400 τὴν
2992 4327 3216 4382 Ἐλλάδα
3260 4326 3508 4396 γλῶτταν
3542 4327 3716 4397 ἐρμη-

2137 4421 2440 4490 νευόμενον,
2475 4422 2686 4491 Σωτήρ·
2713 4420 2904 4492 Σωτὴρ
2935 4419 3013 4484 δὲ,
3047 4418 3154 4472 ἀπὸ
3174 4416 3264 4471 τοῦ
3290 4417 3461 4471 σῶσαι
3481 4416 3571 4471 16v
3587 4415 3715 4468 λαὸν

2138 4510 2324 4564 αὐτοῦ.

2208 4608 2276 4669 γ’.
2321 4597 2472 4664 Εἶδες
2513 4600 2628 4664 πῶς
2663 4601 3006 4672 ἀνεπτέρωσε
3030 4600 3120 4654 τὸν
3149 4598 3444 4671 ἀκροατὴν,
3472 4595 3541 4650 τά
3568 4611 3625 4648 τε
3657 4595 3715 4646 ἐν

2141 4689 2399 4762 συνηθείᾳ
2430 4690 2818 4760 φθεγξάμενος,
2844 4689 2938 4744 καὶ
2963 4690 3028 4742 δι’
3057 4690 3232 4742 αὐτῶν
3259 4688 3327 4741 τά
3355 4686 3496 4757 ὑπὲρ
3525 4684 3715 4738 ἐλπίδα

2142 4781 2308 4832 πᾶσιν
2339 4780 2471 4850 ἡμῖν
2505 4780 2793 4850 ἐμφήνας
2826 4780 2936 4833 Καὶ
2967 4779 3076 4849 γὰρ
3103 4778 3427 4849 ἀμφοτέρων
3460 4775 3569 4828 τῶν
3594 4776 3714 4827 ὀνο-

2145 4871 2328 4939 μάτων
2363 4869 2567 4924 τούτων
2608 4868 2776 4940 πολλὴ
2811 4869 3071 4940 ήγνῶσις
3106 4867 3257 4939 παρά
3293 4869 3405 4931 τοῖς
3438 4865 3717 4930 Ἰουδαίοις

2139 4959 2206 5033 ἦν
2239 4963 2303 5014 ⁷⁸.
2349 4961 2565 5032 Ἐπειδὴ
2595 4961 2704 5032 γὰρ
2738 4959 3015 5031 παράδοξα
3055 4956 3122 5031 ῆν
3153 4959 3223 5014 τὰ
3267 4958 3527 5030 μέλλοντα
3565 4957 3714 5026 γίνε-

2144 5053 2287 5115 σθαι.
2316 5053 2411 5106 καὶ
2443 5055 2493 5106 οἰ
2518 5053 2627 5106 τῶν
2657 5052 2935 5122 ὀνομάτων
2964 5052 3308 5124 προέδραμον
3336 5051 3526 5104 τύποι·
3573 5049 3714 5103 ὥστε

2141 5145 2346 5200 ἀνωθεν
2381 5147 2557 5199 πάντα
2587 5144 2934 5214 καινοτομίας
2965 5143 3430 5215 προαναιρεθῆναι
3459 5141 3710 5214 θόρυϐον.

2145 5238 2249 5290 Καὶ
2287 5236 2395 5308 γὰρ
2431 5235 2636 5307 Ἰησοῦς
2662 5237 2708 5268 ⁷⁹
2741 5236 2770 5286 6
2820 5234 2959 5305 μετά
2999 5234 3239 5288 Μωῦσέα
3287 5231 3596 5301 εἰσαγαγὼν
3628 5231 3722 5283 τὸν

2143 5326 2269 5379 λαὸν
2296 5327 2376 5388 είς
2403 5324 2502 5395 τὴν
2528 5324 2632 5394 γῆν
2658 5324 2760 5394 τῆς
2793 5321 3126 5390 ἐπαγγελίας
3171 5320 3410 5388 λέγεται.
3447 5315 3601 5380 Εἶδες
3631 5315 3722 5369 τὸν

2146 5416 2348 5478 τύπον;
2381 5414 2543 5485 βλέπε
2572 5413 2669 5484 τὴν
2704 5412 2748 5444 ⁸ο
2781 5411 3062 5483 ἀλήθειαν·
3103 5411 3342 5470 Ἐκεῖνος
3384 5407 3464 5469 εἰς
3490 5407 3590 5476 τὴν
3619 5407 3724 5474 γῆν

2145 5505 2242 5574 τῆς
2292 5501 2641 5571 ἐπαγγελίας,
2695 5492 2848 5564 οὗτος
2887 5502 2966 5562 εἰς
3014 5497 3106 5551 τὸν
3138 5495 3367 5568 οὐρανὸν
3399 5495 3495 5548 καὶ
3548 5493 3618 5546 τὰ
3664 5494 3722 5545 ἐν

2143 5597 2256 5657 τοῖς
2288 5595 2536 5666 οὐρανοῖς
2593 5591 2809 5662 ἀγαθά·
2860 5591 3067 5652 ἐκεῖνος
3117 5587 3258 5659 μετὰ
3295 5586 3357 5639 16
3401 5584 3723 5654 τελευτῆσαι

2147 5683 2406 5750 Μωῦσέα,
2440 5677 2592 5747 οὗτος
2623 5683 2763 5755 μετὰ
2793 5684 2854 5736 16
2884 5679 3198 5735 παύσασθαι
3222 5676 3315 5732 τὸν
3355 5677 3539 5748 νόμον·
3582 5676 3724 5728 ἐκεῖ·

2263 5911 2308 5943 ⁸⁷
2346 5909 2456 5964 Καὶ
2485 5907 2618 5979 γάρ]
2645 5909 2685 5958 +
2707 5907 2800 5979 καί
2971 5903 3040 5979 _“
3064 5903 3104 5979 _6
3134 5916 3250 5979 οιιι1
3464 5899 3704 5979 ὶῄξρῐῃ.

2565 5968 2618 6011 ""
2642 5975 2771 6047 γάρ]
2797 5973 3032 6047 μὲνίγάρ
3148 6043 3185 6047 _
3205 5969 3394 6047 ⁷“.ἀλὶ’
3413 5968 3498 6047 ἐκ]
3521 5968 3614 6023 Sic
3643 5968 3703 6047 L3-

2146 5982 2316 6052 ’όρνας
2350 5973 2509 6032 Εάιί.⁷
2565 5973 2618 6011 π
2642 5975 2783 6099 γάρῦ
2797 5973 3032 6095 μὲν’γάρ
3205 5973 3252 6005 ⁷⁸
3275 5973 3498 6052 ἀλλ’ἐκ]
3521 5973 3614 6023 Sic
3645 5973 3701 6026 Β.

2146 6071 2176 6102 ν
2198 6051 2256 6104 Β.
2336 6050 2380 6087 ’³-⁸
2408 6046 2490 6116 τό]
2527 6049 2617 6102 καὶ
2645 6047 2706 6100 τό
2787 6084 2832 6116 .7
2971 6061 2999 6096 1
3052 6043 3112 6116 δε
3147 6041 3270 6105 Πν.)
3296 6039 3470 6116 τω.δέ
3513 6055 3608 6116 πν.
3637 6036 3701 6098 C.

463 6119 521 6172 υ.
556 6120 617 6173 16
643 6128 750 6192 (pr.
783 6119 884 6195 τῷ)
915 6119 970 6172 δὲ
1002 6110 1062 6174 16
1090 6138 1181 6176 πν.
1208 6110 1275 6192 Ε,
1349 6123 1392 6156 ⁷⁷
1425 6122 1709 6193 ὑπέγραφε
1735 6122 1870 6178 Edd.
1948 6110 2025 6156 ⁷⁸’λ

2139 6110 2229 6176 im.
2261 6120 2324 6174 Α.
2355 6119 2414 6174 C.
2589 6119 2634 6152 τ’
2669 6115 2876 6184 Ἰησοῦς
2902 6123 3027 6170 aulc
3051 6114 3268 6184 λέγεται
3299 6110 3531 6168 collocat
3555 6110 3620 6164 Α.
