  <div class='ocr_page' id='page_1' title='image "/cluster/home/n/w/nwhite01/storage/ocr_20150623/57:no.7:pt.1/coo.31924054869577/041.png"; bbox 0 0 4066 6494; ppageno 0'>
   <div class='ocr_carea' id='block_1_1' title="bbox 383 480 3667 556">
    <p class='ocr_par' dir='ltr' id='par_1_1' title="bbox 383 480 3667 556">
     <span class='ocr_line' id='line_1_1' title="bbox 383 480 3667 556; baseline 0.004 -23"><span class='ocrx_word' id='word_1_1' title='bbox 383 503 449 556; x_wconf 58' lang='grc' dir='ltr'>εγ</span> <span class='ocrx_word' id='word_1_2' title='bbox 1090 483 1150 538; x_wconf 80' lang='lat' dir='ltr'>S.</span> <span class='ocrx_word' id='word_1_3' title='bbox 1189 483 1468 538; x_wconf 72' lang='lat' dir='ltr'>JOANNIS</span> <span class='ocrx_word' id='word_1_4' title='bbox 1505 480 1978 537; x_wconf 73' lang='lat' dir='ltr'>CIIRYSOSTOMI</span> <span class='ocrx_word' id='word_1_5' title='bbox 2019 481 2334 540; x_wconf 76' lang='lat' dir='ltr'>ARCIllEP.</span> <span class='ocrx_word' id='word_1_6' title='bbox 2377 483 2909 540; x_wconf 79' lang='lat' dir='ltr'>CONSTANTINOI’.</span> <span class='ocrx_word' id='word_1_7' title='bbox 3125 500 3134 510; x_wconf 83' lang='lat'><strong><em>‘</em></strong></span> <span class='ocrx_word' id='word_1_8' title='bbox 3602 492 3667 547; x_wconf 74' lang='lat'>‘23</span> 
     </span>
    </p>
   </div>
   <div class='ocr_carea' id='block_1_2' title="bbox 392 578 1960 659">
    <p class='ocr_par' dir='ltr' id='par_1_2' title="bbox 392 578 1960 659">
     <span class='ocr_line' id='line_1_2' title="bbox 392 578 1960 659; baseline -0.008 -17"><span class='ocrx_word' id='word_1_9' title='bbox 392 607 479 653; x_wconf 92' lang='grc' dir='ltr'>νος</span> <span class='ocrx_word' id='word_1_10' title='bbox 505 589 578 652; x_wconf 83' lang='grc' dir='ltr'>ὡς</span> <span class='ocrx_word' id='word_1_11' title='bbox 612 586 958 659; x_wconf 78' lang='grc' dir='ltr'>δημαγωγὸς,</span> <span class='ocrx_word' id='word_1_12' title='bbox 988 578 1140 647; x_wconf 79' lang='grc' dir='ltr'>οὗτος</span> <span class='ocrx_word' id='word_1_13' title='bbox 1173 584 1248 646; x_wconf 87' lang='grc' dir='ltr'>ὡς</span> <span class='ocrx_word' id='word_1_14' title='bbox 1285 581 1558 653; x_wconf 89' lang='grc' dir='ltr'>βασιλεύς.</span> <span class='ocrx_word' id='word_1_15' title='bbox 1595 579 1734 631; x_wconf 76' lang='grc' dir='ltr'>Ἀλλ’</span> <span class='ocrx_word' id='word_1_16' title='bbox 1766 578 1854 631; x_wconf 77' lang='grc' dir='ltr'>ἵνα</span> <span class='ocrx_word' id='word_1_17' title='bbox 1886 579 1960 647; x_wconf 79' lang='grc' dir='ltr'>μὴ</span> 
     </span>
    </p>
   </div>
   <div class='ocr_carea' id='block_1_3' title="bbox 403 669 1964 750">
    <p class='ocr_par' dir='ltr' id='par_1_3' title="bbox 403 669 1964 750">
     <span class='ocr_line' id='line_1_3' title="bbox 403 669 1964 750; baseline -0.008 -18"><span class='ocrx_word' id='word_1_18' title='bbox 403 678 611 750; x_wconf 82' lang='grc' dir='ltr'>Ἰησοῦν</span> <span class='ocrx_word' id='word_1_19' title='bbox 647 678 886 740; x_wconf 83' lang='grc' dir='ltr'>ἀκούσας</span> <span class='ocrx_word' id='word_1_20' title='bbox 916 675 1004 730; x_wconf 87' lang='grc' dir='ltr'>διά</span> <span class='ocrx_word' id='word_1_21' title='bbox 1041 676 1140 744; x_wconf 82' lang='grc' dir='ltr'>τὴν</span> <span class='ocrx_word' id='word_1_22' title='bbox 1182 673 1500 744; x_wconf 80' lang='grc' dir='ltr'>ὁμωνυμίαν</span> <span class='ocrx_word' id='word_1_23' title='bbox 1547 669 1845 741; x_wconf 78' lang='grc' dir='ltr'>πλανηθῇς,</span> <span class='ocrx_word' id='word_1_24' title='bbox 1871 670 1964 721; x_wconf 83' lang='grc' dir='ltr'>ἐπ-</span> 
     </span>
    </p>
   </div>
   <div class='ocr_carea' id='block_1_4' title="bbox 389 760 1961 839">
    <p class='ocr_par' dir='ltr' id='par_1_4' title="bbox 389 760 1961 839">
     <span class='ocr_line' id='line_1_4' title="bbox 389 760 1961 839; baseline -0.006 -17"><span class='ocrx_word' id='word_1_25' title='bbox 389 773 596 839; x_wconf 83' lang='grc' dir='ltr'>ήγαγεν</span> <span class='ocrx_word' id='word_1_26' title='bbox 621 786 634 800; x_wconf 89' lang='grc'><strong>·</strong></span> <span class='ocrx_word' id='word_1_27' title='bbox 682 768 884 834; x_wconf 86' lang='grc' dir='ltr'>Ἰησοῦ</span> <span class='ocrx_word' id='word_1_28' title='bbox 909 767 1186 836; x_wconf 82' lang='grc' dir='ltr'>Χριστοῦ,</span> <span class='ocrx_word' id='word_1_29' title='bbox 1226 766 1359 821; x_wconf 73' lang='grc' dir='ltr'>υἱοῦ</span> <span class='ocrx_word' id='word_1_30' title='bbox 1391 764 1590 821; x_wconf 83' lang='grc' dir='ltr'>Δαυτδ.</span> <span class='ocrx_word' id='word_1_31' title='bbox 1627 765 1862 824; x_wconf 89' lang='grc' dir='ltr'>Ἐκεῖνος</span> <span class='ocrx_word' id='word_1_32' title='bbox 1906 760 1961 813; x_wconf 84' lang='grc' dir='ltr'>δέ</span> 
     </span>
    </p>
   </div>
   <div class='ocr_carea' id='block_1_5' title="bbox 389 854 1962 929">
    <p class='ocr_par' dir='ltr' id='par_1_5' title="bbox 389 854 1962 929">
     <span class='ocr_line' id='line_1_5' title="bbox 389 854 1962 929; baseline -0.006 -17"><span class='ocrx_word' id='word_1_33' title='bbox 389 861 486 912; x_wconf 84' lang='grc' dir='ltr'>οὐκ</span> <span class='ocrx_word' id='word_1_34' title='bbox 515 855 584 929; x_wconf 78' lang='grc' dir='ltr'>ῆν</span> <span class='ocrx_word' id='word_1_35' title='bbox 603 859 697 912; x_wconf 78' lang='grc' dir='ltr'>τοῦ</span> <span class='ocrx_word' id='word_1_36' title='bbox 725 857 904 924; x_wconf 80' lang='grc' dir='ltr'>Δαυῒδ,</span> <span class='ocrx_word' id='word_1_37' title='bbox 930 856 1043 911; x_wconf 84' lang='grc' dir='ltr'>ἀλλ’</span> <span class='ocrx_word' id='word_1_38' title='bbox 1068 858 1260 927; x_wconf 85' lang='grc' dir='ltr'>ἐτέρας</span> <span class='ocrx_word' id='word_1_39' title='bbox 1290 857 1484 926; x_wconf 80' lang='grc' dir='ltr'>φυλῆς.</span> <span class='ocrx_word' id='word_1_40' title='bbox 1509 855 1664 918; x_wconf 83' lang='grc' dir='ltr'>Τίνος</span> <span class='ocrx_word' id='word_1_41' title='bbox 1693 854 1749 907; x_wconf 83' lang='grc' dir='ltr'>δέ</span> <span class='ocrx_word' id='word_1_42' title='bbox 1777 854 1962 906; x_wconf 71' lang='grc' dir='ltr'>ἕνεκεν</span> 
     </span>
    </p>
   </div>
   <div class='ocr_carea' id='block_1_6' title="bbox 391 943 1966 1019">
    <p class='ocr_par' dir='ltr' id='par_1_6' title="bbox 391 943 1966 1019">
     <span class='ocr_line' id='line_1_6' title="bbox 391 943 1966 1019; baseline -0.004 -17"><span class='ocrx_word' id='word_1_43' title='bbox 391 951 576 1002; x_wconf 79' lang='grc' dir='ltr'>Βίϐλον</span> <span class='ocrx_word' id='word_1_44' title='bbox 619 951 788 1019; x_wconf 76' lang='grc' dir='ltr'>αὐτὴν</span> <span class='ocrx_word' id='word_1_45' title='bbox 819 951 1082 1017; x_wconf 79' lang='grc' dir='ltr'>γενέσεως</span> <span class='ocrx_word' id='word_1_46' title='bbox 1115 948 1271 1002; x_wconf 90' lang='grc' dir='ltr'>καλεί</span> <span class='ocrx_word' id='word_1_47' title='bbox 1303 946 1478 1017; x_wconf 77' lang='grc' dir='ltr'>Ἰησοῦ</span> <span class='ocrx_word' id='word_1_48' title='bbox 1524 943 1792 1016; x_wconf 85' lang='grc' dir='ltr'>Χριστοῦ;</span> <span class='ocrx_word' id='word_1_49' title='bbox 1845 944 1966 997; x_wconf 82' lang='grc' dir='ltr'>καί·</span> 
     </span>
    </p>
   </div>
   <div class='ocr_carea' id='block_1_7' title="bbox 387 1034 1965 1111">
    <p class='ocr_par' dir='ltr' id='par_1_7' title="bbox 387 1034 1965 1111">
     <span class='ocr_line' id='line_1_7' title="bbox 387 1034 1965 1111; baseline -0.006 -17"><span class='ocrx_word' id='word_1_50' title='bbox 387 1059 535 1109; x_wconf 90' lang='grc' dir='ltr'>τοιγε</span> <span class='ocrx_word' id='word_1_51' title='bbox 569 1042 630 1094; x_wconf 85' lang='grc' dir='ltr'>οὐ</span> <span class='ocrx_word' id='word_1_52' title='bbox 661 1041 819 1094; x_wconf 76' lang='grc' dir='ltr'>τοῦτο</span> <span class='ocrx_word' id='word_1_53' title='bbox 842 1040 953 1110; x_wconf 78' lang='grc' dir='ltr'>ἔχει</span> <span class='ocrx_word' id='word_1_54' title='bbox 989 1040 1146 1111; x_wconf 88' lang='grc' dir='ltr'>μόνον</span> <span class='ocrx_word' id='word_1_55' title='bbox 1173 1039 1271 1111; x_wconf 83' lang='grc' dir='ltr'>τὴν</span> <span class='ocrx_word' id='word_1_56' title='bbox 1298 1038 1572 1108; x_wconf 81' lang='grc' dir='ltr'>γέννησιν,</span> <span class='ocrx_word' id='word_1_57' title='bbox 1622 1034 1758 1089; x_wconf 89' lang='grc' dir='ltr'>ἀλλά</span> <span class='ocrx_word' id='word_1_58' title='bbox 1785 1035 1965 1087; x_wconf 81' lang='grc' dir='ltr'>πᾶσαν</span> 
     </span>
    </p>
   </div>
   <div class='ocr_carea' id='block_1_8' title="bbox 389 1123 1965 1201">
    <p class='ocr_par' dir='ltr' id='par_1_8' title="bbox 389 1123 1965 1201">
     <span class='ocr_line' id='line_1_8' title="bbox 389 1123 1965 1201; baseline -0.004 -16"><span class='ocrx_word' id='word_1_59' title='bbox 389 1132 486 1200; x_wconf 85' lang='grc' dir='ltr'>τὴν</span> <span class='ocrx_word' id='word_1_60' title='bbox 516 1132 845 1201; x_wconf 78' lang='grc' dir='ltr'>οἰκονομίαν.</span> <span class='ocrx_word' id='word_1_61' title='bbox 875 1133 997 1184; x_wconf 87' lang='grc' dir='ltr'>Ὅτι</span> <span class='ocrx_word' id='word_1_62' title='bbox 1030 1131 1212 1199; x_wconf 81' lang='grc' dir='ltr'>πάσης</span> <span class='ocrx_word' id='word_1_63' title='bbox 1242 1131 1342 1200; x_wconf 84' lang='grc' dir='ltr'>τῆς</span> <span class='ocrx_word' id='word_1_64' title='bbox 1373 1125 1683 1191; x_wconf 75' lang='grc' dir='ltr'>οἰκονομίας</span> <span class='ocrx_word' id='word_1_65' title='bbox 1708 1126 1770 1179; x_wconf 84' lang='grc' dir='ltr'>τὸ</span> <span class='ocrx_word' id='word_1_66' title='bbox 1795 1123 1965 1195; x_wconf 89' lang='grc' dir='ltr'>κεφά-</span> 
     </span>
    </p>
   </div>
   <div class='ocr_carea' id='block_1_9' title="bbox 393 1218 1969 1290">
    <p class='ocr_par' dir='ltr' id='par_1_9' title="bbox 393 1218 1969 1290">
     <span class='ocr_line' id='line_1_9' title="bbox 393 1218 1969 1290; baseline -0.002 -17"><span class='ocrx_word' id='word_1_67' title='bbox 393 1221 543 1274; x_wconf 90' lang='grc' dir='ltr'>λαιον</span> <span class='ocrx_word' id='word_1_68' title='bbox 591 1221 773 1280; x_wconf 75' lang='grc' dir='ltr'>τοῦτο,</span> <span class='ocrx_word' id='word_1_69' title='bbox 808 1219 902 1270; x_wconf 76' lang='grc' dir='ltr'>καὶ</span> <span class='ocrx_word' id='word_1_70' title='bbox 947 1219 1090 1286; x_wconf 83' lang='grc' dir='ltr'>ἀρχὴ</span> <span class='ocrx_word' id='word_1_71' title='bbox 1137 1219 1228 1269; x_wconf 80' lang='grc' dir='ltr'>καὶ</span> <span class='ocrx_word' id='word_1_72' title='bbox 1278 1218 1402 1288; x_wconf 76' lang='grc' dir='ltr'>ῥίζα</span> <span class='ocrx_word' id='word_1_73' title='bbox 1447 1221 1663 1273; x_wconf 85' lang='grc' dir='ltr'>πάντων</span> <span class='ocrx_word' id='word_1_74' title='bbox 1697 1222 1830 1290; x_wconf 81' lang='grc' dir='ltr'>ἡμῖν</span> <span class='ocrx_word' id='word_1_75' title='bbox 1858 1218 1969 1271; x_wconf 86' lang='grc' dir='ltr'>τῶν</span> 
     </span>
    </p>
   </div>
   <div class='ocr_carea' id='block_1_10' title="bbox 392 1303 1970 1380">
    <p class='ocr_par' dir='ltr' id='par_1_10' title="bbox 392 1303 1970 1380">
     <span class='ocr_line' id='line_1_10' title="bbox 392 1303 1970 1380; baseline 0.001 -16"><span class='ocrx_word' id='word_1_76' title='bbox 392 1309 612 1377; x_wconf 79' lang='grc' dir='ltr'>ἀγαθῶν</span> <span class='ocrx_word' id='word_1_77' title='bbox 638 1309 864 1376; x_wconf 87' lang='grc' dir='ltr'>γίνεται.</span> <span class='ocrx_word' id='word_1_78' title='bbox 897 1309 1104 1378; x_wconf 83' lang='grc' dir='ltr'>Ὠσπερ</span> <span class='ocrx_word' id='word_1_79' title='bbox 1126 1303 1218 1361; x_wconf 74' lang='grc' dir='ltr'>οὖν</span> <span class='ocrx_word' id='word_1_80' title='bbox 1250 1308 1454 1378; x_wconf 87' lang='grc' dir='ltr'>βιϐλίον</span> <span class='ocrx_word' id='word_1_81' title='bbox 1477 1311 1706 1380; x_wconf 80' lang='grc' dir='ltr'>ούρανοῦ</span> <span class='ocrx_word' id='word_1_82' title='bbox 1740 1313 1835 1365; x_wconf 75' lang='grc' dir='ltr'>καὶ</span> <span class='ocrx_word' id='word_1_83' title='bbox 1864 1311 1970 1380; x_wconf 83' lang='grc' dir='ltr'>γῆς</span> 
     </span>
    </p>
   </div>
   <div class='ocr_carea' id='block_1_11' title="bbox 391 1402 1969 1478">
    <p class='ocr_par' dir='ltr' id='par_1_11' title="bbox 391 1402 1969 1478">
     <span class='ocr_line' id='line_1_11' title="bbox 391 1402 1969 1478; baseline 0.001 -22"><span class='ocrx_word' id='word_1_84' title='bbox 391 1404 550 1456; x_wconf 90' lang='grc' dir='ltr'>καλεῖ</span> <span class='ocrx_word' id='word_1_85' title='bbox 579 1403 838 1472; x_wconf 80' lang='grc' dir='ltr'>Μωῦσῆς,</span> <span class='ocrx_word' id='word_1_86' title='bbox 890 1402 1130 1470; x_wconf 83' lang='grc' dir='ltr'>καίτοιγε</span> <span class='ocrx_word' id='word_1_87' title='bbox 1169 1404 1229 1454; x_wconf 79' lang='grc' dir='ltr'>οὐ</span> <span class='ocrx_word' id='word_1_88' title='bbox 1266 1405 1394 1474; x_wconf 80' lang='grc' dir='ltr'>περὶ</span> <span class='ocrx_word' id='word_1_89' title='bbox 1437 1407 1668 1478; x_wconf 73' lang='grc' dir='ltr'>ούρανοῦ</span> <span class='ocrx_word' id='word_1_90' title='bbox 1714 1406 1830 1478; x_wconf 69' lang='grc'>[24]</span> <span class='ocrx_word' id='word_1_91' title='bbox 1875 1406 1969 1458; x_wconf 74' lang='grc' dir='ltr'>καὶ</span> 
     </span>
    </p>
   </div>
   <div class='ocr_carea' id='block_1_12' title="bbox 390 1492 1968 1568">
    <p class='ocr_par' dir='ltr' id='par_1_12' title="bbox 390 1492 1968 1568">
     <span class='ocr_line' id='line_1_12' title="bbox 390 1492 1968 1568; baseline -0.001 -19"><span class='ocrx_word' id='word_1_92' title='bbox 390 1495 493 1562; x_wconf 83' lang='grc' dir='ltr'>γῆς</span> <span class='ocrx_word' id='word_1_93' title='bbox 525 1492 826 1562; x_wconf 71' lang='grc' dir='ltr'>διαλεχθεὶς</span> <span class='ocrx_word' id='word_1_94' title='bbox 879 1493 1060 1563; x_wconf 85' lang='grc' dir='ltr'>μόνον,</span> <span class='ocrx_word' id='word_1_95' title='bbox 1100 1493 1236 1548; x_wconf 88' lang='grc' dir='ltr'>ἁλλά</span> <span class='ocrx_word' id='word_1_96' title='bbox 1269 1497 1362 1548; x_wconf 74' lang='grc' dir='ltr'>καὶ</span> <span class='ocrx_word' id='word_1_97' title='bbox 1414 1498 1542 1568; x_wconf 75' lang='grc' dir='ltr'>περὶ</span> <span class='ocrx_word' id='word_1_98' title='bbox 1573 1497 1683 1550; x_wconf 85' lang='grc' dir='ltr'>τῶν</span> <span class='ocrx_word' id='word_1_99' title='bbox 1730 1499 1786 1550; x_wconf 83' lang='grc' dir='ltr'>ἐν</span> <span class='ocrx_word' id='word_1_100' title='bbox 1819 1498 1968 1568; x_wconf 87' lang='grc' dir='ltr'>μέσῳ</span> 
     </span>
    </p>
   </div>
   <div class='ocr_carea' id='block_1_13' title="bbox 389 1580 1968 1656">
    <p class='ocr_par' dir='ltr' id='par_1_13' title="bbox 389 1580 1968 1656">
     <span class='ocr_line' id='line_1_13' title="bbox 389 1580 1968 1656; baseline 0.003 -21"><span class='ocrx_word' id='word_1_101' title='bbox 389 1586 630 1638; x_wconf 88' lang='grc' dir='ltr'>πάντων·</span> <span class='ocrx_word' id='word_1_102' title='bbox 693 1582 837 1636; x_wconf 71' lang='grc' dir='ltr'>οὕτω</span> <span class='ocrx_word' id='word_1_103' title='bbox 884 1585 979 1638; x_wconf 79' lang='grc' dir='ltr'>καὶ</span> <span class='ocrx_word' id='word_1_104' title='bbox 1032 1580 1186 1649; x_wconf 74' lang='grc' dir='ltr'>οὗτος</span> <span class='ocrx_word' id='word_1_105' title='bbox 1243 1585 1352 1639; x_wconf 82' lang='grc' dir='ltr'>ἀπὸ</span> <span class='ocrx_word' id='word_1_106' title='bbox 1397 1588 1491 1640; x_wconf 84' lang='grc' dir='ltr'>τοῦ</span> <span class='ocrx_word' id='word_1_107' title='bbox 1525 1588 1822 1656; x_wconf 84' lang='grc' dir='ltr'>κεφαλαίου</span> <span class='ocrx_word' id='word_1_108' title='bbox 1858 1587 1968 1640; x_wconf 83' lang='grc' dir='ltr'>τῶν</span> 
     </span>
    </p>
   </div>
   <div class='ocr_carea' id='block_1_14' title="bbox 389 1672 1968 1749">
    <p class='ocr_par' dir='ltr' id='par_1_14' title="bbox 389 1672 1968 1749">
     <span class='ocr_line' id='line_1_14' title="bbox 389 1672 1968 1749; baseline 0.002 -22"><span class='ocrx_word' id='word_1_109' title='bbox 389 1672 830 1745; x_wconf 77' lang='grc' dir='ltr'>κατορθωμάτων</span> <span class='ocrx_word' id='word_1_110' title='bbox 874 1674 936 1726; x_wconf 80' lang='grc' dir='ltr'>τὸ</span> <span class='ocrx_word' id='word_1_111' title='bbox 974 1674 1176 1744; x_wconf 91' lang='grc' dir='ltr'>βιϐλίον</span> <span class='ocrx_word' id='word_1_112' title='bbox 1209 1676 1455 1733; x_wconf 85' lang='grc' dir='ltr'>ἐκάλεσε.</span> <span class='ocrx_word' id='word_1_113' title='bbox 1489 1678 1562 1730; x_wconf 85' lang='grc' dir='ltr'>Τὸ</span> <span class='ocrx_word' id='word_1_114' title='bbox 1607 1678 1714 1749; x_wconf 83' lang='grc' dir='ltr'>γάρ</span> <span class='ocrx_word' id='word_1_115' title='bbox 1762 1677 1968 1748; x_wconf 86' lang='grc' dir='ltr'>ἐκπλή-</span> 
     </span>
    </p>
   </div>
   <div class='ocr_carea' id='block_1_15' title="bbox 387 1765 1968 1840">
    <p class='ocr_par' dir='ltr' id='par_1_15' title="bbox 387 1765 1968 1840">
     <span class='ocr_line' id='line_1_15' title="bbox 387 1765 1968 1840; baseline 0.003 -23"><span class='ocrx_word' id='word_1_116' title='bbox 387 1767 522 1830; x_wconf 81' lang='grc' dir='ltr'>ξεως</span> <span class='ocrx_word' id='word_1_117' title='bbox 559 1766 729 1834; x_wconf 86' lang='grc' dir='ltr'>γέμον</span> <span class='ocrx_word' id='word_1_118' title='bbox 762 1765 853 1818; x_wconf 63' lang='grc' dir='ltr'>καῖ</span> <span class='ocrx_word' id='word_1_119' title='bbox 895 1765 1037 1836; x_wconf 83' lang='grc' dir='ltr'>ὑπὲρ</span> <span class='ocrx_word' id='word_1_120' title='bbox 1081 1766 1270 1820; x_wconf 79' lang='grc' dir='ltr'>ἐλπίδα</span> <span class='ocrx_word' id='word_1_121' title='bbox 1303 1768 1400 1821; x_wconf 78' lang='grc' dir='ltr'>καὶ</span> <span class='ocrx_word' id='word_1_122' title='bbox 1449 1770 1774 1840; x_wconf 80' lang='grc' dir='ltr'>προσδοκίαν</span> <span class='ocrx_word' id='word_1_123' title='bbox 1824 1771 1968 1824; x_wconf 82' lang='grc' dir='ltr'>άπα-</span> 
     </span>
    </p>
   </div>
   <div class='ocr_carea' id='block_1_16' title="bbox 387 1855 1964 1930">
    <p class='ocr_par' dir='ltr' id='par_1_16' title="bbox 387 1855 1964 1930">
     <span class='ocr_line' id='line_1_16' title="bbox 387 1855 1964 1930; baseline 0.003 -23"><span class='ocrx_word' id='word_1_124' title='bbox 387 1872 508 1921; x_wconf 92' lang='grc' dir='ltr'>σαν,</span> <span class='ocrx_word' id='word_1_125' title='bbox 544 1855 830 1926; x_wconf 83' lang='grc' dir='ltr'>ἄνθρωπον</span> <span class='ocrx_word' id='word_1_126' title='bbox 857 1855 1108 1923; x_wconf 89' lang='grc' dir='ltr'>γενέσθαι</span> <span class='ocrx_word' id='word_1_127' title='bbox 1151 1857 1306 1909; x_wconf 76' lang='grc' dir='ltr'>Θεόνο</span> <span class='ocrx_word' id='word_1_128' title='bbox 1337 1857 1527 1912; x_wconf 88' lang='grc' dir='ltr'>τούτου</span> <span class='ocrx_word' id='word_1_129' title='bbox 1557 1860 1614 1913; x_wconf 83' lang='grc' dir='ltr'>δὲ</span> <span class='ocrx_word' id='word_1_130' title='bbox 1649 1860 1964 1930; x_wconf 85' lang='grc' dir='ltr'>γενομένου,</span> 
     </span>
    </p>
   </div>
   <div class='ocr_carea' id='block_1_17' title="bbox 385 1945 1966 2016">
    <p class='ocr_par' dir='ltr' id='par_1_17' title="bbox 385 1945 1966 2016">
     <span class='ocr_line' id='line_1_17' title="bbox 385 1945 1966 2016; baseline 0.003 -18"><span class='ocrx_word' id='word_1_131' title='bbox 385 1947 454 1998; x_wconf 79' lang='grc' dir='ltr'>τά</span> <span class='ocrx_word' id='word_1_132' title='bbox 489 1945 626 2015; x_wconf 77' lang='grc' dir='ltr'>μετά</span> <span class='ocrx_word' id='word_1_133' title='bbox 663 1946 837 2000; x_wconf 81' lang='grc' dir='ltr'>ταῦτα</span> <span class='ocrx_word' id='word_1_134' title='bbox 869 1946 1084 1999; x_wconf 75' lang='grc' dir='ltr'>ἅπαντα</span> <span class='ocrx_word' id='word_1_135' title='bbox 1117 1948 1258 2001; x_wconf 86' lang='grc' dir='ltr'>κατά</span> <span class='ocrx_word' id='word_1_136' title='bbox 1303 1947 1459 2016; x_wconf 91' lang='grc' dir='ltr'>λόγον</span> <span class='ocrx_word' id='word_1_137' title='bbox 1507 1950 1601 2004; x_wconf 79' lang='grc' dir='ltr'>καὶ</span> <span class='ocrx_word' id='word_1_138' title='bbox 1645 1949 1966 2004; x_wconf 81' lang='grc' dir='ltr'>ἀκολουθίαν</span> 
     </span>
    </p>
   </div>
   <div class='ocr_carea' id='block_1_18' title="bbox 383 2035 602 2092">
    <p class='ocr_par' dir='ltr' id='par_1_18' title="bbox 383 2035 602 2092">
     <span class='ocr_line' id='line_1_18' title="bbox 383 2035 602 2092; baseline 0.014 -4"><span class='ocrx_word' id='word_1_139' title='bbox 383 2035 602 2092; x_wconf 76' lang='grc' dir='ltr'>ἕπεται.</span> 
     </span>
    </p>
   </div>
   <div class='ocr_carea' id='block_1_19' title="bbox 453 2126 1968 2201">
    <p class='ocr_par' dir='ltr' id='par_1_19' title="bbox 453 2126 1968 2201">
     <span class='ocr_line' id='line_1_19' title="bbox 453 2126 1968 2201; baseline 0.005 -23"><span class='ocrx_word' id='word_1_140' title='bbox 453 2129 609 2190; x_wconf 84' lang='grc' dir='ltr'>Τίνος</span> <span class='ocrx_word' id='word_1_141' title='bbox 657 2127 714 2181; x_wconf 82' lang='grc' dir='ltr'>δὲ</span> <span class='ocrx_word' id='word_1_142' title='bbox 759 2127 944 2180; x_wconf 88' lang='grc' dir='ltr'>’ένεκεν</span> <span class='ocrx_word' id='word_1_143' title='bbox 991 2129 1092 2181; x_wconf 87' lang='grc' dir='ltr'>ούκ</span> <span class='ocrx_word' id='word_1_144' title='bbox 1138 2126 1310 2195; x_wconf 88' lang='grc' dir='ltr'>εἶπεν,</span> <span class='ocrx_word' id='word_1_145' title='bbox 1354 2128 1485 2184; x_wconf 83' lang='grc' dir='ltr'>Υίοῦ</span> <span class='ocrx_word' id='word_1_146' title='bbox 1527 2130 1812 2201; x_wconf 82' lang='grc' dir='ltr'>Ἀϐραάμ,</span> <span class='ocrx_word' id='word_1_147' title='bbox 1867 2132 1968 2185; x_wconf 73' lang='grc' dir='ltr'>καὶ</span> 
     </span>
    </p>
   </div>
   <div class='ocr_carea' id='block_1_20' title="bbox 382 2217 1968 2289">
    <p class='ocr_par' dir='ltr' id='par_1_20' title="bbox 382 2217 1968 2289">
     <span class='ocr_line' id='line_1_20' title="bbox 382 2217 1968 2289; baseline 0.004 -19"><span class='ocrx_word' id='word_1_148' title='bbox 382 2217 527 2280; x_wconf 86' lang='grc' dir='ltr'>τότε,</span> <span class='ocrx_word' id='word_1_149' title='bbox 566 2217 700 2269; x_wconf 88' lang='grc' dir='ltr'>Υἱοῦ</span> <span class='ocrx_word' id='word_1_150' title='bbox 756 2219 948 2282; x_wconf 76' lang='grc' dir='ltr'>Δαυῖδς</span> <span class='ocrx_word' id='word_1_151' title='bbox 1001 2221 1112 2289; x_wconf 80' lang='grc' dir='ltr'>οὐχ</span> <span class='ocrx_word' id='word_1_152' title='bbox 1160 2221 1236 2283; x_wconf 82' lang='grc' dir='ltr'>ὥς</span> <span class='ocrx_word' id='word_1_153' title='bbox 1270 2239 1413 2284; x_wconf 88' lang='grc' dir='ltr'>τινες</span> <span class='ocrx_word' id='word_1_154' title='bbox 1444 2221 1667 2288; x_wconf 78' lang='grc' dir='ltr'>οἴονται,</span> <span class='ocrx_word' id='word_1_155' title='bbox 1717 2222 1968 2277; x_wconf 79' lang='grc' dir='ltr'>κάτωθεν</span> 
     </span>
    </p>
   </div>
   <div class='ocr_carea' id='block_1_21' title="bbox 380 2307 1959 2384">
    <p class='ocr_par' dir='ltr' id='par_1_21' title="bbox 380 2307 1959 2384">
     <span class='ocr_line' id='line_1_21' title="bbox 380 2307 1959 2384; baseline 0.004 -23"><span class='ocrx_word' id='word_1_156' title='bbox 380 2308 492 2361; x_wconf 86' lang='grc' dir='ltr'>ἀνω</span> <span class='ocrx_word' id='word_1_157' title='bbox 520 2307 839 2378; x_wconf 88' lang='grc' dir='ltr'>βουλόμενος</span> <span class='ocrx_word' id='word_1_158' title='bbox 863 2309 1056 2362; x_wconf 87' lang='grc' dir='ltr'>ἐλθεῖν·</span> <span class='ocrx_word' id='word_1_159' title='bbox 1095 2311 1217 2363; x_wconf 82' lang='grc' dir='ltr'>ἐπεὶ</span> <span class='ocrx_word' id='word_1_160' title='bbox 1242 2311 1494 2382; x_wconf 89' lang='grc' dir='ltr'>ἐποίησεν</span> <span class='ocrx_word' id='word_1_161' title='bbox 1521 2312 1607 2376; x_wconf 81' lang='grc' dir='ltr'>ἂν,</span> <span class='ocrx_word' id='word_1_162' title='bbox 1643 2313 1783 2384; x_wconf 84' lang='grc' dir='ltr'>ὅπερ</span> <span class='ocrx_word' id='word_1_163' title='bbox 1807 2314 1959 2367; x_wconf 78' lang='grc' dir='ltr'>κα“ι⁸ι</span> 
     </span>
    </p>
   </div>
   <div class='ocr_carea' id='block_1_22' title="bbox 377 2399 1969 2468">
    <p class='ocr_par' dir='ltr' id='par_1_22' title="bbox 377 2399 1969 2468">
     <span class='ocr_line' id='line_1_22' title="bbox 377 2399 1969 2468; baseline 0.004 -17"><span class='ocrx_word' id='word_1_164' title='bbox 377 2400 407 2451; x_wconf 98' lang='lat'>6</span> <span class='ocrx_word' id='word_1_165' title='bbox 454 2400 687 2462; x_wconf 82' lang='grc' dir='ltr'>Λουκᾶς·</span> <span class='ocrx_word' id='word_1_166' title='bbox 747 2399 842 2452; x_wconf 83' lang='grc' dir='ltr'>νῦν</span> <span class='ocrx_word' id='word_1_167' title='bbox 889 2399 945 2452; x_wconf 83' lang='grc' dir='ltr'>δὲ</span> <span class='ocrx_word' id='word_1_168' title='bbox 987 2402 1292 2455; x_wconf 80' lang='grc' dir='ltr'>τούναντίον</span> <span class='ocrx_word' id='word_1_169' title='bbox 1333 2405 1496 2455; x_wconf 88' lang='grc' dir='ltr'>ποιεῖ.</span> <span class='ocrx_word' id='word_1_170' title='bbox 1545 2404 1700 2468; x_wconf 84' lang='grc' dir='ltr'>Τίνος</span> <span class='ocrx_word' id='word_1_171' title='bbox 1729 2400 1823 2458; x_wconf 79' lang='grc' dir='ltr'>οὖν</span> <span class='ocrx_word' id='word_1_172' title='bbox 1857 2405 1969 2458; x_wconf 72' lang='grc' dir='ltr'>ἕνα·</span> 
     </span>
    </p>
   </div>
   <div class='ocr_carea' id='block_1_23' title="bbox 386 2489 1966 2562">
    <p class='ocr_par' dir='ltr' id='par_1_23' title="bbox 386 2489 1966 2562">
     <span class='ocr_line' id='line_1_23' title="bbox 386 2489 1966 2562; baseline 0.005 -20"><span class='ocrx_word' id='word_1_173' title='bbox 386 2506 480 2542; x_wconf 91' lang='grc' dir='ltr'>κεν</span> <span class='ocrx_word' id='word_1_174' title='bbox 530 2489 624 2542; x_wconf 79' lang='grc' dir='ltr'>τοῦ</span> <span class='ocrx_word' id='word_1_175' title='bbox 673 2489 835 2544; x_wconf 81' lang='grc' dir='ltr'>Δαυῒδ</span> <span class='ocrx_word' id='word_1_176' title='bbox 884 2492 1330 2562; x_wconf 86' lang='grc' dir='ltr'>ἐμνημόνευσεν;</span> <span class='ocrx_word' id='word_1_177' title='bbox 1379 2494 1465 2546; x_wconf 87' lang='grc' dir='ltr'>Ἐν</span> <span class='ocrx_word' id='word_1_178' title='bbox 1496 2495 1540 2527; x_wconf 79' lang='grc'>⁸⁸</span> <span class='ocrx_word' id='word_1_179' title='bbox 1582 2497 1694 2560; x_wconf 86' lang='grc' dir='ltr'>τοῖς</span> <span class='ocrx_word' id='word_1_180' title='bbox 1746 2497 1966 2550; x_wconf 82' lang='grc' dir='ltr'>πάντων</span> 
     </span>
    </p>
   </div>
   <div class='ocr_carea' id='block_1_24' title="bbox 386 2577 1962 2657">
    <p class='ocr_par' dir='ltr' id='par_1_24' title="bbox 386 2577 1962 2657">
     <span class='ocr_line' id='line_1_24' title="bbox 386 2577 1962 2657; baseline 0.004 -25"><span class='ocrx_word' id='word_1_181' title='bbox 386 2580 650 2650; x_wconf 88' lang='grc' dir='ltr'>στόμασιν</span> <span class='ocrx_word' id='word_1_182' title='bbox 694 2581 723 2633; x_wconf 83' lang='grc' dir='ltr'>ὁ</span> <span class='ocrx_word' id='word_1_183' title='bbox 755 2581 1041 2652; x_wconf 82' lang='grc' dir='ltr'>ἄνθρωπος</span> <span class='ocrx_word' id='word_1_184' title='bbox 1082 2577 1170 2655; x_wconf 81' lang='grc' dir='ltr'>ἦν,</span> <span class='ocrx_word' id='word_1_185' title='bbox 1215 2583 1324 2637; x_wconf 83' lang='grc' dir='ltr'>ἀπό</span> <span class='ocrx_word' id='word_1_186' title='bbox 1362 2601 1422 2636; x_wconf 88' lang='grc' dir='ltr'>τε</span> <span class='ocrx_word' id='word_1_187' title='bbox 1454 2585 1550 2654; x_wconf 82' lang='grc' dir='ltr'>τῆς</span> <span class='ocrx_word' id='word_1_188' title='bbox 1584 2586 1962 2657; x_wconf 78' lang='grc' dir='ltr'>περιφανείας,</span> 
     </span>
    </p>
   </div>
   <div class='ocr_carea' id='block_1_25' title="bbox 383 2670 1962 2746">
    <p class='ocr_par' dir='ltr' id='par_1_25' title="bbox 383 2670 1962 2746">
     <span class='ocr_line' id='line_1_25' title="bbox 383 2670 1962 2746; baseline 0.004 -24"><span class='ocrx_word' id='word_1_189' title='bbox 383 2670 491 2723; x_wconf 89' lang='grc' dir='ltr'>ἀπό</span> <span class='ocrx_word' id='word_1_190' title='bbox 519 2688 577 2723; x_wconf 90' lang='grc' dir='ltr'>τε</span> <span class='ocrx_word' id='word_1_191' title='bbox 609 2671 704 2725; x_wconf 76' lang='grc' dir='ltr'>τοῦ</span> <span class='ocrx_word' id='word_1_192' title='bbox 755 2672 968 2742; x_wconf 75' lang='grc' dir='ltr'>χρόνουσ</span> <span class='ocrx_word' id='word_1_193' title='bbox 1000 2675 1060 2725; x_wconf 83' lang='grc' dir='ltr'>οὺ</span> <span class='ocrx_word' id='word_1_194' title='bbox 1103 2673 1211 2745; x_wconf 73' lang='grc' dir='ltr'>γὰρ</span> <span class='ocrx_word' id='word_1_195' title='bbox 1242 2674 1407 2727; x_wconf 89' lang='grc' dir='ltr'>πάλαι</span> <span class='ocrx_word' id='word_1_196' title='bbox 1441 2670 1510 2746; x_wconf 77' lang='grc' dir='ltr'>ἦν</span> <span class='ocrx_word' id='word_1_197' title='bbox 1537 2674 1962 2746; x_wconf 88' lang='grc' dir='ltr'>τετελευτηκὼς,</span> 
     </span>
    </p>
   </div>
   <div class='ocr_carea' id='block_1_26' title="bbox 384 2760 1967 2837">
    <p class='ocr_par' dir='ltr' id='par_1_26' title="bbox 384 2760 1967 2837">
     <span class='ocr_line' id='line_1_26' title="bbox 384 2760 1967 2837; baseline 0.004 -23"><span class='ocrx_word' id='word_1_198' title='bbox 384 2760 578 2834; x_wconf 82' lang='grc' dir='ltr'>ὥσπερ</span> <span class='ocrx_word' id='word_1_199' title='bbox 606 2765 633 2815; x_wconf 87' lang='lat'>6</span> <span class='ocrx_word' id='word_1_200' title='bbox 674 2762 945 2833; x_wconf 78' lang='grc' dir='ltr'>Ἀϐραάμ.</span> <span class='ocrx_word' id='word_1_201' title='bbox 997 2764 1060 2817; x_wconf 78' lang='grc' dir='ltr'><strong>Εἰ</strong></span> <span class='ocrx_word' id='word_1_202' title='bbox 1091 2763 1146 2816; x_wconf 85' lang='grc' dir='ltr'>δέ</span> <span class='ocrx_word' id='word_1_203' title='bbox 1178 2765 1507 2837; x_wconf 82' lang='grc' dir='ltr'>ἀμφοτέροις</span> <span class='ocrx_word' id='word_1_204' title='bbox 1542 2766 1906 2836; x_wconf 73' lang='grc' dir='ltr'>ἐπηγγείλατο</span> <span class='ocrx_word' id='word_1_205' title='bbox 1937 2769 1967 2821; x_wconf 89' lang='lat'>6</span> 
     </span>
    </p>
   </div>
   <div class='ocr_carea' id='block_1_27' title="bbox 379 2852 1959 2926">
    <p class='ocr_par' dir='ltr' id='par_1_27' title="bbox 379 2852 1959 2926">
     <span class='ocr_line' id='line_1_27' title="bbox 379 2852 1959 2926; baseline 0.003 -20"><span class='ocrx_word' id='word_1_206' title='bbox 379 2852 535 2917; x_wconf 79' lang='grc' dir='ltr'>Θεὸς,</span> <span class='ocrx_word' id='word_1_207' title='bbox 560 2854 676 2908; x_wconf 87' lang='grc' dir='ltr'>ἀλλ’</span> <span class='ocrx_word' id='word_1_208' title='bbox 705 2856 856 2924; x_wconf 83' lang='grc' dir='ltr'>ὅμως</span> <span class='ocrx_word' id='word_1_209' title='bbox 895 2857 1073 2908; x_wconf 84' lang='grc' dir='ltr'>ἐκεῖνο</span> <span class='ocrx_word' id='word_1_210' title='bbox 1126 2855 1246 2926; x_wconf 84' lang='grc' dir='ltr'>μὲν,</span> <span class='ocrx_word' id='word_1_211' title='bbox 1300 2857 1376 2920; x_wconf 83' lang='grc' dir='ltr'>ὡς</span> <span class='ocrx_word' id='word_1_212' title='bbox 1409 2857 1661 2923; x_wconf 67' lang='grc' dir='ltr'>παλαιὸν,</span> <span class='ocrx_word' id='word_1_213' title='bbox 1703 2858 1959 2926; x_wconf 83' lang='grc' dir='ltr'>ἐσιγᾶτο·</span> 
     </span>
    </p>
   </div>
   <div class='ocr_carea' id='block_1_28' title="bbox 378 2943 1963 3018">
    <p class='ocr_par' dir='ltr' id='par_1_28' title="bbox 378 2943 1963 3018">
     <span class='ocr_line' id='line_1_28' title="bbox 378 2943 1963 3018; baseline 0.003 -23"><span class='ocrx_word' id='word_1_214' title='bbox 378 2943 536 2996; x_wconf 79' lang='grc' dir='ltr'>τοῦτο</span> <span class='ocrx_word' id='word_1_215' title='bbox 555 2943 632 3008; x_wconf 88' lang='grc' dir='ltr'>δὲ,</span> <span class='ocrx_word' id='word_1_216' title='bbox 661 2945 738 3007; x_wconf 86' lang='grc' dir='ltr'>ὡς</span> <span class='ocrx_word' id='word_1_217' title='bbox 771 2945 1082 3018; x_wconf 88' lang='grc' dir='ltr'>πρόσφατον</span> <span class='ocrx_word' id='word_1_218' title='bbox 1122 2946 1214 2998; x_wconf 71' lang='grc' dir='ltr'>καὶ</span> <span class='ocrx_word' id='word_1_219' title='bbox 1235 2946 1375 3012; x_wconf 91' lang='grc' dir='ltr'>νέον,</span> <span class='ocrx_word' id='word_1_220' title='bbox 1413 2945 1520 3000; x_wconf 79' lang='grc' dir='ltr'>ὑπὸ</span> <span class='ocrx_word' id='word_1_221' title='bbox 1558 2947 1775 3001; x_wconf 88' lang='grc' dir='ltr'>πάντων</span> <span class='ocrx_word' id='word_1_222' title='bbox 1806 2966 1963 3018; x_wconf 80' lang='grc' dir='ltr'>περι-</span> 
     </span>
    </p>
   </div>
   <div class='ocr_carea' id='block_1_29' title="bbox 380 3033 1963 3106">
    <p class='ocr_par' dir='ltr' id='par_1_29' title="bbox 380 3033 1963 3106">
     <span class='ocr_line' id='line_1_29' title="bbox 380 3033 1963 3106; baseline 0.003 -21"><span class='ocrx_word' id='word_1_223' title='bbox 380 3033 625 3104; x_wconf 89' lang='grc' dir='ltr'>εφέρετο.</span> <span class='ocrx_word' id='word_1_224' title='bbox 651 3035 811 3088; x_wconf 76' lang='grc' dir='ltr'>Αὐτοὶ</span> <span class='ocrx_word' id='word_1_225' title='bbox 837 3035 966 3104; x_wconf 83' lang='grc' dir='ltr'>γοῦν</span> <span class='ocrx_word' id='word_1_226' title='bbox 992 3035 1240 3103; x_wconf 85' lang='grc' dir='ltr'>λέγουσιν</span> <span class='ocrx_word' id='word_1_227' title='bbox 1263 3051 1278 3066; x_wconf 81' lang='lat'><strong>&#39;</strong></span> <span class='ocrx_word' id='word_1_228' title='bbox 1313 3038 1436 3090; x_wconf 84' lang='grc' dir='ltr'>Οὐκ</span> <span class='ocrx_word' id='word_1_229' title='bbox 1466 3037 1535 3090; x_wconf 82' lang='grc' dir='ltr'>ἐκ</span> <span class='ocrx_word' id='word_1_230' title='bbox 1563 3035 1670 3090; x_wconf 88' lang='grc' dir='ltr'>τοῦ</span> <span class='ocrx_word' id='word_1_231' title='bbox 1699 3035 1963 3106; x_wconf 77' lang='grc' dir='ltr'>σπέρμα-</span> 
     </span>
    </p>
   </div>
   <div class='ocr_carea' id='block_1_30' title="bbox 378 3128 1963 3202">
    <p class='ocr_par' dir='ltr' id='par_1_30' title="bbox 378 3128 1963 3202">
     <span class='ocr_line' id='line_1_30' title="bbox 378 3128 1963 3202; baseline 0.004 -23"><span class='ocrx_word' id='word_1_232' title='bbox 378 3144 479 3194; x_wconf 84' lang='grc' dir='ltr'>τος</span> <span class='ocrx_word' id='word_1_233' title='bbox 517 3128 700 3182; x_wconf 82' lang='grc' dir='ltr'>Δαυῒδ</span> <span class='ocrx_word' id='word_1_234' title='bbox 722 3129 829 3182; x_wconf 79' lang='grc' dir='ltr'>’καί</span> <span class='ocrx_word' id='word_1_235' title='bbox 854 3129 972 3184; x_wconf 77' lang='grc' dir='ltr'>ἀπὸ</span> <span class='ocrx_word' id='word_1_236' title='bbox 998 3131 1270 3201; x_wconf 82' lang='grc' dir='ltr'>Βηθλεὲμ</span> <span class='ocrx_word' id='word_1_237' title='bbox 1301 3131 1412 3200; x_wconf 81' lang='grc' dir='ltr'>τῆς</span> <span class='ocrx_word' id='word_1_238' title='bbox 1441 3131 1663 3201; x_wconf 81' lang='grc' dir='ltr'>κώμης,</span> <span class='ocrx_word' id='word_1_239' title='bbox 1690 3132 1843 3187; x_wconf 82' lang='grc' dir='ltr'>ὅπου</span> <span class='ocrx_word' id='word_1_240' title='bbox 1881 3129 1963 3202; x_wconf 82' lang='grc' dir='ltr'>ἦν</span> 
     </span>
    </p>
   </div>
   <div class='ocr_carea' id='block_1_31' title="bbox 378 3216 1961 3290">
    <p class='ocr_par' dir='ltr' id='par_1_31' title="bbox 378 3216 1961 3290">
     <span class='ocr_line' id='line_1_31' title="bbox 378 3216 1961 3290; baseline 0.004 -21"><span class='ocrx_word' id='word_1_241' title='bbox 378 3216 580 3285; x_wconf 83' lang='grc' dir='ltr'>Δαυῒδ,</span> <span class='ocrx_word' id='word_1_242' title='bbox 615 3217 849 3287; x_wconf 83' lang='grc' dir='ltr'>ἔρχεται</span> <span class='ocrx_word' id='word_1_243' title='bbox 889 3223 922 3274; x_wconf 86' lang='grc' dir='ltr'>ό</span> <span class='ocrx_word' id='word_1_244' title='bbox 966 3223 1241 3290; x_wconf 80' lang='grc' dir='ltr'>Χριστός.</span> <span class='ocrx_word' id='word_1_245' title='bbox 1288 3222 1397 3274; x_wconf 74' lang='grc' dir='ltr'>Καὶ</span> <span class='ocrx_word' id='word_1_246' title='bbox 1450 3223 1624 3286; x_wconf 75' lang='grc' dir='ltr'>οὐδεὶς</span> <span class='ocrx_word' id='word_1_247' title='bbox 1653 3223 1815 3278; x_wconf 79' lang='grc' dir='ltr'>αὐτὸν</span> <span class='ocrx_word' id='word_1_248' title='bbox 1847 3223 1961 3277; x_wconf 84' lang='grc' dir='ltr'>υίδν</span> 
     </span>
    </p>
   </div>
   <div class='ocr_carea' id='block_1_32' title="bbox 393 3309 1956 3387">
    <p class='ocr_par' dir='ltr' id='par_1_32' title="bbox 393 3309 1956 3387">
     <span class='ocr_line' id='line_1_32' title="bbox 393 3309 1956 3387; baseline 0.004 -26"><span class='ocrx_word' id='word_1_249' title='bbox 393 3309 667 3380; x_wconf 77' lang='grc' dir='ltr'>Ἀϐραὰμ,</span> <span class='ocrx_word' id='word_1_250' title='bbox 702 3310 836 3364; x_wconf 80' lang='grc' dir='ltr'>ἀλλὰ</span> <span class='ocrx_word' id='word_1_251' title='bbox 867 3312 1064 3377; x_wconf 88' lang='grc' dir='ltr'>πάντες</span> <span class='ocrx_word' id='word_1_252' title='bbox 1092 3313 1207 3367; x_wconf 85' lang='grc' dir='ltr'>υίὺν</span> <span class='ocrx_word' id='word_1_253' title='bbox 1241 3312 1404 3366; x_wconf 80' lang='grc' dir='ltr'>Δαυῖδ</span> <span class='ocrx_word' id='word_1_254' title='bbox 1439 3314 1690 3368; x_wconf 86' lang='grc' dir='ltr'>ἐκάλουν·</span> <span class='ocrx_word' id='word_1_255' title='bbox 1724 3314 1819 3367; x_wconf 77' lang='grc' dir='ltr'>καὶ</span> <span class='ocrx_word' id='word_1_256' title='bbox 1848 3315 1956 3387; x_wconf 80' lang='grc' dir='ltr'>γάρ</span> 
     </span>
    </p>
   </div>
   <div class='ocr_carea' id='block_1_33' title="bbox 379 3398 1956 3476">
    <p class='ocr_par' dir='ltr' id='par_1_33' title="bbox 379 3398 1956 3476">
     <span class='ocr_line' id='line_1_33' title="bbox 379 3398 1956 3476; baseline 0.005 -25"><span class='ocrx_word' id='word_1_257' title='bbox 379 3398 474 3452; x_wconf 75' lang='grc' dir='ltr'>καὶ</span> <span class='ocrx_word' id='word_1_258' title='bbox 497 3398 586 3452; x_wconf 86' lang='grc' dir='ltr'>διά</span> <span class='ocrx_word' id='word_1_259' title='bbox 610 3399 701 3454; x_wconf 76' lang='grc' dir='ltr'>τὸν</span> <span class='ocrx_word' id='word_1_260' title='bbox 729 3401 939 3472; x_wconf 85' lang='grc' dir='ltr'>χρόνον,</span> <span class='ocrx_word' id='word_1_261' title='bbox 967 3403 1041 3466; x_wconf 87' lang='grc' dir='ltr'>ὡς</span> <span class='ocrx_word' id='word_1_262' title='bbox 1082 3401 1252 3474; x_wconf 77' lang='grc' dir='ltr'>ἔφθην</span> <span class='ocrx_word' id='word_1_263' title='bbox 1282 3404 1478 3468; x_wconf 85' lang='grc' dir='ltr'>είπὼν,</span> <span class='ocrx_word' id='word_1_264' title='bbox 1501 3404 1594 3458; x_wconf 77' lang='grc' dir='ltr'>καὶ</span> <span class='ocrx_word' id='word_1_265' title='bbox 1617 3405 1706 3458; x_wconf 88' lang='grc' dir='ltr'>διά</span> <span class='ocrx_word' id='word_1_266' title='bbox 1732 3405 1831 3476; x_wconf 83' lang='grc' dir='ltr'>τὴν</span> <span class='ocrx_word' id='word_1_267' title='bbox 1858 3404 1956 3474; x_wconf 88' lang='grc' dir='ltr'>βα-</span> 
     </span>
    </p>
   </div>
   <div class='ocr_carea' id='block_1_34' title="bbox 377 3487 1957 3566">
    <p class='ocr_par' dir='ltr' id='par_1_34' title="bbox 377 3487 1957 3566">
     <span class='ocr_line' id='line_1_34' title="bbox 377 3487 1957 3566; baseline 0.004 -25"><span class='ocrx_word' id='word_1_268' title='bbox 377 3489 602 3556; x_wconf 85' lang='grc' dir='ltr'>σιλείαν,</span> <span class='ocrx_word' id='word_1_269' title='bbox 657 3493 855 3562; x_wconf 82' lang='grc' dir='ltr'>μᾶλλον</span> <span class='ocrx_word' id='word_1_270' title='bbox 901 3495 958 3546; x_wconf 89' lang='grc' dir='ltr'>ἐν</span> <span class='ocrx_word' id='word_1_271' title='bbox 1000 3495 1189 3566; x_wconf 83' lang='grc' dir='ltr'>μνήμῃ</span> <span class='ocrx_word' id='word_1_272' title='bbox 1235 3495 1402 3548; x_wconf 80' lang='grc' dir='ltr'>πᾶσιν</span> <span class='ocrx_word' id='word_1_273' title='bbox 1451 3487 1606 3558; x_wconf 72' lang='grc' dir='ltr'>οὗτος</span> <span class='ocrx_word' id='word_1_274' title='bbox 1655 3490 1747 3566; x_wconf 80' lang='grc' dir='ltr'>ῆν.</span> <span class='ocrx_word' id='word_1_275' title='bbox 1797 3493 1957 3549; x_wconf 79' lang='grc' dir='ltr'>Οὕτω</span> 
     </span>
    </p>
   </div>
   <div class='ocr_carea' id='block_1_35' title="bbox 375 3577 1990 3655">
    <p class='ocr_par' dir='ltr' id='par_1_35' title="bbox 375 3577 1990 3655">
     <span class='ocr_line' id='line_1_35' title="bbox 375 3577 1990 3655; baseline 0.004 -25"><span class='ocrx_word' id='word_1_276' title='bbox 375 3577 504 3644; x_wconf 84' lang='grc' dir='ltr'>γοῦν</span> <span class='ocrx_word' id='word_1_277' title='bbox 543 3582 636 3632; x_wconf 73' lang='grc' dir='ltr'>καὶ</span> <span class='ocrx_word' id='word_1_278' title='bbox 673 3581 765 3645; x_wconf 85' lang='grc' dir='ltr'>οὒς</span> <span class='ocrx_word' id='word_1_279' title='bbox 800 3583 1000 3650; x_wconf 88' lang='grc' dir='ltr'>ἐτίμων</span> <span class='ocrx_word' id='word_1_280' title='bbox 1035 3582 1289 3654; x_wconf 80' lang='grc' dir='ltr'>βασιλέας</span> <span class='ocrx_word' id='word_1_281' title='bbox 1325 3584 1442 3655; x_wconf 81' lang='grc' dir='ltr'>μετ’</span> <span class='ocrx_word' id='word_1_282' title='bbox 1473 3586 1681 3638; x_wconf 87' lang='grc' dir='ltr'>ἐκεῖνον</span> <span class='ocrx_word' id='word_1_283' title='bbox 1711 3584 1771 3648; x_wconf 81' lang='grc' dir='ltr'>ἐξ</span> <span class='ocrx_word' id='word_1_284' title='bbox 1808 3585 1954 3637; x_wconf 84' lang='grc' dir='ltr'>ἐκεί·</span> <span class='ocrx_word' id='word_1_285' title='bbox 1976 3605 1990 3616; x_wconf 88' lang='grc'><strong>·</strong></span> 
     </span>
    </p>
   </div>
   <div class='ocr_carea' id='block_1_36' title="bbox 385 3668 1953 3744">
    <p class='ocr_par' dir='ltr' id='par_1_36' title="bbox 385 3668 1953 3744">
     <span class='ocr_line' id='line_1_36' title="bbox 385 3668 1953 3744; baseline 0.004 -22"><span class='ocrx_word' id='word_1_286' title='bbox 385 3683 476 3722; x_wconf 79' lang='grc' dir='ltr'>νου</span> <span class='ocrx_word' id='word_1_287' title='bbox 509 3668 753 3731; x_wconf 76' lang='grc' dir='ltr'>ἅπαντας</span> <span class='ocrx_word' id='word_1_288' title='bbox 783 3669 1028 3734; x_wconf 88' lang='grc' dir='ltr'>ἐκάλουν,</span> <span class='ocrx_word' id='word_1_289' title='bbox 1055 3671 1150 3724; x_wconf 75' lang='grc' dir='ltr'>καὶ</span> <span class='ocrx_word' id='word_1_290' title='bbox 1175 3671 1326 3725; x_wconf 73' lang='grc' dir='ltr'>αὐτοὶ</span> <span class='ocrx_word' id='word_1_291' title='bbox 1351 3674 1446 3726; x_wconf 76' lang='grc' dir='ltr'>καὶ</span> <span class='ocrx_word' id='word_1_292' title='bbox 1472 3677 1500 3727; x_wconf 88' lang='lat'>6</span> <span class='ocrx_word' id='word_1_293' title='bbox 1524 3674 1676 3738; x_wconf 88' lang='grc' dir='ltr'>Θεός.</span> <span class='ocrx_word' id='word_1_294' title='bbox 1708 3675 1817 3728; x_wconf 77' lang='grc' dir='ltr'>Καὶ</span> <span class='ocrx_word' id='word_1_295' title='bbox 1844 3676 1953 3744; x_wconf 85' lang='grc' dir='ltr'>γὰρ</span> 
     </span>
    </p>
   </div>
   <div class='ocr_carea' id='block_1_37' title="bbox 383 3758 1954 3836">
    <p class='ocr_par' dir='ltr' id='par_1_37' title="bbox 383 3758 1954 3836">
     <span class='ocr_line' id='line_1_37' title="bbox 383 3758 1954 3836; baseline 0.005 -26"><span class='ocrx_word' id='word_1_296' title='bbox 383 3758 478 3812; x_wconf 70' lang='grc' dir='ltr'>καὶ</span> <span class='ocrx_word' id='word_1_297' title='bbox 513 3758 790 3829; x_wconf 79' lang='grc' dir='ltr'>Ἰεζεκιὴλ,</span> <span class='ocrx_word' id='word_1_298' title='bbox 823 3760 917 3812; x_wconf 75' lang='grc' dir='ltr'>καὶ</span> <span class='ocrx_word' id='word_1_299' title='bbox 954 3761 1132 3830; x_wconf 73' lang='grc' dir='ltr'>ἕτεροι</span> <span class='ocrx_word' id='word_1_300' title='bbox 1156 3761 1212 3814; x_wconf 84' lang='grc' dir='ltr'>δέ</span> <span class='ocrx_word' id='word_1_301' title='bbox 1242 3764 1535 3836; x_wconf 84' lang='grc' dir='ltr'>προφῆται,</span> <span class='ocrx_word' id='word_1_302' title='bbox 1562 3765 1812 3834; x_wconf 85' lang='grc' dir='ltr'>λέγουσιν</span> <span class='ocrx_word' id='word_1_303' title='bbox 1854 3767 1954 3820; x_wconf 85' lang='grc' dir='ltr'>αὑ-</span> 
     </span>
    </p>
   </div>
   <div class='ocr_carea' id='block_1_38' title="bbox 381 3847 1956 3925">
    <p class='ocr_par' dir='ltr' id='par_1_38' title="bbox 381 3847 1956 3925">
     <span class='ocr_line' id='line_1_38' title="bbox 381 3847 1956 3925; baseline 0.004 -25"><span class='ocrx_word' id='word_1_304' title='bbox 381 3849 495 3910; x_wconf 77' lang='grc' dir='ltr'>τοῖς</span> <span class='ocrx_word' id='word_1_305' title='bbox 525 3847 921 3918; x_wconf 86' lang='grc' dir='ltr'>παραγίνεσθαι</span> <span class='ocrx_word' id='word_1_306' title='bbox 979 3849 1144 3904; x_wconf 81' lang='grc' dir='ltr'>Δαυῒδ</span> <span class='ocrx_word' id='word_1_307' title='bbox 1192 3851 1287 3903; x_wconf 73' lang='grc' dir='ltr'>καὶ</span> <span class='ocrx_word' id='word_1_308' title='bbox 1343 3851 1687 3917; x_wconf 87' lang='grc' dir='ltr'>ἀνίστασθαι,</span> <span class='ocrx_word' id='word_1_309' title='bbox 1728 3855 1788 3908; x_wconf 84' lang='grc' dir='ltr'>οὐ</span> <span class='ocrx_word' id='word_1_310' title='bbox 1827 3854 1956 3925; x_wconf 65' lang='grc' dir='ltr'>περὶ⁵</span> 
     </span>
    </p>
   </div>
   <div class='ocr_carea' id='block_1_39' title="bbox 379 3937 1956 4013">
    <p class='ocr_par' dir='ltr' id='par_1_39' title="bbox 379 3937 1956 4013">
     <span class='ocr_line' id='line_1_39' title="bbox 379 3937 1956 4013; baseline 0.002 -23"><span class='ocrx_word' id='word_1_311' title='bbox 379 3937 589 3991; x_wconf 70' lang='grc' dir='ltr'>ἐκείνου</span> <span class='ocrx_word' id='word_1_312' title='bbox 624 3939 872 4007; x_wconf 89' lang='grc' dir='ltr'>λέγοντες</span> <span class='ocrx_word' id='word_1_313' title='bbox 901 3939 995 3991; x_wconf 80' lang='grc' dir='ltr'>τοῦ</span> <span class='ocrx_word' id='word_1_314' title='bbox 1037 3940 1505 4012; x_wconf 82' lang='grc' dir='ltr'>τετελευτηκότος,</span> <span class='ocrx_word' id='word_1_315' title='bbox 1542 3942 1680 3996; x_wconf 88' lang='grc' dir='ltr'>ἀλλά</span> <span class='ocrx_word' id='word_1_316' title='bbox 1722 3943 1828 3996; x_wconf 84' lang='grc' dir='ltr'>τῶν</span> <span class='ocrx_word' id='word_1_317' title='bbox 1857 3944 1956 4013; x_wconf 79' lang='grc' dir='ltr'>ζη-</span> 
     </span>
    </p>
   </div>
   <div class='ocr_carea' id='block_1_40' title="bbox 381 4028 1956 4106">
    <p class='ocr_par' dir='ltr' id='par_1_40' title="bbox 381 4028 1956 4106">
     <span class='ocr_line' id='line_1_40' title="bbox 381 4028 1956 4106; baseline 0.003 -25"><span class='ocrx_word' id='word_1_318' title='bbox 381 4028 615 4083; x_wconf 88' lang='grc' dir='ltr'>λούντων</span> <span class='ocrx_word' id='word_1_319' title='bbox 649 4031 748 4099; x_wconf 82' lang='grc' dir='ltr'>τὴν</span> <span class='ocrx_word' id='word_1_320' title='bbox 773 4031 971 4102; x_wconf 83' lang='grc' dir='ltr'>ἀρετὴν</span> <span class='ocrx_word' id='word_1_321' title='bbox 1003 4032 1100 4102; x_wconf 82' lang='grc' dir='ltr'>τὴν</span> <span class='ocrx_word' id='word_1_322' title='bbox 1140 4032 1370 4088; x_wconf 86' lang='grc' dir='ltr'>ἐκείνου.</span> <span class='ocrx_word' id='word_1_323' title='bbox 1408 4035 1518 4089; x_wconf 78' lang='grc' dir='ltr'>Καὶ</span> <span class='ocrx_word' id='word_1_324' title='bbox 1542 4035 1587 4068; x_wconf 85' lang='grc'>⁸³</span> <span class='ocrx_word' id='word_1_325' title='bbox 1625 4034 1704 4106; x_wconf 85' lang='grc' dir='ltr'>τῷ</span> <span class='ocrx_word' id='word_1_326' title='bbox 1739 4034 1956 4106; x_wconf 79' lang='grc' dir='ltr'>Ἐζεκίᾳ</span> 
     </span>
    </p>
   </div>
   <div class='ocr_carea' id='block_1_41' title="bbox 383 4121 1956 4195">
    <p class='ocr_par' dir='ltr' id='par_1_41' title="bbox 383 4121 1956 4195">
     <span class='ocr_line' id='line_1_41' title="bbox 383 4121 1956 4195; baseline 0.006 -24"><span class='ocrx_word' id='word_1_327' title='bbox 383 4122 567 4192; x_wconf 77' lang='grc' dir='ltr'>φησίνο</span> <span class='ocrx_word' id='word_1_328' title='bbox 614 4121 978 4189; x_wconf 74' lang='grc' dir='ltr'>Ὑπερασπιῶ</span> <span class='ocrx_word' id='word_1_329' title='bbox 1033 4121 1144 4190; x_wconf 84' lang='grc' dir='ltr'>τῆς</span> <span class='ocrx_word' id='word_1_330' title='bbox 1195 4126 1427 4190; x_wconf 77' lang='grc' dir='ltr'>πόλεως</span> <span class='ocrx_word' id='word_1_331' title='bbox 1476 4127 1699 4194; x_wconf 81' lang='grc' dir='ltr'>ταύτης</span> <span class='ocrx_word' id='word_1_332' title='bbox 1745 4126 1819 4180; x_wconf 81' lang='grc' dir='ltr'>δι’</span> <span class='ocrx_word' id='word_1_333' title='bbox 1851 4126 1956 4195; x_wconf 80' lang='grc' dir='ltr'>ἐμὲ</span> 
     </span>
    </p>
   </div>
   <div class='ocr_carea' id='block_1_42' title="bbox 384 4209 1956 4285">
    <p class='ocr_par' dir='ltr' id='par_1_42' title="bbox 384 4209 1956 4285">
     <span class='ocr_line' id='line_1_42' title="bbox 384 4209 1956 4285; baseline 0.003 -22"><span class='ocrx_word' id='word_1_334' title='bbox 384 4211 482 4264; x_wconf 75' lang='grc' dir='ltr'>καί</span> <span class='ocrx_word' id='word_1_335' title='bbox 511 4209 610 4265; x_wconf 82' lang='grc' dir='ltr'>διὰ</span> <span class='ocrx_word' id='word_1_336' title='bbox 647 4212 827 4267; x_wconf 82' lang='grc' dir='ltr'>Δαυῒδ</span> <span class='ocrx_word' id='word_1_337' title='bbox 852 4214 958 4265; x_wconf 80' lang='grc' dir='ltr'>τὸν</span> <span class='ocrx_word' id='word_1_338' title='bbox 987 4213 1169 4267; x_wconf 79' lang='grc' dir='ltr'>παῖδά</span> <span class='ocrx_word' id='word_1_339' title='bbox 1201 4233 1341 4284; x_wconf 85' lang='grc' dir='ltr'>μου.</span> <span class='ocrx_word' id='word_1_340' title='bbox 1373 4213 1478 4268; x_wconf 73' lang='grc' dir='ltr'>Καὶ</span> <span class='ocrx_word' id='word_1_341' title='bbox 1503 4214 1580 4285; x_wconf 81' lang='grc' dir='ltr'>τῷ</span> <span class='ocrx_word' id='word_1_342' title='bbox 1603 4215 1876 4284; x_wconf 85' lang='grc' dir='ltr'>Σολομῶνι</span> <span class='ocrx_word' id='word_1_343' title='bbox 1897 4215 1956 4268; x_wconf 81' lang='grc' dir='ltr'>δέ</span> 
     </span>
    </p>
   </div>
   <div class='ocr_carea' id='block_1_43' title="bbox 383 4300 1957 4375">
    <p class='ocr_par' dir='ltr' id='par_1_43' title="bbox 383 4300 1957 4375">
     <span class='ocr_line' id='line_1_43' title="bbox 383 4300 1957 4375; baseline 0.004 -23"><span class='ocrx_word' id='word_1_344' title='bbox 383 4300 566 4369; x_wconf 79' lang='grc' dir='ltr'>ἔλεγεν</span> <span class='ocrx_word' id='word_1_345' title='bbox 607 4302 692 4364; x_wconf 66' lang='grc'>⁸⁵,</span> <span class='ocrx_word' id='word_1_346' title='bbox 743 4303 826 4355; x_wconf 84' lang='grc' dir='ltr'>ὅτι</span> <span class='ocrx_word' id='word_1_347' title='bbox 881 4303 967 4357; x_wconf 83' lang='grc' dir='ltr'>διὰ</span> <span class='ocrx_word' id='word_1_348' title='bbox 1018 4305 1178 4357; x_wconf 85' lang='grc' dir='ltr'>Δαυῖδ</span> <span class='ocrx_word' id='word_1_349' title='bbox 1233 4306 1294 4357; x_wconf 77' lang='grc' dir='ltr'>οὐ</span> <span class='ocrx_word' id='word_1_350' title='bbox 1356 4306 1602 4375; x_wconf 78' lang='grc' dir='ltr'>διέρρηξε</span> <span class='ocrx_word' id='word_1_351' title='bbox 1652 4306 1698 4336; x_wconf 78' lang='grc'>⁸⁸</span> <span class='ocrx_word' id='word_1_352' title='bbox 1758 4305 1957 4370; x_wconf 78' lang='grc' dir='ltr'>ζῶντος</span> 
     </span>
    </p>
   </div>
   <div class='ocr_carea' id='block_1_44' title="bbox 383 4390 1958 4465">
    <p class='ocr_par' dir='ltr' id='par_1_44' title="bbox 383 4390 1958 4465">
     <span class='ocr_line' id='line_1_44' title="bbox 383 4390 1958 4465; baseline 0.004 -22"><span class='ocrx_word' id='word_1_353' title='bbox 383 4390 548 4444; x_wconf 78' lang='grc' dir='ltr'>αὑτοῦ</span> <span class='ocrx_word' id='word_1_354' title='bbox 609 4392 708 4462; x_wconf 76' lang='grc' dir='ltr'>τὴν</span> <span class='ocrx_word' id='word_1_355' title='bbox 759 4392 1050 4462; x_wconf 87' lang='grc' dir='ltr'>βασιλείαν.</span> <span class='ocrx_word' id='word_1_356' title='bbox 1105 4393 1282 4463; x_wconf 83' lang='grc' dir='ltr'>Πολλὴ</span> <span class='ocrx_word' id='word_1_357' title='bbox 1335 4395 1442 4464; x_wconf 83' lang='grc' dir='ltr'>γὰρ</span> <span class='ocrx_word' id='word_1_358' title='bbox 1488 4397 1521 4465; x_wconf 82' lang='grc' dir='ltr'><strong>ἡ</strong></span> <span class='ocrx_word' id='word_1_359' title='bbox 1569 4395 1696 4461; x_wconf 84' lang='grc' dir='ltr'>δόξα</span> <span class='ocrx_word' id='word_1_360' title='bbox 1727 4395 1821 4448; x_wconf 81' lang='grc' dir='ltr'>τοῦ</span> <span class='ocrx_word' id='word_1_361' title='bbox 1862 4397 1958 4449; x_wconf 86' lang='grc' dir='ltr'>ἀν-</span> 
     </span>
    </p>
   </div>
   <div class='ocr_carea' id='block_1_45' title="bbox 383 4477 1953 4558">
    <p class='ocr_par' dir='ltr' id='par_1_45' title="bbox 383 4477 1953 4558">
     <span class='ocr_line' id='line_1_45' title="bbox 383 4477 1953 4558; baseline 0.004 -22"><span class='ocrx_word' id='word_1_362' title='bbox 383 4482 510 4555; x_wconf 84' lang='grc' dir='ltr'>δρὸς</span> <span class='ocrx_word' id='word_1_363' title='bbox 537 4477 606 4553; x_wconf 78' lang='grc' dir='ltr'>ἦν</span> <span class='ocrx_word' id='word_1_364' title='bbox 661 4484 754 4537; x_wconf 72' lang='grc' dir='ltr'>καὶ</span> <span class='ocrx_word' id='word_1_365' title='bbox 803 4483 953 4555; x_wconf 86' lang='grc' dir='ltr'>παρά</span> <span class='ocrx_word' id='word_1_366' title='bbox 1000 4483 1116 4556; x_wconf 65' lang='lat'>{253]</span> <span class='ocrx_word' id='word_1_367' title='bbox 1155 4484 1274 4554; x_wconf 87' lang='grc' dir='ltr'>Θεῷ</span> <span class='ocrx_word' id='word_1_368' title='bbox 1304 4486 1396 4538; x_wconf 58' lang='grc' dir='ltr'>καί¹</span> <span class='ocrx_word' id='word_1_369' title='bbox 1433 4486 1584 4558; x_wconf 86' lang='grc' dir='ltr'>παρά</span> <span class='ocrx_word' id='word_1_370' title='bbox 1629 4485 1953 4556; x_wconf 85' lang='grc' dir='ltr'>ἀνθρώποις.</span> 
     </span>
    </p>
   </div>
   <div class='ocr_carea' id='block_1_46' title="bbox 382 4573 1958 4650">
    <p class='ocr_par' dir='ltr' id='par_1_46' title="bbox 382 4573 1958 4650">
     <span class='ocr_line' id='line_1_46' title="bbox 382 4573 1958 4650; baseline 0.003 -22"><span class='ocrx_word' id='word_1_371' title='bbox 382 4574 482 4628; x_wconf 90' lang='grc' dir='ltr'>Διά</span> <span class='ocrx_word' id='word_1_372' title='bbox 508 4573 667 4628; x_wconf 78' lang='grc' dir='ltr'>τοῦτο</span> <span class='ocrx_word' id='word_1_373' title='bbox 714 4575 918 4638; x_wconf 84' lang='grc' dir='ltr'>εὐθέως</span> <span class='ocrx_word' id='word_1_374' title='bbox 959 4577 1023 4628; x_wconf 89' lang='grc' dir='ltr'>ἐκ</span> <span class='ocrx_word' id='word_1_375' title='bbox 1047 4575 1139 4629; x_wconf 86' lang='grc' dir='ltr'>τοῦ</span> <span class='ocrx_word' id='word_1_376' title='bbox 1179 4577 1601 4648; x_wconf 86' lang='grc' dir='ltr'>γνωριμωτέρου</span> <span class='ocrx_word' id='word_1_377' title='bbox 1644 4579 1743 4649; x_wconf 79' lang='grc' dir='ltr'>τὴν</span> <span class='ocrx_word' id='word_1_378' title='bbox 1783 4580 1958 4650; x_wconf 86' lang='grc' dir='ltr'>ἀρχὴν</span> 
     </span>
    </p>
   </div>
   <div class='ocr_carea' id='block_1_47' title="bbox 381 4668 1959 4740">
    <p class='ocr_par' dir='ltr' id='par_1_47' title="bbox 381 4668 1959 4740">
     <span class='ocr_line' id='line_1_47' title="bbox 381 4668 1959 4740; baseline 0 -17"><span class='ocrx_word' id='word_1_379' title='bbox 381 4670 636 4734; x_wconf 81' lang='grc' dir='ltr'>ποιεῖται,</span> <span class='ocrx_word' id='word_1_380' title='bbox 673 4669 764 4722; x_wconf 75' lang='grc' dir='ltr'>καὶ</span> <span class='ocrx_word' id='word_1_381' title='bbox 801 4669 920 4721; x_wconf 88' lang='grc' dir='ltr'>τότε</span> <span class='ocrx_word' id='word_1_382' title='bbox 947 4669 1040 4720; x_wconf 73' lang='grc' dir='ltr'>ἐπὶ</span> <span class='ocrx_word' id='word_1_383' title='bbox 1071 4668 1160 4722; x_wconf 82' lang='grc' dir='ltr'>τὸν</span> <span class='ocrx_word' id='word_1_384' title='bbox 1195 4669 1403 4739; x_wconf 79' lang='grc' dir='ltr'>πατέρα</span> <span class='ocrx_word' id='word_1_385' title='bbox 1430 4669 1741 4740; x_wconf 80' lang='grc' dir='ltr'>ἀνατρέχει,</span> <span class='ocrx_word' id='word_1_386' title='bbox 1773 4687 1959 4740; x_wconf 89' lang='grc' dir='ltr'>περιτ-</span> 
     </span>
    </p>
   </div>
   <div class='ocr_carea' id='block_1_48' title="bbox 381 4760 1958 4832">
    <p class='ocr_par' dir='ltr' id='par_1_48' title="bbox 381 4760 1958 4832">
     <span class='ocr_line' id='line_1_48' title="bbox 381 4760 1958 4832; baseline -0.001 -16"><span class='ocrx_word' id='word_1_387' title='bbox 381 4760 477 4817; x_wconf 77' lang='grc' dir='ltr'>τὸν</span> <span class='ocrx_word' id='word_1_388' title='bbox 515 4760 835 4832; x_wconf 81' lang='grc' dir='ltr'>ἡγούμενος,</span> <span class='ocrx_word' id='word_1_389' title='bbox 883 4762 1005 4814; x_wconf 84' lang='grc' dir='ltr'>ὅσον</span> <span class='ocrx_word' id='word_1_390' title='bbox 1040 4760 1178 4832; x_wconf 85' lang='grc' dir='ltr'>πρὸς</span> <span class='ocrx_word' id='word_1_391' title='bbox 1215 4761 1520 4825; x_wconf 79' lang='grc' dir='ltr'>Ἰουδαίους,</span> <span class='ocrx_word' id='word_1_392' title='bbox 1565 4762 1823 4832; x_wconf 81' lang='grc' dir='ltr'>ἀνωτέρω</span> <span class='ocrx_word' id='word_1_393' title='bbox 1867 4763 1958 4816; x_wconf 81' lang='grc' dir='ltr'>τὸν</span> 
     </span>
    </p>
   </div>
   <div class='ocr_carea' id='block_1_49' title="bbox 382 4845 1957 4924">
    <p class='ocr_par' dir='ltr' id='par_1_49' title="bbox 382 4845 1957 4924">
     <span class='ocr_line' id='line_1_49' title="bbox 382 4845 1957 4924; baseline 0.001 -20"><span class='ocrx_word' id='word_1_394' title='bbox 382 4849 538 4918; x_wconf 85' lang='grc' dir='ltr'>λόγον</span> <span class='ocrx_word' id='word_1_395' title='bbox 576 4853 822 4920; x_wconf 87' lang='grc' dir='ltr'>ἀγαγεῖν.</span> <span class='ocrx_word' id='word_1_396' title='bbox 860 4845 1019 4905; x_wconf 77' lang='grc' dir='ltr'>Οὗτοι</span> <span class='ocrx_word' id='word_1_397' title='bbox 1048 4852 1158 4920; x_wconf 78' lang='grc' dir='ltr'>γὰρ</span> <span class='ocrx_word' id='word_1_398' title='bbox 1210 4851 1442 4921; x_wconf 87' lang='grc' dir='ltr'>μάλιστα</span> <span class='ocrx_word' id='word_1_399' title='bbox 1474 4848 1614 4924; x_wconf 80' lang='grc' dir='ltr'>ἦσαν</span> <span class='ocrx_word' id='word_1_400' title='bbox 1661 4857 1708 4907; x_wconf 88' lang='grc' dir='ltr'>οί</span> <span class='ocrx_word' id='word_1_401' title='bbox 1747 4854 1957 4924; x_wconf 84' lang='grc' dir='ltr'>θαυμα-</span> 
     </span>
    </p>
   </div>
   <div class='ocr_carea' id='block_1_50' title="bbox 385 4940 1954 5015">
    <p class='ocr_par' dir='ltr' id='par_1_50' title="bbox 385 4940 1954 5015">
     <span class='ocr_line' id='line_1_50' title="bbox 385 4940 1954 5015; baseline 0.001 -21"><span class='ocrx_word' id='word_1_402' title='bbox 385 4940 600 5012; x_wconf 84' lang='grc' dir='ltr'>ζόμενοι</span> <span class='ocrx_word' id='word_1_403' title='bbox 625 4957 638 4972; x_wconf 84' lang='grc'><strong>·</strong></span> <span class='ocrx_word' id='word_1_404' title='bbox 671 4945 699 4995; x_wconf 87' lang='grc' dir='ltr'>ὁ</span> <span class='ocrx_word' id='word_1_405' title='bbox 732 4943 854 5013; x_wconf 85' lang='grc' dir='ltr'>μὲν,</span> <span class='ocrx_word' id='word_1_406' title='bbox 897 4943 973 5006; x_wconf 85' lang='grc' dir='ltr'>ὼς</span> <span class='ocrx_word' id='word_1_407' title='bbox 1020 4943 1306 5015; x_wconf 80' lang='grc' dir='ltr'>προφήτης</span> <span class='ocrx_word' id='word_1_408' title='bbox 1351 4944 1444 4996; x_wconf 80' lang='grc' dir='ltr'>καὶ</span> <span class='ocrx_word' id='word_1_409' title='bbox 1496 4943 1780 5012; x_wconf 79' lang='grc' dir='ltr'>βασιλεύςο</span> <span class='ocrx_word' id='word_1_410' title='bbox 1817 4945 1845 4998; x_wconf 86' lang='grc' dir='ltr'>ὁ</span> <span class='ocrx_word' id='word_1_411' title='bbox 1873 4944 1954 5008; x_wconf 87' lang='grc' dir='ltr'>δέ,</span> 
     </span>
    </p>
   </div>
   <div class='ocr_carea' id='block_1_51' title="bbox 381 5031 1958 5106">
    <p class='ocr_par' dir='ltr' id='par_1_51' title="bbox 381 5031 1958 5106">
     <span class='ocr_line' id='line_1_51' title="bbox 381 5031 1958 5106; baseline 0.003 -23"><span class='ocrx_word' id='word_1_412' title='bbox 381 5031 459 5096; x_wconf 83' lang='grc' dir='ltr'>ὡς</span> <span class='ocrx_word' id='word_1_413' title='bbox 487 5034 830 5102; x_wconf 82' lang='grc' dir='ltr'>πατριάρχης</span> <span class='ocrx_word' id='word_1_414' title='bbox 860 5035 955 5088; x_wconf 74' lang='grc' dir='ltr'>καὶ</span> <span class='ocrx_word' id='word_1_415' title='bbox 988 5035 1293 5106; x_wconf 79' lang='grc' dir='ltr'>προφήτης.</span> <span class='ocrx_word' id='word_1_416' title='bbox 1339 5035 1450 5088; x_wconf 78' lang='grc' dir='ltr'>Καὶ</span> <span class='ocrx_word' id='word_1_417' title='bbox 1483 5034 1646 5088; x_wconf 89' lang='grc' dir='ltr'>πόθεν</span> <span class='ocrx_word' id='word_1_418' title='bbox 1687 5035 1845 5106; x_wconf 86' lang='grc' dir='ltr'>δῆλον</span> <span class='ocrx_word' id='word_1_419' title='bbox 1876 5037 1958 5089; x_wconf 83' lang='grc' dir='ltr'>ὃτι</span> 
     </span>
    </p>
   </div>
   <div class='ocr_carea' id='block_1_52' title="bbox 385 5122 1961 5197">
    <p class='ocr_par' dir='ltr' id='par_1_52' title="bbox 385 5122 1961 5197">
     <span class='ocr_line' id='line_1_52' title="bbox 385 5122 1961 5197; baseline 0 -19"><span class='ocrx_word' id='word_1_420' title='bbox 385 5124 449 5178; x_wconf 74' lang='grc' dir='ltr'>ἐκ</span> <span class='ocrx_word' id='word_1_421' title='bbox 475 5122 566 5178; x_wconf 78' lang='grc' dir='ltr'>τοῦ</span> <span class='ocrx_word' id='word_1_422' title='bbox 599 5123 760 5176; x_wconf 85' lang='grc' dir='ltr'>Δαυῖδ</span> <span class='ocrx_word' id='word_1_423' title='bbox 783 5124 930 5188; x_wconf 86' lang='grc' dir='ltr'>ἐστι;</span> <span class='ocrx_word' id='word_1_424' title='bbox 960 5126 1143 5194; x_wconf 88' lang='grc' dir='ltr'>φησίν.</span> <span class='ocrx_word' id='word_1_425' title='bbox 1171 5128 1230 5180; x_wconf 76' lang='lat' dir='ltr'>EE</span> <span class='ocrx_word' id='word_1_426' title='bbox 1254 5126 1361 5197; x_wconf 88' lang='grc' dir='ltr'>γὰρ</span> <span class='ocrx_word' id='word_1_427' title='bbox 1386 5127 1444 5192; x_wconf 81' lang='grc' dir='ltr'>ἐξ</span> <span class='ocrx_word' id='word_1_428' title='bbox 1471 5126 1662 5197; x_wconf 85' lang='grc' dir='ltr'>ἀνδρὸς</span> <span class='ocrx_word' id='word_1_429' title='bbox 1688 5127 1788 5179; x_wconf 82' lang='grc' dir='ltr'>οὐκ</span> <span class='ocrx_word' id='word_1_430' title='bbox 1815 5127 1961 5196; x_wconf 85' lang='grc' dir='ltr'>ἐγεν-</span> 
     </span>
    </p>
   </div>
   <div class='ocr_carea' id='block_1_53' title="bbox 387 5214 1958 5289">
    <p class='ocr_par' dir='ltr' id='par_1_53' title="bbox 387 5214 1958 5289">
     <span class='ocr_line' id='line_1_53' title="bbox 387 5214 1958 5289; baseline 0.003 -23"><span class='ocrx_word' id='word_1_431' title='bbox 387 5215 542 5285; x_wconf 84' lang='grc' dir='ltr'>νήθη,</span> <span class='ocrx_word' id='word_1_432' title='bbox 566 5214 679 5267; x_wconf 83' lang='grc' dir='ltr'>ἀλλ’</span> <span class='ocrx_word' id='word_1_433' title='bbox 733 5215 839 5268; x_wconf 74' lang='grc' dir='ltr'>ἀπὸ</span> <span class='ocrx_word' id='word_1_434' title='bbox 878 5217 1132 5284; x_wconf 82' lang='grc' dir='ltr'>γυναικὸς</span> <span class='ocrx_word' id='word_1_435' title='bbox 1171 5219 1348 5287; x_wconf 81' lang='grc' dir='ltr'>μόνον,</span> <span class='ocrx_word' id='word_1_436' title='bbox 1397 5220 1430 5288; x_wconf 80' lang='grc' dir='ltr'>ἡ</span> <span class='ocrx_word' id='word_1_437' title='bbox 1483 5219 1538 5272; x_wconf 84' lang='grc' dir='ltr'>δὲ</span> <span class='ocrx_word' id='word_1_438' title='bbox 1592 5219 1867 5289; x_wconf 88' lang='grc' dir='ltr'>Παρθένος</span> <span class='ocrx_word' id='word_1_439' title='bbox 1895 5220 1958 5272; x_wconf 84' lang='grc' dir='ltr'>οὐ</span> 
     </span>
    </p>
   </div>
   <div class='ocr_carea' id='block_1_54' title="bbox 383 5302 1958 5377">
    <p class='ocr_par' dir='ltr' id='par_1_54' title="bbox 383 5302 1958 5377">
     <span class='ocr_line' id='line_1_54' title="bbox 383 5302 1958 5377; baseline 0.004 -23"><span class='ocrx_word' id='word_1_440' title='bbox 383 5302 804 5371; x_wconf 77' lang='grc' dir='ltr'>γενεαλογεῖται,</span> <span class='ocrx_word' id='word_1_441' title='bbox 845 5302 961 5368; x_wconf 80' lang='grc' dir='ltr'>πῶς</span> <span class='ocrx_word' id='word_1_442' title='bbox 1000 5305 1257 5374; x_wconf 76' lang='grc' dir='ltr'>εἰσόμεθα</span> <span class='ocrx_word' id='word_1_443' title='bbox 1287 5308 1368 5360; x_wconf 78' lang='grc' dir='ltr'>ὅτι</span> <span class='ocrx_word' id='word_1_444' title='bbox 1411 5307 1504 5360; x_wconf 82' lang='grc' dir='ltr'>τοῦ</span> <span class='ocrx_word' id='word_1_445' title='bbox 1535 5308 1696 5360; x_wconf 80' lang='grc' dir='ltr'>Δαυῒδ</span> <span class='ocrx_word' id='word_1_446' title='bbox 1739 5307 1958 5377; x_wconf 76' lang='grc' dir='ltr'>ἔκγονος</span> 
     </span>
    </p>
   </div>
   <div class='ocr_carea' id='block_1_55' title="bbox 382 5389 1954 5471">
    <p class='ocr_par' dir='ltr' id='par_1_55' title="bbox 382 5389 1954 5471">
     <span class='ocr_line' id='line_1_55' title="bbox 382 5389 1954 5471; baseline 0.004 -24"><span class='ocrx_word' id='word_1_447' title='bbox 382 5389 480 5466; x_wconf 80' lang='grc' dir='ltr'>ἧν;</span> <span class='ocrx_word' id='word_1_448' title='bbox 515 5394 619 5449; x_wconf 85' lang='grc' dir='ltr'>Δύο</span> <span class='ocrx_word' id='word_1_449' title='bbox 660 5395 769 5466; x_wconf 84' lang='grc' dir='ltr'>γάρ</span> <span class='ocrx_word' id='word_1_450' title='bbox 797 5397 912 5447; x_wconf 88' lang='grc' dir='ltr'>ἐστι</span> <span class='ocrx_word' id='word_1_451' title='bbox 951 5395 1018 5448; x_wconf 89' lang='grc' dir='ltr'>τά</span> <span class='ocrx_word' id='word_1_452' title='bbox 1055 5395 1359 5467; x_wconf 79' lang='grc' dir='ltr'>ζητούμενα</span> <span class='ocrx_word' id='word_1_453' title='bbox 1380 5413 1394 5428; x_wconf 85' lang='grc'>⁸</span> <span class='ocrx_word' id='word_1_454' title='bbox 1441 5399 1586 5463; x_wconf 90' lang='grc' dir='ltr'>τίνος</span> <span class='ocrx_word' id='word_1_455' title='bbox 1612 5417 1670 5452; x_wconf 88' lang='grc' dir='ltr'>τε</span> <span class='ocrx_word' id='word_1_456' title='bbox 1703 5399 1889 5453; x_wconf 82' lang='grc' dir='ltr'>ἐνεκεν</span> <span class='ocrx_word' id='word_1_457' title='bbox 1921 5403 1954 5471; x_wconf 82' lang='grc' dir='ltr'><strong>ἡ</strong></span> 
     </span>
    </p>
   </div>
   <div class='ocr_carea' id='block_1_56' title="bbox 359 5487 1958 5587">
    <p class='ocr_par' dir='ltr' id='par_1_56' title="bbox 359 5487 1958 5587">
     <span class='ocr_line' id='line_1_56' title="bbox 359 5487 1958 5587; baseline 0.006 -51"><span class='ocrx_word' id='word_1_458' title='bbox 359 5489 570 5587; x_wconf 49' lang='grc' dir='ltr'>’μήτηρ</span> <span class='ocrx_word' id='word_1_459' title='bbox 607 5487 668 5540; x_wconf 79' lang='grc' dir='ltr'>ού</span> <span class='ocrx_word' id='word_1_460' title='bbox 701 5487 1126 5556; x_wconf 86' lang='grc' dir='ltr'>γενεαλογεῖται,</span> <span class='ocrx_word' id='word_1_461' title='bbox 1161 5489 1256 5542; x_wconf 78' lang='grc' dir='ltr'>καὶ</span> <span class='ocrx_word' id='word_1_462' title='bbox 1296 5488 1347 5543; x_wconf 89' lang='grc' dir='ltr'>τί</span> <span class='ocrx_word' id='word_1_463' title='bbox 1390 5489 1587 5560; x_wconf 88' lang='grc' dir='ltr'>δήποτε</span> <span class='ocrx_word' id='word_1_464' title='bbox 1613 5492 1642 5544; x_wconf 87' lang='lat'>6</span> <span class='ocrx_word' id='word_1_465' title='bbox 1676 5492 1895 5563; x_wconf 80' lang='grc' dir='ltr'>Ἰωσὴφ,</span> <span class='ocrx_word' id='word_1_466' title='bbox 1930 5494 1958 5545; x_wconf 90' lang='lat'>6</span> 
     </span>
    </p>
   </div>
   <div class='ocr_carea' id='block_1_57' title="bbox 361 5577 1956 5657">
    <p class='ocr_par' dir='ltr' id='par_1_57' title="bbox 361 5577 1956 5657">
     <span class='ocr_line' id='line_1_57' title="bbox 361 5577 1956 5657; baseline 0.004 -27"><span class='ocrx_word' id='word_1_467' title='bbox 361 5577 554 5657; x_wconf 59' lang='grc' dir='ltr'>ἱμηδέν</span> <span class='ocrx_word' id='word_1_468' title='bbox 587 5578 852 5632; x_wconf 81' lang='grc' dir='ltr'>συντελῶν</span> <span class='ocrx_word' id='word_1_469' title='bbox 900 5579 1036 5650; x_wconf 76' lang='grc' dir='ltr'>πρὸς</span> <span class='ocrx_word' id='word_1_470' title='bbox 1079 5579 1180 5650; x_wconf 82' lang='grc' dir='ltr'>τὴν</span> <span class='ocrx_word' id='word_1_471' title='bbox 1231 5579 1500 5650; x_wconf 82' lang='grc' dir='ltr'>γέννησιν,</span> <span class='ocrx_word' id='word_1_472' title='bbox 1557 5583 1956 5653; x_wconf 79' lang='grc' dir='ltr'>μνημονεύεται</span> 
     </span>
    </p>
   </div>
   <div class='ocr_carea' id='block_1_58' title="bbox 382 5668 1956 5740">
    <p class='ocr_par' dir='ltr' id='par_1_58' title="bbox 382 5668 1956 5740">
     <span class='ocr_line' id='line_1_58' title="bbox 382 5668 1956 5740; baseline 0.005 -22"><span class='ocrx_word' id='word_1_473' title='bbox 382 5668 513 5738; x_wconf 79' lang='grc' dir='ltr'>παρ’</span> <span class='ocrx_word' id='word_1_474' title='bbox 548 5668 748 5721; x_wconf 80' lang='grc' dir='ltr'>αὐτῶν·</span> <span class='ocrx_word' id='word_1_475' title='bbox 783 5668 928 5722; x_wconf 85' lang='grc' dir='ltr'>δοκεῖ</span> <span class='ocrx_word' id='word_1_476' title='bbox 960 5671 1067 5740; x_wconf 85' lang='grc' dir='ltr'>γὰρ</span> <span class='ocrx_word' id='word_1_477' title='bbox 1096 5669 1157 5722; x_wconf 85' lang='grc' dir='ltr'>τὸ</span> <span class='ocrx_word' id='word_1_478' title='bbox 1183 5669 1282 5740; x_wconf 88' lang='grc' dir='ltr'>μέν</span> <span class='ocrx_word' id='word_1_479' title='bbox 1315 5671 1563 5740; x_wconf 84' lang='grc' dir='ltr'>περιττὸν</span> <span class='ocrx_word' id='word_1_480' title='bbox 1592 5669 1749 5733; x_wconf 76' lang='grc' dir='ltr'>εἶναι,</span> <span class='ocrx_word' id='word_1_481' title='bbox 1789 5674 1850 5726; x_wconf 81' lang='grc' dir='ltr'>τὸ</span> <span class='ocrx_word' id='word_1_482' title='bbox 1898 5674 1956 5726; x_wconf 86' lang='grc' dir='ltr'>δέ</span> 
     </span>
    </p>
   </div>
   <div class='ocr_carea' id='block_1_59' title="bbox 382 5757 1955 5832">
    <p class='ocr_par' dir='ltr' id='par_1_59' title="bbox 382 5757 1955 5832">
     <span class='ocr_line' id='line_1_59' title="bbox 382 5757 1955 5832; baseline 0.003 -23"><span class='ocrx_word' id='word_1_483' title='bbox 382 5759 581 5822; x_wconf 77' lang='grc' dir='ltr'>ἐνδεές.</span> <span class='ocrx_word' id='word_1_484' title='bbox 626 5761 784 5813; x_wconf 86' lang='grc' dir='ltr'>Ποῖον</span> <span class='ocrx_word' id='word_1_485' title='bbox 824 5757 916 5815; x_wconf 79' lang='grc' dir='ltr'>οὖν</span> <span class='ocrx_word' id='word_1_486' title='bbox 961 5763 1223 5832; x_wconf 84' lang='grc' dir='ltr'>πρότερον</span> <span class='ocrx_word' id='word_1_487' title='bbox 1258 5763 1551 5830; x_wconf 88' lang='grc' dir='ltr'>ἀναγκαῖον</span> <span class='ocrx_word' id='word_1_488' title='bbox 1589 5764 1792 5820; x_wconf 84' lang='grc' dir='ltr'>είπεῖν;</span> <span class='ocrx_word' id='word_1_489' title='bbox 1831 5763 1955 5826; x_wconf 87' lang='grc' dir='ltr'>Πῶς</span> 
     </span>
    </p>
   </div>
   <div class='ocr_carea' id='block_1_60' title="bbox 479 5889 1084 5961">
    <p class='ocr_par' dir='ltr' id='par_1_60' title="bbox 479 5889 1084 5961">
     <span class='ocr_line' id='line_1_60' title="bbox 479 5889 1084 5961; baseline 0.005 -18"><span class='ocrx_word' id='word_1_490' title='bbox 479 5892 527 5961; x_wconf 14' lang='grc' dir='ltr'>’ξ’</span> <span class='ocrx_word' id='word_1_491' title='bbox 555 5889 678 5961; x_wconf 79' lang='grc' dir='ltr'>τήν]</span> <span class='ocrx_word' id='word_1_492' title='bbox 701 5890 794 5944; x_wconf 66' lang='grc' dir='ltr'>καὶ</span> <span class='ocrx_word' id='word_1_493' title='bbox 820 5891 921 5958; x_wconf 82' lang='grc' dir='ltr'>τήν</span> <span class='ocrx_word' id='word_1_494' title='bbox 949 5890 1084 5946; x_wconf 74' lang='grc' dir='ltr'>ΕιΙιί.</span> 
     </span>
    </p>
   </div>
   <div class='ocr_carea' id='block_1_61' title="bbox 403 5959 1962 6039">
    <p class='ocr_par' dir='ltr' id='par_1_61' title="bbox 403 5959 1962 6039">
     <span class='ocr_line' id='line_1_61' title="bbox 403 5959 1962 6039; baseline 0.007 -29"><span class='ocrx_word' id='word_1_495' title='bbox 403 5961 468 6039; x_wconf 50' lang='lat'>1&quot;}.</span> <span class='ocrx_word' id='word_1_496' title='bbox 490 5959 932 6039; x_wconf 52' lang='grc' dir='ltr'>δέηιῃέφησινη.</span> <span class='ocrx_word' id='word_1_497' title='bbox 991 5961 1276 6039; x_wconf 51' lang='grc' dir='ltr'>⁸)ἐλεγεν]</span> <span class='ocrx_word' id='word_1_498' title='bbox 1308 5959 1612 6039; x_wconf 68' lang='grc' dir='ltr'>λέγεταξϐ.</span> <span class='ocrx_word' id='word_1_499' title='bbox 1649 5969 1866 6039; x_wconf 72' lang='grc' dir='ltr'>εἴρηται</span> <span class='ocrx_word' id='word_1_500' title='bbox 1899 5969 1962 6022; x_wconf 80' lang='grc' dir='ltr'>Ε.</span> 
     </span>
    </p>
   </div>
   <div class='ocr_carea' id='block_1_62' title="bbox 402 6030 1782 6108">
    <p class='ocr_par' dir='ltr' id='par_1_62' title="bbox 402 6030 1782 6108">
     <span class='ocr_line' id='line_1_62' title="bbox 402 6030 1782 6108; baseline 0.008 -26"><span class='ocrx_word' id='word_1_501' title='bbox 402 6030 720 6108; x_wconf 61' lang='grc' dir='ltr'>διαρρήξωῄ</span> <span class='ocrx_word' id='word_1_502' title='bbox 760 6030 770 6033; x_wconf 77' lang='grc'><em>’</em></span> <span class='ocrx_word' id='word_1_503' title='bbox 807 6031 1174 6108; x_wconf 76' lang='grc' dir='ltr'>παρθένον]</span> <span class='ocrx_word' id='word_1_504' title='bbox 1214 6030 1612 6108; x_wconf 44' lang='grc' dir='ltr'>τῆν-παρθένον</span> <span class='ocrx_word' id='word_1_505' title='bbox 1647 6030 1782 6093; x_wconf 69' lang='grc' dir='ltr'>ΕὐιΙῖ</span> 
     </span>
    </p>
   </div>
   <div class='ocr_carea' id='block_1_63' title="bbox 1181 5893 3006 5972">
    <p class='ocr_par' dir='ltr' id='par_1_63' title="bbox 1181 5893 3006 5972">
     <span class='ocr_line' id='line_1_63' title="bbox 1181 5893 3006 5972; baseline 0.003 -24"><span class='ocrx_word' id='word_1_506' title='bbox 1181 5893 1224 5928; x_wconf 74' lang='grc'>⁸⁸</span> <span class='ocrx_word' id='word_1_507' title='bbox 1258 5893 1393 5972; x_wconf 64' lang='grc' dir='ltr'>ᾇτξερ</span> <span class='ocrx_word' id='word_1_508' title='bbox 1421 5897 1536 5969; x_wconf 82' lang='grc' dir='ltr'>καί]</span> <span class='ocrx_word' id='word_1_509' title='bbox 1565 5897 1655 5972; x_wconf 75' lang='lat' dir='ltr'>§ic</span> <span class='ocrx_word' id='word_1_510' title='bbox 1772 5898 1960 5972; x_wconf 59' lang='grc' dir='ltr'>(κίοιςί</span> <span class='ocrx_word' id='word_1_511' title='bbox 1990 5914 2101 5972; x_wconf 54' lang='lat' dir='ltr'>om,</span> <span class='ocrx_word' id='word_1_512' title='bbox 2133 5901 2248 5972; x_wconf 79' lang='grc' dir='ltr'>καί.</span> <span class='ocrx_word' id='word_1_513' title='bbox 2325 5901 2370 5972; x_wconf 43' lang='grc' dir='ltr'>θ’</span> <span class='ocrx_word' id='word_1_514' title='bbox 2391 5899 2519 5972; x_wconf 52' lang='grc' dir='ltr'>ξεν]</span> <span class='ocrx_word' id='word_1_515' title='bbox 2542 5901 2748 5972; x_wconf 66' lang='grc' dir='ltr'>’ᾩτιέν</span> <span class='ocrx_word' id='word_1_516' title='bbox 2781 5899 2876 5972; x_wconf 77' lang='grc' dir='ltr'>ΕΡ.</span> <span class='ocrx_word' id='word_1_517' title='bbox 2905 5900 3006 5972; x_wconf 57' lang='lat' dir='ltr'>At}.</span> 
     </span>
    </p>
   </div>
   <div class='ocr_carea' id='block_1_64' title="bbox 2096 576 3667 652">
    <p class='ocr_par' dir='ltr' id='par_1_64' title="bbox 2096 576 3667 652">
     <span class='ocr_line' id='line_1_64' title="bbox 2096 576 3667 652; baseline -0.002 -15"><span class='ocrx_word' id='word_1_518' title='bbox 2096 588 2158 637; x_wconf 87' lang='grc' dir='ltr'>ἐκ</span> <span class='ocrx_word' id='word_1_519' title='bbox 2187 587 2279 638; x_wconf 81' lang='grc' dir='ltr'>τοῦ</span> <span class='ocrx_word' id='word_1_520' title='bbox 2309 583 2468 638; x_wconf 78' lang='grc' dir='ltr'>Δαυῒδ</span> <span class='ocrx_word' id='word_1_521' title='bbox 2495 585 2527 652; x_wconf 79' lang='grc' dir='ltr'>ἡ</span> <span class='ocrx_word' id='word_1_522' title='bbox 2559 582 2848 652; x_wconf 86' lang='grc' dir='ltr'>Παρθένος.</span> <span class='ocrx_word' id='word_1_523' title='bbox 2897 579 3020 644; x_wconf 81' lang='grc' dir='ltr'>Πῶς</span> <span class='ocrx_word' id='word_1_524' title='bbox 3049 576 3140 635; x_wconf 72' lang='grc' dir='ltr'>οὖν</span> <span class='ocrx_word' id='word_1_525' title='bbox 3167 581 3426 652; x_wconf 86' lang='grc' dir='ltr'>είσόμεθα</span> <span class='ocrx_word' id='word_1_526' title='bbox 3468 583 3550 636; x_wconf 80' lang='grc' dir='ltr'>ὅτι</span> <span class='ocrx_word' id='word_1_527' title='bbox 3604 588 3667 635; x_wconf 80' lang='grc' dir='ltr'>ἐκ</span> 
     </span>
    </p>
   </div>
   <div class='ocr_carea' id='block_1_65' title="bbox 2095 673 3667 745">
    <p class='ocr_par' dir='ltr' id='par_1_65' title="bbox 2095 673 3667 745">
     <span class='ocr_line' id='line_1_65' title="bbox 2095 673 3667 745; baseline -0.004 -15"><span class='ocrx_word' id='word_1_528' title='bbox 2095 677 2188 730; x_wconf 82' lang='grc' dir='ltr'>τοῦ</span> <span class='ocrx_word' id='word_1_529' title='bbox 2221 676 2382 730; x_wconf 73' lang='grc' dir='ltr'>Δαυῖδ</span> <span class='ocrx_word' id='word_1_530' title='bbox 2407 692 2421 739; x_wconf 89' lang='lat'><strong>;</strong></span> <span class='ocrx_word' id='word_1_531' title='bbox 2448 678 2713 729; x_wconf 68' lang='grc' dir='ltr'>’Ἄκουσον</span> <span class='ocrx_word' id='word_1_532' title='bbox 2733 674 2827 728; x_wconf 77' lang='grc' dir='ltr'>τοῦ</span> <span class='ocrx_word' id='word_1_533' title='bbox 2859 673 2993 726; x_wconf 76' lang='grc' dir='ltr'>Θεοῦ</span> <span class='ocrx_word' id='word_1_534' title='bbox 3021 673 3270 742; x_wconf 88' lang='grc' dir='ltr'>λέγοντος</span> <span class='ocrx_word' id='word_1_535' title='bbox 3299 673 3376 744; x_wconf 84' lang='grc' dir='ltr'>τῷ</span> <span class='ocrx_word' id='word_1_536' title='bbox 3404 674 3667 745; x_wconf 81' lang='grc' dir='ltr'>Γαϐριὴλ,</span> 
     </span>
    </p>
   </div>
   <div class='ocr_carea' id='block_1_66' title="bbox 2088 767 3664 838">
    <p class='ocr_par' dir='ltr' id='par_1_66' title="bbox 2088 767 3664 838">
     <span class='ocr_line' id='line_1_66' title="bbox 2088 767 3664 838; baseline 0.003 -19"><span class='ocrx_word' id='word_1_537' title='bbox 2088 768 2341 819; x_wconf 71' lang='grc' dir='ltr'>ἀπελθεῖν</span> <span class='ocrx_word' id='word_1_538' title='bbox 2388 769 2544 835; x_wconf 75' lang='grc' dir='ltr'>Πρὸς</span> <span class='ocrx_word' id='word_1_539' title='bbox 2590 768 2889 836; x_wconf 79' lang='grc' dir='ltr'>παρθένον</span> <span class='ocrx_word' id='word_1_540' title='bbox 2916 768 2962 800; x_wconf 77' lang='grc'>⁸⁸</span> <span class='ocrx_word' id='word_1_541' title='bbox 2989 769 3524 838; x_wconf 72' lang='grc' dir='ltr'>μεμνηστευμέγην</span> <span class='ocrx_word' id='word_1_542' title='bbox 3553 767 3664 823; x_wconf 71' lang='lat' dir='ltr'>dr-</span> 
     </span>
    </p>
   </div>
   <div class='ocr_carea' id='block_1_67' title="bbox 2086 850 3664 930">
    <p class='ocr_par' dir='ltr' id='par_1_67' title="bbox 2086 850 3664 930">
     <span class='ocr_line' id='line_1_67' title="bbox 2086 850 3664 930; baseline 0.001 -22"><span class='ocrx_word' id='word_1_543' title='bbox 2086 857 2199 924; x_wconf 77' lang='grc' dir='ltr'>δρὶ,</span> <span class='ocrx_word' id='word_1_544' title='bbox 2229 850 2277 922; x_wconf 83' lang='grc' dir='ltr'>ᾧ</span> <span class='ocrx_word' id='word_1_545' title='bbox 2307 857 2493 927; x_wconf 78' lang='grc' dir='ltr'>ὄνομα</span> <span class='ocrx_word' id='word_1_546' title='bbox 2521 859 2750 927; x_wconf 69' lang='grc' dir='ltr'>Ἰωσὴφ,</span> <span class='ocrx_word' id='word_1_547' title='bbox 2778 858 2848 922; x_wconf 75' lang='grc' dir='ltr'>ἐξ</span> <span class='ocrx_word' id='word_1_548' title='bbox 2871 858 3040 911; x_wconf 80' lang='grc' dir='ltr'>οἴκου</span> <span class='ocrx_word' id='word_1_549' title='bbox 3072 860 3170 912; x_wconf 80' lang='grc' dir='ltr'>καὶ</span> <span class='ocrx_word' id='word_1_550' title='bbox 3196 861 3433 930; x_wconf 77' lang='grc' dir='ltr'>πατριᾶς</span> <span class='ocrx_word' id='word_1_551' title='bbox 3461 856 3664 912; x_wconf 75' lang='grc' dir='ltr'>Δαυΐδ.</span> 
     </span>
    </p>
   </div>
   <div class='ocr_carea' id='block_1_68' title="bbox 2087 950 3664 1024">
    <p class='ocr_par' dir='ltr' id='par_1_68' title="bbox 2087 950 3664 1024">
     <span class='ocr_line' id='line_1_68' title="bbox 2087 950 3664 1024; baseline -0.002 -18"><span class='ocrx_word' id='word_1_552' title='bbox 2087 954 2151 1006; x_wconf 90' lang='grc' dir='ltr'>Τί</span> <span class='ocrx_word' id='word_1_553' title='bbox 2182 956 2358 1007; x_wconf 89' lang='grc' dir='ltr'>τοίνυν</span> <span class='ocrx_word' id='word_1_554' title='bbox 2395 953 2570 1022; x_wconf 80' lang='grc' dir='ltr'>βούλει</span> <span class='ocrx_word' id='word_1_555' title='bbox 2603 954 2646 985; x_wconf 83' lang='grc'>⁸⁷</span> <span class='ocrx_word' id='word_1_556' title='bbox 2692 953 2882 1006; x_wconf 87' lang='grc' dir='ltr'>τούτου</span> <span class='ocrx_word' id='word_1_557' title='bbox 2934 953 3289 1024; x_wconf 86' lang='grc' dir='ltr'>σαφέστερον,</span> <span class='ocrx_word' id='word_1_558' title='bbox 3324 954 3454 1006; x_wconf 80' lang='grc' dir='ltr'>ὅταν</span> <span class='ocrx_word' id='word_1_559' title='bbox 3495 950 3664 1005; x_wconf 86' lang='grc' dir='ltr'>ἀκού-</span> 
     </span>
    </p>
   </div>
   <div class='ocr_carea' id='block_1_69' title="bbox 2091 1039 3662 1116">
    <p class='ocr_par' dir='ltr' id='par_1_69' title="bbox 2091 1039 3662 1116">
     <span class='ocr_line' id='line_1_69' title="bbox 2091 1039 3662 1116; baseline -0.001 -21"><span class='ocrx_word' id='word_1_560' title='bbox 2091 1060 2188 1116; x_wconf 85' lang='grc' dir='ltr'>σῃς</span> <span class='ocrx_word' id='word_1_561' title='bbox 2226 1045 2306 1097; x_wconf 86' lang='grc' dir='ltr'>ὅτι</span> <span class='ocrx_word' id='word_1_562' title='bbox 2337 1045 2397 1108; x_wconf 81' lang='grc' dir='ltr'>ἐξ</span> <span class='ocrx_word' id='word_1_563' title='bbox 2429 1045 2576 1096; x_wconf 77' lang='grc' dir='ltr'>οἴκου</span> <span class='ocrx_word' id='word_1_564' title='bbox 2605 1044 2698 1097; x_wconf 69' lang='grc' dir='ltr'>καὶ</span> <span class='ocrx_word' id='word_1_565' title='bbox 2731 1045 2962 1114; x_wconf 80' lang='grc' dir='ltr'>πατριᾶς</span> <span class='ocrx_word' id='word_1_566' title='bbox 2992 1043 3156 1096; x_wconf 82' lang='grc' dir='ltr'>Δαυῒδ</span> <span class='ocrx_word' id='word_1_567' title='bbox 3188 1039 3256 1114; x_wconf 80' lang='grc' dir='ltr'>ἦν</span> <span class='ocrx_word' id='word_1_568' title='bbox 3279 1047 3313 1114; x_wconf 85' lang='grc' dir='ltr'>ή</span> <span class='ocrx_word' id='word_1_569' title='bbox 3351 1043 3662 1113; x_wconf 86' lang='grc' dir='ltr'>Παρθένος;</span> 
     </span>
    </p>
   </div>
   <div class='ocr_carea' id='block_1_70' title="bbox 2156 1129 3664 1205">
    <p class='ocr_par' dir='ltr' id='par_1_70' title="bbox 2156 1129 3664 1205">
     <span class='ocr_line' id='line_1_70' title="bbox 2156 1129 3664 1205; baseline -0.002 -20"><span class='ocrx_word' id='word_1_570' title='bbox 2156 1134 2221 1188; x_wconf 85' lang='grc' dir='ltr'>δ’.</span> <span class='ocrx_word' id='word_1_571' title='bbox 2277 1134 2437 1187; x_wconf 81' lang='grc' dir='ltr'>Ὅθεν</span> <span class='ocrx_word' id='word_1_572' title='bbox 2472 1133 2649 1204; x_wconf 82' lang='grc' dir='ltr'>δῆλον,</span> <span class='ocrx_word' id='word_1_573' title='bbox 2686 1134 2766 1186; x_wconf 83' lang='grc' dir='ltr'>ὅτι</span> <span class='ocrx_word' id='word_1_574' title='bbox 2800 1135 2890 1186; x_wconf 77' lang='grc' dir='ltr'>καὶ</span> <span class='ocrx_word' id='word_1_575' title='bbox 2915 1134 2944 1185; x_wconf 90' lang='grc' dir='ltr'>ό</span> <span class='ocrx_word' id='word_1_576' title='bbox 2987 1133 3184 1205; x_wconf 83' lang='grc' dir='ltr'>Ἰωσὴφ</span> <span class='ocrx_word' id='word_1_577' title='bbox 3212 1134 3418 1186; x_wconf 82' lang='grc' dir='ltr'>ἐκεῖθεν</span> <span class='ocrx_word' id='word_1_578' title='bbox 3443 1129 3529 1202; x_wconf 84' lang='grc' dir='ltr'>ἦν.</span> <span class='ocrx_word' id='word_1_579' title='bbox 3553 1133 3664 1184; x_wconf 70' lang='grc' dir='ltr'>Καὶ</span> 
     </span>
    </p>
   </div>
   <div class='ocr_carea' id='block_1_71' title="bbox 2088 1220 3661 1295">
    <p class='ocr_par' dir='ltr' id='par_1_71' title="bbox 2088 1220 3661 1295">
     <span class='ocr_line' id='line_1_71' title="bbox 2088 1220 3661 1295; baseline -0.001 -19"><span class='ocrx_word' id='word_1_580' title='bbox 2088 1222 2195 1295; x_wconf 77' lang='grc' dir='ltr'>γὰρ</span> <span class='ocrx_word' id='word_1_581' title='bbox 2211 1224 2370 1293; x_wconf 77' lang='grc' dir='ltr'>νόμςς</span> <span class='ocrx_word' id='word_1_582' title='bbox 2389 1220 2454 1294; x_wconf 80' lang='grc' dir='ltr'>ἦν</span> <span class='ocrx_word' id='word_1_583' title='bbox 2473 1223 2501 1274; x_wconf 90' lang='grc' dir='ltr'><strong>ὁ</strong></span> <span class='ocrx_word' id='word_1_584' title='bbox 2519 1223 2752 1277; x_wconf 88' lang='grc' dir='ltr'>κελεύων</span> <span class='ocrx_word' id='word_1_585' title='bbox 2771 1224 2844 1294; x_wconf 81' lang='grc' dir='ltr'>μὴ</span> <span class='ocrx_word' id='word_1_586' title='bbox 2866 1223 3273 1293; x_wconf 76' lang='grc' dir='ltr'>ἐξεῖναιγαμεῖν</span> <span class='ocrx_word' id='word_1_587' title='bbox 3290 1223 3528 1284; x_wconf 77' lang='grc' dir='ltr'>ἄλλοθεν,</span> <span class='ocrx_word' id='word_1_588' title='bbox 3547 1221 3661 1276; x_wconf 83' lang='grc' dir='ltr'>ἀλλ’</span> 
     </span>
    </p>
   </div>
   <div class='ocr_carea' id='block_1_72' title="bbox 2090 1310 3664 1385">
    <p class='ocr_par' dir='ltr' id='par_1_72' title="bbox 2090 1310 3664 1385">
     <span class='ocr_line' id='line_1_72' title="bbox 2090 1310 3664 1385; baseline -0.001 -20"><span class='ocrx_word' id='word_1_589' title='bbox 2090 1311 2124 1382; x_wconf 76' lang='grc' dir='ltr'><strong>ἢ</strong></span> <span class='ocrx_word' id='word_1_590' title='bbox 2159 1316 2223 1365; x_wconf 85' lang='grc' dir='ltr'>ἐκ</span> <span class='ocrx_word' id='word_1_591' title='bbox 2247 1313 2346 1382; x_wconf 84' lang='grc' dir='ltr'>τῆς</span> <span class='ocrx_word' id='word_1_592' title='bbox 2370 1313 2540 1381; x_wconf 77' lang='grc' dir='ltr'>αὐτῆς</span> <span class='ocrx_word' id='word_1_593' title='bbox 2567 1313 2756 1383; x_wconf 90' lang='grc' dir='ltr'>φυλῆς.</span> <span class='ocrx_word' id='word_1_594' title='bbox 2799 1312 2904 1366; x_wconf 77' lang='grc' dir='ltr'>Καὶ</span> <span class='ocrx_word' id='word_1_595' title='bbox 2939 1314 2967 1365; x_wconf 89' lang='lat'>6</span> <span class='ocrx_word' id='word_1_596' title='bbox 2998 1314 3340 1385; x_wconf 83' lang='grc' dir='ltr'>πατριάρχης</span> <span class='ocrx_word' id='word_1_597' title='bbox 3377 1313 3435 1365; x_wconf 85' lang='grc' dir='ltr'>δέ</span> <span class='ocrx_word' id='word_1_598' title='bbox 3468 1310 3664 1366; x_wconf 88' lang='grc' dir='ltr'>Ἰακὼϐ</span> 
     </span>
    </p>
   </div>
   <div class='ocr_carea' id='block_1_73' title="bbox 2087 1401 3661 1476">
    <p class='ocr_par' dir='ltr' id='par_1_73' title="bbox 2087 1401 3661 1476">
     <span class='ocr_line' id='line_1_73' title="bbox 2087 1401 3661 1476; baseline 0 -22"><span class='ocrx_word' id='word_1_599' title='bbox 2087 1401 2194 1454; x_wconf 84' lang='grc' dir='ltr'>ἀπὸ</span> <span class='ocrx_word' id='word_1_600' title='bbox 2217 1403 2313 1470; x_wconf 86' lang='grc' dir='ltr'>τῆς</span> <span class='ocrx_word' id='word_1_601' title='bbox 2346 1403 2516 1457; x_wconf 85' lang='grc' dir='ltr'>Ἰούδα</span> <span class='ocrx_word' id='word_1_602' title='bbox 2538 1404 2708 1474; x_wconf 82' lang='grc' dir='ltr'>φυλῆς</span> <span class='ocrx_word' id='word_1_603' title='bbox 2737 1405 3139 1475; x_wconf 86' lang='grc' dir='ltr'>ἀναστήσεσθαι</span> <span class='ocrx_word' id='word_1_604' title='bbox 3165 1404 3326 1457; x_wconf 78' lang='grc' dir='ltr'>αὐτὸν</span> <span class='ocrx_word' id='word_1_605' title='bbox 3343 1402 3661 1476; x_wconf 77' lang='grc' dir='ltr'>προῦλεγεν,</span> 
     </span>
    </p>
   </div>
   <div class='ocr_carea' id='block_1_74' title="bbox 2086 1490 3673 1564">
    <p class='ocr_par' dir='ltr' id='par_1_74' title="bbox 2086 1490 3673 1564">
     <span class='ocr_line' id='line_1_74' title="bbox 2086 1490 3673 1564; baseline 0.001 -20"><span class='ocrx_word' id='word_1_606' title='bbox 2086 1490 2229 1545; x_wconf 75' lang='grc' dir='ltr'>οὕτω</span> <span class='ocrx_word' id='word_1_607' title='bbox 2257 1493 2450 1561; x_wconf 84' lang='grc' dir='ltr'>λέγων·</span> <span class='ocrx_word' id='word_1_608' title='bbox 2481 1496 2600 1548; x_wconf 82' lang='grc' dir='ltr'>Οὐκ</span> <span class='ocrx_word' id='word_1_609' title='bbox 2644 1495 2916 1563; x_wconf 71' lang='grc' dir='ltr'>ἐκλείψει</span> <span class='ocrx_word' id='word_1_610' title='bbox 2944 1495 3146 1564; x_wconf 80' lang='grc' dir='ltr'>ἄρχων</span> <span class='ocrx_word' id='word_1_611' title='bbox 3177 1496 3248 1560; x_wconf 76' lang='grc' dir='ltr'>ἐξ</span> <span class='ocrx_word' id='word_1_612' title='bbox 3278 1494 3492 1558; x_wconf 80' lang='grc' dir='ltr'>Ἰούδα,</span> <span class='ocrx_word' id='word_1_613' title='bbox 3521 1491 3673 1548; x_wconf 72' lang='grc' dir='ltr'>οὐδὲ</span> 
     </span>
    </p>
   </div>
   <div class='ocr_carea' id='block_1_75' title="bbox 2087 1575 3666 1654">
    <p class='ocr_par' dir='ltr' id='par_1_75' title="bbox 2087 1575 3666 1654">
     <span class='ocr_line' id='line_1_75' title="bbox 2087 1575 3666 1654; baseline 0.001 -18"><span class='ocrx_word' id='word_1_614' title='bbox 2087 1583 2418 1652; x_wconf 69' lang='grc' dir='ltr'>ἡγούμενος</span> <span class='ocrx_word' id='word_1_615' title='bbox 2443 1583 2512 1637; x_wconf 79' lang='grc' dir='ltr'>ἐκ</span> <span class='ocrx_word' id='word_1_616' title='bbox 2561 1583 2681 1638; x_wconf 82' lang='grc' dir='ltr'>τῶν</span> <span class='ocrx_word' id='word_1_617' title='bbox 2702 1583 2914 1654; x_wconf 83' lang='grc' dir='ltr'>μηρῶν</span> <span class='ocrx_word' id='word_1_618' title='bbox 2939 1585 3147 1650; x_wconf 84' lang='grc' dir='ltr'>αὑτοῦ,</span> <span class='ocrx_word' id='word_1_619' title='bbox 3172 1585 3284 1651; x_wconf 75' lang='grc' dir='ltr'>ἕως</span> <span class='ocrx_word' id='word_1_620' title='bbox 3319 1584 3397 1639; x_wconf 77' lang='grc' dir='ltr'>ἂν</span> <span class='ocrx_word' id='word_1_621' title='bbox 3435 1587 3584 1652; x_wconf 75' lang='grc' dir='ltr'>ἔλθῃ</span> <span class='ocrx_word' id='word_1_622' title='bbox 3616 1575 3666 1649; x_wconf 83' lang='grc' dir='ltr'>ᾧ</span> 
     </span>
    </p>
   </div>
   <div class='ocr_carea' id='block_1_76' title="bbox 2085 1672 3664 1743">
    <p class='ocr_par' dir='ltr' id='par_1_76' title="bbox 2085 1672 3664 1743">
     <span class='ocr_line' id='line_1_76' title="bbox 2085 1672 3664 1743; baseline -0.001 -16"><span class='ocrx_word' id='word_1_623' title='bbox 2085 1673 2413 1727; x_wconf 80' lang='grc' dir='ltr'>ἀπόκειταιο</span> <span class='ocrx_word' id='word_1_624' title='bbox 2449 1674 2547 1728; x_wconf 74' lang='grc' dir='ltr'>καὶ</span> <span class='ocrx_word' id='word_1_625' title='bbox 2587 1675 2770 1738; x_wconf 77' lang='grc' dir='ltr'>αὐτὸς</span> <span class='ocrx_word' id='word_1_626' title='bbox 2825 1674 3163 1742; x_wconf 81' lang='grc' dir='ltr'>προσδοκία</span> <span class='ocrx_word' id='word_1_627' title='bbox 3194 1674 3406 1729; x_wconf 76' lang='grc' dir='ltr'>ἐθνῶν.</span> <span class='ocrx_word' id='word_1_628' title='bbox 3441 1674 3505 1727; x_wconf 86' lang='grc' dir='ltr'><strong>Ἦ</strong></span> <span class='ocrx_word' id='word_1_629' title='bbox 3552 1672 3664 1743; x_wconf 87' lang='grc' dir='ltr'>γάρ</span> 
     </span>
    </p>
   </div>
   <div class='ocr_carea' id='block_1_77' title="bbox 2089 1761 3744 1834">
    <p class='ocr_par' dir='ltr' id='par_1_77' title="bbox 2089 1761 3744 1834">
     <span class='ocr_line' id='line_1_77' title="bbox 2089 1761 3744 1834; baseline 0.002 -23"><span class='ocrx_word' id='word_1_630' title='bbox 2089 1761 2394 1832; x_wconf 79' lang='grc' dir='ltr'>προφητεία</span> <span class='ocrx_word' id='word_1_631' title='bbox 2419 1761 2581 1830; x_wconf 75' lang='grc' dir='ltr'>αὕτη,</span> <span class='ocrx_word' id='word_1_632' title='bbox 2604 1763 2686 1814; x_wconf 81' lang='grc' dir='ltr'>ὅτι</span> <span class='ocrx_word' id='word_1_633' title='bbox 2718 1764 2816 1832; x_wconf 83' lang='grc' dir='ltr'>μὲν</span> <span class='ocrx_word' id='word_1_634' title='bbox 2846 1766 2910 1816; x_wconf 90' lang='grc' dir='ltr'>ἐκ</span> <span class='ocrx_word' id='word_1_635' title='bbox 2930 1767 3030 1834; x_wconf 87' lang='grc' dir='ltr'>τῆς</span> <span class='ocrx_word' id='word_1_636' title='bbox 3055 1763 3228 1834; x_wconf 82' lang='grc' dir='ltr'>φυλῆς</span> <span class='ocrx_word' id='word_1_637' title='bbox 3261 1763 3432 1816; x_wconf 87' lang='grc' dir='ltr'>Ἰούδα</span> <span class='ocrx_word' id='word_1_638' title='bbox 3451 1763 3661 1830; x_wconf 83' lang='grc' dir='ltr'>γέγονε,</span> <span class='ocrx_word' id='word_1_639' title='bbox 3741 1797 3744 1803; x_wconf 89' lang='lat'><strong><em>-</em></strong></span> 
     </span>
    </p>
   </div>
   <div class='ocr_carea' id='block_1_78' title="bbox 2087 1851 3665 1926">
    <p class='ocr_par' dir='ltr' id='par_1_78' title="bbox 2087 1851 3665 1926">
     <span class='ocr_line' id='line_1_78' title="bbox 2087 1851 3665 1926; baseline 0.002 -22"><span class='ocrx_word' id='word_1_640' title='bbox 2087 1851 2253 1921; x_wconf 87' lang='grc' dir='ltr'>δηλοῖ·</span> <span class='ocrx_word' id='word_1_641' title='bbox 2295 1855 2375 1907; x_wconf 84' lang='grc' dir='ltr'>ὅτι</span> <span class='ocrx_word' id='word_1_642' title='bbox 2402 1853 2457 1906; x_wconf 84' lang='grc' dir='ltr'>δὲ</span> <span class='ocrx_word' id='word_1_643' title='bbox 2484 1854 2576 1906; x_wconf 77' lang='grc' dir='ltr'>καὶ</span> <span class='ocrx_word' id='word_1_644' title='bbox 2610 1853 2705 1907; x_wconf 74' lang='grc' dir='ltr'>τοῦ</span> <span class='ocrx_word' id='word_1_645' title='bbox 2747 1855 2938 1923; x_wconf 83' lang='grc' dir='ltr'>γένους</span> <span class='ocrx_word' id='word_1_646' title='bbox 2965 1856 3148 1919; x_wconf 82' lang='grc' dir='ltr'>Δαυῖδ,</span> <span class='ocrx_word' id='word_1_647' title='bbox 3177 1857 3384 1910; x_wconf 88' lang='grc' dir='ltr'>οὐκέτι.</span> <span class='ocrx_word' id='word_1_648' title='bbox 3404 1851 3474 1908; x_wconf 71' lang='grc' dir='ltr'>τΑ</span> <span class='ocrx_word' id='word_1_649' title='bbox 3485 1872 3551 1926; x_wconf 88' lang='grc' dir='ltr'>ρα</span> <span class='ocrx_word' id='word_1_650' title='bbox 3571 1851 3665 1908; x_wconf 81' lang='grc' dir='ltr'>οὖν</span> 
     </span>
    </p>
   </div>
   <div class='ocr_carea' id='block_1_79' title="bbox 2089 1942 3662 2017">
    <p class='ocr_par' dir='ltr' id='par_1_79' title="bbox 2089 1942 3662 2017">
     <span class='ocr_line' id='line_1_79' title="bbox 2089 1942 3662 2017; baseline 0.001 -22"><span class='ocrx_word' id='word_1_651' title='bbox 2089 1947 2155 2013; x_wconf 81' lang='grc' dir='ltr'>τῇ</span> <span class='ocrx_word' id='word_1_652' title='bbox 2183 1944 2321 2014; x_wconf 78' lang='grc' dir='ltr'>φυλῇ</span> <span class='ocrx_word' id='word_1_653' title='bbox 2356 1944 2526 1997; x_wconf 87' lang='grc' dir='ltr'>Ἰούδα</span> <span class='ocrx_word' id='word_1_654' title='bbox 2559 1945 2680 2014; x_wconf 71' lang='grc' dir='ltr'>οὐχὶ</span> <span class='ocrx_word' id='word_1_655' title='bbox 2708 1946 2864 2013; x_wconf 90' lang='grc' dir='ltr'>γένος</span> <span class='ocrx_word' id='word_1_656' title='bbox 2897 1946 2954 1999; x_wconf 81' lang='grc' dir='ltr'>ἓν</span> <span class='ocrx_word' id='word_1_657' title='bbox 2979 1942 3047 2017; x_wconf 81' lang='grc' dir='ltr'>ἦν</span> <span class='ocrx_word' id='word_1_658' title='bbox 3084 1947 3241 2016; x_wconf 90' lang='grc' dir='ltr'>μόνον</span> <span class='ocrx_word' id='word_1_659' title='bbox 3273 1946 3336 1998; x_wconf 81' lang='grc' dir='ltr'>τὸ</span> <span class='ocrx_word' id='word_1_660' title='bbox 3365 1945 3458 1998; x_wconf 78' lang='grc' dir='ltr'>τοῦ</span> <span class='ocrx_word' id='word_1_661' title='bbox 3481 1945 3662 2007; x_wconf 78' lang='grc' dir='ltr'>Δαυῒδ,</span> 
     </span>
    </p>
   </div>
   <div class='ocr_carea' id='block_1_80' title="bbox 2093 2033 3666 2107">
    <p class='ocr_par' dir='ltr' id='par_1_80' title="bbox 2093 2033 3666 2107">
     <span class='ocr_line' id='line_1_80' title="bbox 2093 2033 3666 2107; baseline 0.008 -22"><span class='ocrx_word' id='word_1_662' title='bbox 2093 2033 2228 2086; x_wconf 85' lang='grc' dir='ltr'>ἀλλά</span> <span class='ocrx_word' id='word_1_663' title='bbox 2255 2034 2348 2086; x_wconf 76' lang='grc' dir='ltr'>καὶ</span> <span class='ocrx_word' id='word_1_664' title='bbox 2377 2033 2550 2086; x_wconf 90' lang='grc' dir='ltr'>πολλά</span> <span class='ocrx_word' id='word_1_665' title='bbox 2583 2035 2766 2105; x_wconf 69' lang='grc' dir='ltr'>ἔτερα*</span> <span class='ocrx_word' id='word_1_666' title='bbox 2797 2037 2892 2089; x_wconf 76' lang='grc' dir='ltr'>καὶ</span> <span class='ocrx_word' id='word_1_667' title='bbox 2927 2036 3205 2091; x_wconf 89' lang='grc' dir='ltr'>συνέϐαινε</span> <span class='ocrx_word' id='word_1_668' title='bbox 3235 2037 3334 2106; x_wconf 89' lang='grc' dir='ltr'>τῆς</span> <span class='ocrx_word' id='word_1_669' title='bbox 3366 2035 3464 2107; x_wconf 86' lang='grc' dir='ltr'>μὲν</span> <span class='ocrx_word' id='word_1_670' title='bbox 3489 2035 3666 2104; x_wconf 73' lang='grc' dir='ltr'>φυλῆς</span> 
     </span>
    </p>
   </div>
   <div class='ocr_carea' id='block_1_81' title="bbox 2094 2123 3663 2198">
    <p class='ocr_par' dir='ltr' id='par_1_81' title="bbox 2094 2123 3663 2198">
     <span class='ocr_line' id='line_1_81' title="bbox 2094 2123 3663 2198; baseline -0.002 -16"><span class='ocrx_word' id='word_1_671' title='bbox 2094 2123 2231 2182; x_wconf 73' lang='grc' dir='ltr'>εἶναι</span> <span class='ocrx_word' id='word_1_672' title='bbox 2263 2127 2356 2182; x_wconf 78' lang='grc' dir='ltr'>τοῦ</span> <span class='ocrx_word' id='word_1_673' title='bbox 2393 2128 2582 2191; x_wconf 89' lang='grc' dir='ltr'>Ἰούδα,</span> <span class='ocrx_word' id='word_1_674' title='bbox 2627 2128 2810 2181; x_wconf 85' lang='grc' dir='ltr'>οὐκέτι</span> <span class='ocrx_word' id='word_1_675' title='bbox 2860 2129 2919 2182; x_wconf 78' lang='grc' dir='ltr'>δὲ</span> <span class='ocrx_word' id='word_1_676' title='bbox 2971 2131 3066 2183; x_wconf 80' lang='grc' dir='ltr'>καὶ</span> <span class='ocrx_word' id='word_1_677' title='bbox 3101 2129 3193 2182; x_wconf 86' lang='grc' dir='ltr'>τοῦ</span> <span class='ocrx_word' id='word_1_678' title='bbox 3229 2128 3420 2198; x_wconf 85' lang='grc' dir='ltr'>γένους</span> <span class='ocrx_word' id='word_1_679' title='bbox 3471 2127 3663 2191; x_wconf 75' lang='grc' dir='ltr'>Δαυῖδς</span> 
     </span>
    </p>
   </div>
   <div class='ocr_carea' id='block_1_82' title="bbox 2107 2218 3665 2290">
    <p class='ocr_par' dir='ltr' id='par_1_82' title="bbox 2107 2218 3665 2290">
     <span class='ocr_line' id='line_1_82' title="bbox 2107 2218 3665 2290; baseline -0.001 -18"><span class='ocrx_word' id='word_1_680' title='bbox 2107 2219 2246 2272; x_wconf 82' lang='grc' dir='ltr'>Ἀλλ’</span> <span class='ocrx_word' id='word_1_681' title='bbox 2289 2219 2374 2271; x_wconf 78' lang='grc' dir='ltr'>ἵνα</span> <span class='ocrx_word' id='word_1_682' title='bbox 2424 2220 2498 2288; x_wconf 82' lang='grc' dir='ltr'>μὴ</span> <span class='ocrx_word' id='word_1_683' title='bbox 2541 2218 2698 2271; x_wconf 79' lang='grc' dir='ltr'>τοῦτο</span> <span class='ocrx_word' id='word_1_684' title='bbox 2725 2219 2912 2290; x_wconf 88' lang='grc' dir='ltr'>λέγῃς,</span> <span class='ocrx_word' id='word_1_685' title='bbox 2945 2219 3121 2273; x_wconf 84' lang='grc' dir='ltr'>ἀνεῖλέ</span> <span class='ocrx_word' id='word_1_686' title='bbox 3149 2237 3242 2272; x_wconf 91' lang='grc' dir='ltr'>σου</span> <span class='ocrx_word' id='word_1_687' title='bbox 3283 2219 3382 2289; x_wconf 82' lang='grc' dir='ltr'>τὴν</span> <span class='ocrx_word' id='word_1_688' title='bbox 3410 2219 3665 2271; x_wconf 82' lang='grc' dir='ltr'>ὑπόνοιαν</span> 
     </span>
    </p>
   </div>
   <div class='ocr_carea' id='block_1_83' title="bbox 2093 2308 3668 2380">
    <p class='ocr_par' dir='ltr' id='par_1_83' title="bbox 2093 2308 3668 2380">
     <span class='ocr_line' id='line_1_83' title="bbox 2093 2308 3668 2380; baseline -0.001 -18"><span class='ocrx_word' id='word_1_689' title='bbox 2093 2309 2300 2380; x_wconf 87' lang='grc' dir='ltr'>ταύτην</span> <span class='ocrx_word' id='word_1_690' title='bbox 2323 2309 2352 2361; x_wconf 90' lang='lat'>6</span> <span class='ocrx_word' id='word_1_691' title='bbox 2387 2308 2799 2377; x_wconf 73' lang='grc' dir='ltr'>εὐαγγελιστὴςς</span> <span class='ocrx_word' id='word_1_692' title='bbox 2841 2308 3028 2373; x_wconf 86' lang='grc' dir='ltr'>εἰπὼν,</span> <span class='ocrx_word' id='word_1_693' title='bbox 3065 2310 3147 2362; x_wconf 86' lang='grc' dir='ltr'>ὅτι</span> <span class='ocrx_word' id='word_1_694' title='bbox 3180 2309 3238 2375; x_wconf 84' lang='grc' dir='ltr'>ἐξ</span> <span class='ocrx_word' id='word_1_695' title='bbox 3265 2311 3414 2362; x_wconf 78' lang='grc' dir='ltr'>οἴκου</span> <span class='ocrx_word' id='word_1_696' title='bbox 3438 2309 3532 2361; x_wconf 75' lang='grc' dir='ltr'>καὶ</span> <span class='ocrx_word' id='word_1_697' title='bbox 3559 2325 3668 2361; x_wconf 81' lang='grc' dir='ltr'>πα-</span> 
     </span>
    </p>
   </div>
   <div class='ocr_carea' id='block_1_84' title="bbox 2089 2394 3668 2470">
    <p class='ocr_par' dir='ltr' id='par_1_84' title="bbox 2089 2394 3668 2470">
     <span class='ocr_line' id='line_1_84' title="bbox 2089 2394 3668 2470; baseline -0.002 -18"><span class='ocrx_word' id='word_1_698' title='bbox 2089 2401 2245 2470; x_wconf 78' lang='grc' dir='ltr'>τριᾶς</span> <span class='ocrx_word' id='word_1_699' title='bbox 2274 2397 2388 2470; x_wconf 71' lang='lat'>[26]</span> <span class='ocrx_word' id='word_1_700' title='bbox 2410 2394 2478 2468; x_wconf 76' lang='grc' dir='ltr'>ἦν</span> <span class='ocrx_word' id='word_1_701' title='bbox 2505 2400 2686 2454; x_wconf 82' lang='grc' dir='ltr'>Δαυῒδ.</span> <span class='ocrx_word' id='word_1_702' title='bbox 2714 2399 2777 2450; x_wconf 77' lang='lat' dir='ltr'>El</span> <span class='ocrx_word' id='word_1_703' title='bbox 2807 2399 2862 2450; x_wconf 90' lang='grc' dir='ltr'>δέ</span> <span class='ocrx_word' id='word_1_704' title='bbox 2898 2398 2994 2451; x_wconf 73' lang='grc' dir='ltr'>καὶ</span> <span class='ocrx_word' id='word_1_705' title='bbox 3021 2398 3285 2470; x_wconf 81' lang='grc' dir='ltr'>ἑτέρωθεν</span> <span class='ocrx_word' id='word_1_706' title='bbox 3306 2397 3482 2468; x_wconf 87' lang='grc' dir='ltr'>βούλει</span> <span class='ocrx_word' id='word_1_707' title='bbox 3510 2396 3668 2450; x_wconf 79' lang='grc' dir='ltr'>τοῦτο</span> 
     </span>
    </p>
   </div>
   <div class='ocr_carea' id='block_1_85' title="bbox 2091 2488 3784 2560">
    <p class='ocr_par' dir='ltr' id='par_1_85' title="bbox 2091 2488 3784 2560">
     <span class='ocr_line' id='line_1_85' title="bbox 2091 2488 3784 2560; baseline -0.002 -17"><span class='ocrx_word' id='word_1_708' title='bbox 2091 2489 2303 2560; x_wconf 82' lang='grc' dir='ltr'>μαθεῖν,</span> <span class='ocrx_word' id='word_1_709' title='bbox 2333 2489 2455 2542; x_wconf 84' lang='grc' dir='ltr'>ούδέ</span> <span class='ocrx_word' id='word_1_710' title='bbox 2485 2489 2677 2560; x_wconf 88' lang='grc' dir='ltr'>ἐτέρας</span> <span class='ocrx_word' id='word_1_711' title='bbox 2709 2491 3060 2560; x_wconf 81' lang='grc' dir='ltr'>ἀπορήσομεν</span> <span class='ocrx_word' id='word_1_712' title='bbox 3089 2488 3437 2553; x_wconf 73' lang='grc' dir='ltr'>ἀποδείξεωςο</span> <span class='ocrx_word' id='word_1_713' title='bbox 3465 2489 3524 2541; x_wconf 81' lang='grc' dir='ltr'>οὺ</span> <span class='ocrx_word' id='word_1_714' title='bbox 3556 2488 3665 2556; x_wconf 84' lang='grc' dir='ltr'>γάρ</span> <span class='ocrx_word' id='word_1_715' title='bbox 3779 2537 3784 2541; x_wconf 85' lang='grc'><em>,</em></span> 
     </span>
    </p>
   </div>
   <div class='ocr_carea' id='block_1_86' title="bbox 2086 2577 3666 2651">
    <p class='ocr_par' dir='ltr' id='par_1_86' title="bbox 2086 2577 3666 2651">
     <span class='ocr_line' id='line_1_86' title="bbox 2086 2577 3666 2651; baseline -0.003 -17"><span class='ocrx_word' id='word_1_716' title='bbox 2086 2579 2152 2650; x_wconf 86' lang='grc' dir='ltr'>δὴ</span> <span class='ocrx_word' id='word_1_717' title='bbox 2198 2580 2356 2649; x_wconf 87' lang='grc' dir='ltr'>μόνον</span> <span class='ocrx_word' id='word_1_718' title='bbox 2384 2580 2492 2632; x_wconf 87' lang='grc' dir='ltr'>ἀπὸ</span> <span class='ocrx_word' id='word_1_719' title='bbox 2518 2579 2692 2649; x_wconf 85' lang='grc' dir='ltr'>φυλῆς</span> <span class='ocrx_word' id='word_1_720' title='bbox 2719 2577 2818 2632; x_wconf 82' lang='grc' dir='ltr'>οὖκ</span> <span class='ocrx_word' id='word_1_721' title='bbox 2847 2581 2974 2651; x_wconf 81' lang='grc' dir='ltr'>ἐξῆν</span> <span class='ocrx_word' id='word_1_722' title='bbox 3008 2580 3228 2650; x_wconf 89' lang='grc' dir='ltr'>ἐτέρας,</span> <span class='ocrx_word' id='word_1_723' title='bbox 3263 2579 3378 2633; x_wconf 84' lang='grc' dir='ltr'>ἀλλ’</span> <span class='ocrx_word' id='word_1_724' title='bbox 3407 2580 3525 2632; x_wconf 80' lang='grc' dir='ltr'>οὐδὲ</span> <span class='ocrx_word' id='word_1_725' title='bbox 3557 2580 3666 2631; x_wconf 80' lang='grc' dir='ltr'>ἀπὺ</span> 
     </span>
    </p>
   </div>
   <div class='ocr_carea' id='block_1_87' title="bbox 2089 2670 3664 2742">
    <p class='ocr_par' dir='ltr' id='par_1_87' title="bbox 2089 2670 3664 2742">
     <span class='ocr_line' id='line_1_87' title="bbox 2089 2670 3664 2742; baseline -0.001 -18"><span class='ocrx_word' id='word_1_726' title='bbox 2089 2673 2323 2742; x_wconf 77' lang='grc' dir='ltr'>πατριᾶς</span> <span class='ocrx_word' id='word_1_727' title='bbox 2351 2670 2562 2740; x_wconf 80' lang='grc' dir='ltr'>ἐτέρας,</span> <span class='ocrx_word' id='word_1_728' title='bbox 2593 2672 2862 2733; x_wconf 86' lang='grc' dir='ltr'>τουτέστι,</span> <span class='ocrx_word' id='word_1_729' title='bbox 2893 2671 3232 2740; x_wconf 89' lang='grc' dir='ltr'>συγγενείας,</span> <span class='ocrx_word' id='word_1_730' title='bbox 3255 2673 3474 2739; x_wconf 87' lang='grc' dir='ltr'>γαμεῖν.</span> <span class='ocrx_word' id='word_1_731' title='bbox 3503 2670 3664 2722; x_wconf 82' lang='grc' dir='ltr'>Ὥστε</span> 
     </span>
    </p>
   </div>
   <div class='ocr_carea' id='block_1_88' title="bbox 2091 2759 3666 2832">
    <p class='ocr_par' dir='ltr' id='par_1_88' title="bbox 2091 2759 3666 2832">
     <span class='ocr_line' id='line_1_88' title="bbox 2091 2759 3666 2832; baseline -0.003 -16"><span class='ocrx_word' id='word_1_732' title='bbox 2091 2761 2156 2816; x_wconf 79' lang='grc' dir='ltr'>ἀν</span> <span class='ocrx_word' id='word_1_733' title='bbox 2193 2778 2253 2814; x_wconf 88' lang='grc' dir='ltr'>τε</span> <span class='ocrx_word' id='word_1_734' title='bbox 2287 2764 2354 2832; x_wconf 81' lang='grc' dir='ltr'>τῇ</span> <span class='ocrx_word' id='word_1_735' title='bbox 2393 2760 2675 2832; x_wconf 83' lang='grc' dir='ltr'>Παρθένῳ,</span> <span class='ocrx_word' id='word_1_736' title='bbox 2705 2761 2766 2814; x_wconf 84' lang='grc' dir='ltr'>τὸ</span> <span class='ocrx_word' id='word_1_737' title='bbox 2805 2761 2866 2826; x_wconf 85' lang='grc' dir='ltr'>ἐξ</span> <span class='ocrx_word' id='word_1_738' title='bbox 2895 2761 3046 2815; x_wconf 82' lang='grc' dir='ltr'>οίκου</span> <span class='ocrx_word' id='word_1_739' title='bbox 3093 2762 3188 2815; x_wconf 75' lang='grc' dir='ltr'>καὶ</span> <span class='ocrx_word' id='word_1_740' title='bbox 3233 2763 3468 2831; x_wconf 80' lang='grc' dir='ltr'>πατριᾶς</span> <span class='ocrx_word' id='word_1_741' title='bbox 3503 2759 3666 2813; x_wconf 79' lang='grc' dir='ltr'>Δαυῒδ</span> 
     </span>
    </p>
   </div>
   <div class='ocr_carea' id='block_1_89' title="bbox 2089 2849 3664 2921">
    <p class='ocr_par' dir='ltr' id='par_1_89' title="bbox 2089 2849 3664 2921">
     <span class='ocr_line' id='line_1_89' title="bbox 2089 2849 3664 2921; baseline -0.001 -17"><span class='ocrx_word' id='word_1_742' title='bbox 2089 2849 2442 2921; x_wconf 85' lang='grc' dir='ltr'>ἀρμόσωμεν,</span> <span class='ocrx_word' id='word_1_743' title='bbox 2469 2849 2669 2921; x_wconf 71' lang='grc' dir='ltr'>ἕστηκε</span> <span class='ocrx_word' id='word_1_744' title='bbox 2696 2851 2758 2903; x_wconf 85' lang='grc' dir='ltr'>τὸ</span> <span class='ocrx_word' id='word_1_745' title='bbox 2799 2851 3109 2921; x_wconf 73' lang='grc' dir='ltr'>εἰρημένονο</span> <span class='ocrx_word' id='word_1_746' title='bbox 3149 2851 3214 2905; x_wconf 80' lang='grc' dir='ltr'>ἄν</span> <span class='ocrx_word' id='word_1_747' title='bbox 3240 2867 3300 2903; x_wconf 90' lang='grc' dir='ltr'>τε</span> <span class='ocrx_word' id='word_1_748' title='bbox 3331 2850 3412 2920; x_wconf 85' lang='grc' dir='ltr'>τῷ</span> <span class='ocrx_word' id='word_1_749' title='bbox 3443 2850 3664 2919; x_wconf 81' lang='grc' dir='ltr'>Ἰωσὴφ,</span> 
     </span>
    </p>
   </div>
   <div class='ocr_carea' id='block_1_90' title="bbox 2088 2939 3669 3008">
    <p class='ocr_par' dir='ltr' id='par_1_90' title="bbox 2088 2939 3669 3008">
     <span class='ocr_line' id='line_1_90' title="bbox 2088 2939 3669 3008; baseline -0.002 -15"><span class='ocrx_word' id='word_1_750' title='bbox 2088 2939 2155 2993; x_wconf 80' lang='grc' dir='ltr'>δι’</span> <span class='ocrx_word' id='word_1_751' title='bbox 2194 2939 2406 2993; x_wconf 88' lang='grc' dir='ltr'>ἐκείνου</span> <span class='ocrx_word' id='word_1_752' title='bbox 2454 2940 2548 2993; x_wconf 75' lang='grc' dir='ltr'>καὶ</span> <span class='ocrx_word' id='word_1_753' title='bbox 2593 2940 2747 2994; x_wconf 82' lang='grc' dir='ltr'>τοῦτο</span> <span class='ocrx_word' id='word_1_754' title='bbox 2791 2941 3279 3005; x_wconf 81' lang='grc' dir='ltr'>κατασκευάζεται.</span> <span class='ocrx_word' id='word_1_755' title='bbox 3331 2942 3393 2994; x_wconf 71' lang='lat' dir='ltr'>Et</span> <span class='ocrx_word' id='word_1_756' title='bbox 3451 2941 3558 3008; x_wconf 84' lang='grc' dir='ltr'>γὰρ</span> <span class='ocrx_word' id='word_1_757' title='bbox 3606 2939 3669 3002; x_wconf 81' lang='grc' dir='ltr'>ἐξ</span> 
     </span>
    </p>
   </div>
   <div class='ocr_carea' id='block_1_91' title="bbox 2089 3028 3668 3104">
    <p class='ocr_par' dir='ltr' id='par_1_91' title="bbox 2089 3028 3668 3104">
     <span class='ocr_line' id='line_1_91' title="bbox 2089 3028 3668 3104; baseline -0.003 -18"><span class='ocrx_word' id='word_1_758' title='bbox 2089 3033 2240 3086; x_wconf 86' lang='grc' dir='ltr'>οἴκου</span> <span class='ocrx_word' id='word_1_759' title='bbox 2272 3030 2435 3085; x_wconf 79' lang='grc' dir='ltr'>Δαυῒδ</span> <span class='ocrx_word' id='word_1_760' title='bbox 2482 3033 2576 3086; x_wconf 70' lang='grc' dir='ltr'>καὶ</span> <span class='ocrx_word' id='word_1_761' title='bbox 2626 3034 2859 3102; x_wconf 79' lang='grc' dir='ltr'>πατριᾶς</span> <span class='ocrx_word' id='word_1_762' title='bbox 2891 3028 2960 3103; x_wconf 77' lang='grc' dir='ltr'>ἦν</span> <span class='ocrx_word' id='word_1_763' title='bbox 2992 3033 3040 3104; x_wconf 88' lang='lat'>[6</span> <span class='ocrx_word' id='word_1_764' title='bbox 3087 3032 3285 3102; x_wconf 84' lang='grc' dir='ltr'>Ἰωσὴφ</span> <span class='ocrx_word' id='word_1_765' title='bbox 3317 3031 3410 3102; x_wconf 64' lang='grc'>⁸⁸].</span> <span class='ocrx_word' id='word_1_766' title='bbox 3453 3032 3553 3083; x_wconf 76' lang='grc' dir='ltr'>οὐκ</span> <span class='ocrx_word' id='word_1_767' title='bbox 3601 3029 3668 3082; x_wconf 75' lang='grc' dir='ltr'>ἂν</span> 
     </span>
    </p>
   </div>
   <div class='ocr_carea' id='block_1_92' title="bbox 2089 3123 3663 3199">
    <p class='ocr_par' dir='ltr' id='par_1_92' title="bbox 2089 3123 3663 3199">
     <span class='ocr_line' id='line_1_92' title="bbox 2089 3123 3663 3199; baseline -0.003 -18"><span class='ocrx_word' id='word_1_768' title='bbox 2089 3125 2310 3181; x_wconf 84' lang='grc' dir='ltr'>ἄλλοθεν</span> <span class='ocrx_word' id='word_1_769' title='bbox 2337 3123 2495 3177; x_wconf 80' lang='grc' dir='ltr'>ἔλαϐε</span> <span class='ocrx_word' id='word_1_770' title='bbox 2525 3123 2625 3193; x_wconf 79' lang='grc' dir='ltr'>τὴν</span> <span class='ocrx_word' id='word_1_771' title='bbox 2649 3127 2906 3193; x_wconf 86' lang='grc' dir='ltr'>γυναῖκα,</span> <span class='ocrx_word' id='word_1_772' title='bbox 2937 3126 2970 3196; x_wconf 78' lang='grc' dir='ltr'>ἢ</span> <span class='ocrx_word' id='word_1_773' title='bbox 3010 3125 3132 3180; x_wconf 84' lang='grc' dir='ltr'>ὅθεν</span> <span class='ocrx_word' id='word_1_774' title='bbox 3168 3127 3262 3182; x_wconf 68' lang='grc' dir='ltr'>καὶ</span> <span class='ocrx_word' id='word_1_775' title='bbox 3288 3128 3450 3191; x_wconf 80' lang='grc' dir='ltr'>αὐτὸς</span> <span class='ocrx_word' id='word_1_776' title='bbox 3478 3124 3566 3199; x_wconf 77' lang='grc' dir='ltr'>ἦν.</span> <span class='ocrx_word' id='word_1_777' title='bbox 3595 3129 3663 3176; x_wconf 75' lang='grc' dir='ltr'>Τί</span> 
     </span>
    </p>
   </div>
   <div class='ocr_carea' id='block_1_93' title="bbox 2089 3211 3664 3290">
    <p class='ocr_par' dir='ltr' id='par_1_93' title="bbox 2089 3211 3664 3290">
     <span class='ocr_line' id='line_1_93' title="bbox 2089 3211 3664 3290; baseline 0.003 -23"><span class='ocrx_word' id='word_1_778' title='bbox 2089 3211 2202 3278; x_wconf 75' lang='grc' dir='ltr'>οὖν,</span> <span class='ocrx_word' id='word_1_779' title='bbox 2231 3217 2280 3268; x_wconf 85' lang='grc' dir='ltr'>εἰ</span> <span class='ocrx_word' id='word_1_780' title='bbox 2316 3214 2530 3286; x_wconf 88' lang='grc' dir='ltr'>παρέϐη</span> <span class='ocrx_word' id='word_1_781' title='bbox 2565 3215 2654 3267; x_wconf 83' lang='grc' dir='ltr'>τὸν</span> <span class='ocrx_word' id='word_1_782' title='bbox 2677 3215 2869 3286; x_wconf 88' lang='grc' dir='ltr'>νόμον;</span> <span class='ocrx_word' id='word_1_783' title='bbox 2904 3217 3056 3288; x_wconf 87' lang='grc' dir='ltr'>φησί.</span> <span class='ocrx_word' id='word_1_784' title='bbox 3084 3217 3181 3270; x_wconf 85' lang='grc' dir='ltr'>Διά</span> <span class='ocrx_word' id='word_1_785' title='bbox 3206 3219 3314 3289; x_wconf 83' lang='grc' dir='ltr'>γάρ</span> <span class='ocrx_word' id='word_1_786' title='bbox 3350 3218 3508 3272; x_wconf 83' lang='grc' dir='ltr'>τοῦτο</span> <span class='ocrx_word' id='word_1_787' title='bbox 3535 3237 3664 3290; x_wconf 76' lang='grc' dir='ltr'>προ-</span> 
     </span>
    </p>
   </div>
   <div class='ocr_carea' id='block_1_94' title="bbox 2089 3304 3663 3382">
    <p class='ocr_par' dir='ltr' id='par_1_94' title="bbox 2089 3304 3663 3382">
     <span class='ocr_line' id='line_1_94' title="bbox 2089 3304 3663 3382; baseline 0.003 -22"><span class='ocrx_word' id='word_1_788' title='bbox 2089 3305 2268 3361; x_wconf 87' lang='grc' dir='ltr'>λαϐὼν</span> <span class='ocrx_word' id='word_1_789' title='bbox 2305 3307 2705 3378; x_wconf 89' lang='grc' dir='ltr'>ἐμαρτύρησεν,</span> <span class='ocrx_word' id='word_1_790' title='bbox 2733 3309 2813 3361; x_wconf 87' lang='grc' dir='ltr'>ὅτι</span> <span class='ocrx_word' id='word_1_791' title='bbox 2841 3308 3047 3372; x_wconf 88' lang='grc' dir='ltr'>δίκαιος</span> <span class='ocrx_word' id='word_1_792' title='bbox 3077 3304 3143 3379; x_wconf 81' lang='grc' dir='ltr'>ἦν</span> <span class='ocrx_word' id='word_1_793' title='bbox 3169 3311 3197 3363; x_wconf 90' lang='lat'>6</span> <span class='ocrx_word' id='word_1_794' title='bbox 3228 3310 3444 3379; x_wconf 78' lang='grc' dir='ltr'>Ἰωσὴφ,</span> <span class='ocrx_word' id='word_1_795' title='bbox 3473 3311 3560 3365; x_wconf 85' lang='grc' dir='ltr'>ἴνα</span> <span class='ocrx_word' id='word_1_796' title='bbox 3586 3311 3663 3382; x_wconf 83' lang='grc' dir='ltr'>μὴ</span> 
     </span>
    </p>
   </div>
   <div class='ocr_carea' id='block_1_95' title="bbox 2087 3398 3664 3473">
    <p class='ocr_par' dir='ltr' id='par_1_95' title="bbox 2087 3398 3664 3473">
     <span class='ocr_line' id='line_1_95' title="bbox 2087 3398 3664 3473; baseline 0.002 -21"><span class='ocrx_word' id='word_1_797' title='bbox 2087 3400 2243 3453; x_wconf 79' lang='grc' dir='ltr'>τοῦτο</span> <span class='ocrx_word' id='word_1_798' title='bbox 2273 3399 2459 3472; x_wconf 81' lang='grc' dir='ltr'>λέγῃς,</span> <span class='ocrx_word' id='word_1_799' title='bbox 2487 3399 2620 3452; x_wconf 86' lang='grc' dir='ltr'>ἀλλά</span> <span class='ocrx_word' id='word_1_800' title='bbox 2653 3398 2840 3470; x_wconf 87' lang='grc' dir='ltr'>μαθὼν</span> <span class='ocrx_word' id='word_1_801' title='bbox 2865 3400 3028 3452; x_wconf 83' lang='grc' dir='ltr'>αὑτοῦ</span> <span class='ocrx_word' id='word_1_802' title='bbox 3060 3401 3157 3470; x_wconf 86' lang='grc' dir='ltr'>τὴν</span> <span class='ocrx_word' id='word_1_803' title='bbox 3189 3401 3408 3473; x_wconf 76' lang='grc' dir='ltr'>ἀρετὴν,</span> <span class='ocrx_word' id='word_1_804' title='bbox 3442 3403 3664 3456; x_wconf 84' lang='grc' dir='ltr'>κάκεῖνο</span> 
     </span>
    </p>
   </div>
   <div class='ocr_carea' id='block_1_96' title="bbox 2088 3477 3663 3563">
    <p class='ocr_par' dir='ltr' id='par_1_96' title="bbox 2088 3477 3663 3563">
     <span class='ocr_line' id='line_1_96' title="bbox 2088 3477 3663 3563; baseline 0.001 -19"><span class='ocrx_word' id='word_1_805' title='bbox 2088 3492 2252 3562; x_wconf 78' lang='grc' dir='ltr'>εἰδῇς,</span> <span class='ocrx_word' id='word_1_806' title='bbox 2285 3492 2367 3544; x_wconf 84' lang='grc' dir='ltr'>ὅτι</span> <span class='ocrx_word' id='word_1_807' title='bbox 2417 3492 2515 3544; x_wconf 87' lang='grc' dir='ltr'>οὐκ</span> <span class='ocrx_word' id='word_1_808' title='bbox 2552 3492 2618 3544; x_wconf 87' lang='grc' dir='ltr'>ἂν</span> <span class='ocrx_word' id='word_1_809' title='bbox 2663 3491 2877 3563; x_wconf 87' lang='grc' dir='ltr'>παρέϐη</span> <span class='ocrx_word' id='word_1_810' title='bbox 2918 3491 3007 3546; x_wconf 82' lang='grc' dir='ltr'>τὸν</span> <span class='ocrx_word' id='word_1_811' title='bbox 3041 3492 3222 3562; x_wconf 87' lang='grc' dir='ltr'>νόμον.</span> <span class='ocrx_word' id='word_1_812' title='bbox 3264 3494 3320 3546; x_wconf 84' lang='lat'>&#39;0</span> <span class='ocrx_word' id='word_1_813' title='bbox 3361 3477 3469 3563; x_wconf 83' lang='grc' dir='ltr'>γὰρ</span> <span class='ocrx_word' id='word_1_814' title='bbox 3518 3493 3663 3546; x_wconf 79' lang='grc' dir='ltr'>οὕτω</span> 
     </span>
    </p>
   </div>
   <div class='ocr_carea' id='block_1_97' title="bbox 2088 3579 3663 3651">
    <p class='ocr_par' dir='ltr' id='par_1_97' title="bbox 2088 3579 3663 3651">
     <span class='ocr_line' id='line_1_97' title="bbox 2088 3579 3663 3651; baseline 0.001 -19"><span class='ocrx_word' id='word_1_815' title='bbox 2088 3579 2465 3651; x_wconf 87' lang='grc' dir='ltr'>φιλάνθρωπος</span> <span class='ocrx_word' id='word_1_816' title='bbox 2516 3580 2608 3633; x_wconf 82' lang='grc' dir='ltr'>καὶ</span> <span class='ocrx_word' id='word_1_817' title='bbox 2664 3579 2869 3643; x_wconf 81' lang='grc' dir='ltr'>πάθους</span> <span class='ocrx_word' id='word_1_818' title='bbox 2915 3580 3091 3644; x_wconf 78' lang='grc' dir='ltr'>ἐκτὸς,</span> <span class='ocrx_word' id='word_1_819' title='bbox 3129 3581 3204 3644; x_wconf 85' lang='grc' dir='ltr'>ὡς</span> <span class='ocrx_word' id='word_1_820' title='bbox 3250 3581 3385 3651; x_wconf 87' lang='grc' dir='ltr'>μηδέ</span> <span class='ocrx_word' id='word_1_821' title='bbox 3427 3581 3663 3650; x_wconf 69' lang='grc' dir='ltr'>ὑποψίας</span> 
     </span>
    </p>
   </div>
   <div class='ocr_carea' id='block_1_98' title="bbox 2088 3669 3662 3742">
    <p class='ocr_par' dir='ltr' id='par_1_98' title="bbox 2088 3669 3662 3742">
     <span class='ocr_line' id='line_1_98' title="bbox 2088 3669 3662 3742; baseline 0 -20"><span class='ocrx_word' id='word_1_822' title='bbox 2088 3669 2505 3739; x_wconf 80' lang='grc' dir='ltr'>ἀναγκαζούσης</span> <span class='ocrx_word' id='word_1_823' title='bbox 2548 3669 2872 3742; x_wconf 87' lang='grc' dir='ltr'>βουληθῆναι</span> <span class='ocrx_word' id='word_1_824' title='bbox 2915 3671 3260 3740; x_wconf 80' lang='grc' dir='ltr'>ἐπιχειρῆσαι</span> <span class='ocrx_word' id='word_1_825' title='bbox 3307 3671 3532 3724; x_wconf 82' lang='grc' dir='ltr'>κολάσαι</span> <span class='ocrx_word' id='word_1_826' title='bbox 3561 3671 3662 3737; x_wconf 74' lang='grc' dir='ltr'>τὴν</span> 
     </span>
    </p>
   </div>
   <div class='ocr_carea' id='block_1_99' title="bbox 2089 3760 3660 3832">
    <p class='ocr_par' dir='ltr' id='par_1_99' title="bbox 2089 3760 3660 3832">
     <span class='ocr_line' id='line_1_99' title="bbox 2089 3760 3660 3832; baseline 0.001 -20"><span class='ocrx_word' id='word_1_827' title='bbox 2089 3760 2385 3830; x_wconf 87' lang='grc' dir='ltr'>Παρθένον,</span> <span class='ocrx_word' id='word_1_828' title='bbox 2424 3760 2540 3823; x_wconf 84' lang='grc' dir='ltr'>πῶς</span> <span class='ocrx_word' id='word_1_829' title='bbox 2578 3762 2644 3814; x_wconf 87' lang='grc' dir='ltr'>ἂν</span> <span class='ocrx_word' id='word_1_830' title='bbox 2675 3761 2741 3814; x_wconf 82' lang='grc' dir='ltr'>δι’</span> <span class='ocrx_word' id='word_1_831' title='bbox 2767 3762 2959 3831; x_wconf 82' lang='grc' dir='ltr'>ἡδονὴν</span> <span class='ocrx_word' id='word_1_832' title='bbox 2991 3763 3206 3832; x_wconf 87' lang='grc' dir='ltr'>παρέϐη</span> <span class='ocrx_word' id='word_1_833' title='bbox 3233 3763 3322 3816; x_wconf 84' lang='grc' dir='ltr'>τὸν</span> <span class='ocrx_word' id='word_1_834' title='bbox 3359 3763 3553 3832; x_wconf 86' lang='grc' dir='ltr'>νόμον;</span> <span class='ocrx_word' id='word_1_835' title='bbox 3599 3764 3660 3814; x_wconf 86' lang='lat'>&#39;0</span> 
     </span>
    </p>
   </div>
   <div class='ocr_carea' id='block_1_100' title="bbox 2088 3851 3661 3925">
    <p class='ocr_par' dir='ltr' id='par_1_100' title="bbox 2088 3851 3661 3925">
     <span class='ocr_line' id='line_1_100' title="bbox 2088 3851 3661 3925; baseline 0.001 -21"><span class='ocrx_word' id='word_1_836' title='bbox 2088 3851 2198 3922; x_wconf 81' lang='grc' dir='ltr'>γὰρ</span> <span class='ocrx_word' id='word_1_837' title='bbox 2226 3852 2365 3922; x_wconf 81' lang='grc' dir='ltr'>ὑπὲρ</span> <span class='ocrx_word' id='word_1_838' title='bbox 2409 3852 2571 3922; x_wconf 87' lang='grc' dir='ltr'>νόμον</span> <span class='ocrx_word' id='word_1_839' title='bbox 2605 3853 2971 3922; x_wconf 85' lang='grc' dir='ltr'>φιλοσοφήσας</span> <span class='ocrx_word' id='word_1_840' title='bbox 3019 3854 3136 3922; x_wconf 80' lang='grc' dir='ltr'>(καὶ</span> <span class='ocrx_word' id='word_1_841' title='bbox 3183 3854 3289 3925; x_wconf 84' lang='grc' dir='ltr'>γὰρ</span> <span class='ocrx_word' id='word_1_842' title='bbox 3335 3855 3394 3906; x_wconf 85' lang='grc' dir='ltr'>τὸ</span> <span class='ocrx_word' id='word_1_843' title='bbox 3445 3856 3661 3922; x_wconf 86' lang='grc' dir='ltr'>ἀφεῖναι</span> 
     </span>
    </p>
   </div>
   <div class='ocr_carea' id='block_1_101' title="bbox 2094 3938 3660 4012">
    <p class='ocr_par' dir='ltr' id='par_1_101' title="bbox 2094 3938 3660 4012">
     <span class='ocr_line' id='line_1_101' title="bbox 2094 3938 3660 4012; baseline 0.001 -22"><span class='ocrx_word' id='word_1_844' title='bbox 2094 3941 2186 3992; x_wconf 75' lang='grc' dir='ltr'>καὶ</span> <span class='ocrx_word' id='word_1_845' title='bbox 2219 3938 2392 4009; x_wconf 83' lang='grc' dir='ltr'>λάθρα</span> <span class='ocrx_word' id='word_1_846' title='bbox 2417 3941 2630 4008; x_wconf 82' lang='grc' dir='ltr'>ἀφεῖναι</span> <span class='ocrx_word' id='word_1_847' title='bbox 2649 3942 2716 4005; x_wconf 71' lang='grc'>⁸⁵³,</span> <span class='ocrx_word' id='word_1_848' title='bbox 2744 3942 2883 4012; x_wconf 75' lang='grc' dir='ltr'>ὑπὲρ</span> <span class='ocrx_word' id='word_1_849' title='bbox 2911 3942 3072 4012; x_wconf 89' lang='grc' dir='ltr'>νόμον</span> <span class='ocrx_word' id='word_1_850' title='bbox 3099 3941 3513 4011; x_wconf 81' lang='grc' dir='ltr'>φιλοσοφοῦντος</span> <span class='ocrx_word' id='word_1_851' title='bbox 3546 3939 3660 4010; x_wconf 80' lang='grc' dir='ltr'>ἦν),</span> 
     </span>
    </p>
   </div>
   <div class='ocr_carea' id='block_1_102' title="bbox 2073 4029 3662 4103">
    <p class='ocr_par' dir='ltr' id='par_1_102' title="bbox 2073 4029 3662 4103">
     <span class='ocr_line' id='line_1_102' title="bbox 2073 4029 3662 4103; baseline 0.003 -21"><span class='ocrx_word' id='word_1_852' title='bbox 2073 4029 2210 4100; x_wconf 75' lang='grc' dir='ltr'>πῶς</span> <span class='ocrx_word' id='word_1_853' title='bbox 2239 4030 2304 4084; x_wconf 85' lang='grc' dir='ltr'>ἃν</span> <span class='ocrx_word' id='word_1_854' title='bbox 2333 4033 2481 4101; x_wconf 87' lang='grc' dir='ltr'>παρά</span> <span class='ocrx_word' id='word_1_855' title='bbox 2511 4032 2673 4100; x_wconf 89' lang='grc' dir='ltr'>νόμον</span> <span class='ocrx_word' id='word_1_856' title='bbox 2695 4033 2738 4066; x_wconf 82' lang='grc'>⁹⁰</span> <span class='ocrx_word' id='word_1_857' title='bbox 2765 4032 2965 4103; x_wconf 73' lang='grc' dir='ltr'>ἔπραξέ</span> <span class='ocrx_word' id='word_1_858' title='bbox 2997 4051 3072 4095; x_wconf 87' lang='grc' dir='ltr'>τι,</span> <span class='ocrx_word' id='word_1_859' title='bbox 3095 4032 3378 4088; x_wconf 71' lang='grc' dir='ltr'>καὶταῦτα</span> <span class='ocrx_word' id='word_1_860' title='bbox 3406 4034 3662 4101; x_wconf 81' lang='grc' dir='ltr'>οὐδεμιᾶς</span> 
     </span>
    </p>
   </div>
   <div class='ocr_carea' id='block_1_103' title="bbox 2091 4122 3662 4194">
    <p class='ocr_par' dir='ltr' id='par_1_103' title="bbox 2091 4122 3662 4194">
     <span class='ocr_line' id='line_1_103' title="bbox 2091 4122 3662 4194; baseline 0 -19"><span class='ocrx_word' id='word_1_861' title='bbox 2091 4122 2507 4194; x_wconf 71' lang='grc' dir='ltr'>ἀναγκαζούσης</span> <span class='ocrx_word' id='word_1_862' title='bbox 2542 4124 2759 4189; x_wconf 86' lang='grc' dir='ltr'>αἰτίας;</span> <span class='ocrx_word' id='word_1_863' title='bbox 2804 4124 2940 4176; x_wconf 81' lang='grc' dir='ltr'>Ἀλλ’</span> <span class='ocrx_word' id='word_1_864' title='bbox 2985 4125 3068 4177; x_wconf 84' lang='grc' dir='ltr'>ὅτι</span> <span class='ocrx_word' id='word_1_865' title='bbox 3108 4126 3207 4193; x_wconf 81' lang='grc' dir='ltr'>μὲν</span> <span class='ocrx_word' id='word_1_866' title='bbox 3238 4126 3303 4176; x_wconf 85' lang='grc' dir='ltr'>ἐκ</span> <span class='ocrx_word' id='word_1_867' title='bbox 3337 4124 3429 4176; x_wconf 83' lang='grc' dir='ltr'>τοῦ</span> <span class='ocrx_word' id='word_1_868' title='bbox 3473 4125 3662 4192; x_wconf 90' lang='grc' dir='ltr'>γένους</span> 
     </span>
    </p>
   </div>
   <div class='ocr_carea' id='block_1_104' title="bbox 2090 4210 3664 4286">
    <p class='ocr_par' dir='ltr' id='par_1_104' title="bbox 2090 4210 3664 4286">
     <span class='ocr_line' id='line_1_104' title="bbox 2090 4210 3664 4286; baseline 0.001 -22"><span class='ocrx_word' id='word_1_869' title='bbox 2090 4212 2183 4265; x_wconf 80' lang='grc' dir='ltr'>τοῦ</span> <span class='ocrx_word' id='word_1_870' title='bbox 2218 4213 2379 4267; x_wconf 78' lang='grc' dir='ltr'>Δαυῒδ</span> <span class='ocrx_word' id='word_1_871' title='bbox 2417 4210 2486 4285; x_wconf 83' lang='grc' dir='ltr'>ἦν</span> <span class='ocrx_word' id='word_1_872' title='bbox 2520 4218 2552 4285; x_wconf 81' lang='grc' dir='ltr'>ἡ</span> <span class='ocrx_word' id='word_1_873' title='bbox 2603 4215 2895 4286; x_wconf 87' lang='grc' dir='ltr'>Παρθένος,</span> <span class='ocrx_word' id='word_1_874' title='bbox 2937 4217 3002 4268; x_wconf 91' lang='grc' dir='ltr'>ἐκ</span> <span class='ocrx_word' id='word_1_875' title='bbox 3042 4215 3246 4268; x_wconf 87' lang='grc' dir='ltr'>τούτων</span> <span class='ocrx_word' id='word_1_876' title='bbox 3280 4215 3470 4286; x_wconf 83' lang='grc' dir='ltr'>δῆλον·</span> <span class='ocrx_word' id='word_1_877' title='bbox 3518 4215 3664 4276; x_wconf 87' lang='grc' dir='ltr'>τίνος</span> 
     </span>
    </p>
   </div>
   <div class='ocr_carea' id='block_1_105' title="bbox 2088 4304 3658 4376">
    <p class='ocr_par' dir='ltr' id='par_1_105' title="bbox 2088 4304 3658 4376">
     <span class='ocr_line' id='line_1_105' title="bbox 2088 4304 3658 4376; baseline 0 -20"><span class='ocrx_word' id='word_1_878' title='bbox 2088 4306 2144 4357; x_wconf 87' lang='grc' dir='ltr'>δὲ</span> <span class='ocrx_word' id='word_1_879' title='bbox 2174 4304 2358 4357; x_wconf 77' lang='grc' dir='ltr'>ἕνεκεν</span> <span class='ocrx_word' id='word_1_880' title='bbox 2388 4305 2556 4376; x_wconf 79' lang='grc' dir='ltr'>αὐτὴν</span> <span class='ocrx_word' id='word_1_881' title='bbox 2581 4308 2680 4358; x_wconf 80' lang='grc' dir='ltr'>οὐκ</span> <span class='ocrx_word' id='word_1_882' title='bbox 2703 4306 3142 4375; x_wconf 82' lang='grc' dir='ltr'>ἐγενεαλόγησεν,</span> <span class='ocrx_word' id='word_1_883' title='bbox 3173 4305 3308 4359; x_wconf 89' lang='grc' dir='ltr'>ἀλλά</span> <span class='ocrx_word' id='word_1_884' title='bbox 3335 4306 3425 4358; x_wconf 78' lang='grc' dir='ltr'>τὸν</span> <span class='ocrx_word' id='word_1_885' title='bbox 3441 4305 3658 4374; x_wconf 85' lang='grc' dir='ltr'>Ἰωσὴφ,</span> 
     </span>
    </p>
   </div>
   <div class='ocr_carea' id='block_1_106' title="bbox 2087 4393 3663 4468">
    <p class='ocr_par' dir='ltr' id='par_1_106' title="bbox 2087 4393 3663 4468">
     <span class='ocr_line' id='line_1_106' title="bbox 2087 4393 3663 4468; baseline -0.001 -20"><span class='ocrx_word' id='word_1_886' title='bbox 2087 4398 2384 4465; x_wconf 88' lang='grc' dir='ltr'>ἀναγκαῖον</span> <span class='ocrx_word' id='word_1_887' title='bbox 2436 4399 2629 4450; x_wconf 75' lang='grc' dir='ltr'>εἰπεῖν.</span> <span class='ocrx_word' id='word_1_888' title='bbox 2657 4397 2816 4460; x_wconf 89' lang='grc' dir='ltr'>Τίνος</span> <span class='ocrx_word' id='word_1_889' title='bbox 2855 4393 2948 4451; x_wconf 74' lang='grc' dir='ltr'>οὖν</span> <span class='ocrx_word' id='word_1_890' title='bbox 2989 4398 3205 4462; x_wconf 76' lang='grc' dir='ltr'>ἓνεκεν;</span> <span class='ocrx_word' id='word_1_891' title='bbox 3239 4398 3350 4450; x_wconf 79' lang='grc' dir='ltr'>Οὐκ</span> <span class='ocrx_word' id='word_1_892' title='bbox 3390 4393 3457 4468; x_wconf 83' lang='grc' dir='ltr'>ἦν</span> <span class='ocrx_word' id='word_1_893' title='bbox 3501 4397 3663 4467; x_wconf 88' lang='grc' dir='ltr'>νόμος</span> 
     </span>
    </p>
   </div>
   <div class='ocr_carea' id='block_1_107' title="bbox 2090 4483 3664 4557">
    <p class='ocr_par' dir='ltr' id='par_1_107' title="bbox 2090 4483 3664 4557">
     <span class='ocr_line' id='line_1_107' title="bbox 2090 4483 3664 4557; baseline 0.001 -20"><span class='ocrx_word' id='word_1_894' title='bbox 2090 4488 2238 4557; x_wconf 82' lang='grc' dir='ltr'>παρά</span> <span class='ocrx_word' id='word_1_895' title='bbox 2287 4487 2561 4550; x_wconf 88' lang='grc' dir='ltr'>Ἰουδαίοις</span> <span class='ocrx_word' id='word_1_896' title='bbox 2617 4487 3053 4556; x_wconf 86' lang='grc' dir='ltr'>γενεαλογεῖσθαι</span> <span class='ocrx_word' id='word_1_897' title='bbox 3109 4492 3393 4556; x_wconf 82' lang='grc' dir='ltr'>γυναῖκας.</span> <span class='ocrx_word' id='word_1_898' title='bbox 3423 4489 3520 4540; x_wconf 81' lang='grc' dir='ltr'>’Ἰν“</span> <span class='ocrx_word' id='word_1_899' title='bbox 3569 4483 3664 4540; x_wconf 82' lang='grc' dir='ltr'>οὖν</span> 
     </span>
    </p>
   </div>
   <div class='ocr_carea' id='block_1_108' title="bbox 2090 4578 3663 4650">
    <p class='ocr_par' dir='ltr' id='par_1_108' title="bbox 2090 4578 3663 4650">
     <span class='ocr_line' id='line_1_108' title="bbox 2090 4578 3663 4650; baseline 0 -20"><span class='ocrx_word' id='word_1_900' title='bbox 2090 4579 2184 4631; x_wconf 73' lang='grc' dir='ltr'>καὶ</span> <span class='ocrx_word' id='word_1_901' title='bbox 2217 4579 2277 4632; x_wconf 84' lang='grc' dir='ltr'>τὸ</span> <span class='ocrx_word' id='word_1_902' title='bbox 2310 4578 2430 4642; x_wconf 75' lang='grc' dir='ltr'>ἔθος</span> <span class='ocrx_word' id='word_1_903' title='bbox 2458 4579 2666 4650; x_wconf 75' lang='grc' dir='ltr'>φυλάξῃ</span> <span class='ocrx_word' id='word_1_904' title='bbox 2697 4579 2790 4632; x_wconf 77' lang='grc' dir='ltr'>καὶ</span> <span class='ocrx_word' id='word_1_905' title='bbox 2843 4579 2917 4650; x_wconf 81' lang='grc' dir='ltr'>μὴ</span> <span class='ocrx_word' id='word_1_906' title='bbox 2954 4580 3082 4650; x_wconf 80' lang='grc' dir='ltr'>δόξῃ</span> <span class='ocrx_word' id='word_1_907' title='bbox 3117 4581 3554 4650; x_wconf 83' lang='grc' dir='ltr'>παραχαράττειν</span> <span class='ocrx_word' id='word_1_908' title='bbox 3598 4580 3663 4631; x_wconf 88' lang='grc' dir='ltr'>ἐκ</span> 
     </span>
    </p>
   </div>
   <div class='ocr_carea' id='block_1_109' title="bbox 2089 4666 3666 4742">
    <p class='ocr_par' dir='ltr' id='par_1_109' title="bbox 2089 4666 3666 4742">
     <span class='ocr_line' id='line_1_109' title="bbox 2089 4666 3666 4742; baseline 0.003 -22"><span class='ocrx_word' id='word_1_909' title='bbox 2089 4666 2412 4738; x_wconf 86' lang='grc' dir='ltr'>προοιμίων,</span> <span class='ocrx_word' id='word_1_910' title='bbox 2462 4670 2554 4722; x_wconf 84' lang='grc' dir='ltr'>καὶ</span> <span class='ocrx_word' id='word_1_911' title='bbox 2585 4669 2682 4741; x_wconf 84' lang='grc' dir='ltr'>τὴν</span> <span class='ocrx_word' id='word_1_912' title='bbox 2710 4671 2878 4741; x_wconf 90' lang='grc' dir='ltr'>κόρην</span> <span class='ocrx_word' id='word_1_913' title='bbox 2911 4672 3042 4741; x_wconf 80' lang='grc' dir='ltr'>ἡμῖν</span> <span class='ocrx_word' id='word_1_914' title='bbox 3080 4671 3342 4742; x_wconf 80' lang='grc' dir='ltr'>γνωρίσῃ,</span> <span class='ocrx_word' id='word_1_915' title='bbox 3379 4672 3464 4724; x_wconf 76' lang='grc' dir='ltr'>διὰ</span> <span class='ocrx_word' id='word_1_916' title='bbox 3506 4671 3666 4724; x_wconf 84' lang='grc' dir='ltr'>τοῦτο</span> 
     </span>
    </p>
   </div>
   <div class='ocr_carea' id='block_1_110' title="bbox 2089 4757 3662 4828">
    <p class='ocr_par' dir='ltr' id='par_1_110' title="bbox 2089 4757 3662 4828">
     <span class='ocr_line' id='line_1_110' title="bbox 2089 4757 3662 4828; baseline 0.001 -19"><span class='ocrx_word' id='word_1_917' title='bbox 2089 4759 2212 4821; x_wconf 78' lang='grc' dir='ltr'>τοὺς</span> <span class='ocrx_word' id='word_1_918' title='bbox 2235 4757 2531 4828; x_wconf 87' lang='grc' dir='ltr'>προγόνους</span> <span class='ocrx_word' id='word_1_919' title='bbox 2563 4758 2733 4828; x_wconf 79' lang='grc' dir='ltr'>αὐτῆς</span> <span class='ocrx_word' id='word_1_920' title='bbox 2774 4760 3024 4828; x_wconf 79' lang='grc' dir='ltr'>σιγήσας,</span> <span class='ocrx_word' id='word_1_921' title='bbox 3073 4758 3164 4810; x_wconf 80' lang='grc' dir='ltr'>τὸν</span> <span class='ocrx_word' id='word_1_922' title='bbox 3208 4757 3404 4827; x_wconf 84' lang='grc' dir='ltr'>Ἰωσὴφ</span> <span class='ocrx_word' id='word_1_923' title='bbox 3444 4758 3662 4825; x_wconf 87' lang='grc' dir='ltr'>ἐγενεα-</span> 
     </span>
    </p>
   </div>
   <div class='ocr_carea' id='block_1_111' title="bbox 2088 4847 3664 4918">
    <p class='ocr_par' dir='ltr' id='par_1_111' title="bbox 2088 4847 3664 4918">
     <span class='ocr_line' id='line_1_111' title="bbox 2088 4847 3664 4918; baseline -0.001 -18"><span class='ocrx_word' id='word_1_924' title='bbox 2088 4848 2337 4918; x_wconf 86' lang='grc' dir='ltr'>λόγησεν.</span> <span class='ocrx_word' id='word_1_925' title='bbox 2375 4847 2500 4901; x_wconf 79' lang='grc' dir='ltr'>Εἴτε</span> <span class='ocrx_word' id='word_1_926' title='bbox 2533 4851 2640 4918; x_wconf 69' lang='grc' dir='ltr'>γὰρ</span> <span class='ocrx_word' id='word_1_927' title='bbox 2675 4850 2768 4902; x_wconf 75' lang='grc' dir='ltr'>ἐπὶ</span> <span class='ocrx_word' id='word_1_928' title='bbox 2798 4848 2898 4917; x_wconf 87' lang='grc' dir='ltr'>τῆς</span> <span class='ocrx_word' id='word_1_929' title='bbox 2950 4849 3230 4918; x_wconf 86' lang='grc' dir='ltr'>Παρθένου</span> <span class='ocrx_word' id='word_1_930' title='bbox 3274 4849 3432 4900; x_wconf 81' lang='grc' dir='ltr'>τοῦτο</span> <span class='ocrx_word' id='word_1_931' title='bbox 3475 4848 3664 4918; x_wconf 86' lang='grc' dir='ltr'>ἐποίη-</span> 
     </span>
    </p>
   </div>
   <div class='ocr_carea' id='block_1_112' title="bbox 2091 4940 3663 5012">
    <p class='ocr_par' dir='ltr' id='par_1_112' title="bbox 2091 4940 3663 5012">
     <span class='ocr_line' id='line_1_112' title="bbox 2091 4940 3663 5012; baseline -0.001 -20"><span class='ocrx_word' id='word_1_932' title='bbox 2091 4958 2202 5003; x_wconf 78' lang='grc' dir='ltr'>σεν,</span> <span class='ocrx_word' id='word_1_933' title='bbox 2234 4940 2408 5004; x_wconf 76' lang='grc' dir='ltr'>ἔδοξεν</span> <span class='ocrx_word' id='word_1_934' title='bbox 2432 4941 2497 4994; x_wconf 84' lang='grc' dir='ltr'>ἂν</span> <span class='ocrx_word' id='word_1_935' title='bbox 2526 4943 2888 5009; x_wconf 84' lang='grc' dir='ltr'>καινοτομεῖν·</span> <span class='ocrx_word' id='word_1_936' title='bbox 2917 4941 3026 4992; x_wconf 74' lang='grc' dir='ltr'>εἴτε</span> <span class='ocrx_word' id='word_1_937' title='bbox 3053 4940 3142 4993; x_wconf 85' lang='grc' dir='ltr'>τὸν</span> <span class='ocrx_word' id='word_1_938' title='bbox 3159 4941 3356 5012; x_wconf 82' lang='grc' dir='ltr'>Ἰωσὴφ</span> <span class='ocrx_word' id='word_1_939' title='bbox 3386 4941 3663 5009; x_wconf 87' lang='grc' dir='ltr'>ἐσίγησεν,</span> 
     </span>
    </p>
   </div>
   <div class='ocr_carea' id='block_1_113' title="bbox 2089 5029 3664 5101">
    <p class='ocr_par' dir='ltr' id='par_1_113' title="bbox 2089 5029 3664 5101">
     <span class='ocr_line' id='line_1_113' title="bbox 2089 5029 3664 5101; baseline -0.001 -20"><span class='ocrx_word' id='word_1_940' title='bbox 2089 5029 2188 5082; x_wconf 82' lang='grc' dir='ltr'>οὐκ</span> <span class='ocrx_word' id='word_1_941' title='bbox 2220 5029 2284 5084; x_wconf 83' lang='grc' dir='ltr'>ἂν</span> <span class='ocrx_word' id='word_1_942' title='bbox 2319 5029 2563 5100; x_wconf 79' lang='grc' dir='ltr'>ἔγνωμεν</span> <span class='ocrx_word' id='word_1_943' title='bbox 2601 5031 2699 5100; x_wconf 82' lang='grc' dir='ltr'>τῆς</span> <span class='ocrx_word' id='word_1_944' title='bbox 2747 5029 3022 5101; x_wconf 89' lang='grc' dir='ltr'>Παρθένου</span> <span class='ocrx_word' id='word_1_945' title='bbox 3055 5031 3180 5093; x_wconf 82' lang='grc' dir='ltr'>τοὺς</span> <span class='ocrx_word' id='word_1_946' title='bbox 3217 5029 3535 5098; x_wconf 86' lang='grc' dir='ltr'>προγόνους.</span> <span class='ocrx_word' id='word_1_947' title='bbox 3567 5030 3664 5081; x_wconf 83' lang='grc' dir='ltr'>Ἵν’</span> 
     </span>
    </p>
   </div>
   <div class='ocr_carea' id='block_1_114' title="bbox 2089 5116 3662 5192">
    <p class='ocr_par' dir='ltr' id='par_1_114' title="bbox 2089 5116 3662 5192">
     <span class='ocr_line' id='line_1_114' title="bbox 2089 5116 3662 5192; baseline 0.001 -20"><span class='ocrx_word' id='word_1_948' title='bbox 2089 5117 2180 5174; x_wconf 76' lang='grc' dir='ltr'>οὖν</span> <span class='ocrx_word' id='word_1_949' title='bbox 2218 5121 2476 5191; x_wconf 87' lang='grc' dir='ltr'>μάθωμεν</span> <span class='ocrx_word' id='word_1_950' title='bbox 2520 5120 2618 5191; x_wconf 83' lang='grc' dir='ltr'>τὴν</span> <span class='ocrx_word' id='word_1_951' title='bbox 2665 5121 2903 5191; x_wconf 87' lang='grc' dir='ltr'>Μαρίαν,</span> <span class='ocrx_word' id='word_1_952' title='bbox 2957 5118 3072 5192; x_wconf 73' lang='grc'>[27]</span> <span class='ocrx_word' id='word_1_953' title='bbox 3122 5120 3206 5183; x_wconf 88' lang='grc' dir='ltr'>τίς</span> <span class='ocrx_word' id='word_1_954' title='bbox 3249 5116 3317 5190; x_wconf 80' lang='grc' dir='ltr'>ἦν</span> <span class='ocrx_word' id='word_1_955' title='bbox 3356 5121 3448 5173; x_wconf 75' lang='grc' dir='ltr'>καὶ</span> <span class='ocrx_word' id='word_1_956' title='bbox 3480 5119 3662 5184; x_wconf 84' lang='grc' dir='ltr'>πόθεν,</span> 
     </span>
    </p>
   </div>
   <div class='ocr_carea' id='block_1_115' title="bbox 2089 5211 3667 5286">
    <p class='ocr_par' dir='ltr' id='par_1_115' title="bbox 2089 5211 3667 5286">
     <span class='ocr_line' id='line_1_115' title="bbox 2089 5211 3667 5286; baseline -0.001 -21"><span class='ocrx_word' id='word_1_957' title='bbox 2089 5213 2182 5265; x_wconf 75' lang='grc' dir='ltr'>καὶ</span> <span class='ocrx_word' id='word_1_958' title='bbox 2213 5211 2282 5264; x_wconf 78' lang='grc' dir='ltr'>τὰ</span> <span class='ocrx_word' id='word_1_959' title='bbox 2311 5212 2420 5265; x_wconf 84' lang='grc' dir='ltr'>τῶν</span> <span class='ocrx_word' id='word_1_960' title='bbox 2453 5211 2633 5280; x_wconf 87' lang='grc' dir='ltr'>νόμων</span> <span class='ocrx_word' id='word_1_961' title='bbox 2663 5213 2896 5282; x_wconf 89' lang='grc' dir='ltr'>ἀκίνητα</span> <span class='ocrx_word' id='word_1_962' title='bbox 2931 5212 3108 5286; x_wconf 86' lang='grc' dir='ltr'>μείνῃ,</span> <span class='ocrx_word' id='word_1_963' title='bbox 3135 5212 3224 5266; x_wconf 80' lang='grc' dir='ltr'>τὸν</span> <span class='ocrx_word' id='word_1_964' title='bbox 3258 5212 3542 5282; x_wconf 86' lang='grc' dir='ltr'>μνηστῆρα</span> <span class='ocrx_word' id='word_1_965' title='bbox 3569 5212 3667 5264; x_wconf 61' lang='grc' dir='ltr'>αὖε</span> 
     </span>
    </p>
   </div>
   <div class='ocr_carea' id='block_1_116' title="bbox 2089 5303 3666 5374">
    <p class='ocr_par' dir='ltr' id='par_1_116' title="bbox 2089 5303 3666 5374">
     <span class='ocr_line' id='line_1_116' title="bbox 2089 5303 3666 5374; baseline 0.002 -21"><span class='ocrx_word' id='word_1_966' title='bbox 2089 5304 2186 5370; x_wconf 77' lang='grc' dir='ltr'>τῆς</span> <span class='ocrx_word' id='word_1_967' title='bbox 2220 5303 2633 5374; x_wconf 85' lang='grc' dir='ltr'>ἐγενεαλόγησε,</span> <span class='ocrx_word' id='word_1_968' title='bbox 2680 5304 2774 5357; x_wconf 76' lang='grc' dir='ltr'>καὶ</span> <span class='ocrx_word' id='word_1_969' title='bbox 2824 5303 3022 5367; x_wconf 74' lang='grc' dir='ltr'>ἔδειξεν</span> <span class='ocrx_word' id='word_1_970' title='bbox 3068 5304 3198 5357; x_wconf 80' lang='grc' dir='ltr'>ὄντα</span> <span class='ocrx_word' id='word_1_971' title='bbox 3250 5305 3315 5356; x_wconf 88' lang='grc' dir='ltr'>ἐκ</span> <span class='ocrx_word' id='word_1_972' title='bbox 3347 5304 3448 5372; x_wconf 88' lang='grc' dir='ltr'>τῆς</span> <span class='ocrx_word' id='word_1_973' title='bbox 3489 5303 3666 5365; x_wconf 83' lang='grc' dir='ltr'>οἰκίας</span> 
     </span>
    </p>
   </div>
   <div class='ocr_carea' id='block_1_117' title="bbox 2091 5393 3668 5466">
    <p class='ocr_par' dir='ltr' id='par_1_117' title="bbox 2091 5393 3668 5466">
     <span class='ocr_line' id='line_1_117' title="bbox 2091 5393 3668 5466; baseline -0.001 -20"><span class='ocrx_word' id='word_1_974' title='bbox 2091 5393 2269 5448; x_wconf 80' lang='grc' dir='ltr'>Δαυῒδ.</span> <span class='ocrx_word' id='word_1_975' title='bbox 2303 5395 2506 5447; x_wconf 86' lang='grc' dir='ltr'>Τούτου</span> <span class='ocrx_word' id='word_1_976' title='bbox 2532 5395 2640 5466; x_wconf 81' lang='grc' dir='ltr'>γὰρ</span> <span class='ocrx_word' id='word_1_977' title='bbox 2668 5394 3096 5464; x_wconf 84' lang='grc' dir='ltr'>ἀποδειχθέντος,</span> <span class='ocrx_word' id='word_1_978' title='bbox 3137 5396 3356 5447; x_wconf 78' lang='grc' dir='ltr'>κακεῖνο</span> <span class='ocrx_word' id='word_1_979' title='bbox 3381 5394 3668 5447; x_wconf 83' lang='grc' dir='ltr'>συναποδέ·</span> 
     </span>
    </p>
   </div>
   <div class='ocr_carea' id='block_1_118' title="bbox 2089 5481 3667 5557">
    <p class='ocr_par' dir='ltr' id='par_1_118' title="bbox 2089 5481 3667 5557">
     <span class='ocr_line' id='line_1_118' title="bbox 2089 5481 3667 5557; baseline 0 -19"><span class='ocrx_word' id='word_1_980' title='bbox 2089 5486 2317 5551; x_wconf 85' lang='grc' dir='ltr'>δεικται,</span> <span class='ocrx_word' id='word_1_981' title='bbox 2346 5486 2407 5538; x_wconf 83' lang='grc' dir='ltr'>τὸ</span> <span class='ocrx_word' id='word_1_982' title='bbox 2452 5487 2544 5540; x_wconf 83' lang='grc' dir='ltr'>καὶ</span> <span class='ocrx_word' id='word_1_983' title='bbox 2594 5487 2692 5557; x_wconf 79' lang='grc' dir='ltr'>τὴν</span> <span class='ocrx_word' id='word_1_984' title='bbox 2737 5487 3012 5557; x_wconf 85' lang='grc' dir='ltr'>Παρθένον</span> <span class='ocrx_word' id='word_1_985' title='bbox 3043 5486 3250 5540; x_wconf 84' lang='grc' dir='ltr'>ἐκεῖθεν</span> <span class='ocrx_word' id='word_1_986' title='bbox 3280 5481 3441 5549; x_wconf 81' lang='grc' dir='ltr'>εἶναι,</span> <span class='ocrx_word' id='word_1_987' title='bbox 3483 5487 3569 5539; x_wconf 76' lang='grc' dir='ltr'>διὰ</span> <span class='ocrx_word' id='word_1_988' title='bbox 3606 5487 3667 5539; x_wconf 83' lang='grc' dir='ltr'>τὸ</span> 
     </span>
    </p>
   </div>
   <div class='ocr_carea' id='block_1_119' title="bbox 2089 5575 3668 5647">
    <p class='ocr_par' dir='ltr' id='par_1_119' title="bbox 2089 5575 3668 5647">
     <span class='ocr_line' id='line_1_119' title="bbox 2089 5575 3668 5647; baseline 0.001 -20"><span class='ocrx_word' id='word_1_989' title='bbox 2089 5575 2177 5630; x_wconf 87' lang='grc' dir='ltr'>τὸν</span> <span class='ocrx_word' id='word_1_990' title='bbox 2210 5577 2416 5631; x_wconf 84' lang='grc' dir='ltr'>δίκαιον</span> <span class='ocrx_word' id='word_1_991' title='bbox 2444 5577 2651 5642; x_wconf 78' lang='grc' dir='ltr'>τοῦτον,</span> <span class='ocrx_word' id='word_1_992' title='bbox 2687 5576 2935 5647; x_wconf 88' lang='grc' dir='ltr'>καθάπερ</span> <span class='ocrx_word' id='word_1_993' title='bbox 2974 5577 3144 5647; x_wconf 77' lang='grc' dir='ltr'>ἔφθην</span> <span class='ocrx_word' id='word_1_994' title='bbox 3173 5575 3363 5640; x_wconf 82' lang='grc' dir='ltr'>εἰπὼν,</span> <span class='ocrx_word' id='word_1_995' title='bbox 3415 5576 3490 5647; x_wconf 88' lang='grc' dir='ltr'>μὴ</span> <span class='ocrx_word' id='word_1_996' title='bbox 3535 5577 3668 5629; x_wconf 85' lang='grc' dir='ltr'>ἁνα-</span> 
     </span>
    </p>
   </div>
   <div class='ocr_carea' id='block_1_120' title="bbox 2093 5667 3667 5740">
    <p class='ocr_par' dir='ltr' id='par_1_120' title="bbox 2093 5667 3667 5740">
     <span class='ocr_line' id='line_1_120' title="bbox 2093 5667 3667 5740; baseline 0.001 -20"><span class='ocrx_word' id='word_1_997' title='bbox 2093 5667 2314 5738; x_wconf 87' lang='grc' dir='ltr'>σχέσθαι</span> <span class='ocrx_word' id='word_1_998' title='bbox 2343 5667 2607 5740; x_wconf 79' lang='grc' dir='ltr'>ἑτέρωθεν</span> <span class='ocrx_word' id='word_1_999' title='bbox 2651 5670 2954 5737; x_wconf 84' lang='grc' dir='ltr'>ἀγαγέσθαι</span> <span class='ocrx_word' id='word_1_1000' title='bbox 3000 5671 3253 5738; x_wconf 89' lang='grc' dir='ltr'>γυναῖκα.</span> <span class='ocrx_word' id='word_1_1001' title='bbox 3280 5670 3436 5722; x_wconf 86' lang='grc' dir='ltr'>Ἐστι</span> <span class='ocrx_word' id='word_1_1002' title='bbox 3481 5669 3538 5721; x_wconf 86' lang='grc' dir='ltr'>δὲ</span> <span class='ocrx_word' id='word_1_1003' title='bbox 3571 5669 3667 5722; x_wconf 80' lang='grc' dir='ltr'>καὶ</span> 
     </span>
    </p>
   </div>
   <div class='ocr_carea' id='block_1_121' title="bbox 2090 5759 3665 5832">
    <p class='ocr_par' dir='ltr' id='par_1_121' title="bbox 2090 5759 3665 5832">
     <span class='ocr_line' id='line_1_121' title="bbox 2090 5759 3665 5832; baseline 0.002 -21"><span class='ocrx_word' id='word_1_1004' title='bbox 2090 5760 2275 5830; x_wconf 74' lang='grc' dir='ltr'>ἕτερον</span> <span class='ocrx_word' id='word_1_1005' title='bbox 2303 5759 2457 5830; x_wconf 83' lang='grc' dir='ltr'>λόγον</span> <span class='ocrx_word' id='word_1_1006' title='bbox 2491 5759 2664 5814; x_wconf 79' lang='grc' dir='ltr'>εἰπεῖν</span> <span class='ocrx_word' id='word_1_1007' title='bbox 2691 5759 3116 5832; x_wconf 83' lang='grc' dir='ltr'>μυστικώτερον,</span> <span class='ocrx_word' id='word_1_1008' title='bbox 3146 5761 3212 5813; x_wconf 86' lang='grc' dir='ltr'>δι’</span> <span class='ocrx_word' id='word_1_1009' title='bbox 3238 5761 3296 5815; x_wconf 80' lang='grc' dir='ltr'>ὃν</span> <span class='ocrx_word' id='word_1_1010' title='bbox 3330 5761 3665 5831; x_wconf 84' lang='grc' dir='ltr'>ἐσιγήθησαν</span> 
     </span>
    </p>
   </div>
   <div class='ocr_carea' id='block_1_122' title="bbox 3105 5895 3641 5960">
    <p class='ocr_par' dir='ltr' id='par_1_122' title="bbox 3105 5895 3641 5960">
     <span class='ocr_line' id='line_1_122' title="bbox 3105 5895 3641 5960; baseline 0 -8"><span class='ocrx_word' id='word_1_1011' title='bbox 3105 5895 3150 5926; x_wconf 81' lang='grc'>⁸³</span> <span class='ocrx_word' id='word_1_1012' title='bbox 3179 5898 3286 5952; x_wconf 79' lang='grc' dir='ltr'>Καί</span> <span class='ocrx_word' id='word_1_1013' title='bbox 3309 5895 3349 5950; x_wconf 75' lang='lat'><strong>+</strong></span> <span class='ocrx_word' id='word_1_1014' title='bbox 3378 5898 3406 5953; x_wconf 86' lang='lat'>6</span> <span class='ocrx_word' id='word_1_1015' title='bbox 3437 5897 3641 5960; x_wconf 81' lang='grc' dir='ltr'>Θεδςδέ</span> 
     </span>
    </p>
   </div>
   <div class='ocr_carea' id='block_1_123' title="bbox 2056 5969 3643 6041">
    <p class='ocr_par' dir='ltr' id='par_1_123' title="bbox 2056 5969 3643 6041">
     <span class='ocr_line' id='line_1_123' title="bbox 2056 5969 3643 6041; baseline -0.001 -19"><span class='ocrx_word' id='word_1_1016' title='bbox 2056 5971 2103 6041; x_wconf 59' lang='grc'>9⁵</span> <span class='ocrx_word' id='word_1_1017' title='bbox 2135 5969 2409 6041; x_wconf 72' lang='grc' dir='ltr'>διέρρηξε]</span> <span class='ocrx_word' id='word_1_1018' title='bbox 2440 5969 2530 6024; x_wconf 62' lang='grc' dir='ltr'>δίο</span> <span class='ocrx_word' id='word_1_1019' title='bbox 2566 5969 2626 6041; x_wconf 67' lang='grc' dir='ltr'>Β.</span> <span class='ocrx_word' id='word_1_1020' title='bbox 2670 5970 2734 6022; x_wconf 79' lang='grc' dir='ltr'>Ι).</span> <span class='ocrx_word' id='word_1_1021' title='bbox 2767 5971 2917 6024; x_wconf 82' lang='lat' dir='ltr'>Arm.</span> <span class='ocrx_word' id='word_1_1022' title='bbox 2940 5969 3265 6041; x_wconf 10' lang='lat' dir='ltr'>fdirmnpergzt</span> <span class='ocrx_word' id='word_1_1023' title='bbox 3288 5971 3437 6041; x_wconf 69' lang='lat' dir='ltr'>_An.._</span> <span class='ocrx_word' id='word_1_1024' title='bbox 3462 5976 3643 6041; x_wconf 41' lang='grc' dir='ltr'>(τινι-οη</span> 
     </span>
    </p>
   </div>
   <div class='ocr_carea' id='block_1_124' title="bbox 1883 6037 3634 6123">
    <p class='ocr_par' dir='ltr' id='par_1_124' title="bbox 1883 6037 3634 6123">
     <span class='ocr_line' id='line_1_124' title="bbox 1883 6037 3634 6123; baseline -0.001 -31"><span class='ocrx_word' id='word_1_1025' title='bbox 1883 6038 1928 6120; x_wconf 55' lang='grc' dir='ltr'>ξιτ</span> <span class='ocrx_word' id='word_1_1026' title='bbox 1944 6039 2164 6123; x_wconf 62' lang='grc' dir='ltr'>βούλει]</span> <span class='ocrx_word' id='word_1_1027' title='bbox 2195 6037 2234 6098; x_wconf 59' lang='grc' dir='ltr'>-ίί</span> <span class='ocrx_word' id='word_1_1028' title='bbox 2256 6037 2458 6123; x_wconf 61' lang='grc' dir='ltr'>’μαοξῖν</span> <span class='ocrx_word' id='word_1_1029' title='bbox 2605 6039 2804 6123; x_wconf 71' lang='grc' dir='ltr'>βούλει.</span> <span class='ocrx_word' id='word_1_1030' title='bbox 2837 6081 2847 6092; x_wconf 93' lang='grc'>.</span> <span class='ocrx_word' id='word_1_1031' title='bbox 2883 6037 3634 6123; x_wconf 48' lang='grc' dir='ltr'>ἒωιέικοιένιῖῃε]βούλειτλοιπὸν,</span> 
     </span>
    </p>
   </div>
   <div class='ocr_carea' id='block_1_125' title="bbox 401 6099 1961 6182">
    <p class='ocr_par' dir='ltr' id='par_1_125' title="bbox 401 6099 1961 6180">
     <span class='ocr_line' id='line_1_125' title="bbox 401 6099 1961 6180; baseline 0.004 -25"><span class='ocrx_word' id='word_1_1032' title='bbox 401 6099 646 6163; x_wconf 77' lang='grc' dir='ltr'>ἀκούσας</span> <span class='ocrx_word' id='word_1_1033' title='bbox 681 6099 740 6153; x_wconf 81' lang='grc' dir='ltr'>Ε.</span> <span class='ocrx_word' id='word_1_1034' title='bbox 819 6101 862 6132; x_wconf 75' lang='grc'>⁸⁸</span> <span class='ocrx_word' id='word_1_1035' title='bbox 893 6102 919 6153; x_wconf 91' lang='lat'>6</span> <span class='ocrx_word' id='word_1_1036' title='bbox 967 6099 1298 6174; x_wconf 68' lang='grc' dir='ltr'>Ἰωσήφόηἰ.</span> <span class='ocrx_word' id='word_1_1037' title='bbox 1327 6105 1386 6163; x_wconf 83' lang='grc' dir='ltr'>Β.</span> <span class='ocrx_word' id='word_1_1038' title='bbox 1418 6099 1523 6162; x_wconf 68' lang='grc' dir='ltr'>λιι.</span> <span class='ocrx_word' id='word_1_1039' title='bbox 1561 6110 1710 6163; x_wconf 79' lang='lat' dir='ltr'>Ann.</span> <span class='ocrx_word' id='word_1_1040' title='bbox 1788 6107 1834 6141; x_wconf 68' lang='grc'>⁸9</span> <span class='ocrx_word' id='word_1_1041' title='bbox 1863 6109 1961 6180; x_wconf 69' lang='grc' dir='ltr'>ἁφὶ</span> 
     </span>
    </p>
   </div>
   <div class='ocr_carea' id='block_1_126' title="bbox 2088 6099 3462 6182">
    <p class='ocr_par' dir='ltr' id='par_1_126' title="bbox 2096 6099 3462 6180">
     <span class='ocr_line' id='line_1_126' title="bbox 2096 6099 3462 6180; baseline -0.003 -16"><span class='ocrx_word' id='word_1_1042' title='bbox 2096 6099 2229 6166; x_wconf 69' lang='lat' dir='ltr'>Mbr.</span> <span class='ocrx_word' id='word_1_1043' title='bbox 2265 6099 2483 6180; x_wconf 73' lang='grc' dir='ltr'>ἆφιέναι</span> <span class='ocrx_word' id='word_1_1044' title='bbox 2509 6099 2635 6163; x_wconf 59' lang='grc' dir='ltr'>δίαν.</span> <span class='ocrx_word' id='word_1_1045' title='bbox 2675 6109 2807 6164; x_wconf 80' lang='lat' dir='ltr'>Bcu.</span> <span class='ocrx_word' id='word_1_1046' title='bbox 2884 6111 2931 6141; x_wconf 70' lang='lat'>9°</span> <span class='ocrx_word' id='word_1_1047' title='bbox 2961 6099 3272 6178; x_wconf 66' lang='grc' dir='ltr'>παράῖᾶοξιξον</span> <span class='ocrx_word' id='word_1_1048' title='bbox 3308 6106 3368 6162; x_wconf 91' lang='lat' dir='ltr'>D.</span> <span class='ocrx_word' id='word_1_1049' title='bbox 3402 6107 3462 6161; x_wconf 87' lang='lat' dir='ltr'>E.</span> 
     </span>
    </p>
   </div>
  </div>
