4066 6424
299 440 363 496 ‘27
1485 439 1546 494 ΙΝ
1584 441 1631 495 Μ
1640 444 1674 494 .\
1683 441 1888 498 ΤΤΙΙΛΞ

2029 446 2256 503 ΗΟΜΙΙη
2298 451 2358 506 ll.
2923 453 2936 466 ⁸
3513 452 3582 504 ‘28

302 544 726 616 generationem,
759 543 852 598 sed
884 551 1045 597 totam
1086 539 1540 610 dispensationem
1571 537 1900 606 complecta-

304 637 432 690 tur?
460 622 599 703 Quia
631 637 734 689 hoc
773 635 933 688 totius
961 633 1372 703 dispensationis
1412 639 1572 699 caput
1603 638 1705 696 est,
1739 641 1900 700 atque

303 736 621 805 principium
668 738 820 793 nobis
848 749 900 794 et
939 741 1088 793 radix
1118 739 1354 792 omnium
1388 736 1670 792 bonorum.
1698 734 1887 804 Quem-

300 829 589 883 admodum
645 832 837 886 librum
902 832 1016 886 caeli
1067 843 1122 886 et
1177 841 1332 885 terra:
1379 831 1592 883 vocavit
1640 828 1889 899 Moyses,

301 921 512 974 etiamsi
546 938 652 976 non
698 922 767 977 de
808 923 940 978 cado
987 933 1040 977 et
1092 933 1230 976 terra
1263 931 1466 976 tantmn
1502 920 1768 990 loquatur,
1798 917 1891 972 sed

301 1011 368 1066 de
401 1013 463 1065 iis
491 1014 654 1068 etiam
696 1030 813 1084 qua:
847 1016 898 1068 in
947 1014 1124 1069 medio
1169 1015 1336 1083 posita
1379 1023 1532 1066 erant
1563 1030 1576 1065 :
1608 1011 1681 1065 ita
1725 1020 1778 1065 et
1809 1010 1892 1064 hic

303 1119 516 1174 quoque
541 1121 608 1160 cx
639 1108 811 1174 capite
842 1107 1102 1160 bonorum
1131 1120 1194 1160 ac
1235 1104 1489 1174 prmclare
1519 1113 1788 1172 gestorum
1835 1101 1894 1153 Ii-

304 1192 458 1246 brum
487 1197 830 1264 nuncupavit.
857 1197 1009 1263 Quod
1038 1197 1180 1252 enim
1203 1195 1519 1264 stupendum
1545 1203 1627 1248 est
1653 1207 1895 1247 omnem.

303 1299 405 1351 que
433 1299 585 1354 Spem
627 1291 1189 1358 exspectationemque
1228 1297 1444 1354 superat
1466 1328 1480 1349 ,
1514 1293 1596 1340 est
1623 1284 1894 1339 hominem

307 1377 474 1430 Deum
506 1378 619 1433 fieri
653 1398 662 1432 :
692 1397 798 1450 quo
827 1380 966 1435 facto
1004 1381 1182 1434 omnia
1224 1376 1516 1433 secundum
1557 1376 1815 1431 rationem
1843 1384 1898 1430 et

305 1472 741 1540 consequentiam
763 1473 1036 1527 eveniunt.

381 1667 595 1722 Davidis
658 1666 918 1734 splendor.
973 1665 1219 1730 Quendam
1254 1665 1316 1718 de
1362 1664 1656 1735 genealoyia
1704 1663 1890 1718 Christi

297 1760 604 1831 quaestiones
651 1757 930 1811 solvuntur.
959 1787 1030 1796 —-
1059 1755 1169 1810 Cur
1197 1767 1374 1809 autem
1421 1773 1524 1809 non
1571 1755 1738 1821 dixit,
1771 1755 1890 1809 Filii

297 1851 594 1915 Abraham,
626 1860 680 1905 et
708 1849 1046 1919 postea,Filii
1081 1848 1280 1902 David?
1304 1848 1443 1915 Non,
1473 1861 1529 1903 ut
1549 1849 1760 1920 quidam
1784 1848 1892 1918 opi-

301 1955 519 2009 nantur,
555 1945 621 1998 ab
651 1942 994 1998 inferioribus
1041 1943 1228 1996 volens
1269 1942 1334 1995 ad
1379 1945 1653 2012 superiora
1707 1957 1893 1996 ascen-

299 2039 430 2092 dere
459 2056 472 2090 :
504 2035 736 2106 alioquin
787 2035 840 2088 id
873 2035 1085 2089 fecisset
1113 2033 1254 2104 quod
1298 2045 1352 2088 et
1385 2034 1589 2098 Lucas;
1620 2044 1760 2089 nunc
1800 2051 1896 2088 au-

302 2141 410 2183 tem
442 2145 473 2183 c
498 2129 764 2182 contrario
792 2127 933 2181 facit.
963 2126 1072 2180 Cur
1102 2142 1228 2195 ergo
1262 2125 1511 2180 Davidem
1541 2127 1896 2180 memoravit?

300 2223 436 2289 Quia
465 2221 550 2276 ille
580 2222 631 2275 in
673 2221 909 2274 onmium
941 2234 1036 2274 ore
1064 2218 1351 2284 ferebatur,
1383 2229 1491 2272 tum
1523 2219 1592 2273 ob
1621 2227 1893 2288 gestorum

301 2313 668 2383 splendorem,
693 2324 800 2366 tum
828 2315 990 2367 etiam
1027 2312 1283 2381 temporis
1306 2326 1487 2377 causa,
1516 2311 1658 2382 quod
1686 2327 1790 2366 non
1821 2323 1897 2367 tot

299 2415 430 2460 ante
463 2407 676 2460 sa:culis
706 2413 946 2458 mortuus
973 2413 1150 2468 esset,
1175 2412 1305 2473 quot
1343 2403 1632 2457 Abraham.
1673 2403 1895 2459 Etiamsi

300 2515 435 2554 vero
466 2499 672 2568 utrique
693 2497 958 2568 pollicitus
978 2497 1048 2552 sit
1078 2498 1236 2564 Deus,
1265 2497 1392 2551 illud
1422 2505 1596 2551 tamen
1620 2499 1769 2567 quasi
1797 2514 1895 2553 an-

301 2595 505 2663 tiquius
569 2593 889 2657 tacebatur;
945 2592 1045 2646 hoc
1089 2602 1267 2644 autem
1295 2633 1310 2656 ,
1343 2600 1525 2660 utpote
1579 2578 1894 2659 recentius,

303 2688 543 2740 omnium
593 2699 687 2738 ore
717 2682 1213 2737 circumferebatur.
1246 2683 1347 2751 Ipsi
1397 2697 1627 2751 namque
1665 2683 1846 2738 dicunt
1880 2702 1892 2737 :

306 2778 496 2832 Nonne
538 2793 600 2829 ea:
645 2776 832 2828 semine
861 2773 1030 2827 David
1073 2782 1118 2826 et
1163 2772 1454 2826 Bethlehem
1497 2775 1605 2827 vico
1629 2815 1644 2840 ,
1677 2774 1764 2826 ubi
1791 2785 1898 2828 erat

306 2870 493 2934 David,
510 2869 636 2922 venit
667 2867 894 2921 Christus
915 2865 1096 2934 (Joan.
1121 2866 1173 2919 7.
1201 2865 1330 2936 ωσι
1357 2864 1526 2920 Nemo
1554 2865 1702 2919 illum
1732 2865 1898 2920 lilium

303 2959 535 3014 Abrahae
563 3000 574 3022 ,
606 2958 698 3012 sed
725 2971 912 3012 omnes
939 2956 1102 3010 [ilium
1135 2955 1305 3010 David
1345 2954 1644 3011 vocabant:
1677 2970 1799 3009 nam
1830 2955 1900 3010 ob

304 3051 569 3120 temporis
594 3049 843 3119 spatium,
873 3057 930 3102 ut
958 3046 1086 3113 dixi,
1116 3055 1171 3102 et
1195 3046 1265 3100 ob
1294 3061 1538 3116 regnum,
1566 3046 1615 3100 in
1645 3045 1900 3100 memoria

305 3150 583 3201 hominum
627 3144 796 3215 magis
835 3143 1170 3199 versabatur.
1197 3140 1452 3196 Similiter
1481 3147 1535 3193 et
1571 3154 1724 3208 reges
1757 3152 1894 3208 quos

302 3237 714 3300 venerabantur,
751 3236 944 3305 quique
971 3243 1091 3304 post
1120 3233 1265 3286 illum
1296 3230 1462 3297 fuere,
1494 3229 1674 3283 abillo
1703 3243 1897 3299 cogno-

302 3327 578 3380 minabant
601 3367 617 3392 ,
646 3340 746 3380 nec
785 3324 885 3394 ipsi
929 3325 1099 3377 solum
1127 3363 1143 3389 ,
1176 3321 1268 3375 sed
1297 3321 1456 3375 etiam
1491 3320 1647 3374 Deus.
1679 3319 1890 3373 Etenim

304 3417 553 3472 Ezechiel
601 3427 654 3472 et
700 3416 787 3471 alii
821 3416 1092 3485 propheta:
1130 3415 1310 3469 dicunt
1337 3420 1618 3467 venturum
1645 3426 1765 3466 esse
1793 3411 1894 3464 Da-

302 3510 391 3563 vid
421 3518 475 3562 et
502 3517 924 3564 resurrecturum
965 3521 1118 3570 esse,
1149 3521 1252 3558 non
1281 3505 1348 3559 de
1378 3502 1578 3558 Davide
1621 3503 1712 3570 qui
1750 3517 1895 3556 mor-

303 3608 431 3652 tuus
455 3608 572 3653 erat
601 3599 880 3668 loquentes
908 3637 923 3662 ,
955 3596 1049 3652 sed
1076 3595 1143 3652 de
1175 3597 1238 3650 iis
1266 3597 1352 3666 qui
1379 3595 1497 3666 ejus
1530 3595 1778 3650 virtutem
1809 3609 1894 3649 se-

302 3700 595 3746 ctarentur.
623 3691 868 3745 Ezechiae
895 3705 1022 3744 vero
1051 3690 1124 3742 ait
1150 3707 1162 3742 :
1195 3687 1464 3759 Protegam
1490 3687 1737 3742 civitatem
1763 3687 1894 3742 hanc

305 3791 511 3852 prapter
540 3798 618 3834 me
637 3791 684 3834 et
707 3790 910 3850 propter
928 3779 1094 3833 David
1123 3795 1331 3849 puerum
1358 3794 1522 3832 meum
1558 3778 1631 3847 (4.
1655 3777 1778 3848 Reg.
1801 3777 1890 3834 19.

305 3873 421 3945 54).
453 3873 729 3928 Salomoni
759 3887 886 3927 vero
915 3872 1142 3936 dicebat,
1175 3885 1235 3926 se
1266 3879 1484 3939 prepter
1519 3869 1773 3923 Davidcm
1804 3884 1892 3922 re-

302 3981 468 4032 gnum
497 3966 710 4020 vivente
740 3966 856 4036 ipso
886 3959 1218 4036 [Salomone]
1250 3976 1354 4014 non
1382 3959 1626 4014 divisisse
1654 3961 1731 4029 (5.
1759 3957 1893 4028 Reg.

304 4058 395 4112 11.
424 4058 538 4126 54).
571 4056 755 4128 Magna
795 4057 936 4110 enim
967 4061 1082 4110 erat
1121 4053 1260 4106 illius
1304 4051 1402 4106 viri
1444 4051 1611 4121 gloria
1659 4059 1712 4105 et
1753 4049 1893 4118 apud

307 4149 476 4204 Deum
519 4158 573 4204 et
599 4148 740 4217 apud
771 4147 1033 4201 homines.
1063 4144 1291 4214 Ideoque
1338 4144 1405 4197 ab
1444 4142 1534 4196 illo
1574 4139 1665 4211 qui
1715 4139 1894 4194 nonor

305 4251 423 4296 crat
462 4241 739 4296 exordium
769 4238 950 4302 ducit,
981 4247 1033 4292 et
1061 4245 1187 4290 tune
1221 4235 1286 4289 ad
1312 4233 1661 4303 antiquiorem
1695 4246 1893 4301 paren-

309 4342 416 4387 tem
449 4333 712 4398 recurrit,
759 4328 1085 4399 superﬂuum
1125 4327 1362 4392 ducens,
1406 4332 1660 4394 quantum
1700 4322 1765 4376 ad
1796 4320 1892 4376 Ju-

309 4423 458 4478 daeos
479 4465 494 4488 ,
526 4425 772 4492 superius
809 4435 1111 4477 sermonem
1161 4417 1348 4474 ordiri.
1381 4415 1446 4471 lli
1476 4415 1620 4470 enim
1664 4415 1895 4469 maxime

306 4515 581 4569 mirabiles
624 4523 776 4568 erant
809 4529 823 4565 :
854 4512 940 4568 hic
962 4553 978 4579 ,
1007 4519 1187 4580 utpote
1227 4526 1320 4565 rex
1366 4518 1420 4564 et
1444 4508 1733 4577 propheta;
1769 4507 1855 4559 ille
1876 4547 1892 4573 ,

305 4616 368 4661 ut
393 4607 689 4675 patriarcha
716 4616 770 4661 et
801 4605 1082 4676 propheta.
1110 4605 1172 4658 Et
1193 4603 1334 4658 unde
1359 4602 1632 4670 probatur,
1659 4600 1890 4669 inquies,

308 4699 461 4753 illum
504 4715 570 4753 ex
613 4699 811 4754 Davide
840 4710 1014 4753 ortum
1045 4697 1201 4752 esse?
1227 4696 1283 4751 Si
1308 4695 1450 4750 enim
1482 4709 1586 4749 non
1635 4709 1698 4747 ex
1741 4693 1854 4747 viro
1874 4733 1891 4760 ,

305 4790 405 4846 sed
432 4807 497 4845 ex
529 4791 759 4845 muliere
782 4799 984 4844 tantum
1017 4799 1172 4844 natus
1199 4796 1282 4842 est
1305 4825 1326 4856 ,
1354 4785 1573 4855 virginis
1599 4793 1776 4838 autem
1805 4799 1897 4854 ge-

306 4885 548 4955 nealogia
579 4900 687 4939 non
738 4884 976 4949 texitur,
1009 4880 1279 4952 quomodo
1328 4879 1560 4933 sciemus
1610 4879 1779 4946 ipsum
1827 4892 1891 4931 ex

306 4975 508 5031 Davide
549 4991 668 5030 esse
697 4974 916 5028 ortum?
949 4973 1074 5026 Dum
1103 4985 1330 5040 namque
1368 4977 1494 5024 sunt
1523 4966 1845 5038 qttazstiones
1876 4981 1889 5016 :

302 5082 406 5122 cur
430 5066 612 5121 matris
637 5065 946 5136 genealogia
974 5079 1078 5117 non
1113 5062 1326 5127 texitur,
1355 5068 1411 5114 et
1439 5073 1534 5114 cur
1559 5059 1776 5127 Josepb,
1803 5056 1892 5127 qui

307 5160 439 5215 nihil
465 5160 686 5214 contulit
714 5158 781 5212 ad
820 5157 1239 5227 generationem,
1269 5153 1338 5206 ab
1384 5153 1490 5206 illis
1520 5159 1845 5207 memoratur
1875 5164 1889 5203 :

306 5251 517 5305 videtur
544 5251 686 5306 enim
712 5249 813 5304 hoc
839 5246 1161 5312 redundare,
1186 5254 1241 5300 et
1267 5243 1395 5298 illud
1421 5241 1733 5298 desiderari.
1756 5238 1891 5307 Quid

305 5357 437 5411 ergo
479 5343 622 5411 prius
667 5337 1082 5410 perquirendum
1130 5347 1212 5392 est
1237 5337 1262 5391 ‘3
1290 5334 1570 5401 Quomodo
1599 5349 1663 5389 ex
1695 5331 1892 5388 Davide

305 5435 471 5504 Virgo
515 5445 632 5488 orta
677 5432 856 5488 fuerit.
878 5432 995 5498 Quo
1025 5439 1179 5499 pacto
1224 5438 1400 5482 autem
1437 5427 1670 5482 sciemus
1695 5440 1761 5480 ex
1791 5425 1906 5479 Da—

302 5524 427 5578 vide
448 5532 618 5578 ortam
641 5537 763 5579 esse
787 5523 810 5574 ?
851 5520 987 5576 Audi
1029 5520 1193 5573 Deum
1220 5516 1453 5574 Gabrieli
1492 5514 1888 5584 praecipientem

310 5628 372 5670 ut
411 5617 584 5674 adiret
623 5618 872 5688 Virginem
910 5618 1267 5687 desponsatam
1310 5617 1449 5684 viro,
1481 5616 1565 5669 cui
1591 5631 1768 5670 nomen
1798 5622 1905 5668 erat

306 5708 528 5779 Joseplt,
558 5711 622 5762 de
651 5709 800 5763 domo
825 5720 874 5763 et
901 5711 1100 5780 familia
1122 5709 1287 5764 David
1312 5710 1330 5780 (
1359 5707 1484 5764 Luc.
1517 5709 1567 5762 1.
1595 5706 1664 5761 27
1695 5707 1734 5776 ).
1763 5706 1900 5774 Quid

309 5801 512 5855 clarius
538 5801 812 5871 postulas,
841 5815 962 5854 cum
1005 5800 1157 5856 audis
1194 5801 1260 5856 de
1295 5800 1456 5855 domo
1485 5807 1539 5855 et
1576 5797 1771 5853 familia
1804 5799 1909 5852 Da-

309 5890 403 5948 vid
449 5888 719 5963 Virginem
750 5889 962 5948 fuisse?

2091 557 2142 608 4.
2179 554 2328 610 Unde
2379 566 2554 627 patet,
2589 557 2785 627 Joseph
2826 559 2984 613 etiam
3031 560 3154 615 inde
3200 570 3374 616 ortmn
3409 564 3592 617 fuisse.

2021 644 2130 699 Lex
2163 648 2356 716 quippe
2383 657 2498 702 erat
2527 665 2642 718 qua:
2687 660 2889 704 vetaret
2935 668 3128 710 uxores
3157 653 3384 718 ducere,
3417 653 3516 708 nisi
3546 671 3609 709 ex

2022 737 2231 804 propria
2262 737 2420 790 tribu.
2458 737 2760 792 Patriarcba
2789 755 2916 793 vero
2959 740 3124 794 .lacob
3164 743 3310 796 illutn
3357 759 3422 796 ex
3469 743 3609 796 tribu

2018 826 2151 880 Juda
2181 829 2510 883 exoriturum
2543 845 2662 884 esse
2691 831 2933 900 pra-dixit
2959 851 2971 884 :
3009 833 3129 888 Non
3156 835 3351 904 deﬁciet
3376 836 3611 905 princeps

2018 919 2081 971 de
2105 919 2245 973 .lmla
2269 963 2284 986 ,
2327 938 2487 991 neque
2513 922 2620 976 dua:
2645 923 2708 976 de
2733 924 3006 995 femoribus
3051 926 3160 994 ejus
3181 967 3196 992 ,
3247 929 3404 980 donec
3450 927 3612 979 veniat

2017 1011 2095 1061 cui
2125 1013 2398 1080 repositum
2418 1023 2490 1067 est
2511 1029 2529 1066 :
2557 1023 2602 1067 et
2629 1013 2737 1083 ipse
2762 1016 2854 1068 erit
2883 1017 3186 1084 exspectatio
3211 1019 3432 1086 geminat
3453 1016 3608 1088 (Gen.

2015 1100 2104 1153 49.
2136 1102 2245 1170 10).
2277 1101 2438 1156 Certe
2469 1103 2583 1156 lucc
2611 1105 2889 1174 prophetia
2915 1146 2930 1171 ,
2965 1106 3105 1176 quod
3146 1122 3212 1161 ex
3255 1108 3392 1161 tribu
3443 1108 3607 1162 David

2017 1191 2195 1255 fuerit,
2219 1192 2452 1247 declarat
2478 1210 2492 1257 ;
2525 1204 2579 1248 at
2607 1211 2710 1247 non
2742 1195 2881 1264 quod
2910 1213 2972 1250 ex
2996 1212 3194 1266 genere
3220 1198 3450 1251 Davidis.
3474 1198 3611 1252 Num

2016 1282 2176 1351 igitur
2213 1283 2265 1337 itt
2295 1284 2432 1337 tribu
2453 1284 2586 1337 .luda
2609 1300 2714 1338 non
2745 1286 2888 1339 aliud
2917 1295 3037 1340 erat
3065 1302 3232 1356 genus
3259 1304 3416 1356 qttam
3458 1289 3616 1342 Davi-

2015 1373 2139 1426 dis?
2169 1373 2276 1426 lmo
2313 1375 2477 1427 multa
2510 1375 2633 1439 alia,
2667 1385 2720 1428 et
2745 1377 3056 1445 contingere
3083 1380 3251 1445 potuit
3281 1387 3338 1430 ut
3367 1389 3510 1432 esset
3547 1395 3613 1432 ex

2016 1466 2155 1519 tribu
2180 1466 2314 1520 Juda
2338 1505 2356 1533 ,
2384 1467 2509 1536 quin
2546 1476 2689 1522 esset
2714 1484 2778 1522 ex
2805 1483 3000 1538 genere
3041 1469 3277 1522 Davidis.
3316 1469 3511 1523 Verum
3545 1487 3613 1524 ne

2017 1557 2119 1611 hoc
2146 1558 2374 1623 diceres,
2406 1558 2543 1613 hanc
2575 1561 2665 1614 tibi
2693 1561 3052 1629 suspicionem
3086 1561 3223 1614 tollit
3244 1563 3570 1631 evangelista
3591 1606 3604 1625 ,

2013 1649 2198 1702 dicens
2244 1649 2390 1702 illum
2437 1650 2599 1704 fuisse
2627 1667 2691 1705 ex
2732 1651 2894 1706 domo
2935 1659 2992 1706 et
3015 1650 3211 1704 familia
3242 1651 3425 1706 David.
3458 1652 3611 1718 Quod

2014 1744 2057 1796 si
2089 1743 2138 1797 id
2167 1744 2382 1798 aliunde
2412 1746 2570 1800 etiam
2599 1746 2808 1801 discere
2836 1747 2991 1815 velis,
3026 1762 3132 1802 non
3161 1748 3332 1803 deerit
3356 1747 3462 1804 alia
3490 1765 3612 1820 pro-

2016 1834 2160 1887 batio
2189 1853 2201 1888 :
2231 1852 2334 1889 non
2368 1837 2528 1890 modo
2561 1838 2702 1891 enim
2728 1853 2830 1891 non
2866 1838 3061 1892 licebat
3089 1854 3152 1892 ex
3181 1839 3283 1893 alia
3315 1839 3452 1894 tribu
3482 1857 3611 1893 uxo—

2014 1940 2126 1980 rem
2158 1924 2376 1992 ducere,
2405 1927 2496 1982 sed
2523 1943 2694 1994 neque
2720 1945 2780 1981 ex
2811 1929 2911 1982 alia
2937 1929 3153 1994 familia,
3186 1931 3236 1984 id
3266 1937 3368 1990 est.
3400 1947 3464 1983 ex
3502 1932 3606 1990 alia

2011 2017 2346 2085 Cogitatione.
2373 2017 2552 2087 Itaque
2583 2019 2625 2071 si
2653 2018 2802 2083 illtttl,
2837 2018 2917 2072 Ea:
2944 2019 3095 2072 domo
3125 2029 3170 2072 et
3199 2019 3397 2091 familia
3418 2019 3608 2084 David,

2015 2104 2215 2174 Virgini
2242 2116 2508 2176 aptemus,
2532 2107 2732 2161 dictum
2763 2108 2890 2163 illttd
2919 2111 3182 2163 constabit
3206 2127 3220 2175 ;
3265 2110 3307 2164 si
3336 2110 3601 2180 Josepho.

2017 2197 2142 2249 illml
2174 2197 2344 2266 ipsum
2376 2201 2740 2268 consequitur.
2773 2201 2827 2254 Si
2866 2201 3008 2255 enim
3046 2217 3109 2255 ex
3136 2201 3297 2255 domo
3321 2212 3374 2256 et
3403 2202 3601 2256 familia

2012 2289 2172 2343 David
2199 2300 2314 2344 erat
2335 2290 2554 2360 Joseph,
2572 2307 2676 2346 non
2703 2294 2918 2348 aliunde
2944 2296 3148 2366 accepit
3179 2311 3428 2362 uxorem,
3449 2312 3606 2364 quam

2006 2396 2069 2435 ex
2101 2383 2416 2452 cognatione
2439 2398 2552 2437 sua.
2575 2385 2711 2450 Quid
2739 2400 2888 2452 vero,
2917 2387 3142 2456 inquies,
3163 2388 3207 2440 si
3236 2387 3408 2456 legem
3432 2397 3606 2442 trans-

2005 2486 2222 2539 gressus
2249 2473 2363 2526 sit?
2402 2473 2507 2528 Sed
2538 2475 2736 2528 ideirco
2764 2490 3144 2546 praeoccupans
3172 2479 3482 2530 testificatus
3501 2488 3604 2542 est,

2005 2561 2206 2633 .losepb
2253 2563 2419 2619 fuisse
2460 2565 2661 2634 justum
2684 2607 2700 2632 ,
2742 2575 2897 2621 utne
2930 2567 3030 2621 hoc
3057 2567 3266 2623 diceres
3291 2609 3305 2633 ,
3339 2567 3432 2622 sed
3467 2569 3612 2626 illius

2009 2661 2258 2710 virtutem
2292 2656 2546 2722 edoctus,
2581 2672 2768 2712 nosses
2807 2659 2984 2730 legem
3015 2659 3082 2712 ab
3125 2661 3240 2730 ipso
3283 2676 3390 2715 non
3437 2662 3600 2718 fuisse

2007 2749 2280 2803 violatam.
2312 2747 2410 2813 Qui
2439 2749 2580 2802 enim
2609 2749 2679 2802 ita
2710 2748 2976 2804 humanus
2999 2761 3115 2806 erat
3137 2752 3154 2782 ¹
3180 2760 3232 2806 et
3256 2767 3285 2806 a
3315 2767 3478 2820 pravo
3505 2752 3602 2805 bo-

2013 2838 2170 2894 tninis
2195 2838 2384 2892 atfectu
2405 2853 2621 2900 vacuus,
2644 2849 2699 2893 nt
2726 2857 2792 2895 ne
2819 2842 3120 2910 suspicione
3146 2841 3358 2911 quidem
3383 2854 3606 2912 urgente

2013 2928 2174 2981 vellet
2203 2927 2270 2983 de
2298 2927 2518 2998 Virgine
2537 2931 2672 2984 sumi
2705 2931 3046 3000 supplicium,
3077 2931 3347 3001 quomodo
3371 2932 3604 2986 libidinis

2010 3037 2166 3077 eausa
2197 3023 2367 3092 legem
2391 3032 2753 3092 transgressus
2783 3025 2972 3080 esset?
2998 3025 3098 3093 Qui
3123 3027 3264 3080 enim
3297 3025 3416 3096 plus
3444 3041 3603 3095 quam

2013 3113 2098 3167 lex
2133 3115 2333 3169 ferebat
2361 3115 2834 3186 pltilosophabatur
2855 3117 3000 3186 (nam
3022 3117 3292 3172 dimittere
3318 3126 3373 3171 et
3399 3116 3606 3170 occulte

2014 3205 2314 3273 dimittere,
2349 3206 2475 3260 illud
2504 3217 2616 3263 erat
2647 3209 2781 3262 ultra
2809 3209 2979 3278 legem
3010 3208 3396 3278 philosmibari)
3419 3250 3434 3275 ,
3466 3224 3603 3278 quo-

2012 3295 2172 3350 modo
2196 3304 2380 3350 contra
2411 3296 2584 3366 legem
2611 3297 2816 3366 aliquid
2864 3300 3212 3364 admitteret,
3262 3299 3421 3369 idque
3461 3300 3602 3353 nulla

2006 3396 2232 3456 cogente
2260 3388 2580 3442 necessitate
2605 3389 2628 3441 ?
2658 3387 2855 3443 Verum
2899 3403 2962 3444 ex
2991 3405 3190 3459 genere
3237 3391 3401 3444 David
3430 3391 3604 3460 Virgi-

2021 3492 2141 3531 nem
2172 3476 2356 3544 fuisse,
2386 3492 2448 3532 ex
2471 3479 2578 3547 jam
2608 3479 2763 3534 dietis
2795 3480 2967 3548 palam
2995 3488 3102 3536 est.
3126 3481 3242 3536 Jam
3267 3496 3394 3534 vero
3423 3497 3602 3551 operte

2012 3568 2240 3637 pretium
2274 3567 2432 3623 fuerit
2462 3570 2660 3635 dicere,
2695 3587 2789 3625 cur
2815 3586 2919 3625 non
2949 3571 3111 3632 illius,
3141 3573 3234 3626 sed
3261 3572 3479 3643 Josephi
3510 3589 3603 3642 ge-

2009 3661 2305 3732 nealogiam
2337 3661 2570 3716 duxerit.
2601 3663 2714 3729 Qua
2760 3662 2826 3716 de
2871 3678 3031 3717 causa
3078 3664 3278 3733 igitur?
3324 3663 3440 3719 Non
3485 3674 3602 3719 erat

2006 3766 2121 3804 mos
2151 3751 2288 3821 apud
2329 3751 2541 3806 Jndzros
2581 3755 2865 3808 mulierum
2911 3755 3246 3824 genealogias
3289 3764 3490 3809 texere.
3533 3756 3602 3812 Ut

2005 3843 2164 3912 igitur
2193 3843 2489 3897 secundum
2528 3859 2732 3898 morem
2759 3854 2977 3914 ageret,
3010 3860 3108 3901 nec
3135 3846 3407 3900 videretur
3447 3847 3598 3901 illum

2005 3935 2073 3989 ab
2101 3935 2250 3988 initio
2270 3935 2588 4004 transgredi,
2618 3946 2777 4005 utque
2798 3937 2954 3990 simul
2993 3937 3148 3990 nobis
3172 3935 3404 4006 Virginis
3428 3953 3602 4007 genus

2006 4025 2264 4080 indicaret
2285 4067 2300 4091 ,
2334 4027 2498 4094 ipsius
2532 4028 2764 4095 majores
2801 4028 3032 4081 reticens
3056 4068 3070 4090 ,
3100 4027 3320 4096 .losepbi
3348 4030 3601 4098 genealo—

2002 4117 2140 4186 giam
2171 4116 2340 4170 duxit.
2373 4116 2427 4170 Si
2471 4116 2614 4170 enim
2644 4117 2694 4170 id
2724 4116 2790 4172 de
2822 4117 3040 4187 Virgine
3069 4118 3316 4185 fecisset,-
3347 4121 3602 4174 novitatis

2004 4218 2182 4262 notam
2205 4225 2309 4262 non
2333 4208 2605 4279 elingisset
2627 4227 2641 4274 ;
2665 4210 2707 4264 si
2735 4209 3027 4280 Joseplmm
3060 4211 3334 4280 tacuisset,
3366 4213 3602 4284 Virginis

2004 4303 2371 4372 progenitores
2400 4318 2505 4355 non
2536 4317 2836 4357 nossemus.
2860 4301 2930 4358 Ut
2971 4303 3149 4373 itaque
3178 4303 3447 4360 discamus
3475 4321 3599 4374 qua:

2002 4401 2145 4448 esset
2170 4393 2352 4466 Maria,
2377 4404 2431 4449 et
2454 4393 2593 4448 unde
2618 4405 2754 4458 orta,
2778 4395 3029 4464 legesque
3051 4396 3263 4450 intacta:
3291 4407 3593 4460 manerent,

2002 4483 2184 4554 sponsi
2217 4485 2332 4551 eius
2359 4485 2722 4555 genealogiam
2745 4489 3042 4553 contexuit,
3074 4495 3127 4540 et
3155 4501 3221 4542 ex
3248 4487 3408 4541 domo
3432 4487 3596 4541 David

2003 4577 2234 4633 ostendit
2267 4592 2406 4632 esse.
2441 4577 2553 4632 Hoc
2578 4579 2720 4632 enim
2748 4587 3200 4642 commonstrato,
3235 4579 3364 4632 illttd
3387 4594 3599 4648 quoque

2003 4670 2163 4723 simul
2207 4670 2506 4724 ostenditur
2541 4669 2814 4740 Virginem
2857 4673 3017 4725 etiam
3050 4671 3174 4724 inde
3194 4680 3366 4724 ortam
3396 4670 3598 4732 fuiSse;

2005 4760 2464 4830 quandoquidem,
2489 4769 2548 4814 ut
2572 4761 2679 4813 dixi
2708 4802 2719 4822 ,
2745 4761 3008 4815 noluisset
3031 4760 3208 4830 justus
3255 4760 3345 4813 ille
3383 4759 3600 4814 aliunde

2008 4866 2226 4905 uxorem
2250 4851 2516 4920 accipere.
2542 4850 2800 4920 Superest
2825 4859 2878 4904 et
2902 4851 3003 4904 alia
3027 4865 3186 4904 causa
3218 4851 3385 4920 magis
3405 4865 3599 4904 arcana

2010 4953 2056 4995 et
2082 4944 2326 5012 mystica,
2350 4959 2444 4997 cur
2467 4944 2698 5012 Virginis
2726 4944 2957 5013 majores
2974 4942 3186 4997 silentio
3210 4943 3356 4998 missi
3381 4942 3598 5009 fuerint,

1971 5056 2156 5123 ⁵(ιιιιιιιι
2183 5040 2270 5096 hic
2299 5041 2508 5112 aperire
2544 5043 2722 5096 minus
2757 5051 3115 5111 Opportunum
3141 5053 3306 5108 esset,
3335 5045 3454 5114 quia
3473 5045 3584 5114 jant

1997 5130 2162 5184 multa
2191 5130 2332 5186 dicta
2357 5141 2502 5186 sunt.
2531 5132 2892 5198 Quamobrem
2922 5133 3007 5188 hic
3028 5136 3386 5203 quaestionum
3427 5136 3583 5192 finem

1998 5223 2271 5289 facientes,
2297 5239 2361 5277 ea
2388 5239 2506 5292 qua:
2538 5223 2692 5277 nobis
2731 5223 2993 5294 explicata
3018 5234 3143 5278 sunt
3177 5237 3424 5280 accurate
3454 5228 3587 5280 reti-

1998 5327 2257 5368 neamus:
2290 5329 2482 5383 nempe
2507 5355 2520 5377 ,
2549 5327 2646 5368 cur
2682 5314 2895 5368 Davidis
2933 5315 3135 5369 mentio
3174 5316 3400 5386 primum
3447 5314 3583 5370 facta

1999 5404 2156 5457 fuerit
2173 5420 2187 5467 ;
2203 5420 2298 5460 cur
2315 5405 2506 5459 librum
2524 5403 2794 5459 vocaverit
2811 5405 3000 5459 librum
3017 5407 3398 5474 generationis,
3420 5422 3587 5474 quare

1999 5494 2348 5559 dixerit,Jesu
2366 5493 2756 5565 Christi;quare
2784 5497 3062 5566 generatio
3091 5496 3159 5549 sit
3193 5497 3492 5550 communis
3533 5507 3588 5550 et

2000 5607 2104 5646 non
2120 5592 2450 5655 communis;
2469 5606 2499 5642 ιι
2509 5589 2732 5644 ndenam
2759 5590 2919 5644 Maria
2941 5605 3006 5646 ex
3025 5588 3222 5644 Davide
3235 5597 3350 5644 orta
3369 5604 3487 5644 esse
3507 5604 3587 5642 ος·
3624 5604 3630 5609 '

2001 5682 2278 5750 tendatur;
2300 5697 2396 5738 cur
2419 5682 2559 5737 illius
2584 5681 2875 5752 majoribus
2895 5679 3106 5736 silentio
3122 5679 3323 5750 missis,
3341 5681 3587 5752 genealoo

2080 5905 2095 5933 ι
2135 5902 2248 5962 Atii,
2277 5898 2340 5950 ita
2368 5897 2552 5949 virtutis
2575 5903 2677 5948 erat
2703 5903 2910 5946 natator.
