4066 6428
469 400 540 456 29
1125 407 1190 463 S.
1241 409 1530 462 JUANNS
1569 409 2053 463 CHRYSUSTUMI
2095 409 2416 465 ARCHIEP.
2461 407 3007 466 CONSTANTINOP.
3661 420 3736 476 39

459 515 543 583 gia
557 513 778 583 Joseplii
807 513 964 569 ducta
995 512 1172 570 fuerit.
1197 513 1254 569 Si
1281 513 1423 568 enim
1448 514 1562 570 lucc
1586 515 1956 579 servaveritis,
1981 516 2047 569 ad

460 607 663 676 reliqua
691 607 918 662 dicenda
948 607 1242 662 alacriores
1266 622 1364 662 nos
1385 606 1621 662 reddetis
1643 625 1657 673 ;
1677 610 1720 662 si
1762 623 1890 662 vero
1935 608 2048 662 lucc

460 699 772 767 respueritis
797 707 850 752 et
873 714 940 752 ex
977 697 1243 752 mentibus
1271 698 1430 752 missa
1464 699 1716 762 feceritis,
1749 698 1815 753 ad
1842 709 2038 754 caetera

459 789 778 858 proferenda
819 789 1097 859 segniores
1143 789 1368 844 erimus.
1408 788 1591 858 Neque
1637 791 1778 844 enim
1815 790 2046 860 agricola

458 888 652 934 terram
677 921 690 944 ,
713 896 832 950 quae
860 881 1066 936 semina
1095 889 1442 950 corrumpat,
1477 881 1706 936 libenter
1730 882 2044 937 excoluerit.

455 968 815 1034 Quamobrem
837 1011 850 1034 ,
879 986 1010 1039 rogo
1034 1011 1048 1032 .
1095 969 1209 1024 haec
1251 980 1430 1024 mente
1467 971 1709 1024 volvatis.
1744 971 1822 1025 Ex
1865 972 2046 1026 talium

457 1059 657 1129 quippe
681 1075 861 1114 rerum
893 1060 1240 1115 meditatione
1269 1076 1518 1129 magnum
1550 1061 1818 1130 quidpiam
1836 1070 1890 1116 et
1908 1061 2051 1115 salu-

463 1163 574 1206 tare
601 1152 800 1206 bonum
828 1153 1023 1206 anima:
1047 1153 1270 1222 paritur.
1294 1151 1425 1206 Nam
1454 1161 1508 1206 et
1533 1151 1644 1206 Deo
1666 1152 1876 1222 placere
1899 1162 2049 1221 pote-

458 1247 626 1301 rimus
647 1287 663 1308 ,
691 1246 734 1299 si
762 1245 876 1299 lure
901 1259 1168 1310 curemus,
1189 1255 1244 1299 et
1269 1261 1362 1300 ora
1385 1253 1564 1299 nostra
1603 1260 1634 1298 a
1668 1246 2007 1300 contumeliis
2028 1285 2047 1312 ,

457 1341 724 1395 obscaenis
753 1341 929 1395 verbis
955 1348 1006 1394 et
1043 1340 1296 1394 conviciis
1347 1355 1476 1399 Dura
1505 1348 1698 1405 erunt,
1731 1339 1856 1393 dum
1883 1340 2048 1408 spiri-

460 1433 691 1485 tualibus
738 1431 1132 1490 exercebuntur
1159 1431 1424 1502 eloquiis;
1472 1431 1909 1502 dannonibusque
1938 1431 2050 1487 for-

457 1523 737 1578 midabiles
766 1537 885 1578 esse
911 1523 1227 1594 poterimus,
1255 1523 1302 1577 si
1332 1523 1564 1592 linguam
1587 1530 1825 1577 nostram
1855 1524 2051 1579 talibus

459 1613 743 1668 verborum
784 1615 950 1669 armis
993 1614 1333 1669 muniamus:
1387 1613 1512 1668 hinc
1561 1613 1840 1668 oculorum
1897 1614 2052 1670 nobis

457 1703 840 1774 perspicacitas
870 1713 1113 1774 augetur.
1139 1704 1273 1758 Nam
1303 1712 1357 1759 et
1381 1703 1590 1770 oculos,
1622 1713 1676 1758 et
1698 1719 1779 1769 os,
1813 1713 1868 1760 et
1893 1704 2049 1759 audi-

463 1809 571 1853 tum
601 1798 723 1852 ideo
749 1798 800 1852 in
833 1796 987 1850 nobis
1018 1798 1214 1866 posuit,
1243 1805 1300 1851 ut
1325 1797 1508 1851 omnia
1538 1795 1638 1866 ipsi
1668 1797 1906 1850 membra
1940 1811 2054 1851 ser-

463 1891 676 1956 virent;
709 1900 766 1944 ut
792 1906 911 1960 qua:
939 1891 1107 1962 ipsius
1139 1899 1264 1945 sunt
1291 1891 1608 1960 loquamur,
1642 1898 1700 1944 ut
1737 1906 1856 1959 qua:
1887 1892 2051 1960 ipsius

465 1990 588 2036 sunt
616 1996 920 2049 operemur,
953 1990 1010 2034 ut
1040 1988 1296 2050 perpetuo
1321 1979 1548 2051 hymnos
1574 1979 1673 2048 ipsi
1699 1994 1973 2046 canamus,
1996 1989 2052 2034 ut

463 2073 758 2142 gratiarum
787 2071 1026 2126 aetiones
1063 2071 1369 2126 omittamus
1387 2110 1402 2136 ,
1433 2084 1498 2125 ac
1523 2085 1616 2139 per
1637 2070 1753 2126 haec
1775 2073 2054 2126 causcien-

470 2166 594 2218 tiam
628 2174 866 2216 nostram
907 2177 1216 2232 purgemus.
1257 2160 1715 2228 Quemadmodum
1759 2164 1900 2217 enim
1929 2178 2052 2216 cor-

463 2273 568 2328 pus
592 2272 734 2328 puro
761 2256 950 2311 fruens
976 2271 1102 2310 aere
1129 2256 1402 2310 valentius
1429 2255 1646 2320 evadet,
1677 2255 1757 2310 sic
1786 2265 1843 2310 et
1867 2254 2051 2309 anima

460 2351 550 2406 his
579 2349 860 2407 exercitiis
900 2348 1190 2414 innutrita,
1220 2347 1584 2419 philosophiae
1617 2348 1791 2419 magis
1830 2346 2052 2402 addicta

462 2439 592 2496 erit.

527 2623 582 2671 Β.
611 2623 802 2675 Annon
829 2618 980 2675 vides
1022 2617 1268 2688 corporis
1296 2617 1479 2671 oculos
1505 2657 1520 2683 ,
1552 2616 1678 2670 dum
1707 2619 1760 2670 in
1782 2613 1927 2670 fumo
1949 2630 2069 2670 ver-

437 2704 668 2778 santur,
699 2711 963 2780 lacrymas
991 2723 1202 2778 semper
1233 2706 1471 2772 fundere,
1497 2720 1619 2760 cum
1646 2715 1823 2762 autem
1851 2706 1903 2760 in
1933 2719 2066 2776 puro

465 2822 614 2871 aere,
647 2805 700 2859 in
729 2815 904 2875 prato,
935 2805 988 2858 in
1019 2803 1253 2858 fontibus
1274 2845 1290 2870 ,
1321 2803 1374 2858 in
1408 2803 1597 2868 hortis,
1628 2811 1684 2858 et
1707 2803 2064 2873 perspicacio-

463 2911 552 2950 ics
582 2905 635 2949 et
663 2894 904 2950 saniores
927 2893 1085 2950 esse?
1114 2893 1260 2948 Talis
1282 2903 1363 2948 est
1384 2902 1438 2948 et
1463 2893 1657 2949 anima:
1683 2893 1868 2948 oculus
1893 2910 1907 2947 :
1931 2892 1975 2947 si
2007 2891 2062 2945 in

463 2996 618 3056 [rato
639 2986 992 3054 spiritualium
1013 2986 1347 3056 eloquiorum
1374 2993 1644 3056 pascatur,
1674 2999 1860 3055 purus,
1885 2983 2061 3038 clarus

465 3088 520 3133 et
547 3077 823 3147 perspicax
845 3076 982 3142 erit;
1012 3077 1095 3132 sin
1137 3076 1338 3132 fumum
1361 3076 1695 3132 smcularium
1724 3077 2062 3146 negotiorum

464 3170 642 3236 adeat,
673 3169 954 3240 plurimum
985 3168 1363 3240 lacrymabitur
1382 3183 1446 3222 ac
1475 3166 1653 3233 ﬂebit,
1684 3175 1739 3222 et
1769 3181 1910 3222 nunc
1934 3176 1986 3220 et
2011 3166 2065 3220 in

465 3264 667 3319 futuro.
711 3262 952 3316 Humana
993 3262 1189 3332 quippe
1251 3261 1461 3330 negotia
1512 3259 1656 3313 fumo
1699 3267 1823 3313 sunt
1851 3258 2064 3312 similia.

463 3353 695 3425 Ideoque
721 3354 936 3410 dicebat
975 3353 1236 3425 quispiam
1261 3371 1272 3406 :
1299 3352 1603 3422 Defererunt
1622 3352 1752 3405 sicut
1772 3350 1942 3420 fumus
1962 3350 2067 3404 dies

465 3449 566 3502 mei
595 3447 766 3519 (Paul.
800 3447 924 3502 101.
955 3446 1037 3516 4).
1077 3444 1183 3502 Sed
1235 3445 1326 3500 ille
1353 3443 1567 3514 quidem
1612 3442 1681 3497 de
1724 3441 1985 3496 brevitate
2012 3450 2064 3494 et

467 3536 536 3593 de
563 3539 681 3608 fuga
708 3537 923 3592 mobilis
951 3537 1050 3591 ειενί
1079 3536 1350 3605 loquitur:
1379 3550 1478 3606 ego
1505 3549 1633 3589 vero
1659 3548 1765 3588 non
1793 3533 1860 3587 de
1881 3533 1979 3587 hac
2001 3547 2062 3586 re

469 3637 699 3694 tantum,
733 3628 828 3684 sed
857 3629 1017 3684 etiam
1056 3627 1123 3683 de
1153 3627 1552 3698 perturbatione
1577 3627 1594 3657 ί
1621 3639 1798 3680 rerum
1829 3639 2065 3694 praesen.

469 3721 601 3774 tium
627 3721 740 3775 haec
767 3717 1076 3789 accipienda
1097 3732 1221 3774 esse
1243 3731 1462 3772 censeo.
1509 3715 1651 3770 Nihil
1701 3715 1845 3769 enim
1874 3713 2067 3768 mentis

466 3811 682 3866 oculum
711 3813 782 3865 ita
809 3811 950 3866 male
975 3809 1137 3864 afficit
1163 3817 1218 3864 et
1246 3808 1443 3872 turbat,
1469 3815 1526 3860 ut
1549 3805 1885 3860 smcularium
1911 3818 2068 3858 cura-

471 3917 590 3955 rum
622 3902 898 3964 tumultus,
923 3910 976 3956 et
999 3898 1553 3970 concupiscentiarum
1578 3897 1751 3952 turba.
1777 3897 1902 3951 Hmc
1922 3895 2064 3950 enim

477 4001 603 4047 sunt
649 3992 779 4047 fumi
830 3991 1049 4063 hujusce
1097 3991 1260 4062 ligna.
1292 3993 1369 4045 Ac
1407 3988 1856 4060 quemadmodum
1887 3986 2022 4057 ignis
2045 4026 2065 4054 ,

465 4099 587 4138 cum
619 4083 890 4138 humidam
914 4083 1191 4139 materiam
1232 4082 1477 4152 corripit,
1505 4081 1730 4136 multum
1759 4081 1955 4136 excitat
1980 4078 2064 4132 fu-

476 4191 657 4228 mum:
687 4176 764 4229 sic
791 4184 846 4230 et
871 4174 1300 4243 concupiscentia
1320 4213 1338 4240 ,
1369 4188 1490 4244 qua:
1534 4174 1746 4227 fervens
1777 4180 1832 4226 et
1860 4171 1972 4240 ipsa
2001 4184 2064 4225 ac

467 4266 616 4336 quasi
641 4266 882 4325 ﬂammea
917 4273 1019 4327 est.
1048 4279 1168 4318 cum
1192 4263 1464 4318 humidam
1488 4263 1774 4333 quamdam
1797 4277 1859 4316 ac
1886 4261 2067 4316 disso-

479 4358 642 4407 lutam
667 4353 892 4422 corripit
915 4353 1168 4418 animam,
1203 4352 1427 4406 multum
1453 4362 1508 4407 et
1535 4354 1648 4422 ipsa
1679 4352 1882 4406 fumum
1904 4351 2062 4420 parit.

473 4445 673 4500 Idcirco
708 4459 840 4514 Opus
861 4457 944 4500 est
965 4459 1086 4500 rore
1107 4444 1357 4514 Spiritus,
1382 4455 1434 4498 et
1456 4458 1582 4497 aura
1610 4443 1722 4508 illa,
1746 4457 1866 4511 quae
1888 4441 2064 4510 ignem

471 4537 808 4607 exstinguat,
836 4551 899 4591 ac
925 4535 1130 4590 fumum
1159 4534 1415 4604 dissipet,
1449 4542 1789 4603 mentemque
1827 4541 2063 4586 nostram

470 4627 743 4682 Volucrem
773 4625 978 4683 reddat.
1007 4624 1114 4682 Nec
1143 4627 1264 4696 quis
1295 4633 1488 4696 potest,
1517 4639 1616 4678 nec
1641 4631 1815 4694 potest
1842 4622 2022 4692 utique
2044 4662 2060 4687 ,

467 4721 544 4767 tot
572 4712 793 4768 obrutus
820 4711 976 4767 malis
1017 4711 1084 4766 ad
1131 4713 1325 4767 caelum
1366 4710 1593 4765 volare:
1641 4709 1733 4764 sed
1765 4708 2057 4778 optandum

466 4813 568 4868 est,
599 4820 694 4858 nos
720 4805 995 4875 expeditos
1016 4803 1154 4861 hanc
1181 4819 1338 4875 posse
1356 4817 1576 4873 carpere
1602 4803 1774 4867 viam;
1799 4802 1906 4856 imo
1932 4816 2063 4856 vero

467 4912 537 4950 ne
567 4897 643 4950 sic
686 4898 901 4967 quidem
932 4913 1219 4969 possumus
1239 4940 1252 4963 ,
1287 4897 1388 4951 nisi
1418 4898 1530 4951 alas
1559 4895 1791 4968 Spiritus
1815 4909 2059 4949 assuma-

469 5003 607 5041 mus.
639 4985 693 5042 Si
726 4988 902 5057 itaque
943 4989 1187 5058 expcdita
1238 4996 1448 5051 mente,
1481 5001 1543 5041 ac
1582 4984 1842 5056 spirituali
1886 4985 2057 5055 gratia

469 5093 604 5149 opus
633 5077 786 5132 nobis
811 5087 893 5133 est.
917 5119 929 5142 ,
957 5089 1014 5132 ut
1039 5079 1104 5133 ad
1136 5090 1338 5133 tantam
1366 5078 1747 5135 sublimitatem
1770 5075 2062 5130 ascendere

470 5169 781 5234 valeamus;
821 5184 942 5223 cum
991 5184 1177 5222 eorum
1216 5169 1372 5235 nihil,
1396 5167 1492 5224 sed
1540 5182 1760 5238 prorsus
1789 5166 2060 5221 contraria

470 5259 784 5329 pondusque
811 5258 1106 5312 satanicum
1136 5259 1514 5314 contraliamus
1541 5277 1554 5314 :
1587 5274 1692 5326 quo
1724 5268 1877 5327 pacto
1911 5268 2062 5326 pote-

470 5350 639 5404 rimus
663 5347 914 5416 avolare,
948 5355 1096 5401 tanto
1139 5362 1303 5402 onere
1342 5347 1621 5418 depressi?
1668 5347 1722 5403 Si
1772 5347 1891 5417 quis
1918 5346 2060 5401 enim

539 5591 555 5621 ι
594 5586 741 5637 Morel
769 5621 784 5644 ,
810 5588 870 5650 de
901 5584 1182 5650 fragﬁtitnte.
1222 5584 1280 5650 In
1301 5591 1463 5635 Graeco
1494 5583 1695 5650 legitur,
1725 5589 1947 5650 ἀῃχνῶδις,
1969 5593 2064 5641 qua

473 5663 592 5699 voce
619 5662 680 5698 ex
720 5643 911 5696 rimitur'
937 5643 1172 5710 fragilitas
1195 5645 1312 5694 tela:
1334 5658 1526 5696 araneae
1543 5643 1569 5702 ς*
1591 5647 1680 5693 sed
1711 5643 1841 5692 nulla
1881 5654 2064 5752 suppe-

475 5718 534 5758 tit
565 5722 662 5758 vox
682 5663 828 5758 ianua
851 5722 960 5758 quae
979 5710 1220 5758 coniosam
1250 5707 1374 5756 hanc
1395 5705 1796 5758 significationem
1818 5705 1868 5754 in
1892 5716 1949 5753 se
2010 5715 2062 5750 a-

471 5718 534 5818 t)".
565 5722 662 5820 10x
682 5705 828 5758 [atina
851 5722 960 5776 quae
979 5705 1220 5772 copiosam
1250 5707 1374 5756 hinc
1395 5705 1796 5770 signiﬁcationem
1818 5705 1868 5754 in
1892 5716 1949 5753 se
1975 5705 2062 5752 ha-

507 5783 568 5820 ea

2149 517 2301 584 quasl
2328 529 2378 568 In
2399 515 2559 583 justis
2600 521 2820 568 stateris
2865 511 3128 583 cogitatus
3172 518 3384 566 nostros
3433 510 3744 582 appendere

2151 605 2312 672 velit,
2341 605 2479 658 inter
2508 603 2651 658 mille
2682 603 2874 657 talenta
2910 603 3243 658 saecularium
3267 617 3578 658 sermonum
3605 645 3622 669 ,
3653 604 3745 660 vix

2150 695 2398 750 denarios
2415 705 2630 749 centum
2647 693 2999 764 spiritualium
3015 693 3297 748 verborum
3319 694 3586 758 inveniet;
3612 695 3745 760 imo,

2151 801 2220 840 ne
2248 785 2434 840 decem
2459 785 2667 840 obolos.
2697 786 2889 838 Annon
2918 800 3046 856 ergo
3069 794 3222 854 turpe
3249 787 3576 856 omninoque
3606 785 3741 840 ridi-

2150 877 2327 931 culum
2357 884 2474 942 est,
2522 875 2649 930 dum
2696 890 2908 929 servum
2936 875 3210 941 habentes,
3241 875 3333 930 illo
3369 885 3426 930 ut
3454 877 3741 946 plurimum

2152 969 2351 1023 utimur
2381 967 2447 1022 ad
2479 982 2567 1022 res
2593 968 2944 1032 necessarias,
2979 982 3077 1022 nos
3105 984 3220 1032 ore,
3250 950 3494 1024 membro
3515 978 3701 1023 nostro
3724 1012 3742 1036 ,

2151 1074 2257 1113 non
2289 1057 2506 1128 perinde
2533 1059 2606 1112 uti
2646 1067 2804 1127 atque
2834 1073 3030 1123 servo;
3062 1057 3157 1112 sed
3189 1067 3410 1123 contra,
3442 1059 3507 1112 ad
3535 1059 3744 1114 inutilia

2151 1161 2207 1206 et
2225 1150 2489 1220 superﬂua
2517 1149 2764 1220 negotia?
2793 1149 2966 1219 Atque
2991 1151 3190 1205 utinam
3217 1150 3285 1206 ad
3315 1152 3582 1220 superﬂua
3616 1164 3737 1206 tan-

2156 1255 2310 1308 tum;
2342 1243 2439 1297 sed
2472 1243 2638 1296 etiam
2672 1241 2764 1296 illo
2807 1244 3016 1296 utimur
3048 1242 3114 1296 ad
3153 1243 3434 1296 contraria
3482 1250 3541 1298 et
3583 1243 3748 1299 noxia

2155 1346 2212 1391 et
2257 1336 2393 1390 nihil
2438 1333 2693 1388 utilitatis
2733 1333 3014 1388 habentia.
3047 1333 3102 1389 Si
3139 1335 3288 1388 enim
3323 1333 3484 1390 nobis
3515 1349 3580 1390 ea
3625 1351 3751 1406 qua:

2155 1428 2440 1498 loquimur
2465 1426 2624 1482 utilia
2651 1435 2857 1488 essent.
2875 1427 3044 1481 etiam
3075 1427 3188 1482 Deo
3215 1427 3407 1498 procul
3431 1426 3603 1483 dubio
3628 1427 3750 1501 pla-

2155 1529 2369 1576 cerent.

2223 1722 2436 1792 Lingua:
2459 1718 2782 1774 moderanda
2808 1716 2956 1770 ratio.
2973 1746 3044 1756 —
3064 1715 3215 1772 Nunc
3240 1727 3418 1772 autem
3459 1732 3522 1772 ea
3562 1717 3744 1770 omnia

2153 1815 2421 1884 loquimur
2447 1827 2567 1883 qua:
2594 1810 2838 1865 diabolus
2877 1810 3230 1878 suggesserit,
3277 1810 3439 1864 modo
3473 1809 3709 1864 ridentes
3729 1849 3747 1872 ,

2155 1906 2316 1961 modo
2345 1904 2544 1959 urbana
2571 1901 2869 1971 loquentes,
2898 1897 3058 1952 modo
3085 1899 3364 1954 maledicta
3390 1910 3444 1954 et
3467 1909 3750 1968 contume-

2156 1995 2256 2051 lias
2285 1994 2638 2064 Droferentes,
2671 1988 2830 2044 modo
2865 1987 3106 2057 jurantes
3129 2028 3145 2054 ,
3197 1990 3520 2044 mentientes
3541 2029 3556 2054 ,
3605 1988 3751 2058 peje-

2157 2093 2364 2150 rantes;
2397 2097 2538 2139 nunc
2563 2081 2911 2150 ferocientes,
2957 2095 3098 2136 nunc
3136 2079 3301 2135 futilia
3330 2089 3383 2135 et
3412 2080 3642 2134 anilibus
3667 2079 3752 2133 fa-

2159 2177 2300 2232 bulis
2327 2175 2524 2231 leviora
2547 2216 2562 2240 ,
2591 2188 2711 2243 qua:
2741 2174 2872 2229 nihil
2898 2176 2964 2230 ad
2993 2189 3090 2230 nos
3131 2173 3391 2239 attinent,
3434 2172 3486 2226 in
3515 2171 3751 2226 medium

2159 2267 2464 2323 aﬂerentes.
2481 2265 2612 2333 Quis
2630 2267 2772 2322 enim
2795 2277 3049 2331 vestrum,
3072 2278 3276 2335 quasso,
3301 2263 3564 2332 psalmum
3586 2276 3752 2315 unum

2161 2361 2390 2414 recitare
2430 2368 2678 2427 rogatus,
2731 2358 2783 2412 id
2811 2357 2988 2414 dicere
3012 2356 3217 2426 possit,
3255 2353 3340 2407 vel
3376 2352 3532 2406 aliam
3559 2365 3752 2421 quam-

2163 2453 2302 2522 piam
2343 2449 2538 2504 divina:
2565 2449 2854 2518 Scriptura:
2885 2446 3130 2518 partem?
3168 2444 3336 2500 Nemo
3376 2458 3526 2498 sane.
3567 2441 3753 2510 Neque

2167 2542 2293 2598 illud
2321 2541 2494 2596 solum
2520 2555 2679 2609 grave
2705 2549 2816 2602 est;
2863 2537 2956 2593 sed
2995 2535 3135 2607 quod
3163 2535 3301 2590 circa
3331 2533 3622 2603 spiritualia
3651 2531 3752 2584 de-

2162 2624 2304 2680 sides
2328 2667 2344 2692 ,
2391 2623 2534 2680 circa
2573 2626 2810 2680 satanica
2849 2625 2970 2694 igne
2999 2625 3114 2680 sitis
3144 2624 3512 2679 ferventiores.
3544 2622 3679 2678 Nam
3706 2639 3752 2678 sn

2162 2718 2279 2786 quis
2307 2731 2403 2771 vos
2433 2718 2763 2786 interrogare
2807 2717 2934 2771 velit
2973 2715 3040 2769 de
3078 2715 3352 2770 diabolicis
3381 2715 3632 2780 canticis,
3683 2714 3755 2769 de

2163 2809 2479 2868 meretriciis
2521 2818 2575 2864 et
2618 2807 2829 2862 lascivis
2871 2807 3230 2874 carminibus,
3277 2805 3478 2862 multos
3519 2806 3755 2861 inveniet

2163 2898 2248 2965 qui
2283 2897 2398 2952 hanc
2442 2908 2689 2954 accurate
2734 2898 2939 2964 sciant,
2981 2907 3036 2952 et
3081 2913 3204 2952 cum
3249 2897 3520 2967 voluptate
3560 2909 3754 2966 magna

2165 2991 2532 3057 pronuntient.
2561 2990 2665 3045 Sed
2695 3006 2814 3059 qua:
2841 2988 3082 3046 defensio
3120 2990 3186 3046 ad
3226 2991 3384 3046 talem
3425 2990 3756 3046 criminatio-

2165 3081 2332 3134 nem?
2362 3080 2476 3134 Non
2508 3097 2658 3146 sum,
2705 3081 2904 3152 inquit,
2947 3081 3268 3148 monachus,
3311 3080 3406 3138 sed
3447 3096 3665 3136 uxorem
3694 3091 3756 3137 et

2165 3169 2302 3225 filios
2335 3170 2530 3235 habeo,
2559 3186 2848 3242 curamque
2875 3171 3186 3227 domestica:
3212 3171 3291 3227 rei
3319 3187 3469 3243 gero.
3498 3171 3660 3243 Atqui
3687 3171 3754 3226 il-

2163 3263 2252 3316 lud
2283 3273 2367 3320 est
2395 3264 2538 3334 quod
2569 3265 2746 3320 omnia
2774 3264 3084 3335 pessumdat
3107 3306 3122 3332 ,
3167 3264 3309 3335 quod
3351 3265 3419 3320 ad
3457 3265 3755 3320 monachos

2162 3354 2336 3410 solum
2368 3356 2564 3425 putetis
2607 3357 2873 3426 pertinere
2909 3357 3194 3412 lectionem
3232 3357 3530 3412 divinarum
3567 3357 3752 3426 Scrip-

2164 3452 2434 3509 turarum,
2478 3460 2600 3500 cum
2649 3447 2815 3502 multo
2860 3448 3027 3517 magis
3063 3463 3221 3517 quam
3251 3445 3356 3502 illis
3383 3447 3452 3501 sit
3477 3446 3628 3501 vobis
3656 3461 3756 3501 nea

2161 3535 2416 3590 cessaria.
2451 3534 2528 3589 llli
2559 3536 2701 3591 enim
2732 3537 2821 3605 qui
2855 3537 2906 3590 in
2939 3535 3115 3592 medio
3144 3539 3446 3600 versamur,
3477 3551 3532 3592 et
3567 3537 3752 3608 quoti-

2164 3625 2250 3680 die
2271 3628 2487 3681 vulnera
2509 3628 2802 3698 excipiunt,
2828 3630 2994 3684 multo
3009 3630 3178 3700 magis
3198 3630 3548 3686 medicamine
3567 3642 3752 3701 egent.

2163 3712 2347 3784 Itaque
2376 3715 2530 3787 longe
2559 3719 2708 3787 pejus
2738 3729 2850 3784 est,
2874 3734 3030 3788 quam
3063 3734 3168 3774 non
3199 3719 3393 3790 legere,
3425 3721 3750 3790 superﬂuam

2165 3821 2276 3862 rem
2322 3822 2443 3863 esse
2495 3819 2702 3880 putare.
2755 3811 2879 3866 llaec
2907 3811 3104 3882 quippe
3147 3812 3307 3868 verba
3349 3813 3586 3872 satanica
3623 3825 3761 3873 sunt

2163 3907 2485 3953 commenta.

2237 4081 2288 4136 6.
2354 4077 2519 4132 Lectio
2564 4072 2932 4142 evangetiorum
2979 4065 3276 4120 necessaria.
3301 4057 3508 4112 ——Non
3558 4054 3755 4109 auditis

2167 4173 2389 4228 Paulum
2419 4169 2721 4231 dicentem,
2760 4165 2873 4217 haec
2902 4158 3080 4215 omnia
3107 4155 3172 4209 ad
3202 4153 3594 4222 correptionem
3625 4163 3756 4203 nos-

2170 4274 2305 4316 tram
2333 4260 2530 4328 scripta
2550 4271 2668 4311 esse
2691 4255 2708 4326 (
2735 4257 2783 4308 ι.
2811 4252 2928 4307 Cor.
2961 4249 3046 4304 10.
3077 4249 3136 4302 ll
3159 4244 3214 4317 )‘.'
3239 4245 3318 4299 Tu
3338 4257 3488 4305 vero,
3517 4241 3560 4294 si
3590 4240 3759 4293 Evan-

2170 4355 2367 4424 gelium
2396 4351 2558 4406 illotis
2585 4347 2830 4402 manibus
2868 4356 3080 4399 sumere
3121 4345 3429 4408 oporteret,
3477 4332 3530 4386 id
3572 4331 3756 4400 utique

2171 4444 2365 4507 nolles,
2396 4453 2450 4498 et
2479 4451 2656 4495 tamen
2681 4447 2834 4507 putas
2860 4450 2921 4490 ea
2949 4449 3067 4502 qua:
3089 4431 3140 4484 in
3169 4429 3260 4484 illo
3283 4427 3623 4483 continentur
3649 4438 3758 4477 non

2171 4553 2291 4594 esse
2319 4533 2605 4588 admodum
2635 4527 2955 4586 necessaria.
2996 4524 3225 4592 Ideoque
3251 4520 3428 4574 omnia
3457 4533 3550 4573 sus
3589 4517 3765 4585 deque

2175 4643 2327 4683 versa
2357 4634 2501 4681 sunt.
2531 4623 2683 4690 Quod
2710 4622 2756 4676 si
2800 4620 3007 4673 discere
3042 4615 3176 4669 velis
3205 4622 3462 4682 quantum
3507 4608 3638 4662 lucri
3678 4623 3767 4662 re-

2177 4729 2416 4790 portetur
2441 4733 2505 4773 ex
2535 4713 2824 4783 Scripturis
2850 4730 2862 4764 :
2892 4720 2944 4765 te
2963 4709 3134 4777 ipsum
3157 4705 3420 4767 examina.
3446 4718 3552 4772 quo
3573 4715 3768 4769 nempe

2179 4815 2231 4867 in
2258 4813 2364 4867 situ
2390 4819 2443 4866 et
2472 4818 2612 4865 statu
2640 4808 2715 4861 sis
2743 4820 2863 4860 cum
2909 4802 3142 4871 psalmos
3171 4797 3322 4851 audis
3341 4838 3357 4862 ,
3405 4809 3459 4849 et
3489 4809 3615 4864 quo,
3645 4807 3768 4846 cum

2179 4903 2471 4956 satanicam
2520 4899 2839 4953 cantilenam
2885 4900 3040 4959 :quo
3081 4889 3271 4943 aﬂ‘ecm
3318 4889 3393 4941 sis
3442 4887 3494 4939 in
3540 4884 3770 4939 ecclesia

2184 5004 2406 5047 versans
2424 5031 2440 5057 ,
2472 5003 2579 5059 quo
2606 4989 2658 5042 in
2692 4987 2901 5041 theatro
2928 4984 3160 5040 sedens:
3186 4978 3496 5048 videbisque
3520 4984 3777 5046 quantum

2184 5085 2256 5139 sit
2283 5081 2574 5137 discrimen
2606 5079 2746 5132 inter
2775 5076 2912 5130 hanc
2940 5083 2995 5129 et
3035 5073 3178 5127 illam
3224 5070 3477 5134 animam,
3521 5067 3645 5120 licet
3673 5079 3780 5117 una

2185 5174 2480 5243 eademque
2509 5171 2596 5224 sit.
2631 5168 2862 5238 ideoque
2889 5165 3084 5220 Paulus
3113 5163 3276 5217 dicit:
3304 5159 3644 5226 Corrumpunt
3671 5171 3783 5207 nio.

2189 5281 2268 5320 res
2295 5266 2446 5318 bonos
2475 5261 2724 5329 colloquia
2753 5275 2908 5329 prava
2935 5258 3018 5326 (1.
3049 5255 3168 5310 Cor.
3197 5254 3284 5307 15.
3313 5252 3383 5306 55
3401 5251 3441 5320 ).
3475 5248 3675 5302 Idcirco
3705 5261 3789 5301 as-

2189 5355 2356 5411 siduis
2379 5353 2606 5423 Spiritus
2630 5349 2798 5405 sancti
2821 5349 3064 5403 cantibus
3085 5358 3321 5415 egemus.
3351 5339 3483 5394 lllud
3523 5337 3666 5393 enim
3702 5345 3789 5391 est

2191 5448 2243 5502 in
2274 5463 2380 5516 quo
2418 5444 2588 5498 brutis
2633 5450 2946 5512 praestamus
2970 5480 2986 5506 ,
3037 5438 3164 5492 licet
3205 5435 3257 5491 in
3305 5434 3424 5488 aliis
3464 5429 3786 5502 quibusdam

2193 5539 2350 5608 longe
2382 5537 2510 5607 ipsis
2539 5534 2822 5589 inferiores
2849 5532 3041 5586 simus.
3070 5530 3184 5584 Hoc
3216 5538 3300 5584 est
3323 5527 3640 5580 alimentum
3669 5520 3788 5576 ani-

2196 5646 2326 5695 mae,
2363 5629 2464 5683 hoc
2491 5633 2864 5682 ornamentum
2891 5665 2905 5688 ,
2953 5623 3054 5677 hoc
3091 5619 3386 5680 securitas;
3426 5623 3614 5670 contra
3655 5627 3792 5667 vero

2196 5736 2303 5774 non
2329 5719 2547 5786 audire,
2589 5716 2714 5772 illud
2759 5715 2952 5779 fames,
2995 5710 3122 5767 illud
3161 5707 3433 5778 corruptio
3459 5715 3542 5762 est
3585 5714 3600 5752 :
3643 5701 3805 5758 Dabo
