4066 6428
528 377 588 429 τι
1247 388 1304 443 S.
1342 387 1626 444 JOANNIS
1660 387 2146 446 CHRYSOSTOMI
2185 389 2506 449 ARCIIIEP.
2545 391 3095 452 CONSTANTINOP.
3728 334 3800 460 τε

533 484 650 552 μῶν
680 485 915 550 ἀκούων,
947 483 1028 547 τίς
1070 482 1126 536 δέ
1172 484 1469 550 σατανικῆς
1496 483 1644 554 ᾠδῆς
1666 501 1678 514 ·
1713 483 1808 536 καὶ
1843 483 1959 547 πῶς
1988 482 2108 538 διά·-

529 595 712 631 κεισαι
751 580 809 630 ἐν
855 576 1120 648 ἐκκλησίᾳ
1153 576 1466 646 διατρίϐων,
1500 576 1593 629 καὶ
1632 575 1750 640 πῶς
1790 576 1848 630 ἐν
1897 576 2114 648 θεάτρῳ

530 667 840 738 καθήμενος
860 684 874 698 ’
901 668 993 721 καὶ
1018 667 1139 738 ὄψει
1169 668 1303 721 πολὺ
1328 668 1389 720 τδ
1421 667 1585 738 μέσον
1617 665 1821 736 ταύτης
1846 668 2111 737 κάκείνης

527 769 625 836 τῆς
655 764 867 832 ψυχῆς,
912 761 1162 837 καίτοιγε
1190 763 1318 834 μιᾶς
1345 760 1535 833 οῦσης.
1585 760 1685 814 Διά
1713 759 1872 815 τοῦτο
1900 759 2114 824 Παῦλος

533 861 686 928 ἔλεγε
707 879 719 890 ·
745 862 1104 929 Φθείρουσιν
1124 859 1241 927 ἢθη
1264 860 1500 927 χρηστὰ
1533 853 1759 922 ὁμιλίαι
1787 851 1984 904 κακαί.
2014 849 2115 903 Διά

533 950 692 1004 τοῦτο
738 951 1017 1022 συνεχῶν⁸
1052 953 1184 1021 ἡμῖν
1223 949 1304 1002 δεῖ
1347 946 1458 1000 τῶν
1502 943 1613 998 ἀπὸ
1652 939 1746 995 τοῦ
1796 939 2116 1009 Πνεύματος

535 1041 780 1113 ἐπῳδῶν.
817 1042 925 1095 Kal
963 1040 1073 1113 7&9
1097 1040 1256 1093 τοῦτό
1286 1040 1434 1091 ἐστιν
1477 1029 1523 1104 ᾧ
1555 1033 1664 1086 τῶν
1695 1031 1904 1100 ἀλόγων
1928 1030 2119 1083 πλεον-

535 1133 826 1203 εκτοῦμεν,
848 1133 924 1197 ὡς
946 1133 1056 1186 τῶν
1082 1150 1149 1201 γε
1177 1131 1350 1186 ἄλλων
1374 1130 1562 1183 ἕνεκεν
1585 1125 1681 1180 καὶ
1708 1123 1915 1193 σφόδρα
1938 1119 2120 1176 αὐτῶν

538 1224 937 1291 ἐλαττούμεθα.
958 1221 1131 1276 Τοῦτό
1154 1223 1271 1274 ἐστι
1294 1216 1472 1289 τροφὴ
1496 1213 1868 1286 ψυχῆς,τοῦτο
1890 1216 2116 1283 κόσμος,

539 1313 699 1366 τοῦτο
727 1313 998 1382 ἀσφάλεια
1018 1330 1031 1342 ·
1054 1311 1244 1380 ὥσπερ
1268 1304 1361 1362 οὖν
1385 1307 1446 1360 τὸ
1478 1305 1552 1377 μὴ
1576 1303 1815 1366 ἀκούειν,
1840 1302 1996 1374 λιμὸς
2024 1302 2120 1355 καὶ

543 1402 740 1471 φθορά.
771 1401 938 1454 Δώσω
975 1401 1105 1472 7&9,
1142 1398 1326 1468 φησὶν,
1363 1397 1568 1461 αὐτοῖς,
1597 1395 1679 1446 Οὐ
1703 1393 1882 1462 ,λιμὸν
1911 1392 2118 1460 ἄρτου,

539 1492 681 1545 οὐδὲ
705 1492 896 1560 δίψαν
926 1491 1169 1556 ὕδατος.
1196 1487 1358 1542 ἀλλὰ
1383 1484 1561 1554 λιμὸν
1587 1483 1694 1537 τοῦ
1719 1482 1984 1537 ἀκοῦσαι
2018 1480 2122 1535 λό-

536 1601 647 1652 γον
667 1584 909 1650 Κυρίου.
931 1582 997 1633 Τί
1019 1580 1217 1649 γένοιτ’
1244 1580 1311 1632 ἂν
1339 1573 1435 1631 οὖν
1461 1573 1813 1644 ἀθλιώτερον,
1833 1575 1961 1626 ὅταν
1984 1573 2122 1643 ὅπερ

541 1675 570 1726 ὁ
611 1674 746 1737 Θεὸς
785 1675 842 1726 ἐν
873 1672 1027 1736 τάξει
1057 1671 1332 1732 κολάσεως
1362 1667 1588 1737 ἀπειλῇ,
1615 1664 1775 1718 τοῦτο
1801 1663 2123 1734 αὐτομάτως

541 1767 608 1818 σὺ
655 1765 794 1818 κατά
821 1767 920 1835 τῆς
970 1761 1085 1835 [51]
1136 1759 1335 1815 σαυτοῦ
1367 1759 1609 1828 κεφαλῆς
1639 1757 1804 1829 ἕλκῃς
1824 1754 1884 1807 τὸ
1929 1752 2123 1816 κακὸν,

541 1855 698 1925 λιμόν
727 1873 850 1910 τινα
876 1855 1110 1926 χαλεπὸν
1153 1852 1460 1920 ἐπεισάγων
1488 1853 1554 1922 τῇ
1579 1851 1746 1920 ψυχῇ,
1777 1847 1874 1901 καὶ
1905 1848 2125 1901 πάντων

541 1948 714 2018 αὐτὴν
756 1947 1157 2017 ἀσθενεστέραν
1209 1945 1414 2008 ποιῶνς
1473 1942 1606 1997 ’Δπὺ
1651 1941 1762 2013 γὰρ
1809 1939 1984 2009 λόγων
2031 1939 2127 1992 καὶ

545 2038 865 2109 φθείρεσθαι
901 2040 993 2092 καὶ
1022 2037 1289 2102 σώζεσθαι
1319 2037 1550 2105 πέφυκε.
1574 2034 1686 2087 Kal
1710 2031 1818 2105 7&9
1844 2033 1925 2095 είς
1956 2029 2128 2102 ὀργὴν

542 2131 703 2185 τοῦτο
731 2132 900 2204 αὐτὴν
933 2131 1136 2201 ἐξάγει,
1170 2133 1266 2186 καὶ
1291 2130 1524 2202 πραΰνει
1555 2127 1619 2180 τὸ
1661 2125 1793 2180 αὐτὸ
1825 2124 1986 2178 τοῦτο
2020 2123 2129 2178 πά-

545 2224 661 2276 λιν·
707 2225 803 2276 καὶ
841 2224 980 2295 πρὸς
1013 2222 1312 2293 ἐπιθυμίαν
1345 2220 1511 2291 ἐξῆψε
1554 2219 1706 2290 ῥῆμα
1737 2215 1987 2288 αἰσχρὸν,
2032 2214 2129 2268 καὶ

544 2317 626 2377 εἰς
658 2315 1014 2388 σωφροσύνην
1046 2316 1221 2386 ἤγαγε
1251 2313 1410 2382 λόγος
1459 2309 1787 2381 σεμνότητος
1814 2307 2022 2377 γέμων.
2065 2305 2128 2359 El

544 2407 602 2459 δὲ
650 2405 808 2475 λόγος
854 2407 1040 2470 ἀπλῶς
1068 2405 1336 2476 τοσαύτην
1368 2403 1479 2474 ἔχει
1522 2401 1620 2474 τὴν
1656 2400 1831 2471 ἰσχὺν,
1865 2399 1983 2460 πῶς
2018 2395 2129 2450 τῶν

527 2499 779 2570 Τραφῶν
814 2498 1208 2568 καταφρονεῖς;
1247 2492 1370 2547 εἰπέ
1407 2509 1519 2564 μοι.
1562 2493 1626 2544 Εί
1662 2490 1772 2560 γὰρ
1805 2486 2130 2558 παραίνεσις

543 2590 785 2644 τοσαῦτα
813 2589 1058 2649 δύναται,
1093 2584 1274 2656 πολλῷ
1301 2584 1502 2655 μᾶλλον
1532 2582 1660 2635 ὃταν
1691 2577 1830 2651 μετά
1875 2575 2130 2646 Πνεύμα-

545 2699 637 2745 τος
667 2676 801 2734 ῶσιν
823 2681 880 2732 al
908 2677 1283 2749 παραινέσεις.
1314 2675 1427 2730 Kal
1457 2673 1568 2744 7&9
1593 2671 1768 2743 πυρὸς
1805 2669 2007 2740 μᾶλλον
2031 2667 2132 2738 τὴν

547 2771 965 2843 πεπωρωμένην
1014 2767 1273 2840 μαλάττει
1323 2765 1537 2836 ψυχὴν,
1588 2764 1682 2819 καὶ
1735 2762 1871 2835 πρὸς
1917 2761 2134 2814 ἃπαντα

548 2862 861 2933 ἐπιτηδείαν
909 2856 1312 2921 κατασκευάζει
1362 2855 1431 2909 τά
1465 2853 1637 2920 καλά,
1685 2853 1844 2922 λόγος
1881 2848 1989 2903 ἀπὸ
2025 2847 2135 2901 τῶν

550 2954 709 3007 θείων
746 2951 1108 3024 ἐνηχούμινος
1150 2949 1405 3022 Γραφῶν.
1450 2946 1608 3001 Ούτω
1670 2944 1765 2999 καὶ
1815 2939 2136 3013 Κορινθίους

507 3095 518 3111 ,
551 3044 1003 3115 πεφυσιωμένους
1030 3042 1211 3096 λαὸὼν
1240 3045 1269 3095 6
1307 3041 1521 3103 Παῦλος
1555 3038 1650 3092 καὶ
1675 3035 2134 3106 φλεγμαίνοντας,

554 3136 872 3192 κατέστειλε
898 3135 996 3189 καὶ
1023 3134 1468 3203 ἐπιεικεστέρους
1492 3131 1741 3200 ἐποίησε.
1775 3127 1886 3181 Kal
1913 3124 2025 3196 7&9
2049 3120 2135 3193 ἐφ’

563 3215 646 3284 οἷς
676 3218 1026 3288 αἰσχύνεσθαι
1053 3217 1161 3270 ἔδει
1188 3217 1282 3272 καὶ
1319 3214 1780 3285 ἐγκαλύπτεσθαι,
1815 3212 1907 3264 ἐπὶ
1933 3209 2140 3271 τούτοις

570 3310 712 3382 μέγα
738 3309 1017 3380 ἐφρόνουν.
1056 3307 1193 3361 Ἀλλ’
1223 3306 1411 3377 ἐπειδὴ
1447 3307 1544 3377 τὴν
1584 3302 1904 3373 Ἐπιστολὴν
1932 3298 2143 3362 ἐδέξαν-

567 3419 649 3463 το,
675 3398 904 3454 ἀκόυσον
935 3401 1113 3456 αὐτῶν
1142 3399 1241 3454 τὴν
1281 3397 1582 3470 μεταϐολὴν
1603 3437 1618 3460 ,
1655 3398 1723 3468 ἢν
1751 3393 1914 3458 αὐτὸς
1939 3394 1968 3446 6
1995 3387 2142 3444 διδά-

644 3561 669 3592 ⁸
703 3561 944 3628 συνεχῶς
970 3559 1038 3614 Α.
1071 3559 1176 3614 An.

575 3689 844 3766 ῗποιῶμεν.
932 3701 976 3732 ι·
1005 3689 1105 3752 καῖ
1127 3689 1290 3766 age;
1322 3689 1410 3766 ἐμ]
1439 3697 1545 3766 Sic,
1566 3695 1625 3748 ιι.
1654 3695 1765 3766 Am
1788 3689 1865 3760 τῷ
1884 3689 1959 3766 9s

1281 3561 1302 3592 ⁹
1335 3554 1690 3628 τὺῙ-τοῦτοᾲτδ
1718 3551 1855 3606 Edd.
1887 3549 2000 3628 vid.
2026 3543 2271 3602 Matthxi
2299 3541 2495 3624 ³9100.

571 3605 942 3701 Ὠτωέἒῖῐίδῖϊ
970 3605 1878 3701 ειρς.
2031 3633 2133 3671 mo:

2242 3613 2460 3701 0:95)in
2723 3616 2776 3661 et
2818 3623 2852 3676 p

1988 3685 2243 3801 fimi:
2251 3679 2761 3801 λΡεῗδίεῗέιεόῗτῒ

578 3769 622 3796 ³⁸
652 3751 780 3839 ποίῇ
805 3751 1146 3840 [προσίηται
1179 3751 1242 3822 Β.
1319 3751 1366 3798 ¹’⁶
1387 3751 1713 3834 τειχίζωμεν
1742 3764 1808 3815 Α.
1837 3751 1848 3760 ’
1882 3758 1928 3790 ⁸⁸
1953 3751 2321 3828 βάλλωμενΔ.
2346 3751 2412 3807 C.
2431 3751 2495 3805 E.
2518 3765 2643 3804 mox

2225 483 2421 547 σκαλος
2448 484 2630 548 αὐτοῖς
2665 485 3066 558 ἐμαρτύρησεν,
3091 488 3234 542 οὕτω
3257 487 3434 560 λέγων
3453 507 3466 521 ·
3499 489 3660 545 Αὐτό
3686 493 3801 562 τὰρ

2224 573 2330 628 td‘
2386 574 2534 629 mal
2568 575 2716 629 Θεὸν
2747 579 3092 647 λυπηθῆναι
3130 580 3307 651 ὑμᾶς,
3347 583 3553 649 πόσην
3605 581 3800 651 clm-dp

2223 679 2377 718 σατο
2411 666 2482 718 ἐν
2509 666 2652 736 ὑμῖν
2689 669 2972 736 σπουδήν
2993 688 3010 703 ο
3055 673 3217 726 ἀλλὰ
3244 673 3605 741 ἀπολογίαν,
3636 673 3801 725 ma

2223 755 2700 828 ἀγηνάκτησιν.[
2725 760 2769 792 ¹⁰
2790 760 2952 814 ἀλλὰ
2973 763 3182 827 φόϐον,
3200 763 3362 817 ἀλλά
3383 761 3799 833 ἐπιπόθησιν]

2222 845 2384 899 ἀλλὰ
2400 845 2606 915 ζῆλον,
2623 850 2783 904 ἀλλὰ
2802 850 3137 920 ἐκδίκησιν.
3157 853 3314 907 Οὕτω
3330 853 3424 906 καὶ
3445 853 3683 914 οἰκέτας,
3704 852 3804 905 καὶ

2226 936 2440 1000 παῖδας,
2475 937 2570 992 καὶ
2593 942 2874 1008 γυναῖκας,
2913 943 3010 996 καὶ
3035 943 3220 1016 φίλους
3250 942 3584 1014 ῥυθμίζομεν
3603 943 3669 1004 ⁸⁸,
3704 943 3804 996 καὶ

2222 1027 2349 1088 τοὺς
2380 1027 2608 1098 ἐχθροὺς
2635 1029 2819 1098 φίλους
2856 1031 3135 1101 ποιοῦμεν.
3171 1032 3329 1086 Οὕτω
3363 1032 3458 1085 καὶ
3490 1031 3541 1084 οί
3571 1030 3804 1098 μεγάλοι

2227 1113 2441 1184 ἄνδρες,
2475 1117 2570 1170 καὶ
2599 1119 2678 1190 τῷ
2707 1120 2827 1192 Θεῷ
2856 1122 2999 1190 φίλοι
3017 1124 3086 1186 η,
3116 1122 3353 1192 βελτίους
3385 1122 3654 1190 ἐγένοντο.
3689 1122 3804 1174 Kal

2225 1207 2336 1278 7&9
2367 1210 2397 1260 6
2423 1209 2590 1263 Δαυῒδ
2617 1215 2757 1281 μετά
2797 1214 2896 1284 τὴν
2940 1215 3236 1287 ἁμαρτίαν,
3267 1213 3454 1284 ἐπειδὴ
3484 1214 3658 1279 λόγων
3690 1213 3803 1265 ἀπ·-

2225 1295 2448 1364 ήλαυσε,
2488 1297 2612 1350 τότε
2655 1301 2736 1363 εἰς
2775 1301 2873 1370 τὴν
2903 1303 3196 1373 καλλίστην
3222 1303 3437 1371 ἐκείνην
3467 1297 3600 1370 ἦλθε
3635 1299 3804 1370 μετά-

2226 1401 2374 1440 νοιαν
2393 1402 2408 1416 ο
2437 1389 2530 1441 καὶ¹
2561 1393 2609 1443 οί
2649 1391 2934 1445 ἀπόστολοι
2960 1393 3015 1445 δὲ
3046 1392 3189 1446 οὕτω
3216 1393 3503 1461 γεγόνασιν
3533 1394 3671 1460 ὅπερ
3703 1406 3802 1459 γε-

2227 1477 2436 1544 γόνασι,
2471 1482 2566 1535 καὶ
2611 1483 2710 1553 τὴν
2753 1484 3080 1555 οἰκουμένην
3130 1484 3348 1537 ἃπασαν
3397 1482 3799 1536 ἐπεσπάσαντο.

2227 1567 2338 1621 Kal
2368 1570 2422 1623 τί
2449 1570 2512 1624 τὸ
2537 1573 2764 1643 κέρδος,
2796 1573 2981 1643 φησὶν,
3014 1573 3143 1625 ὅταν
3182 1571 3357 1642 ἀκούῃ
3378 1571 3423 1602 ⁸⁸
3451 1587 3567 1636 τις,
3596 1569 3694 1622 καὶ
3723 1567 3803 1638 μὴ

2226 1661 2418 1731 ποιῇίδ
2452 1663 2521 1716 τὰ
2547 1662 2847 1735 λεγόμενα;
2873 1662 2989 1735 [52]
3037 1664 3113 1715 Οὐ
3157 1662 3352 1734 μικρὸν
3402 1660 3504 1731 μὲν
3549 1659 3646 1712 Ital
3692 1657 3805 1712 ἀπὸ

2227 1750 2326 1820 τῆς
2372 1753 2688 1825 ἀκροάσεως
2718 1755 2869 1808 ἔσται
2901 1755 2961 1808 τὸ
3001 1753 3211 1824 κέρδος.
3242 1752 3352 1807 Kal
3379 1750 3489 1820 7&9
3519 1746 3806 1816 καταγνώ-

2231 1869 2381 1908 σεται
2405 1851 2598 1908 ἐαυτοῦ
2629 1849 2723 1904 καὶ
2763 1847 3028 1912 στενάξει,
3052 1846 3148 1899 καὶ
3176 1842 3294 1914 ἥξει
3326 1841 3457 1895 ποτέ
3485 1842 3580 1895 xal
3623 1841 3716 1893 ἐπὶ
3739 1839 3804 1893 τὸ

2229 1947 2401 1996 ποιεῖν
2440 1943 2507 1995 τά
2542 1941 2829 2010 λεγόμενα.
2861 1939 2920 1989 Ὀ
2955 1936 3012 1989 δὲ
3044 1933 3165 2006 μηδ’
3212 1933 3295 1986 δτι
3335 1931 3580 2002 ἥμαρτεν
3620 1929 3800 1991 εἰδὼς,

2229 2033 2361 2086 πότε
2389 2032 2753 2099 ἀποστήσεται
2795 2026 2891 2080 τοῦ
2940 2022 3310 2094 πλημμελεῖνς
3361 2021 3488 2074 πότε
3520 2019 3804 2087 καταγνὼ·

2231 2139 2382 2176 σεται
2410 2120 2640 2185 ἐαυτοῦς
2677 2118 2768 2191 Μὴ
2791 2118 2971 2171 τοίνυν
3014 2112 3444 2184 καταφρονῶμεν
3468 2110 3567 2180 τῆς
3595 2109 3805 2180 ἀκροά-

2230 2228 2369 2274 σεως
2390 2210 2498 2263 τῶν
2522 2208 2682 2262 θείων
2710 2205 2963 2279 Γραφῶν.
2995 2203 3299 2273 Σατανικῆς
3335 2200 3446 2270 7&9
3466 2199 3642 2254 ταῦτα
3684 2198 3805 2250 δια-

2228 2300 2380 2364 νοίας
2399 2340 2415 2364 ,
2443 2300 2545 2352 ούκ
2577 2297 2831 2367 ἀφιείσης
2861 2296 2951 2350 τὸν
2983 2293 3254 2367 θησαυρὸν
3285 2292 3436 2351 ἰδεῖν.
3479 2291 3565 2343 ἵνα
3596 2289 3672 2360 μὴ
3708 2287 3806 2342 τὸν

2230 2390 2463 2445 πλοῦτον
2485 2388 2854 2459 κερδάνωμεν.
2877 2384 2976 2438 Διά
3002 2383 3162 2437 τοῦτο
3193 2381 3344 2436 οὐδὲν
3371 2376 3510 2434 εἷναί
3539 2395 3670 2448 φησι
3701 2378 3806 2448 τὴν

2231 2481 2494 2551 ἀκρόασιν
2525 2477 2635 2532 τῶν
2665 2477 2825 2533 θείων
2855 2475 3068 2547 νόμων,
3097 2474 3188 2528 ἵνα
3216 2473 3293 2544 μὴ
3328 2473 3427 2543 τὴν
3455 2469 3652 2542 πρᾶξιν
3690 2467 3806 2522 ἀπὺ

2229 2578 2332 2646 τῆς
2358 2575 2675 2648 ἀκροάσεως
2703 2573 2789 2645 ῐδῃ
2812 2569 3250 2642 προσγενομένην
3279 2569 3430 2638 ἡμῖν.
3458 2564 3670 2627 Εἰδότες
3697 2561 3808 2615 τοί-

2232 2685 2326 2722 νυν
2367 2667 2468 2737 τὴν
2509 2661 2754 2735 πονηρὰν
2796 2660 3003 2731 ταύτην
3054 2657 3218 2714 αὐτοῦ
3261 2657 3487 2727 τέχνην,
3541 2651 3808 2707 πάντοθεν

2232 2757 2460 2820 ἐαυτοὺς
2502 2751 2936 2824 ἀποτειχίζωμεν
2955 2752 3022 2816 ’⁵,
3069 2749 3160 2803 ἵνα
3205 2750 3319 2812 τοῖς
3363 2745 3549 2810 ὅπλοις
3592 2745 3808 2804 τούτοις

2235 2848 2590 2920 φραξάμενοι,
2634 2843 2786 2899 αὐτοί
2827 2859 2888 2896 τε
2931 2841 3202 2897 ἀνάλωτοι
3244 2839 3512 2909 μένωμεν,
3560 2834 3656 2890 καί
3701 2833 3809 2903 τὴν

2237 2935 2453 2989 ἐκείνου
2503 2933 2752 3004 βάλωμεν
2772 2931 2816 2963 ⁸⁸
2866 2928 3141 3000 κεφαλήνο
3176 2927 3270 2980 καὶ
3297 2924 3438 2979 οὕτω
3483 2921 3710 2993 λαμπρά
3738 2921 3810 2974 τά

2235 3023 2529 3097 νικτητήρια
2557 3023 2976 3096 ἀναδησάμενοι,
2998 3021 3108 3075 τῶν
3141 3019 3436 3091 μελλόντων
3465 3013 3813 3082 ἐπιτύχωμεν

2239 3117 2481 3188 ἀγαθῶν,
2527 3116 2712 3187 χάριτι
2749 3115 2843 3168 καὶ
2876 3111 3253 3184 φιλανθρωπίᾳ
3283 3109 3378 3164 τοῦ
3419 3106 3624 3178 Κυρίου
3652 3102 3814 3173 ἡμῶν

2250 3205 2430 3279 Ἰησοῦ
2463 3204 2723 3277 Χριστοῦ,
2765 3197 2810 3272 ᾧ
2843 3205 2876 3273 ἠ
2921 3203 3047 3268 δόξα
3079 3201 3175 3254 καὶ
3218 3197 3281 3252 τὸ
3328 3198 3527 3269 κράτος
3566 3195 3644 3256 εἰς
3680 3190 3810 3252 τοὺς

2241 3299 2440 3361 αἰῶνας
2467 3296 2579 3351 τῶν
2613 3296 2844 3352 αἰώνων.
2885 3292 3079 3365 Ἀμήν.

2611 3538 2656 3572 ¹⁶
2680 3536 2805 3592 Haec
2826 3536 2989 3591 verba
3026 3536 3226 3591 desunt
3268 3528 3322 3583 in
3361 3522 3614 3592 codd.rel.
3648 3516 3794 3573 Edd.

2856 3622 2902 3659 r.
2934 3607 2996 3662 (Σ.
3037 3605 3098 3660 Ι).
3132 3599 3314 3673 (διεθετί
3349 3591 3806 3673 *ῥυθμίςωμεγιςι

2795 3656 3059 3746 γὲγὸνασξ
3347 3656 3633 3746 ί³ἢάκούσῂ
3656 3656 3808 3712 Edd.

2773 3732 2888 3801 o'm:
2917 3747 2984 3801 Α.
3015 3745 3080 3799 C.
3109 3743 3172 3810 Ε,
3201 3747 3258 3797 ει
3274 3751 3358 3808 pr.
3389 3732 3453 3788 Ι).

584 3875 3806 3932 ________________________________._______.__——

2015 3987 2261 4047 OMIAIA
2293 3983 2370 4041 Γ.

569 4193 785 4256 Βίϐλος
820 4187 1114 4258 γενέσεως
1152 4182 1357 4258 Ἰησοῦ
1379 4179 1655 4258 ΔΧριρίὀῦ
1678 4219 1694 4246 ,
1736 4175 1874 4234 υίοῦ
1925 4169 2109 4228 Δαυῒδ
2126 4210 2144 4237 ,

1139 4252 1275 4309 υίοῦ
1309 4251 1577 4321 Ἀϐραάμ.

641 4368 709 4424 α’.
744 4369 874 4421 Ἰδοὺ
897 4367 1053 4438 τρίτη
1071 4362 1323 4428 διάλεξις,
1341 4360 1435 4414 καὶ
1449 4359 1517 4414 τά
1537 4361 1594 4412 ἐν
1613 4358 1918 4430 προοιμίοις
1937 4354 2147 4409 οὐδέπω

570 4455 951 4526 διελυσάμεθα.
1006 4453 1120 4505 Οὐκ
1164 4450 1271 4520 ἄρα
1321 4447 1498 4518 μάτην
1529 4445 1737 4513 ἔλεγον,
1776 4444 1860 4497 ὅτι
1907 4441 2043 4495 πολὺ
2083 4439 2147 4492 τὸ

573 4551 737 4622 βάθος
778 4549 890 4619 ἔχει
933 4547 1045 4598 τῶν
1085 4542 1372 4614 νοημάτων
1399 4538 1605 4592 τούτων
1634 4540 1667 4608 ἡ
1701 4536 1882 4606 φύσις.
1917 4533 2053 4604 Φέρε
2078 4530 2143 4601 δὴ

569 4644 638 4696 τὰ
673 4643 968 4711 λειπόμενα
1004 4639 1241 4709 σήμερον
1271 4635 1531 4703 εἴπωμεν.
1568 4629 1635 4684 Τί
1671 4630 1790 4681 ποτ’
1818 4622 1909 4680 οὖν
1935 4627 2050 4677 ἐστι
2083 4623 2146 4676 τὸ

572 4733 900 4804 ζητούμενον
926 4729 1050 4804 νῦνς
1080 4727 1237 4789 Τίνος
1279 4725 1466 4780 ἐνεκεν
1499 4724 1528 4776 6
1565 4719 1762 4790 Ἰωσὴφ
1800 4715 2145 4787 γενεαλογεῖ-

573 4803 684 4887 ται,
701 4824 855 4876 οὐδὲν
879 4803 1015 4892 πρὸς
1039 4819 1139 4890 τὴν
1157 4817 1412 4888 γέννησιν
1435 4810 1724 4866 συντελῶν.
1751 4809 1859 4863 Kal
1885 4807 2013 4877 μίαν
2039 4803 2141 4875 μέν

570 4910 749 4963 αἰτίαν
783 4909 1086 4979 εἰρήκαμεν
1109 4905 1208 4977 ἤδη
1227 4921 1242 4937 ·
1279 4903 1574 4972 ἀναγκαῖον
1600 4900 1656 4953 δέ
1701 4900 1796 4952 καί
1822 4898 1921 4969 τὴν
1951 4898 2145 4969 ἑτέραν

569 5003 742 5053 εἰπεῖν
764 5039 778 5058 ,
824 4998 922 5068 τὴν
956 4995 1362 5068 μυστικωτέραν
1403 4993 1499 5047 καὶ
1527 4989 1972 5062 ἀπορρητοτέραν
2003 4989 2146 5042 ἐκεί-

575 5109 684 5161 νης.
705 5091 800 5152 Τίς
822 5085 914 5141 οῦν
941 5091 1086 5141 ἐστιν
1111 5088 1248 5159 αῦτη
1273 5105 1288 5152 ;
1317 5087 1431 5140 Οὐκ
1460 5083 1714 5136 ἐϐούλετο
1739 5086 1853 5146 τοῖς
1868 5081 2146 5144 Ἰουδαίοις

552 5179 707 5236 ἰῒναι
741 5180 898 5249 δῆλον
941 5179 1092 5248 παρὰ
1117 5180 1262 5231 τδν¹⁷
1297 5178 1404 5231 τῶν
1437 5176 1643 5229 ὠδίνων
1672 5174 1885 5244 καιρὸν,
1914 5170 2029 5245 [33]
2064 5173 2147 5224 ὅτι

556 5290 580 5326 ε
601 5293 633 5328 κ
667 5272 941 5344 Παρθένου
969 5270 1288 5338 γεγέννηται
1318 5268 1362 5300 ¹⁸
1400 5270 1428 5321 6
1459 5267 1713 5338 Χριστός.
1757 5264 1921 5318 Ἀλλά
1953 5263 2028 5334 μὴ
2061 5263 2148 5316 θο-

574 5366 825 5436 ρυϐεἰσθε
849 5363 983 5434 πρὸς
1009 5363 1069 5414 τὸ
1097 5359 1394 5430 παράδοξον
1419 5360 1511 5412 τοῦ
1541 5357 1854 5428 λεγομένου.
1876 5356 1951 5409 Ού
1973 5356 2015 5387 ¹⁹
2037 5354 2147 5423 7&9

574 5458 597 5506 ἐ
609 5457 705 5526 μὺς
729 5459 756 5508 6
786 5456 963 5524 λόγος,
1007 5453 1140 5506 ἀλλὰ
1174 5451 1432 5522 Πατέρων
1476 5449 1785 5520 ἡμετέρων,
1817 5445 2148 5516 θαυμαστῶν

575 5547 667 5597 καὶ
702 5547 986 5613 ἐπισήμων
1027 5542 1253 5612 ἀνδρῶν.
1281 5541 1342 5592 Εἰ
1373 5540 1480 5610 7&9
1510 5540 1678 5593 πολλὰ
1704 5537 2056 5590 συνεσκίασεν
2089 5535 2150 5598 ἐξ

577 5636 753 5706 ἀρχῆς
775 5673 790 5697 ,
817 5632 945 5684 Υἱὸν
988 5625 1279 5692 ἀνθρώπου
1314 5622 1493 5674 καλῶν
1542 5623 1756 5687 ἑαυτὸν,
1788 5619 1884 5672 καὶ
1908 5615 2030 5670 ούδέ
2056 5613 2156 5684 τὴν

583 5727 722 5795 πρὸς
749 5724 840 5777 τὸν
875 5720 1096 5789 Πατέρα
1143 5715 1363 5783 ἰσότητα
1391 5713 1664 5783 πανταχοῦ
1695 5707 1883 5778 σαφῶς
1911 5709 2043 5777 ἡμῖν
2072 5704 2160 5770 ἐξ-

574 5813 832 5882 εκάλυψε·
860 5812 912 5864 τί
938 5805 1259 5878 θαυμάζεις,
1289 5804 1336 5854 εἰ
1359 5803 1450 5856 καὶ
1477 5801 1636 5853 τοῦτο
1657 5795 1976 5852 συνεσκίασε
2000 5792 2158 5855 τέως,

2254 4145 2570 4220 θαυμαστόν
2601 4163 2657 4199 τι
2690 4143 2786 4198 καί⁵
2822 4129 2967 4215 μέγα
3007 4140 3338 4213 οίκονομῶν;
3376 4139 3488 4195 Kal
3519 4138 3672 4190 ποῖον
3703 4135 3839 4188 θαυ-

2259 4239 2501 4313 μαστόνς
2554 4236 2709 4308 φησί.
2745 4235 2820 4289 T6
2857 4235 3189 4306 διασωθῆναι
3237 4235 3338 4303 τὴν
3385 4229 3695 4303 Παρθένον,
3746 4227 3844 4279 καὶ

2255 4329 2492 4400 ὑποψίας
2515 4328 2900 4398 ἀπαλλαγῆναι
2932 4326 3193 4397 πονηρᾶς.
3227 4325 3290 4377 Εἰ
3318 4323 3428 4393 7&9
3468 4319 3627 4374 τοῦτο
3659 4315 3721 4382 ἐξ
3742 4317 3845 4386 ἀρ-

2256 4425 2357 4493 χῆς
2381 4421 2494 4484 τοῖς
2531 4418 2805 4481 Ἰουδαίοις
2845 4417 3038 4486 γέγονε
3079 4414 3411 4483 κατάδηλον,
3442 4411 3546 4465 κᾶν
3582 4407 3843 4462 κατέλευ-

2261 4528 2360 4564 σαν
2387 4511 2483 4582 τὴν
2514 4509 2793 4581 Παρθένον
2826 4505 3262 4579 κακουργοῦντες
3285 4504 3363 4575 τῷ
3399 4501 3677 4581 λεγομένῳ
3697 4539 3711 4562 ,
3747 4498 3846 4551 καὶ

2264 4580 2512 4673 μοιχείας
2538 4580 2706 4672 αὐτὴν
2734 4599 2954 4671 ἔκριναν
2987 4600 3073 4653 ἄν.
3105 4597 3170 4650 Εἰ
3196 4597 3304 4668 γὰρ
3352 4580 3501 4663 ὑπὲρν
3517 4591 3624 4644 τῶν
3647 4589 3844 4651 ἄλλων,

2260 4687 2336 4745 ὧν
2367 4693 2628 4755 πολλάκις
2677 4690 2771 4744 καὶ
2799 4689 3178 4758 ὑποδείγματα
3225 4683 3369 4755 εἶχον
3397 4687 3456 4738 ἐν
3498 4685 3566 4753 τῇ
3607 4679 3845 4748 Παλαιᾷ,

2261 4783 2512 4857 φανερῶς
2561 4781 2954 4853 ηναισχύντουν
3019 4780 3137 4847 (καὶ
3188 4778 3297 4850 7&9
3342 4775 3532 4845 ἐπειδὴ
3583 4772 3847 4842 δαίμονας

2261 4875 2505 4941 ἐξέύαλε,
2555 4873 2895 4945 δαιμονῶντα
2942 4870 3192 4933 ἐκάλουν,
3238 4869 3333 4923 καὶ
3363 4866 3552 4936 ἐπειδὴ
3594 4866 3652 4918 ἐν
3702 4863 3847 4916 Σαὸν

2264 4969 2414 5038 ϐάτῳ
2451 4966 2844 5037 ἐθεράπευσεν,
2871 4963 3117 5017 ἀντίθεον
3141 4958 3281 5014 εἶναι
3305 4957 3574 5028 ἐνόμιζον,
3605 4954 3850 5020 καίτοιγε

2265 5060 2526 5122 πολλάκις
2578 5058 2669 5111 καὶ
2702 5058 2968 5130 πρότερον
3011 5054 3179 5123 ἐλύθη
3210 5051 3271 5106 τὸ
3308 5048 3631 5117 Σάϐϐατον),
3664 5046 3714 5098 τί
3751 5046 3854 5097 οὐκ

2266 5153 2331 5206 ἂν
2357 5147 2510 5204 εἷπον
2537 5151 2728 5204 τούτου
2759 5149 3072 5221 λεχθέντος;
3109 5147 3222 5200 Kal
3243 5143 3353 5215 7&9
3382 5137 3526 5211 εἶχον
3554 5138 3730 5193 πάντα
3757 5137 3850 5189 τὸν

2267 5244 2374 5312 πρὸ
2396 5243 2588 5297 τούτου
2620 5241 3122 5312 συναγωνιζόμενον
3143 5239 3327 5301 αὐτοῖς
3352 5233 3562 5300 καιρὸν,
3592 5228 3854 5285 οὐδέποτέ

2267 5355 2319 5391 τι
2347 5336 2586 5390 τοιοῦτον
2617 5335 2930 5404 ἐνεγκόντα.
2963 5335 3026 5386 El
3060 5331 3170 5402 7&9
3203 5328 3344 5401 μετά
3380 5323 3620 5379 τοσαῦτα
3650 5323 3859 5391 σημεῖα.

2268 5427 2348 5481 ἔτι
2378 5427 2539 5480 αὐτὸν
2567 5424 2662 5478 τοῦ
2700 5426 2898 5496 Ἰωσὴφ
2931 5423 3158 5476 ἐκάλουν
3185 5421 3317 5486 υἱὸν,
3354 5416 3472 5480 πῶς
3515 5415 3582 5469 ἂν
3608 5411 3714 5483 πρὸ
3745 5411 3860 5463 τῶν

2271 5519 2517 5590 σημείων
2569 5518 2920 5580 ἐπίστευσαν,
2955 5517 3037 5569 ὅτι
3065 5517 3128 5566 ἐκ
3146 5513 3193 5544 ²⁰
3228 5509 3508 5580 Παρθένου
3535 5503 3634 5578 ἦνλ;
3663 5504 3761 5557 Διά
3791 5503 3863 5574 δὴ

2271 5609 2428 5662 τοῦτο
2451 5609 2546 5662 καὶ
2571 5608 2997 5677 γενεαλογεῖται,
3026 5607 3120 5659 καὶ
3148 5601 3508 5674 μνηστεύεται
3528 5597 3625 5668 τὴν
3643 5594 3863 5665 Παρθέ-

2274 5717 2384 5754 νον.
2415 5701 2590 5754 ’Ὀπου
2624 5701 2732 5772 γὰρ
2775 5700 2804 5751 6
2854 5699 3052 5770 Ἰωσὴφ
3077 5737 3092 5762 ,
3124 5697 3218 5750 καὶ
3261 5693 3469 5755 δίκαιος
3498 5690 3574 5743 ὢν
3604 5689 3698 5742 καὶ
3727 5687 3864 5740 θαυ-

2279 5792 2482 5864 μαστδς
2515 5793 2689 5864 ἀνὴρ,
2725 5791 2936 5844 πολλῶν
2980 5789 3175 5860 ἐδεήθη
3210 5787 3351 5841 ὥστε
3390 5781 3645 5847 δέξασθαι
3679 5780 3738 5832 τὸ
3773 5794 3870 5845 γε-

672 5964 714 5998 ⁶⁷
747 5965 898 6040 παρὰ
925 5967 1038 6038 τόν]
1064 5965 1154 6020 Sic
1180 5961 1240 6016 Β.
1271 5961 1333 6015 F.
1368 5961 1470 6016 An.
1503 5963 1654 6016 Arm.
1687 5956 1867 6012 caeleri
1899 5957 1989 6010 τὸν
2019 5953 2133 6026 πρό.

2248 5953 2269 5984 ⁸
2297 5949 2589 6021 γεγένηται
2620 5945 2758 6003 Edd.
2834 5945 2883 5979 ¹⁹
2911 5943 3030 5999 οὐδέ
3053 5943 3116 6000 Β.
3193 5941 3241 5973 ⁸⁸
3270 5938 3356 6011 ἐκ]
3383 5937 3477 5992 καὶ
3501 5937 3566 5989 ἐκ
3599 5932 3658 5988 Β.
3695 5928 3758 5986 Ι).
3782 5926 3852 5984 ιε’.
