4066 6466
213 466 264 520 Si
987 497 990 499 λ
1319 459 1384 514 IN
1424 457 1864 515 MATTII/‘EUM.
1909 452 2145 508 "UMIL
2188 450 2282 505 111.

209 579 327 632 enim
374 576 464 639 eis,
509 573 709 644 inquit,
766 590 870 628 non
928 575 1123 642 famem
1178 573 1352 644 panis,
1398 589 1566 643 neque
1614 571 1756 626 sitim

210 696 373 752 om;
413 680 503 734 sed
557 681 752 750 famem
803 679 1053 735 audiendi
1105 681 1247 735 verbi
1299 680 1513 734 Domini
1564 679 1759 750 (Amos

162 778 166 780 ’
211 787 254 843 8.
292 785 403 855 ll).
439 783 582 851 Quid
619 795 803 840 autem
841 784 1120 839 infelicius
1162 800 1285 841 esse
1319 787 1514 856 possit,
1566 801 1756 855 quam,

211 907 317 947 cum
343 891 474 945 illud
505 890 653 960 quod
680 890 824 945 Deus
853 899 916 944 ut
945 905 1164 960 poenam
1191 889 1586 953 comminatur,
1620 887 1760 944 illud

211 984 363 1068 ipsum
404 997 606 1051 malum
654 1003 716 1050 tu
755 1003 952 1065 sponte
999 997 1054 1051 in
1100 1004 1267 1068 caput
1298 1005 1453 1052 tuum
1485 996 1757 1060 attrahis,

209 1100 320 1156 dum
340 1102 654 1172 gravissima
677 1100 820 1156 fame
846 1101 1019 1160 amcis
1039 1103 1281 1158 animam
1303 1113 1474 1168 tuam,
1499 1103 1761 1173 illamque

209 1208 435 1263 omnibus
470 1206 832 1264 inﬁrmiorem
862 1208 1095 1264 reddis?
1120 1209 1258 1264 Nam
1297 1224 1330 1264 a
1357 1208 1545 1264 verbis
1578 1209 1672 1264 illa
1705 1215 1763 1262 et

209 1313 455 1383 corrumpi
493 1323 551 1369 et
587 1313 766 1368 sanari
792 1313 954 1370 solet.
998 1313 1286 1385 Siquidem
1313 1315 1427 1370 illis
1456 1323 1514 1370 et
1537 1315 1594 1369 in
1624 1312 1763 1368 iram

208 1418 502 1483 concitatur,
532 1427 589 1472 et
616 1427 893 1474 commota
919 1418 1243 1490 mitigatur:
1266 1418 1335 1475 ad
1364 1419 1764 1490 concupiscen-

211 1522 320 1576 tiam
367 1522 626 1577 lascivum
677 1522 887 1579 dictum
939 1522 1210 1589 incendit,
1244 1530 1302 1578 et
1337 1521 1404 1578 ad
1452 1521 1762 1577 castitatem

209 1627 409 1683 verbum
451 1627 746 1683 honestum
795 1628 1036 1684 reducit.
1093 1627 1153 1685 Si
1198 1627 1348 1683 enim
1395 1641 1578 1683 sermo
1611 1625 1764 1681 solus

213 1739 389 1786 tantam
414 1731 522 1787 vim
546 1732 735 1798 habet,
761 1749 884 1800 cur,
907 1747 1116 1806 quaeso,
1141 1734 1458 1804 Scripturas
1481 1730 1763 1802 despicis?

211 1835 259 1890 Si
283 1852 500 1906 namque
531 1837 940 1895 admonitiones
968 1846 1180 1894 tantum
1208 1838 1417 1905 valent,
1443 1837 1620 1893 multo
1645 1851 1761 1892 ma-

211 1938 280 2008 gis
319 1942 530 2010 quando
581 1957 708 1998 cum
763 1942 1236 1999 admonitionibus
1289 1942 1448 2000 adest
1499 1942 1758 2013 Spiritus.

211 2042 401 2100 Etenim
438 2046 666 2102 verbum
696 2063 767 2104 ex
803 2047 1112 2118 Scripturis
1139 2048 1348 2104 divinis
1371 2049 1646 2120 prolatum
1681 2047 1766 2101 in-

211 2147 432 2205 duratam
465 2152 702 2208 animam
739 2154 864 2224 igne
893 2155 1281 2210 vehementius
1312 2154 1544 2219 emollit,
1590 2161 1647 2209 et
1692 2153 1762 2208 ad

211 2254 439 2322 qualibet
458 2257 604 2312 bona
629 2268 811 2328 aptam
838 2259 1026 2315 edicit.
1057 2258 1152 2316 Sic
1175 2274 1304 2314 cum
1335 2258 1538 2314 Paulus
1561 2257 1761 2313 Corin-

213 2357 335 2413 thios
353 2360 563 2436 intlatos
588 2371 648 2418 et
673 2371 951 2419 tumentes
971 2379 1094 2419 esse
1117 2364 1590 2435 deprehendisset,
1615 2378 1763 2417 com-

213 2466 384 2532 pressit
418 2482 481 2522 ac
519 2468 886 2524 modestiores
935 2469 1196 2527 reddidit.
1245 2471 1322 2525 De
1363 2469 1571 2540 quibus
1615 2468 1766 2524 enim

212 2568 392 2636 pudore
423 2571 738 2642 ruboreque
767 2573 906 2629 afﬁci
943 2589 1044 2645 par
1075 2585 1218 2640 erat,
1262 2573 1332 2630 de
1363 2574 1557 2630 iisdem
1589 2573 1762 2628 altum

213 2671 484 2742 sapiebant.
523 2676 634 2731 Sed
676 2686 968 2748 postquam
1011 2679 1168 2734 Pauli
1208 2678 1497 2749 epistolam
1532 2692 1764 2749 accepe-

214 2785 338 2841 rant.
375 2779 500 2834 audi
544 2781 773 2837 illorum
806 2783 1190 2849 mutationem,
1218 2800 1384 2855 quam
1427 2785 1545 2856 ipse
1574 2785 1770 2840 doctor

214 2879 506 2937 testiﬁcatus
525 2893 617 2939 est
640 2883 730 2941 his
757 2887 978 2942 verbis:
999 2888 1110 2942 Hoc
1126 2891 1266 2942 enim
1285 2891 1458 2960 ipsum
1482 2890 1770 2944 secundum

215 2981 363 3037 Deum
398 2991 729 3057 contristari,
769 3002 1030 3062 quantam
1066 2996 1122 3048 in
1155 2995 1296 3050 vobis
1329 3005 1580 3066 aperatur
1617 2995 1771 3051 solli-

213 3087 465 3145 citudinem
490 3109 509 3147 :
536 3095 636 3148 sed
662 3095 1042 3167 defensionem,
1075 3100 1166 3154 sed
1201 3101 1642 3172 indignationem,
1682 3103 1772 3156 sed

213 3192 610 3266 cmulotionem,
655 3199 748 3254 sed
793 3201 1082 3257 uindictam
1116 3202 1204 3275 (2.
1253 3202 1376 3259 Cor.
1421 3205 1472 3258 7.
1519 3204 1640 3273 ll).
1679 3203 1772 3259 Sic

3361 460 3433 514 32

1858 571 2112 635 famulos,
2153 571 2313 634 ﬁlios,
2350 586 2569 636 uxores,
2613 575 2821 628 amicos
2858 572 3233 638 instituamus,
3264 585 3321 628 et
3364 575 3436 631 de

1859 679 2100 734 inimicis
2125 681 2334 734 amicos
2363 680 2544 735 facere
2567 695 2844 736 curcmus.
2871 681 2961 736 Sic
2987 683 3168 751 magni
3201 681 3280 736 illi
3305 682 3436 744 viri,

1857 785 2084 856 Deoque
2115 785 2301 848 amici,
2333 785 2593 841 meliores
2621 786 2802 840 effecti
2833 795 2981 840 sunt.
3019 786 3235 841 Etenim
3266 785 3437 841 David

1858 900 1983 960 post
2035 900 2344 960 peccatum,
2395 891 2554 946 verbi
2609 891 2813 955 fructu,
2869 891 2925 946 in
2975 892 3239 962 Optimam
3289 890 3442 946 illam

1860 996 2131 1050 deductus
2160 1005 2245 1051 est
2274 996 2656 1066 paenitentiam
2684 995 2759 1065 (2.
2782 996 2911 1066 Reg.
2937 996 3022 1050 12.
3053 998 3140 1066 15)
3168 1015 3182 1050 :
3207 998 3442 1066 apostoli

1860 1115 2081 1169 quoque
2131 1101 2213 1155 sic
2259 1101 2399 1155 tales
2446 1111 2765 1164 evaserunt,
2819 1102 3009 1170 quales
3059 1103 3338 1167 novimus,
3386 1109 3446 1158 et

1863 1206 2182 1261 universum
2211 1206 2405 1261 orbem
2443 1216 2808 1263 attraxerunt.
2847 1208 3053 1279 Ecquis
3083 1207 3323 1274 fructus,
3358 1208 3446 1262 in-

1861 1313 2040 1382 quies,
2088 1312 2134 1367 si
2179 1312 2306 1382 quis
2351 1312 2558 1382 audiat,
2606 1321 2664 1368 et
2712 1313 2859 1368 dicta
2908 1328 3021 1368 non
3069 1315 3447 1385 exsequatur?

1863 1419 1982 1475 Non
2034 1419 2312 1474 modicum
2360 1427 2511 1474 certe
2561 1434 2630 1474 ex
2678 1419 2873 1474 auditu
2925 1418 3152 1476 accedet
3206 1419 3442 1474 lucrum.

1863 1526 1998 1582 Nam
2022 1526 2069 1580 is
2105 1526 2347 1596 seipsum
2380 1523 2664 1581 damnabit
2696 1532 2752 1580 et
2787 1525 3130 1596 ingemiscet,
3160 1534 3218 1580 et
3247 1540 3315 1579 eo
3347 1525 3448 1579 ali-

1861 1633 2085 1703 quando
2113 1631 2441 1697 deducetur,
2473 1639 2536 1686 ut
2563 1646 2687 1702 qua:
2719 1631 2866 1685 dicta
2893 1640 3025 1686 sunt
3057 1631 3304 1700 impleat.
3341 1629 3445 1696 Qui

1859 1754 1995 1794 vero
2028 1753 2099 1795 ne
2145 1737 2371 1809 quidem
2408 1738 2516 1794 scit
2551 1753 2620 1793 an
2645 1737 2980 1808 peccaverit,
3005 1735 3228 1806 quando
3257 1751 3289 1790 a
3321 1751 3447 1805 pec-
3496 1814 3497 1817 η

1869 1843 2046 1900 cando
2075 1843 2344 1900 desistet?
2377 1842 2600 1914 quando
2631 1848 2855 1912 peccata
2888 1840 3175 1896 damnabit
3204 1841 3342 1896 sua?
3371 1840 3448 1895 Ne

1869 1947 2056 2018 itaque
2087 1955 2508 2003 contemnamus
2534 1946 2847 2002 divinarum
2875 1946 3170 2002 lectionem
3201 1945 3453 2015 Scriptu-

1867 2067 2076 2108 rarum.
2113 2053 2240 2111 Haec
2269 2055 2419 2110 enim
2449 2053 2722 2110 diabolica
2760 2065 2846 2110 est
2885 2053 3147 2124 cogitatio
3185 2069 3309 2122 qua:
3337 2067 3450 2106 non

1865 2158 2141 2227 permittit
2179 2167 2241 2214 ut
2284 2159 2604 2215 thesaurum
2647 2157 2957 2222 videamus,
2997 2171 3068 2211 ne
3101 2155 3325 2211 divitias
3355 2170 3450 2209 ac-

1867 2265 2174 2334 quiramus.
2195 2264 2325 2320 ldeo
2347 2264 2487 2318 nihil
2514 2278 2636 2319 esse
2657 2263 2796 2319 dicit
2820 2262 3014 2318 audire
3037 2262 3256 2317 divinas
3278 2262 3450 2332 leges,

1868 2386 1938 2426 ne
1968 2385 2036 2425 ex
2065 2370 2259 2426 auditu
2287 2384 2390 2426 nos
2421 2369 2488 2424 ad
2512 2369 2772 2426 effectum
2795 2384 2911 2424 rem
2935 2368 3210 2424 deducere
3241 2368 3449 2423 videat.

1871 2452 2120 2534 Scientes
2142 2478 2330 2548 igitur,
2364 2478 2506 2532 hanc
2530 2478 2650 2548 ejus
2667 2491 2792 2531 esse
2823 2474 3218 2545 nequissimam
3249 2479 3451 2538 artem,

1871 2587 2116 2658 undique
2154 2602 2256 2642 nos
2293 2587 2628 2649 muniamus,
2658 2594 2720 2641 ut
2751 2585 2838 2640 his
2878 2583 3048 2639 armis
3085 2582 3363 2646 instructi,
3394 2590 3452 2637 et
3491 2585 3495 2588 ’

1870 2709 1972 2750 nos
1988 2693 2176 2749 invicti
2197 2706 2517 2748 maneamus
2530 2690 2760 2762 ejusque
2778 2697 2944 2760 caput
2959 2687 3244 2752 feriamus,
3259 2687 3452 2770 sicque

1866 2799 2113 2856 victoriae
2152 2799 2462 2870 insignibus
2499 2797 2772 2862 coronati,
2827 2797 3013 2850 futura
3043 2808 3451 2864 consequamur

1871 2905 2044 2970 bona,
2096 2904 2270 2976 gratia
2326 2912 2383 2959 et
2428 2902 2768 2973 benignitate
2821 2899 3040 2955 Domini
3093 2897 3271 2952 nostri
3323 2897 3450 2953 Jcsn

1869 3009 2114 3076 Christi,
2152 3011 2243 3065 cui
2273 3008 2449 3080 gloria
2476 3015 2532 3063 et
2565 3007 2855 3078 imperium
2899 3007 2953 3060 in
2989 3005 3188 3061 saecula
3228 3004 3458 3061 saeculo-

1877 3132 2024 3172 rum.
2058 3116 2252 3170 Amen.

1591 3820 1933 3884 HOMILIA
1982 3819 2086 3882 IIl.

225 4095 342 4158 Cn.
390 4101 433 4168 ι,
477 4117 533 4157 v.
570 4101 627 4156 l.
662 4099 815 4156 Liber
857 4100 1212 4172 generationis
1257 4097 1383 4153 Iesu
1425 4095 1645 4160 Christi,
1695 4094 1794 4162 filii

683 4205 877 4271 David,
913 4205 1016 4273 ﬁlii
1043 4205 1334 4261 Abraham.

283 4411 338 4484 gl.
367 4412 477 4468 Cur
521 4413 775 4484 Iosephi,
823 4428 930 4468 non
964 4413 1155 4469 Mariae
1194 4411 1505 4484 genealogia
1543 4413 1792 4466 ducatur.

223 4519 435 4576 -—Ecce
477 4522 598 4594 jam
642 4520 864 4575 tertiam
905 4519 1393 4583 dissertationem,
1439 4530 1495 4574 et
1532 4517 1798 4588 prommia

223 4624 452 4680 nondum
496 4624 861 4681 absolvimus.
914 4623 1038 4680 Non
1091 4637 1224 4696 ergo
1269 4622 1475 4678 frustra
1524 4622 1796 4687 dicebam,

225 4729 508 4785 admodum
573 4728 904 4800 profundam
958 4743 1082 4786 esse
1136 4729 1335 4784 barum
1397 4728 1798 4784 sententiarum

223 4842 484 4892 naturam.
535 4839 650 4908 Age
699 4836 867 4892 hodie
908 4851 1032 4907 qua
1079 4835 1301 4892 residua
1352 4843 1484 4889 sunt
1530 4833 1797 4890 dicamus.

224 4934 354 5003 Quid
382 4957 516 5014 ergo
542 4943 656 5014 jam
689 4941 1031 5012 quaerimus?
1063 4939 1177 4997 Cur
1223 4939 1451 5010 Josephi
1482 4939 1801 5010 genealogia

225 5044 467 5113 ducatur,
499 5050 598 5119 qui
630 5048 772 5103 nihil
812 5047 883 5103 ad
921 5046 1335 5118 generationem
1383 5044 1654 5101 contulit?
1680 5043 1800 5099 1am

222 5163 373 5206 unam
407 5168 634 5209 causam
657 5153 898 5209 diximus
926 5169 940 5206 :
969 5166 1153 5222 operae
1173 5150 1417 5221 pretium
1442 5159 1528 5206 est
1551 5159 1614 5206 ut
1637 5148 1800 5205 aliam

222 5252 478 5321 dicamus,
527 5257 706 5328 magis
757 5256 1045 5328 mysticam
1095 5263 1155 5312 et
1208 5271 1488 5312 arcanam.
1542 5254 1801 5323 Quaenam

223 5357 305 5412 illa
346 5363 466 5415 est?
509 5353 750 5417 Norebat
793 5361 1005 5418 Judaeis
1054 5368 1248 5416 notum
1281 5376 1404 5416 esse
1448 5361 1568 5430 ipso
1615 5369 1804 5433 partus

235 5469 473 5533 tempore
507 5483 574 5522 ex
602 5465 830 5538 Virgine
853 5466 1005 5522 nasci
1030 5464 1334 5522 Christum.
1365 5465 1474 5522 Sed
1509 5480 1580 5521 ne
1615 5466 1805 5521 turbe-

223 5568 346 5623 mini
367 5570 436 5627 dc
461 5571 839 5642 inexspectata
861 5569 1242 5640 responsione.
1264 5569 1454 5641 Neque
1473 5570 1622 5627 enim
1646 5586 1802 5626 meus

225 5670 308 5728 hic
331 5682 416 5730 est
452 5690 660 5742 sermo,
689 5674 788 5730 sed
821 5681 1041 5744 patrum
1078 5683 1401 5732 nostrorum
1443 5675 1798 5733 admirando-

223 5791 335 5833 rum
387 5781 806 5853 insigniumque
841 5796 1109 5836 urorum.
1143 5781 1203 5837 Si
1255 5780 1404 5838 enim
1440 5781 1612 5837 multa
1666 5782 1800 5838 sub-

1898 4094 2130 4149 obscure
2158 4093 2229 4147 ab
2254 4092 2412 4146 initio
2441 4095 2705 4162 loquutus
2733 4100 2839 4156 est,
2866 4094 3064 4148 Filium
3091 4095 3334 4146 hominis
3354 4108 3478 4150 sese

1893 4212 2119 4259 vocans,
2147 4211 2252 4252 nec
2283 4195 2491 4264 ubique
2539 4209 2694 4249 suam
2740 4209 2869 4249 cum
2908 4195 3069 4250 Patre
3108 4197 3478 4265 aequalitatem

1897 4305 2042 4359 clare
2092 4305 2363 4368 revelans,
2401 4303 2536 4374 quid
2568 4303 2788 4358 miraris
2837 4305 2884 4359 si
2934 4304 3041 4360 hoc
3087 4305 3251 4360 etiam
3289 4306 3483 4360 adum-

1898 4411 2097 4476 bravit,
2128 4425 2324 4481 magna
2356 4410 2592 4480 quadam
2628 4420 2685 4465 et
2712 4411 2952 4466 mirabili
2980 4427 3113 4468 usus
3141 4413 3485 4469 meonornia‘!

1898 4513 2110 4584 Ecquid
2137 4515 2228 4570 hic
2247 4515 2499 4569 mirabile
2513 4515 2539 4566 ?
2564 4515 2798 4585 inquies.
2813 4515 2883 4572 Ut
2909 4526 3156 4571 servaret
3181 4516 3481 4588 Virginem,

1897 4631 1954 4676 et
1977 4637 2007 4675 a
2042 4637 2208 4692 prava
2240 4623 2553 4693 suSpicione
2590 4621 2872 4678 liberaret.
2900 4623 2957 4678 Si
2984 4625 3134 4680 enim
3162 4626 3280 4680 haec
3307 4625 3482 4679 Judaei

1899 4728 1968 4784 ab
2019 4727 2180 4782 initio
2231 4728 2541 4792 audissent,
2590 4728 2831 4800 maligne
2884 4745 2999 4784 rem
3049 4731 3484 4798 interpretantes

1900 4832 2181 4904 Virginem
2209 4833 2564 4902 lapidassent,
2591 4843 2755 4904 atque
2785 4843 2845 4890 ut
2888 4835 3194 4913 adulteram
3223 4835 3482 4889 damnas-

1900 4945 2044 4992 sent.
2077 4937 2213 4992 Nam
2261 4939 2306 4993 si
2355 4938 2412 4992 in
2461 4938 2606 5002 aliis,
2637 4952 2874 5008 quorum
2903 4938 3071 4993 etiam
3097 4941 3347 5011 exempla
3386 4943 3484 4995 ha-

1902 5043 2108 5100 bebant
2135 5047 2190 5100 in
2218 5046 2403 5102 Veteri
2433 5045 2807 5114 Testamento,
2838 5047 3191 5119 impudenter
3218 5051 3395 5120 palam
3425 5067 3485 5107 sc

1904 5151 2169 5221 gerebant
2204 5170 2218 5205 :
2247 5153 2290 5206 si
2321 5152 2543 5223 quando
2567 5153 2845 5209 daemonas
2873 5155 3054 5225 cjecit,
3088 5156 3483 5212 dremoniacum

1906 5257 2197 5329 vocabant;
2233 5258 2276 5313 si
2306 5258 2434 5328 quia
2462 5258 2518 5312 in
2548 5257 2778 5314 sabbato
2812 5261 3048 5326 curavit,
3085 5262 3200 5316 Deo
3227 5263 3485 5317 adversa-

1915 5362 2060 5416 rium
2089 5362 2378 5431 putabant,
2402 5363 2620 5418 etiamsi
2648 5375 2811 5419 antea
2840 5365 3130 5420 sabbatum
3163 5381 3308 5436 saepe
3333 5366 3479 5419 soln.

1912 5475 2028 5521 tum
2066 5468 2262 5524 fuisset
2291 5487 2303 5522 :
2333 5469 2465 5539 quid
2512 5486 2620 5525 non
2653 5470 2855 5526 dicturi
2889 5481 3069 5538 erant,
3100 5473 3208 5528 hoc
3251 5472 3482 5528 audien-

1913 5575 2031 5629 tes?
2055 5575 2274 5630 Etenim
2299 5591 2402 5646 pro
2442 5576 2577 5646 ipsis
2605 5589 2904 5649 pugnasset
2937 5588 3111 5635 totum
3143 5581 3484 5649 praterituni

1907 5687 2147 5750 tempus,
2170 5682 2264 5737 ubi
2291 5697 2590 5752 numquam
2618 5685 2753 5754 quid
2780 5685 2958 5741 simile
2978 5693 3193 5758 gestum
3215 5685 3410 5741 fuerat.
3429 5684 3487 5742 Si

1909 5800 2146 5855 namque
2176 5795 2302 5856 post
2329 5796 2409 5844 tot
2437 5787 2588 5860 signa
2623 5790 2779 5845 illum
2831 5790 3011 5847 adhuc
3064 5791 3281 5862 Iosephi
3315 5791 3490 5846 lilium
