4066 6428
547 439 619 491 ὖῗι
1261 447 1316 503 S.
1349 445 1625 504 JOANNIS
1661 442 2134 503 CIIRYSOSTOMI
2175 443 2487 499 ARCHIEP.
2530 445 3062 503 (IONS’I‘ANTINUP.
3759 445 3832 500 51

551 549 912 618 appellabant,
940 547 1207 618 quomodo
1247 557 1369 600 ante
1411 547 1498 600 illa
1543 549 1689 617 signa
1718 550 1890 618 ipsum
1919 563 1982 604 ex
2019 549 2134 604 Vir.

547 641 670 708 gine
702 650 880 695 natum
905 639 1260 695 credidissent
1289 641 1312 694 ?
1356 641 1478 695 Ideo
1521 643 1701 711 itaque
1740 643 1859 711 ejus
1884 656 2135 712 genealo-

547 733 630 800 gia
669 732 910 797 «luditur,
941 731 1318 802 Virginemque
1363 733 1671 801 deSponsat.
1705 733 1942 808 aQuando
1991 735 2135 790 enim

547 819 766 890 Joseph,
810 822 894 874 vir
933 821 1108 890 justus
1138 831 1192 878 et
1233 822 1615 888 admirandus,
1667 824 1847 877 multis
1875 839 2009 894 opus
2041 827 2136 879 ba-

547 914 680 979 bnit,
710 925 768 968 nt
795 915 937 984 quod
965 925 1172 984 gestum
1213 925 1330 971 erat
1358 916 1639 979 edisceret,
1667 917 1890 985 angelo,
1929 919 2136 974 visione

545 1019 643 1074 per
671 1020 920 1060 somnum
950 1047 966 1073 ,
997 1015 1053 1062 et
1082 1008 1459 1077 prophetarum
1491 1008 1828 1075 testimonio;
1868 1012 2135 1078 quomodo

544 1097 712 1151 Juda'i
740 1099 980 1166 perversi
1012 1109 1068 1153 et
1103 1099 1360 1169 corrupti,
1384 1108 1437 1153 et
1467 1099 1541 1153 illi
1574 1098 1790 1168 infensi,
1819 1099 1955 1156 hanc
1979 1118 2134 1156 exce-

542 1191 749 1258 pissent
795 1191 1147 1259 opinionem?
1196 1191 1496 1245 Admodum
1539 1192 1681 1245 enim
1727 1191 1846 1246 illos
1892 1205 1981 1247 res
2026 1201 2133 1246 tam

553 1304 686 1342 nova
711 1329 727 1353 ,
752 1295 860 1343 tam
889 1287 1246 1354 inexspectata
1291 1283 1661 1352 pet-turbatura
1693 1295 1841 1347 erat,
1885 1301 1951 1341 eo
1993 1286 2136 1353 quod

546 1379 941 1448 progenitnrum
983 1392 1202 1431 suorum
1247 1389 1362 1430 ωνο
1411 1374 1544 1429 nihil
1575 1375 1876 1442 hujusmodi
1927 1386 2136 1445 gestum

545 1485 792 1538 umquam
824 1469 1029 1522 fuisset.
1058 1466 1267 1522 Etenim
1289 1466 1379 1535 qui
1403 1466 1571 1520 semel
1595 1465 1821 1520 credidit
1848 1467 1996 1521 illum
2018 1481 2138 1522 esse

545 1561 636 1615 Dei
662 1561 875 1624 Filium,
901 1559 1031 1612 nihil
1059 1557 1159 1612 hac
1181 1557 1250 1612 de
1276 1573 1336 1611 re
1357 1557 1626 1627 ambigere
1645 1555 1829 1612 debuit
1852 1576 1865 1612 :
1893 1556 1984 1627 qui
2011 1572 2140 1612 vero

543 1651 692 1705 illum
740 1649 1082 1704 seductorem
1109 1659 1164 1703 et
1206 1648 1316 1703 Deo
1358 1647 1725 1702 adversarium
1770 1647 2135 1714 existimaret,

543 1742 813 1812 quomodo
857 1755 964 1794 non
998 1741 1097 1793 hac
1139 1738 1210 1795 de
1244 1753 1304 1794 re
1331 1739 1500 1808 magis
1541 1736 1936 1803 offenderetur,
1965 1739 2054 1808 qui
2086 1737 2138 1792 in

547 1835 693 1887 illam
723 1848 828 1887 non
857 1833 1214 1886 deduceretur
1253 1831 1558 1899 opinionem
1584 1831 1608 1884 ἲ
1637 1828 1868 1900 Ideoque
1913 1828 2144 1900 apostoli

550 1925 654 1983 hoc
679 1925 859 1980 Statim
886 1925 955 1980 ab
977 1925 1126 1979 initio
1153 1939 1257 1978 non
1279 1923 1465 1978 dicunt
1481 1963 1496 1986 ,
1525 1922 1622 1978 sed
1655 1921 1724 1977 de
1749 1921 2142 1978 resurrectione

549 2019 715 2073 multa
754 2033 896 2088 saepe
943 2016 1248 2083 disserunt,
1299 2015 1453 2084 cujus
1489 2014 1600 2085 jam
1639 2015 1886 2084 exetnpla
1932 2014 2143 2071 fuerant

552 2112 834 2179 prmtcritis
887 2110 1211 2179 temporibus
1230 2150 1244 2171 ,
1290 2109 1390 2164 etsi
1421 2123 1527 2164 non
1559 2107 1683 2163 huic
1730 2107 1924 2162 similia
1955 2125 1968 2162 :
1999 2107 2142 2177 quod

551 2213 728 2258 autem
750 2203 818 2258 de
833 2202 1052 2271 Virgine
1077 2209 1231 2256 natus
1259 2200 1348 2266 sit,
1375 2215 1482 2253 non
1503 2200 1572 2253 ita
1596 2198 1899 2269 frequenter
1923 2198 2140 2264 dicunt;

551 2295 645 2348 sed
691 2310 864 2361 neque
912 2300 1082 2346 mater
1106 2290 1156 2345 id
1183 2299 1264 2344 est
1292 2305 1419 2343 ausa
1449 2289 1707 2359 proferre.
1742 2287 1874 2344 Vide
1916 2304 2144 2358 namque

550 2385 676 2454 quid
705 2385 781 2438 illi
812 2384 970 2453 Virgo
999 2383 1139 2436 dicat
1169 2401 1182 2436 :
1214 2379 1348 2435 Ecce
1387 2398 1477 2451 ego
1505 2390 1552 2433 et
1580 2390 1723 2449 pater
1747 2391 1862 2433 tuus
1887 2381 2146 2450 qua'reba-

551 2496 664 2532 inus
693 2476 932 2545 te(Luc.
959 2475 1016 2529 2.
1043 2475 1113 2529 48
1130 2475 1172 2541 ).
1223 2474 1355 2527 Nam
1405 2473 1451 2528 si
1498 2471 1627 2527 illud
1683 2471 1738 2526 in
1783 2471 2142 2541 suspicionem

551 2571 822 2632 venisset,
877 2581 1052 2636 neque
1100 2565 1315 2621 Davidis
1341 2563 1560 2620 demum
1603 2563 1740 2617 ﬁlius
1763 2577 1882 2618 esse
1910 2563 2147 2618 creditus

553 2661 772 2716 fuisset:
797 2662 894 2714 hac
935 2673 1093 2728 porro
1121 2657 1326 2714 sublata
1369 2656 1648 2724 opinione,
1678 2655 1844 2710 multa.
1879 2657 1982 2711 alia
2010 2655 2146 2710 sub-

555 2757 759 2810 oritura
804 2752 942 2806 mala
983 2757 1158 2804 erant.
1185 2749 1471 2818 Pr0pterea
1503 2763 1570 2802 ne
1595 2748 1694 2817 ipsi
1725 2746 1940 2816 quidem
1969 2747 2144 2816 angeli

560 2844 694 2898 illud
733 2843 945 2908 dicunt,
991 2841 1094 2894 nisi
1135 2839 1320 2894 Maria:
1358 2847 1566 2894 tantum
1603 2847 1658 2892 et
1699 2835 1970 2904 Josepbo;
2015 2851 2141 2890 cum

560 2951 689 2988 vero
725 2933 1039 3002 pastoribus
1079 2930 1258 2986 fausta
1314 2931 1646 2995 nuntiarent,
1696 2929 1748 2984 id
1794 2928 2018 2981 minime
2055 2926 2145 2980 ad-

558 3025 827 3095 jecerunt.
891 3024 1006 3078 Cur
1063 3023 1338 3077 Abraham
1402 3030 1745 3083 memorato,
1789 3034 1914 3074 cum
1969 3019 2142 3074 dixis-

561 3129 665 3180 set,
703 3117 893 3187 gestuit
927 3117 1098 3182 Isaac,
1127 3123 1182 3170 et
1213 3115 1372 3170 Isaac
1399 3113 1591 3178 Jacob,
1625 3129 1726 3168 nec
1760 3113 1982 3167 fratrem
2007 3114 2022 3144 ⁸
2047 3111 2141 3168 Ja-

561 3209 688 3263 cobi
708 3209 1066 3272 nominasset,
1102 3223 1228 3262 cum
1274 3207 1340 3261 ad
1364 3207 1631 3261 Jacobum
1669 3213 1856 3274 postea
1893 3205 2059 3269 venit,
2089 3213 2144 3258 et

559 3295 755 3351 Judam
777 3307 830 3353 et
851 3299 1050 3354 fratres
1067 3301 1188 3368 ejus
1210 3303 1602 3351 ennnuetnorat
1626 3294 1650 3346 ?

627 3468 685 3523 2.
724 3465 950 3535 Quidam
996 3464 1210 3522 dicunt.
1250 3457 1301 3512 id
1355 3455 1425 3510 ob
1467 3465 1662 3524 pravos
1704 3449 1847 3504 Esat'i
1877 3458 2054 3502 mores
2100 3448 2158 3497 et

563 3559 792 3611 aliorum
840 3556 1076 3623 priorum
1124 3551 1321 3604 factum
1351 3561 1492 3601 esse.
1546 3544 1659 3614 Ego
1704 3554 1834 3595 vero
1889 3537 2018 3593 illud
2046 3551 2154 3590 non

559 3647 788 3700 dixerim
817 3661 830 3696 ε
864 3659 984 3696 nam
1013 3642 1055 3696 si
1084 3641 1186 3694 hoc
1209 3648 1374 3700 esset,
1403 3651 1499 3691 cur
1530 3635 1663 3688 tales
1687 3631 1844 3701 paulo
1884 3639 2003 3698 post
2033 3643 2154 3680 mu-

561 3737 722 3791 lieres
742 3732 1163 3790 commemorat?
1203 3730 1332 3784 Nam
1353 3728 1518 3799 gloria
1542 3725 1657 3793 ejus
1681 3723 1766 3776 hic
1786 3737 1852 3776 ex
1873 3717 2156 3774 contrariis

555 3828 812 3882 elucescit
839 3844 851 3856 ·
883 3841 989 3880 non
1016 3841 1080 3878 ex
1110 3839 1176 3877 eo
1205 3820 1345 3891 quod
1374 3832 1596 3887 magnos
1623 3814 1816 3869 habeat
1847 3810 2153 3881 progenito-

565 3935 682 3984 res,
715 3918 810 3973 sed
853 3918 1026 3987 potius
1068 3917 1289 3985 exiguos
1317 3925 1371 3969 et
1402 3912 1548 3966 viles.
1589 3907 1814 3965 Sublimi
1856 3906 1998 3960 enim
2038 3903 2156 3958 hrcc

559 4026 748 4082 magna
791 4012 961 4082 gloria
992 4019 1068 4065 est
1095 4051 1110 4075 ,
1159 4009 1203 4063 si
1249 4010 1417 4077 possit
1466 4005 1731 4060 demissus
1762 4000 2046 4056 admodum
2099 4007 2155 4052 et

559 4105 681 4158 vilis
708 4117 968 4174 apparere
1001 4122 1013 4157 :
1049 4118 1145 4156 cur
1171 4101 1350 4169 itaque
1378 4113 1483 4152 non
1511 4091 1995 4152 commemoravit?
2020 4089 2154 4157 Quia

561 4196 696 4250 nihil
721 4209 1008 4249 commune
1037 4193 1304 4248 habebant
1331 4191 1404 4245 illi
1441 4205 1564 4244 cum
1601 4187 1893 4242 Israelitico
1915 4199 2109 4255 genere
2137 4222 2151 4243 ,

561 4300 754 4351 nempe
779 4283 1072 4350 Saraceni,
1106 4281 1386 4336 lsmaelita:
1434 4289 1489 4335 et
1526 4278 1765 4341 Arabes,
1797 4285 1853 4331 et
1895 4282 2155 4345 quotquot

560 4375 626 4426 ab
650 4374 754 4428 illis
778 4374 1073 4444 majoribus
1103 4373 1205 4426 orti
1235 4381 1380 4426 sunt.
1403 4369 1634 4438 Ideoque
1664 4369 1768 4423 illis
1795 4367 2010 4422 silentio
2027 4367 2155 4418 mis-

560 4469 634 4520 sis
653 4509 665 4530 ,
697 4467 762 4520 ad
790 4465 908 4536 ejus
933 4475 990 4520 et
1016 4464 1223 4520 Iudaici
1250 4462 1432 4534 p0pnli
1455 4460 1686 4530 majores
1713 4467 1980 4530 properat.
2027 4458 2153 4513 [deo

559 4559 630 4612 ait
666 4577 677 4612 :
719 4556 881 4612 Jacob
908 4565 1077 4612 autem
1122 4555 1294 4628 genuit
1338 4552 1536 4607 ludam
1574 4561 1621 4605 et
1646 4552 1830 4622 fratres
1875 4551 2004 4618 ejus.
2055 4548 2152 4604 llic

554 4650 663 4719 jam
692 4649 996 4704 Judamrum
1027 4648 1337 4719 designatur
1374 4645 1620 4716 populus.
1665 4643 1834 4698 Judas
1865 4652 2029 4696 autem
2065 4658 2154 4712 ge-

454 4807 467 4814 _
558 4742 668 4795 nuit
695 4739 893 4796 Phares
930 4750 976 4796 et
1004 4739 1191 4795 Zaram
1217 4738 1281 4792 de
1309 4735 1556 4791 Thamar.

625 4929 706 4982 De
746 4931 999 4999 majorum
1045 4927 1269 4998 nequitia
1315 4939 1418 4978 non
1460 4919 1868 4976 erubescendum.
1901 4947 1971 4958 -—
2007 4917 2144 4985 Quid

554 5019 718 5081 facis.
745 5024 815 5075 mi
851 5024 1010 5074 homo
1033 5063 1048 5084 ,
1089 5022 1213 5074 dum
1245 5017 1520 5072 historiam
1565 5014 1723 5069 affers
1763 5012 1988 5081 improbi
2035 5012 2148 5065 coi—

555 5119 639 5163 tus
661 5112 683 5162 ’ἰ
708 5107 850 5174 Quid
879 5105 1050 5162 dicis?
1080 5108 1276 5178 inquit.
1303 5109 1462 5164 Certe
1483 5108 1526 5161 si
1572 5107 1694 5160 nudi
1725 5104 1954 5159 hominis
1979 5117 2148 5174 genus

553 5217 960 5267 enm-mremus,
1001 5202 1122 5270 jure
1165 5202 1284 5272 quis
1320 5201 1434 5256 haec
1480 5200 1758 5257 tacuisset;
1789 5199 1834 5251 si
1861 5205 2035 5251 autem
2064 5197 2148 5250 in-

553 5295 756 5348 carnati
781 5293 875 5348 Dei
897 5333 911 5356 ,
935 5310 1040 5347 non
1084 5295 1244 5348 modo
1275 5294 1387 5347 hmo
1411 5309 1516 5347 non
1549 5291 1771 5346 tacenda
1795 5330 1812 5356 ,
1863 5289 1956 5344 sed
1982 5289 2142 5343 etiam

557 5385 834 5456 magnifice
865 5386 1225 5455 expromenda
1255 5394 1401 5452 sunt,
1425 5395 1483 5440 ut
1509 5385 1625 5454 ejus
1655 5393 1710 5439 et
1740 5382 2071 5452 providentia
2093 5393 2147 5437 et

559 5490 791 5548 potestas
817 5478 1148 5538 ostendatur.
1193 5478 1318 5532 Ideo
1361 5491 1589 5548 namque
1619 5476 1800 5541 venit,
1832 5490 1936 5530 non
1968 5485 2026 5529 ut
2049 5491 2147 5544 op-

559 5571 770 5637 probria
819 5577 1002 5624 nostra
1047 5569 1250 5639 fugiat;
1300 5569 1394 5625 sed
1441 5577 1497 5624 ut
1541 5570 1627 5623 illa
1655 5571 1722 5626 de
1765 5567 1944 5624 medio
1974 5567 2142 5624 tollat.

636 5755 652 5784 ¹
688 5751 826 5802 savii.
850 5751 988 5816 legit,
1019 5755 1223 5807 Domini.

2237 546 2386 600 Sicut
2416 560 2520 598 non
2549 553 2655 598 tam
2687 545 3043 602 admirantur.
3076 541 3214 612 quod
3247 549 3490 596 mortuus
3519 543 3626 607 sit,
3668 558 3834 610 quam

2236 637 2378 704 quod
2405 635 2720 697 crucifixus;
2747 635 2868 688 licet
2891 650 2976 687 res
3003 634 3258 702 probrosa
3287 633 3392 686 sit:
3425 632 3521 687 sed
3556 647 3666 702 quo
3709 646 3838 700 pro-

2238 726 2480 792 brosior,
2541 735 2688 781 tanto
2737 725 2905 793 magis
2955 725 3071 793 ejus
3121 739 3247 793 erga
3292 724 3540 778 homines
3588 738 3835 777 amorem

2232 817 2452 872 exhibet
2489 834 2502 868 :
2548 817 2625 870 sic
2672 815 2739 870 de
2790 813 3136 884 generatione
3182 812 3301 881 ejus
3343 809 3675 867 dicendum:
3721 827 3837 865 non

2239 908 2400 965 modo
2425 908 2566 978 quod
2595 922 2812 963 carnem
2834 905 3134 974 susceperit
3167 903 3513 958 admirandus
3559 911 3682 968 est;
3735 904 3838 958 sed

2237 1001 2400 1054 etiam
2429 999 2568 1068 quod
2601 997 2734 1053 tales
2758 996 2958 1051 habere
2983 1005 3238 1066 cognatos
3267 994 3513 1064 dignatus
3562 995 3664 1056 sit,
3705 1008 3831 1048 nus

2235 1110 2393 1163 quam
2432 1093 2500 1150 de
2537 1093 2692 1148 malis
2714 1091 2910 1146 nostris
2937 1090 3199 1160 susceptis
3223 1088 3564 1143 erubescens.
3592 1084 3839 1154 llludqne

2235 1203 2306 1263 ea~
2333 1188 2450 1256 ipso
2486 1183 2848 1255 generationis
2875 1183 3099 1239 exordio
3128 1181 3474 1250 praedicavit,
3503 1195 3563 1235 se
3587 1177 3655 1232 de
3681 1178 3838 1233 nullo

2234 1279 2377 1346 quod
2403 1277 2470 1332 ad
2497 1292 2594 1332 nos
2622 1277 2883 1346 pertineat
2926 1276 3246 1330 erubescere
3271 1291 3285 1327 :
3314 1288 3410 1341 per
3433 1272 3548 1327 ha~c
3573 1286 3670 1326 nos
3697 1273 3840 1326 edo-

2233 1383 2400 1436 cens,
2442 1383 2510 1423 ne
2537 1382 2787 1438 umquam
2826 1367 2897 1422 de
2937 1380 3194 1436 majorum
3243 1372 3549 1419 nostrorum
3593 1363 3836 1431 nequitia

2233 1462 2648 1525 erubescamus;
2693 1457 2787 1514 sed
2819 1473 2978 1512 unam
3016 1458 3192 1511 solum
3218 1471 3520 1526 quazramus
3552 1454 3835 1508 virtutem.-
3911 1515 3918 1521 _

2233 1554 2367 1609 Nam
2390 1556 2478 1623 qui
2507 1554 2649 1607 illam
2682 1559 2934 1613 sectatur,
2960 1551 3166 1604 etiamsi
3196 1547 3551 1616 alienigenam
3581 1546 3838 1616 progeni-

2235 1661 2406 1701 torem
2432 1645 2645 1709 habeat,
2671 1641 2880 1698 etiamsi
2934 1649 3158 1695 matrem
3212 1638 3569 1701 meretricem,
3609 1635 3693 1690 vel
3725 1635 3836 1689 alio

2237 1739 2396 1794 modo
2426 1735 2846 1806 deSpiciendam,
2879 1732 3008 1786 nihil
3049 1731 3174 1785 hinc
3220 1727 3522 1784 nocumenti
3571 1739 3836 1796 passurus

2233 1841 2338 1888 est.
2369 1829 2501 1885 Nam
2531 1829 2574 1882 si
2604 1827 3002 1888 fornicatorem,
3035 1823 3123 1892 qui
3152 1820 3457 1891 resipuerit,
3502 1818 3651 1873 nullo
3681 1817 3838 1886 prior

2234 1925 2340 1979 vita
2363 1922 2625 1978 dedecore
2640 1918 2808 1973 allicit
2840 1935 2855 1972 :
2886 1916 3054 1970 multo
3073 1915 3246 1968 minus
3268 1913 3350 1966 vir
3367 1911 3585 1982 probus,
3614 1924 3680 1964 ex
3710 1924 3835 1963 me-

2234 2017 2430 2072 retrice
2451 2014 2532 2069 vel
2559 2012 2798 2067 adultera
2817 2018 2991 2074 natus,
3011 2014 3294 2076 parentum
3312 2001 3649 2073 improbitate
3669 2000 3839 2055 deho-

2235 2105 2550 2163 nestabitnr.
2597 2103 2687 2158 Sic
2730 2114 2887 2168 porro
2908 2113 2968 2154 se
2992 2095 3233 2166 gerebat,
3262 2109 3366 2149 non
3416 2101 3618 2146 tantum
3647 2099 3708 2145 ut
3731 2105 3837 2144 nos

2234 2199 2552 2263 institueret,
2580 2194 2675 2250 sed
2692 2195 2853 2250 etiam
2871 2200 2930 2247 ut
2947 2189 3254 2246 Judaeorum
3273 2196 3534 2242 tumorem
3555 2185 3840 2254 deprime-

2233 2299 2336 2346 ret.
2353 2289 2486 2357 Quia
2514 2287 2656 2342 enim
2699 2282 2862 2338 animi
2905 2282 3100 2335 virtute
3129 2277 3369 2348 neglecta
3403 2317 3419 2341 ,
3464 2274 3836 2330 Abrahamum

2235 2395 2451 2450 semper
2479 2392 2573 2432 ore
2615 2373 2892 2437 ferebant,
2931 2378 3183 2441 putantes
3210 2379 3526 2436 proavorum
3556 2365 3835 2436 virtutem

2235 2471 2529 2528 defensioni
2561 2468 2660 2522 sibi
2689 2480 2828 2530 esse,
2852 2463 2919 2516 ab
2940 2464 3056 2531 ipso
3083 2460 3233 2514 initio
3258 2456 3508 2521 ostendit,
3531 2455 3653 2510 hinc
3671 2455 3837 2509 mini-

2236 2583 2322 2622 me
2342 2565 2562 2636 gloriam
2588 2559 2837 2628 aucupari
2861 2564 3110 2624 Oportere
3132 2594 3147 2619 ,
3188 2551 3281 2606 sed
3320 2550 3389 2605 de
3413 2551 3641 2620 propriis
3682 2558 3838 2603 recte

2235 2659 2407 2714 factis.
2432 2659 2558 2712 Post
2577 2654 2692 2707 hmo
2718 2649 2844 2706 illud
2868 2660 3082 2719 quoque
3105 2645 3230 2715 agit,
3263 2653 3322 2699 ut
3362 2642 3608 2697 ostendat
3638 2655 3836 2694 omnes

2235 2734 2468 2822 peccatis
2487 2745 2746 2801 obnoxios
2767 2741 2953 2804 fuisse,
2976 2738 3244 2806 etiamque
3265 2747 3493 2804 proavos
3513 2732 3673 2801 ipsos.
3693 2730 3830 2785 Nam

2236 2821 2348 2911 ipse
2372 2836 2694 2910 patriarcha,
2714 2835 2803 2902 qui
2824 2845 3018 2887 nomen
3039 2825 3408 2896 indiditgenti.
3429 2840 3533 2879 nou
3555 2821 3834 2876 modicum

2237 2938 2291 2988 in
2320 2939 2600 3004 peceatum
2631 2927 2812 2995 lapsus
2842 2931 3124 2978 narratur:
3148 2927 3254 2972 stat
3281 2915 3424 2970 enim
3453 2915 3685 2968 Thamar
3711 2911 3838 2981 ejus

2237 3015 2641 3084 fornicationem
2669 3028 2965 3079 accusans;
2997 3012 3161 3067 David
3209 3023 3419 3080 quoque
3445 3022 3509 3062 ex
3531 3004 3836 3060 adulterata

2237 3118 2460 3175 muliere
2480 3113 2819 3168 Salomonem
2840 3101 3094 3171 suscepit.
3112 3099 3167 3156 Si
3191 3113 3348 3170 porro
3369 3098 3456 3153 lex
3474 3111 3542 3150 ne
3561 3111 3590 3149 a
3618 3095 3835 3164 magnis

2243 3198 2457 3269 quidem
2475 3198 2578 3251 illis
2595 3196 2724 3250 viris
2741 3193 2956 3262 impleta
2983 3200 3085 3254 est,
3107 3190 3277 3244 multo
3293 3187 3469 3241 minus
3498 3185 3564 3239 ab
3587 3183 3797 3250 exiguis
3821 3198 3838 3241 ;

2243 3291 2286 3343 si
2309 3299 2485 3342 autem
2515 3286 2728 3355 impleta
2755 3300 2860 3337 non
2891 3291 2995 3345 est,
3020 3295 3206 3335 omnes
3233 3283 3606 3347 peccaverunt,
3639 3287 3703 3326 ac
3731 3288 3835 3326 ne.

2243 3377 2512 3432 cessarius
2557 3376 2654 3430 fuit
2681 3373 2876 3428 Christi
2908 3373 3187 3426 adventus.
3220 3369 3504 3436 Propterea
3549 3363 3840 3418 duodecim

2246 3466 2573 3537 patriarchas
2618 3463 3088 3526 commemoravit,
3120 3460 3242 3514 inde
3287 3473 3496 3528 quoque
3521 3455 3841 3534 jactantiatn

2246 3560 2390 3612 illam
2431 3558 2502 3614 de
2545 3556 2944 3627 progenitortnn
2993 3551 3268 3606 nobilitate
3318 3549 3645 3618 deprimens.
3699 3544 3840 3599 Nam

2247 3651 2436 3704 horum
2459 3649 2609 3703 multi
2636 3663 2704 3703 ex
2734 3644 2942 3700 ancillis
2974 3644 3084 3696 nati
3124 3649 3316 3697 erant:
3347 3650 3401 3694 et
3433 3647 3609 3691 tamen
3640 3651 3842 3705 paren—

2248 3751 2357 3796 tum
2387 3740 2473 3794 illa
2503 3737 2802 3793 differentia
2830 3732 3188 3790 differentiam
3222 3731 3360 3784 inter
3399 3728 3535 3781 filios
3563 3742 3670 3780 non
3697 3725 3845 3778 intu-

2249 3833 2325 3885 lit.
2349 3830 2549 3885 Omnes
2569 3829 2711 3883 enim
2742 3825 2897 3882 simul
2922 3831 3078 3880 erant
3106 3832 3159 3876 et
3180 3817 3496 3891 patriarcha:
3519 3826 3575 3871 et
3601 3815 3841 3870 tribuum

2251 3925 2541 3994 principes.
2575 3921 2663 3974 Illa
2687 3919 2882 3988 quippe
2908 3924 2990 3971 est
3020 3913 3274 3968 Ecclesiae
3302 3907 3650 3979 praerogativa
3676 3925 3690 3957 :
3720 3904 3843 3961 haec

2247 4013 2386 4083 apud
2408 4027 2506 4068 nos
2527 4019 2610 4066 est
2635 4007 2924 4062 nobilitatis
2945 4003 3319 4074 dignitatisque
3345 3999 3502 4062 ratio,
3531 3997 3684 4066 cujus
3707 3995 3840 4049 olim

2247 4105 2411 4176 ﬁgura
2439 4099 2730 4174 praecessit.
2760 4097 2836 4152 ιω
2864 4097 2978 4150 sive
3007 4106 3222 4154 servus,
3266 4091 3378 4144 sive
3409 4088 3545 4142 liber
3571 4087 3679 4151 sis,
3703 4083 3842 4138 nihil

2251 4199 2368 4267 plus
2391 4238 2406 4264 ,
2437 4194 2567 4249 nihil
2593 4192 2768 4246 minus
2797 4188 3016 4250 habeas,
3046 4183 3141 4238 sed
3167 4198 3330 4238 unum
3371 4189 3454 4236 cst
3476 4177 3616 4249 quod
3638 4177 3843 4247 quaeri-

2251 4299 2337 4342 tur
2353 4328 2368 4350 ,
2405 4286 2650 4339 voluntas
2675 4279 2946 4348 animique
2971 4289 3172 4330 mores.

2321 4379 2374 4434 5.
2415 4378 2516 4433 Cur
2541 4376 2676 4430 Zara
2705 4383 2751 4429 et
2779 4373 2978 4428 Phars:
3021 4372 3075 4424 in
3113 4365 3406 4439 gmealogia
3445 4363 3635 4418 Christi
3676 4363 3848 4428 nomi-

2251 4479 2456 4528 nantur.
2479 4499 2548 4510 ——
2569 4468 2773 4525 Prmter
2791 4479 2854 4520 ea
2874 4477 2995 4532 quae
3023 4461 3164 4516 dicta
3207 4467 3352 4524 sunt,
3392 4457 3496 4510 alia
3536 4469 3698 4508 causa
3741 4453 3850 4508 fuit

2254 4564 2366 4618 [nec
2407 4555 2863 4616 commemoraudi
2896 4572 2909 4608 :
2939 4567 3110 4622 neque
3153 4550 3295 4603 cnim
3342 4549 3460 4602 sine
3511 4559 3672 4600 causa
3717 4555 3846 4614 post

2252 4654 2452 4710 Phares
2476 4651 2688 4704 additus
2713 4655 2796 4704 est
2818 4655 2872 4700 et
2897 4644 3054 4698 Zara.
3104 4641 3232 4695 Erat
3271 4639 3412 4691 enim
3459 4634 3769 4690 redundans
3790 4645 3849 4688 et

2251 4745 2576 4816 superfluum
2619 4749 2742 4812 post.
2790 4741 3267 4793 commemoratum
3315 4729 3568 4789 Pharem,
3621 4718 3688 4780 ex
3730 4739 3847 4795 quo

2250 4838 2446 4893 Christi
2479 4837 2495 4868 ¹
2523 4831 2831 4905 genealogia
2861 4827 3091 4888 ducitur,
3125 4821 3278 4877 Zarae
3303 4819 3466 4875 etiam
3484 4817 3663 4872 facere
3689 4831 3849 4870 men-

2253 4932 2469 4984 tionem.
2492 4925 2600 4980 Cnr
2625 4938 2753 4992 ergo
2779 4929 2828 4975 et
2854 4920 2996 4972 hunc
3027 4911 3378 4968 memoravit?
3401 4909 3535 4963 Cum
3565 4907 3662 4960 hos
3697 4908 3849 4975 pari-

2254 5032 2366 5075 tura
2400 5019 2631 5073 Thamar
2670 5022 2829 5076 esset,
2875 5008 3195 5063 adveniente
3239 5013 3414 5073 partu,
3460 4999 3594 5053 Zara
3639 4998 3849 5068 primus

2254 5125 2469 5164 manuni
2498 5107 2677 5162 emisit
2701 5121 2733 5158 e
2762 5103 2914 5156 vulva
2946 5121 2960 5155 :
2994 5098 3096 5152 hoc
3123 5101 3412 5163 conspecto
3456 5091 3756 5153 obstetrix,
3789 5098 3850 5143 nt
3892 5156 3902 5175 ἱ

2255 5201 2345 5256 ille
2375 5200 2520 5268 prior
2546 5202 2880 5255 nasceretur,
2909 5190 3157 5245 coccinea
3187 5185 3348 5240 fascia
3374 5197 3588 5236 manum
3628 5181 3748 5248 ejus
3777 5180 3848 5233 li-

2252 5291 2428 5362 gavit;
2454 5300 2512 5344 ut
2540 5303 2699 5358 porro
2731 5287 2885 5355 ligata
2916 5283 3031 5344 fuit,
3063 5278 3280 5332 retraxit
3307 5288 3439 5343 puer
3469 5286 3708 5333 mamnn,
3736 5285 3848 5340 quo

2257 5384 2394 5438 facto
2419 5395 2666 5450 egressus
2697 5385 2780 5431 est
2806 5373 3028 5436 Phares,
3071 5378 3125 5423 et
3169 5377 3351 5436 postea
3380 5362 3535 5417 Zara.
3565 5361 3679 5414 Hoc
3707 5373 3846 5413 con-

2256 5482 2440 5540 specto
2469 5466 2725 5525 obstetrix
2753 5465 2826 5518 ait
2851 5481 2863 5518 :
2888 5462 3056 5528 Quare
3085 5466 3288 5526 prapter
3317 5465 3364 5507 le
3401 5453 3566 5504 excisa
3599 5459 3674 5504 est
3703 5465 3850 5518 ωριτε

2258 5539 2406 5631 (Cen.
2437 5562 2530 5622 58,
2551 5557 2683 5629 29)?
2709 5554 2891 5612 Viden’
2912 5547 3285 5623 mysteriorum
3310 5541 3629 5610 :rnigmata?
3663 5539 3848 5609 Neque
