4066 6452
165 465 226 520 85

173 575 496 645 γενημένον,
544 575 638 628 καὶ
701 575 969 645 ἀγγέλου,
1030 573 1122 628 καὶ
1174 573 1272 643 τῆς
1330 573 1398 626 δι’
1454 571 1751 642 ὀνειράτων

173 667 332 735 ὅψεως
354 705 370 728 ,
402 669 496 720 καὶ
539 672 640 736 τῆς
663 668 772 720 ἀπὸ
796 667 906 719 τῶν
935 666 1230 738 προφητῶν
1259 665 1596 736 μαρτυρίας,
1635 664 1754 726 πῶς

179 757 238 812 ἂν
265 757 312 810 οι
347 758 598 811 Ἰουδαῖοι
621 798 636 820 ,
675 760 770 812 καὶ
799 759 979 811 σκαιοὶ
1016 757 1169 821 ὄντες
1210 758 1302 809 καὶ
1329 755 1715 827 διεφθαρμένοι
1741 794 1756 817 ,

180 849 267 902 καὶ
298 849 581 920 πολεμίως
622 849 766 905 οῦτω
817 850 955 922 πρὸς
993 851 1155 904 αὐτὸν
1183 849 1417 920 ἔχοντες,
1449 847 1654 916 ταύτην
1693 847 1760 900 ἂν

177 940 538 1010 παρεδέξαντο
601 941 704 1012 τὴν
759 941 1052 1006 ύπόνοιανς
1122 939 1335 1011 Σφόδρα
1391 939 1502 1009 γὰρ
1563 937 1760 999 αὐτοὺς

180 1031 358 1100 ἔμελλε
403 1030 659 1100 θορυῶϊν
701 1030 764 1084 τὸ
791 1030 944 1096 ξένον
969 1033 1065 1085 καὶ
1096 1033 1300 1096 καινὸν,
1351 1035 1444 1087 καὶ
1487 1035 1547 1088 τὸ
1582 1037 1741 1107 μηδέ-

179 1121 296 1174 ποτέ
324 1139 374 1174 τι
401 1121 648 1175 τοιοῦτον
699 1122 834 1192 μηδὲ
867 1123 1004 1194 ἀκοῇ
1040 1124 1446 1195 παραδέξασθαι
1492 1126 1585 1180 ἐπὶ
1637 1127 1748 1180 τῶν

179 1213 445 1281 προγόνων
496 1213 862 1283 συμϐεϐηκός.
901 1213 960 1267 '0
1012 1215 1110 1285 μὲν
1143 1216 1251 1288 γὰρ
1284 1217 1430 1284 απαξ
1463 1219 1706 1283 πεισθεὶς
1727 1259 1744 1284 ,
1776 1271 1781 1276 .

178 1302 251 1354 ὃτι
275 1300 368 1354 τοῦ
392 1300 533 1354 Θεοῦ
561 1301 690 1365 Υἱός
720 1303 891 1368 ἐστιν,
941 1302 1062 1355 οὐδέ
1256 1307 1382 1378 περὶ
1411 1308 1601 1361 τούτου
1637 1309 1745 1363 λοι-

179 1393 268 1444 πὺν
291 1392 655 1463 ἀμφισϐητεῖν
681 1389 845 1464 εἶχεν·
878 1395 906 1448 6
933 1395 990 1448 δέ
1019 1397 1111 1449 καὶ
1150 1397 1349 1451 πλάνον
1379 1401 1472 1454 καὶ
1499 1401 1744 1456 ἀντίθεον

178 1483 326 1536 αὐτὸν
373 1479 516 1537 εἶναι
568 1485 826 1555 νομίζων,
869 1485 987 1550 πῶς
1032 1487 1133 1542 οὐκ
1163 1488 1229 1542 ἂν
1258 1491 1365 1544 ἀπὸ
1407 1492 1596 1546 τούτου
1655 1497 1744 1548 καὶ

177 1573 554 1645 ἐσκανδαλίσθη
586 1576 850 1645 μειζόνως
875 1619 890 1644 ,
953 1579 1045 1631 καὶ
1076 1580 1211 1650 πρὸς
1241 1581 1453 1654 ἐκείνην
1485 1584 1742 1656 ὼδηγήθη

173 1664 261 1733 τὴν
286 1665 579 1732 ὑπόνοιαν;
620 1666 720 1718 Διὰ
751 1667 908 1720 τοῦτο
931 1669 1051 1721 οὐδὲ
1079 1672 1128 1722 οί
1156 1671 1439 1726 ἀπόστολοι
1470 1676 1619 1745 παρὰ
1645 1677 1745 1746 τὴν

179 1755 341 1825 ἀρχὴν
383 1756 592 1820 εὐθέως
637 1758 794 1811 τοῦτο
836 1759 1116 1826 λέγουσιν⁹
1155 1763 1272 1817 ἀλλ’
1309 1767 1450 1837 ὑπὲρ
1499 1768 1598 1836 μὲν
1645 1769 1744 1840 τῆς

173 1846 507 1910 ἀναστάσεως
545 1848 715 1901 πολλὰ
757 1849 1090 1919 διαλέγονται
1123 1855 1216 1907 καὶ
1243 1856 1521 1922 πολλάκις,
1556 1861 1742 1931 ἐπειδὴ

173 1937 362 2007 ταύτης
395 1938 774 2010 ὑποδείγματα
810 1937 879 2012 ἦν
917 1944 976 1996 ἐν
1009 1947 1121 2008 τοῖς
1169 1945 1476 2018 ἔμπροσθεν
1507 1951 1736 2022 χρόνοις,

174 2031 216 2080 εἰ
238 2031 323 2082 καὶ
357 2030 432 2100 μὴ
456 2031 684 2085 τοιαῦτα
707 2046 722 2060 ·
765 2035 845 2087 ὄτι
894 2035 950 2088 δέ
980 2038 1044 2089 ἐκ
1073 2038 1350 2109 Παρθένου
1379 2040 1623 2110 γέγονεν,
1675 2044 1736 2097 οὐ

175 2119 392 2190 συνεχῶς
450 2120 734 2190 λέγουσιν·
789 2124 904 2177 ἀλλ’
958 2126 1080 2178 οὐδὲ
1141 2127 1278 2198 αὐτὴ
1332 2131 1366 2198 ἡ
1417 2132 1600 2201 μήτηρ
1651 2131 1740 2198 ἐξ·

176 2215 397 2279 ενεγκεῖν
428 2211 593 2266 τοῦτο
623 2215 942 2286 ἐτόλμησεν.
964 2217 1108 2289 Ὀρα
1133 2219 1261 2287 γοῦν
1294 2221 1388 2273 καὶ
1417 2223 1554 2293 πρὸς
1577 2225 1742 2279 αὑτὸν

175 2300 219 2353 τί
261 2319 417 2372 φησιν
447 2307 481 2374 ή
510 2303 786 2374 Παρθένος
806 2321 819 2336 ·
863 2306 1018 2360 Ἰδοὺ
1049 2307 1164 2376 ἐγὼ
1195 2309 1294 2363 καί
1334 2315 1368 2365 ὀ
1395 2313 1591 2381 πατήρ
1623 2330 1741 2370 σου

174 2389 475 2462 ὲζητοῦμέν
501 2411 597 2448 σε.
631 2395 694 2447 Εἰ
713 2396 821 2466 γὰρ
848 2395 1007 2450 τοῦτο
1036 2399 1387 2471 ὑπωπτεύθη,
1417 2401 1524 2456 οὐδ’
1549 2403 1613 2456 ἂν
1637 2403 1735 2458 τοῦ

175 2483 319 2537 Δαυῖδ
347 2484 535 2539 λοιπὸν
568 2484 828 2556 ἐνομίσθη
869 2481 1009 2541 εἶναι
1045 2489 1190 2553 υἱός·
1220 2491 1410 2544 τούτου
1447 2493 1503 2544 δὲ
1539 2494 1620 2565 μὴ
1646 2512 1735 2548 vo-

178 2576 467 2643 μισθὲντος,
504 2577 681 2629 πολλὰ
727 2577 793 2630 ἂν
833 2577 1029 2649 ἐτέχθη
1078 2580 1172 2633 καὶ
1219 2581 1380 2654 ἔτερα
1424 2586 1589 2638 κακά.
1641 2588 1740 2642 Διὰ

176 2664 316 2718 τοῦτο
370 2665 492 2720 οὑδέ
549 2668 598 2720 οί
646 2667 868 2736 ἄγγελοι
913 2669 1144 2722 ταῦτα¹¹
1178 2671 1446 2739 λέγουσιν,
1487 2676 1623 2729 ἀλλὰ
1667 2682 1735 2749 τῇ

175 2757 343 2828 Μαρία
369 2759 514 2832 μόνῃ
526 2759 572 2788 ⁸³
599 2759 693 2812 καὶ
715 2758 791 2829 τῷ
823 2761 1049 2830 Ἰωσήφ·
1080 2764 1192 2825 τοῖς
1222 2763 1278 2816 δὲ
1306 2767 1558 2835 ποιμέσιν
1582 2769 1738 2838 εύαγ-

175 2849 486 2920 γελιζόμενοι
526 2851 586 2903 τὸ
615 2851 998 2922 γεγενημένον,
1029 2853 1214 2908 οὐκέτι
1259 2855 1418 2909 τοῦτο
1464 2860 1734 2932 προσέθη-

177 2956 284 2994 καν.
316 2942 470 3005 Τίνος
498 2942 558 2995 δέ
593 2941 780 2994 ἕνεκεν
810 2944 1072 3014 μνησθεὶς
1098 2945 1192 2998 τοῦ
1227 2947 1496 3019 Ἀϐρααμ,
1522 2953 1614 3004 καὶ
1659 2954 1736 3005 εί-

178 3029 282 3082 πὼν
298 3033 342 3064 ”
373 3033 599 3104 Ἰὓγέννη
609 3050 665 3084 σε
688 3033 778 3086 τὸν
805 3035 1005 3098 Ἰσαάκ,
1026 3037 1119 3088 καὶ
1146 3040 1174 3091 6
1200 3039 1234 3090 ’1
1244 3040 1383 3092 σαὰκ
1403 3041 1494 3096 τὸν
1517 3043 1732 3112 Ἰακὼϐ,

177 3122 258 3174 καὶ
282 3124 341 3175 06
365 3123 748 3194 μνημονεύσας
778 3126 868 3179 τοῦ
903 3127 1131 3196 ἀδελφοῦ
1154 3130 1316 3184 αὑτοῦ
1334 3131 1400 3197 ’⁵,
1421 3134 1511 3186 ὅτε
1535 3137 1613 3199 είς
1640 3137 1732 3189 τὸν

189 3212 361 3267 Ἰακὼϐ
412 3212 573 3288 ἦλθε,
619 3219 713 3270 καὶ
750 3219 842 3273 τοῦ
889 3221 1058 3275 Ἰούδα
1085 3223 1178 3276 καὶ
1215 3223 1321 3279 τῶν
1347 3225 1592 3296 ἀδελφῶν
1624 3229 1733 3284 τῶν

177 3304 349 3358 τούτου
381 3307 658 3378 μέμνηται
679 3325 693 3371 ;

239 3392 299 3464 β’.
330 3395 487 3460 Τινὲς
511 3396 611 3466 μὲν
634 3392 726 3449 οῦν
744 3413 896 3465 φασι,
920 3397 1008 3450 διὰ
1029 3399 1088 3451 τὸ
1117 3398 1414 3470 δύστροπον
1442 3401 1534 3455 τοῦ
1559 3401 1734 3456 Ἠσαῦ

178 3486 260 3538 καὶ
273 3486 374 3539 τῶν
395 3487 575 3540 ἄλλων
600 3486 709 3539 τῶν
734 3489 1010 3559 προτέρων
1024 3491 1069 3522 ’⁵
1091 3506 1104 3521 ·
1134 3490 1244 3558 ἐγὼ
1270 3491 1327 3543 δὲ
1358 3492 1456 3544 οὐκ
1487 3492 1551 3546 ἂν
1577 3493 1736 3546 τοῦτο

178 3576 346 3646 φαίην.
375 3579 438 3630 Εί
467 3577 580 3647 γὰρ
609 3576 767 3642 τοῦτο
807 3573 894 3648 ἦν,
930 3579 1047 3643 πῶς
1077 3580 1272 3650 μικρὸν
1307 3581 1532 3651 ὕστερον
1563 3583 1735 3636 τοιού-

176 3682 270 3719 των
313 3669 588 3740 μέμνηται
636 3669 942 3736 γυναικῶν;
1001 3670 1132 3722 Ἀπὸ
1179 3671 1289 3744 γὰρ
1335 3671 1443 3725 τῶν
1478 3674 1736 3728 ἐναντίων

177 3755 388 3810 ἐνταῦθα
419 3760 453 3830 ἠ
480 3756 608 3822 δόξα
652 3758 817 3811 αὐτοῦ
862 3759 1146 3828 φαίνεται·
1178 3762 1278 3814 οὐκ
1303 3762 1411 3815 ἀπὸ
1435 3763 1529 3816 τοῦ
1562 3766 1733 3833 μεγά-

178 3846 289 3910 λους
316 3849 458 3919 ἐχειν
492 3850 825 3919 προγόνους,
847 3851 963 3903 ἀλλ’
994 3851 1100 3904 ἀπὸ
1132 3851 1225 3904 τοῦ
1258 3855 1486 3925 μικροὺς
1522 3857 1612 3909 καὶ
1649 3857 1737 3908 εύο

178 3937 355 4001 τελεῖς.
379 3938 469 4010 Τῷ
499 3940 608 4009 γὰρ
636 3939 824 4010 ὑψηλῷ
854 3941 980 4006 δόξα
1007 3941 1196 4013 πολλὴ,
1239 3943 1302 3994 τὸ
1324 3943 1614 4014 δυνηθῆναι
1642 3962 1737 3997 τα-

183 4029 498 4100 πεινωθῆναι
532 4030 799 4101 σφοδρῶς.
833 4031 986 4095 Τίνος
1014 4028 1107 4086 οὖν
1147 4033 1336 4086 ἕνεκεν·
1361 4035 1459 4087 οὐκ
1497 4035 1736 4106 ἐμνημό-

179 4133 382 4186 νευσεν;
419 4120 636 4191 Ἐπειδὴ
677 4122 853 4174 κοινὸν
904 4121 1056 4175 οὐδὲν
1106 4118 1310 4192 εἷχον²⁶
1346 4125 1482 4194 πρὸς
1522 4125 1584 4177 τὸ
1627 4124 1737 4176 τῶν

189 4208 520 4281 Ἰσραηλιτῶν
563 4211 718 4279 γένος
757 4212 1060 4282 Σαρακηνοὶ
1114 4213 1205 4266 καὶ
1261 4213 1597 4284 Ἰσμαηλῖται
1645 4216 1738 4267 καὶ

185 4299 426 4370 Ἄραϐες,
464 4301 561 4355 καὶ
585 4302 700 4354 ὅσοι
730 4301 1017 4370 γεγόνασιν
1043 4303 1106 4355 ἐκ
1138 4302 1246 4355 τῶν
1276 4303 1557 4374 προγόνων
1588 4304 1738 4355 ἐκεί·

179 4404 292 4445 νων.
334 4393 431 4445 Διὰ
477 4392 544 4462 δὴ
584 4391 743 4445 τοῦτο
773 4391 1011 4456 ἐκείνους
1038 4393 1136 4462 μὲν
1166 4393 1282 4465 [35]
1328 4394 1608 4464 ἐσίγησεν,
1643 4396 1738 4446 ἐπ-

179 4481 367 4547 είγεται
412 4483 472 4536 δὲ
522 4483 658 4552 πρὸς
700 4484 826 4544 τοὺς
857 4482 1020 4535 αὐτοῦ
1058 4484 1375 4553 προγόνους,
1405 4485 1500 4538 καὶ
1527 4483 1621 4537 τοῦ
1651 4485 1740 4555 δή·

182 4587 272 4638 μου
298 4572 388 4626 τοῦ
425 4572 738 4626 Ἰουδαῖκοῦ.
767 4573 858 4626 Διό
887 4590 1080 4644 φησιν·
1120 4573 1332 4629 Ἰακὼϐ
1353 4575 1422 4628 δὲ
1446 4575 1738 4645 ἐγέννησε

178 4659 275 4710 τὸν·
310 4661 554 4724 Ἰούδαν,
581 4661 679 4714 καὶ
710 4663 852 4727 τοὺς
878 4662 1183 4732 ἀδελφοὺς
1209 4663 1418 4717 αὑτοῦ.
1474 4665 1740 4720 Ἐνταῦθα

181 4749 276 4820 γὰρ
322 4753 383 4805 το
409 4752 521 4805 τῶν
555 4752 824 4806 Ἰουδαίων
856 4752 1038 4806 λοιπὸν
1067 4757 1531 4827 χαρακτηρίζεται
1563 4758 1738 4823 γένος.

190 4842 407 4909 Ἰούδας
430 4843 501 4896 δὲ
519 4843 812 4913 ἐγέννησε
840 4842 948 4897 τὸν
992 4845 1182 4913 Φαρὲς
1211 4847 1310 4899 καί
1350 4847 1457 4901 τὸν
1488 4849 1646 4916 Ζαρὰ
1673 4849 1741 4902 ἐκ

181 4932 278 5001 τῆς
311 4934 528 5002 Θάμαρ.

243 5026 302 5076 Τί
350 5029 523 5089 ποιεῖς
545 5064 558 5088 ,
590 5023 906 5094 ἄνθρωπείτ
927 5063 942 5086 ,
979 5025 1219 5094 ἱστορίας
1248 5026 1396 5094 ἡμᾶς
1433 5025 1742 5094 ἀναμιμνή-

184 5131 316 5168 σκων
343 5117 660 5188 παράνομον
689 5115 835 5185 μίξιν
868 5115 1128 5186 ἐχούσης;
1176 5117 1283 5168 Καὶ
1313 5117 1367 5167 τί
1406 5115 1596 5180 τοῦτο;
1641 5130 1742 5184 φη·

184 5206 279 5259 σίν.
313 5208 376 5260 Εἰ
409 5208 505 5276 μὲν
529 5207 638 5276 γὰρ
667 5203 958 5277 ἀνθρώπου
983 5206 1350 5276 κατελέγομεν
1380 5208 1533 5274 γένος
1562 5206 1742 5276 ψιλοῦ,

183 5296 393 5359 εἰκότως
425 5297 489 5353 ἀν
522 5313 605 5359 τις
648 5296 822 5349 ταῦτα
856 5297 1141 5366 ἐσίγησεν·
1173 5299 1223 5349 εἰ
1262 5298 1308 5330 ’⁸
1335 5297 1393 5350 δὲ
1424 5296 1560 5351 Θεοῦ
1611 5315 1744 5367 σαρο

185 5381 440 5447 κωθέντος
463 5423 480 5446 ,
511 5386 572 5437 οὐ
606 5384 766 5454 μόνον
798 5384 859 5436 ού
889 5386 1066 5456 σιγᾷν,
1093 5385 1229 5438 ἀλλὰ
1259 5387 1352 5439 καλ⁵
1377 5387 1745 5456 ἐκπομπεύειν

185 5471 313 5524 αὐτὰ
336 5473 465 5545 χρὴ,
491 5473 802 5537 δεικνύντας
827 5474 994 5527 αὑτοῦ
1038 5475 1138 5546 τὴν
1168 5475 1495 5546 κηδεμονίαν
1524 5478 1618 5529 καὶ
1647 5478 1748 5535 τὴν

1304 465 1368 520 ΙΝ
1413 464 1829 522 ΜΛΤΤΙΙίΕυΜ
1906 463 2135 522 IIOMIL.
2180 461 2264 519 Ill.

1852 572 1952 624 οὐκ
2003 572 2189 642 ἐπειδὴ
2222 573 2510 633 ἀπέθανεν,
2563 573 2676 624 ἀλλ’
2726 573 2912 644 ἐπειδὴ
2953 575 3044 627 καὶ
3081 575 3428 646 ἐσταυρώθη,

1856 662 2056 730 μᾶλλον
2090 661 2424 733 θαυμάζεται
2461 663 2659 733 (καίτοι
2698 664 3056 720 ἐπονείδιστον
3094 668 3154 718 τὸ
3176 670 3429 738 πρᾶγμα,

1853 751 1970 804 ἀλλ’
1996 755 2108 824 ὅσῳ
2141 756 2503 810 ἐπονείδιστον
2524 797 2540 820 ,
2575 757 2810 828 τοσούτῳ
2856 761 3236 832 φιλάνθρωπον
3262 765 3422 818 αὐτὸν

1852 841 2181 911 δείκνυσιν)·
2226 843 2370 897 οὕτω
2404 845 2498 896 καὶ
2546 845 2638 897 ἐπὶ
2679 847 2777 915 τῆς
2818 849 3120 918 γεννήσεως
3170 849 3316 902 ἔστιν
3343 854 3410 904 εί·

1855 935 2006 984 πεῖν·
2070 933 2170 987 οὐκ
2213 933 2400 1005 ἐπειδὴ
2449 936 2628 1004 σάρκα
2676 935 2940 1001 ἀνέλαϐε,
2997 941 3091 992 καὶ
3140 940 3422 1010 ἄνθρωπος

1856 1022 2410 1094 ἐγένετο,⁹ιαυμαςειν
2439 1026 2605 1079 αὑτὸν
2633 1024 2838 1079 δίκαιον
2869 1027 3049 1097 μόνον,
3080 1027 3194 1082 ἀλλ’
3223 1030 3305 1083 δτι
3330 1031 3424 1084 καὶ

1854 1113 2126 1178 τοιούτους
2173 1117 2454 1182 συγγενεῖς
2499 1115 2836 1185 κατηξίωσεν
2880 1116 3044 1189 ἔχειν,
3094 1119 3332 1190 οὐδαμοῦ
3357 1119 3426 1172 τὰ

1855 1204 2096 1274 ἡμέτερα
2123 1207 2580 1276 ἐπαισχυνόμενος
2625 1207 2790 1261 κακά.
2827 1208 2934 1262 Καὶ
2972 1207 3129 1262 τοῦτο
3158 1209 3217 1274 ἐξ
3247 1210 3426 1264 αὐτῶν

1855 1295 1954 1363 τῆς
1996 1295 2297 1365 γεννήσεως
2337 1297 2603 1367 ἐκήρυττε
2643 1297 2750 1349 τῶν
2793 1298 3112 1368 προοιμίων,
3161 1301 3241 1352 ὅτι
3274 1300 3428 1353 οὐδὲν

1857 1383 2244 1453 ἐπαισχύνεται
2272 1385 2382 1438 τῶν
2408 1387 2709 1455 ἡμετέρων,
2742 1388 3013 1441 παιδεύων
3047 1389 3139 1442 καὶ⁵
3167 1391 3312 1459 ἡμᾶς
3343 1391 3427 1444 διὰ

1855 1474 2078 1535 τούτων,
2113 1475 2380 1545 μηδέποτε
2409 1476 2846 1545 ἐγκαλύπτεσθαι
2891 1481 2983 1533 ἐπὶ
3031 1483 3096 1550 τῇ
3143 1481 3251 1532 τῶν
3293 1498 3425 1551 προ-

1857 1565 2028 1632 γόνων
2050 1566 2240 1638 κακίᾳ,
2260 1567 2374 1619 ἀλλ’
2399 1567 2461 1618 ἐν
2486 1568 2646 1636 μόνον
2669 1570 2968 1639 ἐπιζητεῖν,
2995 1571 3092 1642 τὴν
3124 1571 3346 1642 ἀρετήν.
3368 1573 3425 1622 ’0

1857 1656 1965 1726 γὰρ
1993 1656 2248 1720 τοιοῦτος,
2279 1657 2384 1710 κᾶν
2418 1658 2713 1726 ἀλλόφυλον
2745 1659 2844 1730 ἔχη
2873 1661 3154 1729 πρόγονον,
3182 1662 3284 1714 κᾶν
3323 1679 3424 1712 πε-

1857 1748 2232 1818 πορνευμένην
2248 1749 2318 1813 ³⁸,
2362 1749 2466 1801 κᾶν
2493 1749 2672 1801 ὁτιοῦν
2705 1751 2892 1820 ἕτερον
2917 1747 3100 1813 οὖσαν,
3134 1751 3286 1804 οὐδὲν
3324 1769 3424 1803 παι

1858 1837 2195 1908 ρα6).α6ῆναι
2242 1838 2550 1902 δυνήσεται.
2602 1841 2664 1893 Εἰ
2715 1842 2824 1912 γὰρ
2874 1841 3034 1894 αὐτὸν
3083 1843 3174 1896 τὸν
3231 1844 3425 1914 πόρνον

1859 1927 2264 1998 μεταϐληθέντα
2287 1929 2438 1983 οὐδὲν
2471 1931 2500 1982 6
2530 1932 2793 2001 πρότερος
2824 1933 3066 2002 αἰσχύνει
3095 1933 3229 2002 βίος,
3249 1935 3428 2004 πολλῷ

1857 2018 2057 2086 μᾶλλον
2103 2019 2194 2071 τὸν
2221 2020 2285 2070 ἐκ
2315 2021 2520 2090 πόρνης
2549 2023 2644 2073 καὶ
2680 2023 2981 2091 μοιχαλίδος
3017 2025 3269 2096 ἐνάρετον
3300 2025 3427 2078 ὄντα

1853 2107 2006 2159 οὐδὲν
2031 2110 2065 2176 ή
2102 2108 2212 2160 τῶν
2243 2111 2522 2181 προγόνων
2547 2109 2713 2162 κακία
2747 2110 3099 2181 καταισχῦναι
3127 2111 3241 2184 [56]
3265 2112 3432 2182 δυνή-

1857 2214 2033 2251 σεται.
2068 2199 2179 2267 Οὐχ
2210 2199 2356 2269 ἡμᾶς
2404 2199 2460 2250 δέ
2507 2201 2665 2268 μόνον
2695 2201 2867 2254 ταῦτα
2911 2201 3179 2255 παιδεύων
3218 2203 3425 2268 ἐποίει,

1855 2286 1991 2340 ἀλλὰ
2019 2287 2114 2339 καὶ
2156 2288 2424 2341 Ἰουδαίων
2449 2290 2824 2343 καταστέλλων
2859 2292 2919 2344 τὸ
2943 2293 3188 2362 φύσημα.
3208 2295 3426 2364 Ἐπειδὴ

1855 2377 1964 2447 γὰρ
2004 2380 2101 2447 τῆς
2127 2377 2270 2430 κατὰ
2298 2378 2476 2448 ψυχὴν
2509 2381 2708 2450 ἀρετῆς
2733 2381 3060 2449 ἀμελοῦντες
3091 2385 3307 2446 ἐκεῖνοι,
3337 2385 3426 2438 τὸν

1868 2467 2120 2538 Ἀϐραάμ
2147 2467 2259 2522 ἄνω
2288 2471 2382 2521 καὶ
2408 2469 2558 2522 κάτω
2581 2471 2908 2540 παρέφερον,
2939 2473 3252 2543 νομίζοντες
3282 2475 3426 2545 ἔχειν

1856 2558 2152 2626 ἀπολογίαν
2198 2559 2296 2629 τὴν
2339 2559 2447 2611 τῶν
2481 2563 2762 2631 προγόνων
2800 2564 3021 2633 ἀρετήν’
3064 2564 3333 2618 δείκνυσιν
3368 2567 3429 2631 ἐξ

1857 2649 2037 2702 αὐτῶν
2064 2651 2175 2703 τῶν
2193 2651 2512 2721 προοιμίων,
2543 2653 2624 2705 ὅτι
2652 2654 2750 2706 οὐκ
2775 2656 2865 2706 ἐπ)⁵
2889 2655 3099 2720 τούτοις
3123 2657 3309 2726 αὐχεῖν
3327 2659 3426 2720 δεῖ,

1857 2738 1974 2792 ἀλλ’
2008 2739 2102 2792 ἐπὶ
2133 2742 2243 2804 τοῖς
2270 2741 2492 2804 οἰκείοις
2516 2741 2922 2813 κατορθώμασι.
2968 2746 3122 2800 Μετὰ
3151 2747 3310 2800 τοῦτο
3337 2751 3431 2800 καὶ

1858 2828 2044 2899 ἕτερον
2085 2830 2518 2894 κατασκευάζει,
2547 2831 2609 2884 τὸ
2651 2833 2821 2897 δεῖξαι
2867 2833 3074 2899 πάντας
3101 2835 3432 2900 ὑπευθύνους

1859 2922 2250 2992 ἁμαρτήμασιν
2279 2923 2467 2986 ὄντας,
2507 2924 2599 2978 καὶ
2628 2926 2753 2987 τοὺς
2787 2925 3084 2994 προγόνους
3111 2928 3326 2992 αὐτούς.
3376 2930 3433 2982 '0

1861 3011 1990 3078 γοῦν
2036 3015 2378 3084 πατριάρχης
2422 3015 2600 3068 αὐτῶν
2643 3016 2736 3068 καὶ
2788 3017 3074 3087 ὁμώνυμος
3122 3020 3181 3072 οὐ
3240 3021 3434 3091 μικρὸν

1863 3103 2112 3170 φαίνεται
2151 3106 2517 3176 ἡμαρτηκὼς·
2572 3109 2662 3160 καὶ
2691 3107 2799 3178 γὰρ
2825 3109 3126 3180 ἐφέστηκεν
3163 3112 3194 3180 ἡ
3236 3111 3434 3183 Θάμαρ

1862 3195 2242 3266 κατηγοροῦσα
2281 3198 2446 3250 αὑτοῦ
2483 3199 2580 3268 τὴν
2626 3200 2912 3268 πορνείαν·
2961 3204 3056 3256 καὶ
3100 3203 3130 3255 6
3171 3203 3331 3256 Δαυῒδ
3379 3204 3434 3256 δὲ

1851 3292 1960 3345 ἀπὸ
1992 3291 2092 3360 τῆς
2124 3290 2514 3360 πορνευθείσης
2548 3289 2812 3360 γυναικὸς
2835 3288 2928 3341 τὸν
2953 3285 3244 3356 Σολομῶνα
3265 3286 3429 3352 ἐκτή-

1849 3399 1998 3435 σατο.
2032 3383 2093 3434 Ei
2120 3381 2176 3434 δὲ
2201 3381 2307 3434 ὑπὸ
2333 3379 2443 3434 τῶν
2473 3381 2725 3450 μεγάλων
2749 3381 2777 3430 6
2801 3379 2964 3447 νόμος
2987 3377 3086 3429 οὐκ
3112 3373 3428 3443 ἐπληρώθη,

1849 3469 2031 3540 πολλῷ
2078 3469 2281 3539 μᾶλλον
2319 3470 2423 3524 ὑπὸ
2464 3471 2512 3500 ³⁰
2557 3468 2670 3520 τῶν
2726 3467 3054 3520 ἐλαττόνων·
3115 3465 3165 3515 εί
3219 3465 3275 3519 δέ
3331 3467 3430 3520 οὐκ

1848 3560 2140 3632 ἐπληρώθη
2158 3600 2173 3622 ,
2205 3562 2405 3625 πάντες
2433 3562 2702 3632 ἥμαρτον,
2729 3559 2824 3612 καὶ
2851 3559 3120 3626 ἀναγκαία
3149 3561 3370 3626 γέγονεν
3397 3560 3430 3625 ἡ

1850 3654 1944 3709 τοῦ
1992 3652 2230 3724 Χριστοῦ
2263 3653 2553 3726 παρουσία.
2606 3652 2704 3706 Διά
2745 3651 2904 3704 τοῦτο
2943 3653 3036 3704 καὶ
3070 3653 3179 3704 τῶν
3224 3649 3431 3703 δώδεκα

1849 3742 2205 3813 πατριαρχῶν
2255 3744 2664 3814 ἐμνημόνευσε,
2701 3740 2996 3794 κάντεῦθεν
3039 3741 3200 3794 πάλιν
3243 3739 3303 3792 τὸ
3340 3741 3432 3791 ἐπὶ

1847 3837 1913 3904 τῇ
1948 3834 2058 3886 τῶν
2087 3833 2370 3903 προγόνων
2407 3834 2656 3904 εὐγενείᾳ
2703 3833 2931 3902 φύσημα
2967 3831 3280 3884 κατασπῶν.
3320 3831 3432 3883 Καὶ

1849 3925 1958 3996 γὰρ
1988 3924 2176 3977 πολλοὶ
2203 3925 2409 3977 τούτων
2440 3925 2547 3978 ἀπὸ
2575 3924 2827 3977 δουλίδων
2848 3918 2990 3992 ἦσαν
3019 3921 3305 3991 τεχθέντες
3334 3936 3432 3987 γυοο

1848 4011 2082 4066 ναικῶν·
2123 4011 2239 4065 ἀλλ’
2269 4013 2418 4080 ὅμως
2445 4015 2478 4080 ἡ
2521 4012 2628 4064 τῶν
2662 4011 2865 4079 γονέων
2895 4009 3128 4080 διαφορὰ
3167 4008 3430 4078 διαφορὰν

1847 4106 1958 4165 τοῖς
1988 4102 2253 4172 τεχθεῖσιν
2280 4103 2382 4155 οὐκ
2410 4102 2654 4170 ἐποίησε.
2685 4102 2892 4162 Πάντες
2923 4101 3030 4171 γὰρ
3055 4100 3254 4169 ὁμοίως
3290 4095 3428 4168 ἦσαν

1846 4195 1943 4245 καὶ
1970 4195 2306 4264 πατριάρχαι
2340 4193 2434 4245 καὶ
2470 4191 2757 4263 φύλαρχοι.
2794 4191 2967 4244 Τοῦτο
2998 4191 3107 4261 γὰρ
3126 4193 3167 4222 ³³
3196 4193 3294 4262 τῆς
3313 4193 3431 4244 Ἐκ-

3471 829 3510 856 ,Δ

1847 4284 2077 4354 κλησίας
2113 4285 2232 4338 ἐστὶ
2280 4285 2342 4338 τὸ
2386 4284 2748 4354 προτέρημα·
2793 4283 2932 4353 αῦτη
2981 4285 3076 4354 τῆς
3125 4285 3256 4355 παρ’
3302 4285 3432 4354 ἡμῖν
3487 4281 3494 4287 ’

1847 4376 2126 4443 εὐγενείας
2149 4377 2182 4445 ἡ
2207 4375 2489 4446 προεδρία,
2520 4375 2726 4429 ἄνωθεν
2750 4375 2842 4428 τὸν
2863 4376 3035 4428 τύπον
3057 4375 3428 4445 λαμϐάνουσα.

1853 4468 2014 4520 Ὥστε
2042 4467 2144 4521 κᾶν
2163 4468 2348 4530 δοῦλος
2375 4464 2462 4542 ᾗς,
2487 4469 2590 4522 κᾶν
2620 4469 2927 4540 ἐλεύθερος.
2957 4471 3114 4522 οὐδέν
3138 4486 3222 4522 σοι
3249 4468 3430 4532 πλέον,

1847 4559 2026 4611 ούδέ³¹
2067 4558 2290 4611 ἔλαττον
2321 4557 2571 4611 ἐντεῦθεν
2601 4558 2832 4626 γίνεται,
2864 4559 2978 4612 ἀλλ’
3008 4560 3067 4612 ἓν
3102 4561 3219 4612 ἐστι
3248 4559 3308 4611 τδ
3340 4561 3434 4627 ζη-

1847 4649 2126 4720 τούμενον,
2161 4652 2193 4720 ἠ
2225 4649 2418 4720 γνώμη
2453 4650 2550 4703 καὶ
2584 4652 2614 4702 6
2642 4651 2745 4720 τῆς
2775 4649 2956 4720 ψυχῆς
2985 4651 3208 4722 τρόπος.

1918 4743 1988 4812 γ’.
2022 4744 2179 4796 Ἔστι
2209 4743 2265 4795 δέ
2296 4759 2350 4795 τι
2381 4743 2520 4812 μετὰ
2539 4743 2647 4794 τῶν
2670 4743 2974 4812 είρημένων
3007 4744 3101 4796 καὶ
3128 4744 3332 4813 ἕτερον,
3367 4743 3432 4796 δι’

1845 4836 1876 4890 6
1907 4834 2002 4889 καὶ
2034 4835 2134 4904 τῆς
2175 4836 2413 4906 ἱστορίας
2452 4834 2656 4904 ταύτης
2694 4835 3118 4904 ἐμνημόνευσεν.
3161 4835 3294 4887 Οὐδὲ
3325 4836 3434 4906 γὰρ

1847 4927 2036 4990 ἁπλῶς
2059 4926 2458 4997 προσέρριπται
2483 4923 2559 4995 τῷ
2588 4925 2761 4992 Φαρὲς
2787 4924 2812 4973 6
2843 4924 3012 4993 Zapi.
3051 4925 3160 4977 Καὶ
3191 4925 3300 4995 γὰρ
3327 4942 3433 4978 πα-

1849 5019 2042 5090 ρέλκον
2071 5015 2138 5088 ἦν
2169 5019 2264 5071 καὶ
2297 5018 2578 5088 περισσὸν,
2614 5015 2708 5068 τοῦ
2737 5015 2913 5086 Φαρὲς
2941 5017 3308 5086 μεμνημένον,
3341 5019 3435 5086 ἀφ’

1845 5105 1910 5163 οὗ
1927 5111 2016 5164 τὸν
2043 5109 2277 5179 Χριστὸν
2321 5109 2367 5140 ³³
2405 5107 2596 5178 ἔμελλε
2625 5105 2988 5174 γενεαλογεῖν,
3032 5106 3127 5159 καὶ
3155 5106 3253 5159 τοῦ
3287 5109 3436 5175 Ζαρὰ

1851 5201 2154 5273 μνησθῆναι
2182 5201 2363 5256 πάλιν.
2391 5201 2549 5262 Τίνος
2573 5194 2666 5251 οῦν
2688 5197 2876 5251 ἕνεκεν
2913 5198 3156 5268 ἐμνήσθη
3185 5215 3198 5263 ;
3243 5199 3434 5252 ῚνΙνίκα

1846 5293 2070 5365 ἐμελλεν
2095 5294 2294 5355 αὐτοὺς
2320 5293 2525 5344 τίκτειν
2542 5294 2575 5361 ἡ
2607 5289 2722 5362 [57]
2744 5289 2962 5360 Θάμαρ,
2980 5290 3090 5343 τῶν
3109 5291 3314 5343 ὠδίνων
3332 5308 3435 5341 πα-

1848 5384 2246 5456 ραγενομένων,
2277 5381 2536 5453 ἐξήνεγκε
2576 5381 2792 5451 πρῶτος
2816 5381 2862 5414 ³³
2889 5382 2917 5432 6
2938 5383 3088 5448 Ζαρὰ
3105 5381 3204 5451 τὴν
3235 5383 3392 5450 χεῖρα
3415 5397 3428 5410 ο

1846 5469 1965 5526 εἶτα
1989 5475 2024 5541 ἡ
2051 5475 2186 5543 μαῖα
2231 5471 2542 5540 θεασαμένη
2589 5469 2768 5536 τοῦτο,
2813 5469 2954 5522 ὥστε
2985 5470 3262 5540 γνώριμον
3292 5465 3432 5521 εἶναι

184 5561 420 5632 δύναμιν.
471 5567 568 5618 Διὰ
615 5565 722 5636 γὰρ
777 5565 936 5618 τοῦτο
983 5561 1179 5636 ἦλθεν,
1221 5567 1320 5637 οὐχ
1356 5568 1445 5620 ἵνα
1486 5568 1634 5638 φύγῃ
1685 5569 1748 5620 τὰ
1843 5563 1937 5618 τὸν
1960 5563 2196 5633 πρῶτον,
2224 5562 2462 5630 κοκκίνῳ
2489 5563 2588 5630 τὴν
2617 5563 2775 5631 χεῖρα
2800 5561 2990 5630 ἔδησεν
3013 5579 3025 5592 ·
3058 5561 3133 5624 ὼς
3166 5561 3222 5612 δὲ
3251 5561 3429 5632 ἐδέθη,

185 5653 345 5712 ὀνείδη
385 5654 455 5710 τὰ
480 5656 722 5728 ἡμέτερα
739 5695 755 5720 ,
784 5655 899 5710 ἀλλ’
927 5657 1018 5713 ἵνα
1044 5656 1186 5711 αὐτὰ
1211 5657 1397 5732 ἀνέλῃ.
1419 5659 1626 5730 Ὥσπερ
1655 5655 1748 5712 οὖν

254 5787 653 5874 ¹¹,ταῦτα].ξὶο
859 5790 1032 5874 ταῦτρι
1052 5795 1196 5874 ’πᾶα-ι
1220 5794 1288 5847 Δ.
1323 5796 1460 5874 πᾶσι
1485 5794 1665 5874 ταῦτα⁸
1692 5799 1823 5874 δην.
1857 5793 2034 5874 πάντα
2067 5791 2131 5847 C.
2158 5790 2228 5874 ¹1).
2263 5790 2326 5846 Ε.
2413 5792 2472 5874 ξ’
2508 5789 2668 5874 μόνῃ]
2693 5790 2935 5874 ἡμένκθιη
2958 5804 3080 5874 ινφ(
3114 5789 3192 5874 τῷ

1557 5899 1570 5914 .
1606 5861 1799 5934 αὐτοῦ]
1825 5864 1924 5915 οὑκ
1958 5863 2333 5934 ἐμνημόνευσε
2372 5861 2480 5914 τῶν
2513 5859 2758 5934 ἀδελφῶν
2799 5859 2978 5934 αὐτῶν
3110 5859 3431 5934 C._‘l'.‘.__nulx

959 5932 1006 5962 ”
1036 5933 1144 6002 τῶν
1183 5931 1490 6002 προτέρων]
1519 5930 1617 5998 τῆς
1653 5930 1915 6002 πονηρίας
1953 5930 2117 5985 αὐτοῦ
2161 5933 2488 6002 τρότςωνῌΑ.

193 5989 304 6070 id)
330 5989 580 6067 ἄνθρωπε
620 5996 678 6051 Ε.
757 6000 804 6070 ’ξ
832 5998 902 6069 εἰ]
939 6001 1126 6067 ἐπειδὴ
1161 5989 1239 6054 Λ.’
1263 5989 1853 6070 [θ’πετέορνέυμένηνι
1880 5989 1916 6049 -ίο
1949 6007 2160 6070 μητέρα
2195 5989 2257 6055 Ἀ.
2290 6001 2352 6055 C.
2387 5999 2448 6052 Ε.

192 6061 245 6113 δέ
274 6068 338 6119 Δ.
371 6061 514 6121 (Σ.Ἐ.
595 6069 637 6099 ⁸¹
662 6067 804 6140 οὐδέ]
837 6061 990 6122 οῦδὲν
1019 6073 1087 6123 Λ.
1115 6061 1180 6124 Ε.
1259 6067 1303 6100 ³³
1332 6061 1588 6139 Χριστόν]
1620 6061 1818 6138 Κύριον

191 5853 646 5932 διεσά-φησανᾞ.-
756 5860 948 5932 είπών]
978 5861 1020 5908 οἳ·
1049 5863 1129 5914 ὅτι
1160 5862 1218 5915 Β.
1299 5863 1343 5896 ³⁸
1374 5863 1487 5932 καὶ.
1512 5901 1526 5916 .

193 5922 360 5991 ὅτε-δέ
385 5922 463 5991 είς
501 5931 567 5981 Α.
607 5927 668 5981 C.
693 5928 752 5981 Ε.
784 5929 844 5982 F.

1847 5654 2154 5709 συνέστειλε
2193 5653 2254 5707 τὸ
2287 5653 2499 5705 παιδίον
2551 5653 2649 5724 τὴν
2691 5655 2871 5725 χεῖρα,
2917 5653 3012 5706 καί
3056 5653 3432 5717 συπείλαντος

2427 5792 2472 5871 ξι
2693 5790 2828 5871 ἡμὲν,
2846 5798 2935 5871 ,(³1⁸
2958 5804 3080 5871 ηιφι
3211 5788 3431 5871 ’Ἰωσὴφ

2585 5934 2630 5964 ιο
2655 5927 2833 5997 εἶχον]
2859 5928 2898 5992 -ξ-
2942 5930 3139 5980 ἐκεῖνοι
3176 5929 3229 5978 Β.
3269 5928 3327 5980 Ι).
3365 5927 3426 5984 F.

2558 6002 2601 6032 ³⁰
2633 5998 2761 6068 ὑπο]
2792 5997 2898 6051 τίδ’
2930 5997 3035 6050 ὑπὸ
3063 5998 3125 6050 υ.
3224 5999 3265 6028 ³¹
3296 5998 3428 6068 γάρ]

1853 6072 1908 6122 b’.
1937 6073 2034 6138 ίσζιι.
2114 6077 2154 6103 δι
2187 6073 2400 6134 πρῶτον
2429 6070 2561 6124 Edd.
